2036 3495
195 108 265 152 364
637 99 670 133 G
699 108 720 131 ε
753 108 775 132 rt
807 105 828 131 Α
861 110 882 134 n
914 106 937 131 n
967 107 980 132 1

198 201 338 234 emptam
364 190 552 233 poffidente,
583 195 652 218 eam
677 186 820 217 nondum
843 183 977 225 intelligi
1004 184 1070 215 evi-

199 236 305 274 ctam,
337 243 430 274 quam
458 231 485 261 ei
509 228 634 260 interim
667 227 785 258 habere
810 227 895 258 licet.
925 226 955 256 δι
985 226 1070 257 recte

197 275 473 315 Hermogenianus
499 270 518 300 l.
537 278 585 310 74.
608 269 637 310 ᾗ.
660 278 686 299 2.
711 269 757 298 J).
781 268 808 298 h,
829 274 851 299 t.
883 268 990 304 Λίστα,
1023 268 1069 298 in-

199 317 287 357 quit,
309 313 478 357 quastione,
501 311 617 341 interim
633 319 689 340 non
713 310 751 340 ad
768 310 896 350 pretium
920 306 1068 347 restituen-

198 360 285 393 dum,
308 357 360 395 sed
385 355 422 385 αεὶ
446 362 504 383 rem
533 351 740 391 defendendam
766 352 898 380 venditor
923 351 1071 380 conveniri

194 397 295 439 potest.
338 396 410 428 Plus
426 395 546 425 dicam:
565 402 604 424 ne
621 393 681 424 lata
698 392 825 432 quidem
842 390 988 421 adversus
1003 400 1067 436 em-

198 447 324 480 ptorcm
353 433 523 472 sententia,
547 441 582 465 ut
607 434 672 474 ipse
696 433 795 464 victus
816 433 868 469 lit,
895 442 942 463 res
964 432 1067 462 evrCta

196 480 257 512 est:
279 477 426 519 quamdiu
443 476 470 508 ei
490 485 545 516 per
562 475 787 506 executionem
805 474 908 504 ablata
926 482 987 518 non
1004 474 1066 504 est:

195 522 269 561 quia
283 519 402 551 tamdiu
420 517 448 549 ei
466 518 583 549 habere
600 517 693 555 licet;
709 516 738 546 δι
757 514 860 555 potest
878 515 983 546 multis
1000 524 1068 545 mo-

196 564 245 594 dis
261 561 406 592 accidere
423 582 433 597 ‚
456 565 490 590 ut
505 558 606 590 victor
620 559 658 588 ad
675 557 901 588 executionem
919 555 1068 586 deveniat

195 611 377 642 numquam.
420 600 491 632 Hac
515 601 639 631 ratione
663 598 775 630 Paulus
800 597 820 629 l.
843 607 892 638 35.
920 598 964 627 I).
989 597 1016 627 h.
1043 602 1064 628 t.

196 644 323 677 Evictus
338 667 347 682 ,
371 643 494 683 inquit,
509 651 526 672 a
541 641 677 671 creditore
695 638 830 682 [servus]
848 645 917 668 tunc
930 639 1064 675 videtur,

196 696 260 717 cum
277 686 343 726 fere
358 685 423 725 spes
446 683 565 714 habendi
588 680 705 720 absciffa
728 678 775 720 eft.
799 689 894 719 atque
918 679 992 710 inde
1023 679 1063 710 iic

194 726 368 759 commode
387 730 641 766 argumentatur:
659 719 800 762 Itaque-si
817 721 962 752 Serviano
977 719 1062 751 astio-

194 778 230 800 rze
254 767 365 799 evictus
382 767 443 804 fit,
473 764 660 795 committitur
684 764 797 803 quidem
812 760 982 802 stipulatio,
1016 762 1067 800 sed

193 812 329 851 quoniam
348 809 442 845 soluta
464 816 481 837 cz
505 806 626 836 debitore
646 804 772 844 pecunia
793 801 884 843 potest
901 803 1064 843 (emptor)

187 853 310 892 servum
333 850 446 884 habere,
462 846 491 885 fi
505 847 595 885 soluto
614 847 734 886 pignore
756 846 889 876 venditor
910 845 1063 874 conveniti-

192 898 260 931 tur,
280 891 384 932 poterit
401 889 447 920 uzi
461 887 517 919 doli
531 888 701 928 exceptione.
733 885 830 917 Simili
846 887 945 917 modo
964 884 1064 926 Gajus

191 933 210 964 l.
225 942 275 974 57.
295 933 342 963 D.
359 931 417 961 eod.
443 931 488 960 tit.
512 937 626 969 negat,
642 926 780 968 emptori
801 935 878 958 tunc
896 935 1061 966 compete-

191 984 227 1006 re
244 983 283 1005 ex
300 972 448 1013 stipulatu
463 970 641 1008 actionem,
657 968 687 1008 fi
703 971 727 999 is
742 969 795 1010 qui
815 978 879 998 eum
900 969 931 998 in
947 967 1064 998 evictio-

191 1025 227 1047 πε
244 1016 286 1046 rei
299 1014 421 1051 vicerit,
445 1018 513 1044 ante
536 1012 662 1042 ablatam
682 1010 730 1041 vet
753 1008 904 1041 atentiam
929 1018 987 1039 rem
1011 1009 1063 1048 (id

190 1056 256 1095 est,
280 1064 353 1087 ante
379 1053 628 1093 executionem)
649 1050 707 1090 fine
725 1049 882 1091 succeffore
903 1049 1063 1089 decefferit:

187 1099 232 1130 ita
246 1105 279 1129 ut
296 1106 385 1138 neque
399 1097 436 1127 ad
446 1094 552 1136 fiscum
568 1096 641 1125 bona
653 1093 805 1133 pervenire
829 1090 932 1137 poffi'nt
954 1090 1063 1128 (forte

185 1149 251 1172 non
277 1139 361 1171 faCta
384 1135 590 1169 nunciatione
613 1134 693 1165 intra
719 1134 957 1174 quadriennium
986 1133 1005 1162 l.
1036 1140 1064 1163 1.

188 1182 218 1223 §.
236 1192 266 1213 2.
292 1181 339 1212 D.
357 1181 391 1210 de
408 1179 472 1221 jur.
487 1176 573 1218 fise.)
596 1185 685 1217 neque
707 1176 850 1216 privatim
873 1184 891 1206 a
915 1174 1061 1204 creditori·

190 1226 243 1253 hus
259 1220 392 1261 distrahi.
414 1219 507 1260 (quia
532 1218 609 1249 nulli
639 1216 709 1248 sunt
731 1216 845 1257 privati
865 1216 1062 1254 creditores)

188 1264 262 1297 Nec
281 1262 369 1304 piget
384 1271 435 1293 me
456 1260 584 1300 adjectae
602 1259 750 1295 rationis,
775 1256 857 1302 Quia
879 1266 938 1287 rem
963 1257 1063 1302 babere

189 1307 215 1336 ei
230 1305 304 1336 licet.
345 1301 423 1335 Non
446 1301 548 1334 minus
575 1309 650 1331 vera
676 1299 720 1330 est
744 1298 815 1340 Gaji
839 1298 938 1330 illatio
954 1320 964 1334 ,
987 1297 1062 1329 inde

187 1346 323 1387 sequens
337 1344 367 1376 in
385 1343 414 1385 §.
435 1353 458 1374 1.
483 1340 561 1379 Etsi
577 1342 612 1373 ab
632 1350 660 1372 eo
679 1341 729 1382 qui
748 1341 872 1379 vicerit,
895 1341 1002 1370 donata
1027 1338 1063 1369 le-

187 1394 297 1430 gatave
312 1395 353 1417 res
363 1386 459 1425 fuerit
476 1385 611 1424 emptori,
630 1391 706 1423 aeque
719 1391 756 1412 ex
765 1380 911 1422 stipulatu
926 1381 1064 1412 actionem

191 1438 250 1461 non
268 1427 362 1465 nasci:
377 1426 490 1466 scilicet
514 1424 616 1465 (hanc
638 1422 727 1454 addit
744 1422 1020 1462 moderationem)
1037 1420 1065 1460 fi

193 1474 350 1510 antequam
371 1467 522 1498 abduceret
545 1464 591 1495 vel
606 1464 754 1502 auferret,
778 1464 929 1495 donaverit
950 1470 1003 1494 aut
1026 1463 1064 1493 le·

189 1507 461 1554 gaveritxalioquin
471 1505 559 1545 semel
574 1504 714 1544 commiffa
723 1502 876 1545 stipulatio
892 1504 994 1546 resolvi
1008 1513 1066 1535 non

186 1548 287 1595 potest.
332 1547 407 1580 Non
432 1545 581 1579 diffimilis
605 1545 650 1577 est
667 1544 753 1577 casus
781 1555 876 1586 quem
899 1546 983 1587 apud
1010 1546 1064 1577 Ul-

191 1594 319 1635 pianum
344 1588 456 1620 trattat
471 1587 610 1628 Julianus
634 1587 653 1617 1.
670 1596 719 1619 21.
744 1587 772 1629 §.
791 1597 820 1619 2.
845 1588 891 1618 D.
908 1589 935 1619 α.
955 1594 977 1619 t.
999 1585 1065 1627 opi-

191 1642 307 1671 natus,
330 1630 352 1663 fi
374 1637 502 1670 emptor
522 1628 680 1667 hominis,
709 1627 741 1659 id
766 1628 829 1667 est,
853 1628 953 1667 servi,
977 1635 1066 1660 mota

192 1675 250 1709 fibi
273 1670 509 1708 controverfia‚
541 1669 745 1701 venditorem
767 1670 892 1701 dederit
915 1678 1063 1710 procura-

192 1723 315 1754 torem,
333 1713 422 1753 isque
439 1712 540 1743 victus
557 1711 620 1742 litis
636 1710 875 1742 aestimationem
893 1710 1066 1750 sustulerit,

189 1757 429 1798 stipulationem
451 1753 554 1794 duplae
570 1761 636 1784 non
656 1751 826 1784 committi.
850 1752 910 1783 hac
925 1751 1064 1784 ratione:

191 1799 266 1841 quia
282 1806 343 1829 nec
361 1795 500 1828 mandati
515 1793 671 1826 actionem
689 1800 875 1833 procurator
885 1793 1066 1832 hic,idem-

192 1849 257 1881 que
272 1838 423 1871 venditor
441 1836 557 1874 habet,
582 1842 616 1867 ut
632 1835 672 1866 ab
688 1841 836 1876 emptore
853 1833 915 1867 litis
937 1834 1064 1866 aestitna·

189 1883 315 1915 tionem
331 1878 550 1920 consequatur.
595 1876 693 1918 Igitur
712 1885 784 1908 cum
802 1885 906 1916 neque
929 1885 1065 1917 corpus,

190 1932 298 1964 neque
320 1919 474 1962 pecunia,
505 1918 643 1960 emptori
666 1917 763 1954 abtim
801 1917 832 1949 δι
855 1918 936 1949 adeo
960 1927 1010 1949 res
1034 1917 1066 1949 in

191 1965 280 1997 hunc
296 1962 377 1996 redit
393 1962 517 2000 locum,
534 1968 569 1992 ut
586 1958 743 2000 emptori,
754 1968 942 2001 quamquam
961 1959 1064 1998 victo,

191 2007 290 2039 liceat
312 2013 381 2036 rem
403 2010 542 2043 emptam
566 2002 664 2043 pleno
684 2001 752 2041 Jure
778 2001 918 2032 habere:
942 2001 1066 2041 optime

192 2045 358 2080 concludit
374 2044 526 2083 Ulpianus
541 2066 551 2083 ‚
573 2052 639 2074 non
657 2050 810 2082 oportere
828 2041 1066 2083 stipulationem

193 2086 364 2121 committi.
408 2083 488 2116 Rem
504 2085 534 2116 in
552 2093 652 2126 pauca
674 2083 802 2115 confert
820 2083 951 2123 sequens
974 2083 1067 2115 Pom-

193 2128 284 2172 ponii
310 2127 457 2160 definitio
480 2126 510 2157 in
531 2125 553 2156 l.
576 2130 621 2157 16.
638 2125 664 2167 §.
685 2135 711 2157 1.
737 2125 784 2156 D.
801 2125 830 2155 b.
849 2130 870 2155 t.
895 2123 1066 2165 Παρία-βί-

190 2171 302 2213 palatio
324 2169 461 2200 committi
483 2168 590 2198 dicitur
609 2173 696 2204 tunc,
722 2176 787 2197 cum
810 2175 853 2196 res
876 2164 1009 2206 restituta
1028 2164 1067 2206 eft

191 2212 329 2254 petitori,
353 2210 399 2241 vel
415 2210 571 2240 damnatus
586 2205 624 2247 est
641 2208 700 2238 litis
720 2206 919 2247 oestinzatz‘one,
942 2208 988 2238 vel
1002 2214 1065 2247 pos-

196 2254 278 2294 seffor
298 2254 333 2284 ab
358 2257 480 2292 emptore
500 2256 658 2280 conventus
680 2250 824 2288 absolutus
840 2246 885 2288 esi.
928 2248 1067 2288 Pompo—

196 2298 265 2328 nius
281 2293 341 2326 tria
358 2292 452 2324 dicit:
474 2292 609 2331 primum
623 2313 633 2329 ,
656 2290 811 2321 athonem
827 2299 868 2320 ex
894 2289 988 2330 dupla
1010 2290 1065 2321 ob-

196 2337 317 2374 tinere3
333 2343 406 2366 cum
422 2331 553 2374 petitori
568 2341 616 2363 res
635 2331 673 2362 ab
692 2339 839 2372 emptore
856 2330 964 2362 officio
982 2331 1067 2371 Judi-

197 2378 243 2409 cis
259 2377 303 2408 est
318 2374 478 2408 restituta:
501 2372 638 2411 scilicet,
661 2372 733 2411 quia
760 2381 909 2412 apparet,
933 2372 962 2403 ei
985 2372 1067 2404 abla-

198 2426 265 2451 tam
285 2416 358 2449 effe.
404 2415 535 2447 Deinde
552 2414 595 2445 ait
609 2437 619 2452 ,
642 2414 798 2445 actionem
816 2423 856 2445 ex
873 2414 965 2454 dupla
983 2414 1066 2445 obti-

197 2469 295 2497 nere,
316 2459 338 2490 sl
354 2458 515 2490 damnatus
531 2456 659 2488 solverit
684 2455 746 2486 litis
764 2454 1014 2486 aestimationem.
1038 2454 1067 2486 &

197 2501 264 2533 hoc
283 2499 381 2530 recte:
404 2508 476 2530 nam
492 2506 528 2529 ut
543 2497 636 2528 liceat
653 2495 681 2527 ei
698 2496 758 2527 hac
782 2495 812 2527 in
831 2495 934 2536 specie
950 2496 1067 2527 habere

198 2550 268 2575 rem
284 2539 398 2579 ipsam3
422 2547 526 2570 tamen
552 2538 654 2570 ablata
677 2537 906 2576 aestimatione,
940 2547 1004 2569 non
1021 2539 1067 2569 in-

199 2581 353 2622 telligitur
369 2589 437 2612 eam
453 2581 571 2612 habere
588 2588 630 2611 ex
651 2578 835 2610 venditione
852 2587 913 2619 qua
930 2579 970 2610 de
987 2588 1069 2619 quae·

196 2625 289 2658 ritur.
307 2619 382 2660 quin
398 2620 419 2651 si
434 2621 588 2652 rationem
606 2620 704 2651 totius
721 2620 835 2651 inimus
852 2621 1071 2660 negotiizper-

199 2666 275 2699 inde
298 2661 342 2693 est
360 2683 369 2700 ,
392 2669 428 2690 ac
454 2661 474 2692 si
492 2672 558 2695 rem
587 2670 727 2702 emptam
751 2660 864 2692 vistori
889 2660 1068 2692 restituisset

198 2712 348 2746 emptor3
376 2701 552 2742 deindeque
578 2712 647 2734 eam
664 2703 702 2734 ab
726 2702 783 2734 illo
807 2702 906 2734 rursus
929 2701 1066 2734 emisset:

200 2746 372 2787 explorato
383 2765 393 2780 ,
409 2742 473 2774 litis
488 2742 724 2776 aestimationem
741 2742 804 2774 esse
820 2743 975 2784 emptioni
988 2742 1067 2774 fimi-

199 2791 265 2823 lem
281 2787 300 2818 l.
316 2795 346 2827 3.
364 2782 407 2815 D.
424 2784 486 2815 Pro
503 2788 629 2823 emptore.
677 2785 739 2817 Sed
761 2785 862 2825 palam
883 2783 988 2816 scribit
1012 2782 1067 2815 Ul-

201 2830 312 2872 planus
335 2826 355 2857 Ζ.
379 2834 428 2856 21.
445 2824 475 2865 §.
498 2833 525 2855 2.
552 2825 596 2854 D.
619 2826 645 2856 h.
660 2833 681 2858 t.
706 2825 891 2870 Qcamvz'sfi
905 2826 960 2867 ipse
982 2825 1067 2866 (em-

201 2869 295 2914 ptor)
315 2867 422 2909 iudicio
437 2871 545 2905 accepto
561 2864 655 2895 vitius
676 2868 759 2907 effec,
783 2867 819 2901 &²
836 2868 896 2898 litis
910 2865 1068 2908 (estimatio-

203 2923 269 2945 nem
282 2906 460 2949 sustuliffet‚
486 2906 598 2946 placeat
621 2911 754 2939 committi
770 2907 1010 2949 stipulationem:
1035 2913 1070 2939 ut

205 2954 243 2989 ὅ)
259 2951 315 2993 ipſs?
332 2949 485 2994 Julianus
500 2947 592 2977 eodem
607 2945 675 2976 libro
685 2949 806 2988 scripsit.
822 2959 912 2991 neque
927 2951 1001 2981 enim
1017 2951 1068 2981 ha-

205 2999 267 3028 bere
284 2994 350 3023 iicet
374 3000 439 3021 eum
455 2987 616 3029 (servum)
632 2987 715 3028 cujus
732 2989 760 3025 fi
772 2992 899 3029 pretium
923 2992 989 3032 quis
1011 3000 1068 3022 non

206 3034 338 3075 dediffet,
362 3033 397 3063 ab
418 3030 577 3069 adversario
592 3028 773 3067 auferretur:
794 3038 878 3072 prope
893 3034 967 3063 enim
991 3033 1068 3063 bum·

205 3087 243 3109 ex
263 3075 387 3114 secunda
409 3073 563 3112 emptione,
592 3070 623 3100 id
639 3067 696 3109 est,
726 3078 762 3100 ex
785 3071 844 3100 litis
866 3071 1066 3112 (estimatione,

206 3118 324 3157 emptori
346 3116 445 3145 habere
472 3113 554 3150 licet,
586 3121 644 3142 non
665 3120 701 3142 ex
718 3108 853 3150 pustino.
902 3114 1067 3146 Postremo

205 3164 320 3191 monet
342 3155 471 3192 Paulus,
494 3153 596 3193 duplae
612 3151 844 3193 stipulationem
861 3155 1034 3196 committi:
1050 3155 1071 3186 si

206 3197 357 3242 poss'effor
380 3197 420 3228 ab
442 3203 591 3236 emptore
613 3200 811 3232 conventus,
842 3192 998 3225 ablolutus
1017 3196 1072 3227 est.

1038 95 1301 131 Noonr
1359 99 1569 135 COMM-

1111 193 1184 215 nam
1201 184 1228 217 ἃ
1246 184 1288 217 fic
1303 186 1440 219 habendi
1458 187 1525 229 spes
1541 187 1664 221 abscissa
1680 190 1735 222 est.
1781 189 1844 223 Sed
1868 190 1932 223 hoc
1948 191 1980 225 in
2031 189 2036 194 '

1113 225 1304 273 antecessum
1322 230 1468 260 traditum
1484 231 1663 269 aliquoties.

1156 266 1236 314 Quce
1260 269 1343 308 dixi,
1374 281 1446 302 vera
1474 270 1569 310 sunt3
1599 271 1620 303 fi
1651 273 1802 306 venditor
1831 273 1981 314 ignorans

1112 315 1178 353 reni
1195 309 1327 342 alienam
1351 311 1529 344 vendiderit
1546 313 1629 343 bona
1645 313 1726 346 fide:
1750 324 1822 347 nam
1841 316 1860 346 li
1880 315 1981 347 sciens

1111 349 1243 394 alienam
1268 353 1471 397 vendiderim
1501 355 1543 384 ait
1563 353 1749 395 Africanus,
1773 357 1911 396 emptori
1936 365 1982 388 et-

1112 398 1171 420 iam
1188 412 1197 428 ,
1228 400 1408 437 priusquam
1432 394 1596 427 evincatur
1613 419 1622 434 ,
1646 404 1833 437 competere
1855 407 1894 428 ex
1918 408 1983 430 em-

1112 439 1168 470 pto
1191 431 1344 464 actionem
1370 435 1399 466 in
1424 435 1454 466 id
1470 459 1478 474 ‚
1503 438 1611 477 quanti
1629 438 1694 477 ejus
1719 438 1871 477 interest,
1894 438 1980 472 suam

1112 471 1173 503 effe
1190 471 1330 505 factam:
1354 475 1382 506 ἃ
1401 476 1548 516 praefatur
1563 501 1571 515 ,
1597 481 1741 519 quamvis
1767 480 1902 520 alioquin
1927 491 1982 512 ve-

1111 522 1179 544 rum
1205 512 1259 560 fit,
1291 516 1491 561 venditorem
1515 519 1663 553 hactenus
1688 522 1815 560 teneri,
1854 529 1889 553 ut
1912 532 1980 554 rem

1111 554 1518 599 emptori'habeteliceass·
1538 570 1601 591 non
1627 561 1741 600 etiam,
1778 571 1811 594 ut
1838 564 1904 602 ejus
1934 564 1980 594 fa-

1109 603 1188 627 ciat:
1215 605 1286 636 quia
1311 604 1415 643 tamen
1434 599 1544 631 dolum
1567 603 1680 634 malum
1705 604 1808 636 abeffe
1830 603 1977 644 praestare

1108 637 1224 675 debet,
1249 645 1349 668 teneri
1367 648 1438 670 eum
1456 641 1508 678 qui
1526 641 1623 673 sciens
1640 645 1789 683 alienam,
1813 655 1873 677 non
1892 645 1978 678 suam

1107 678 1264 717 ignoranti
1285 679 1428 710 vendidit
1462 681 1481 710 l.
1498 690 1547 719 30.
1569 681 1598 721 ᾗ.
1616 684 1669 715 ult.
1692 685 1735 717 D.
1762 688 1794 717 de
1815 686 1868 718 αὲῗ.
1893 694 1977 728 empt-

1108 719 1264 750 Praeterea
1282 729 1406 759 {equum
1425 720 1520 752 visum
1536 722 1600 760 est,
1622 724 1681 763 jam
1699 728 1810 759 tradita
1829 738 1845 758 a
1864 728 1975 759 vendi-

1109 768 1177 791 tore
1200 770 1232 791 re
1252 763 1398 799 vendita,
1423 762 1452 792 ἀ
1478 762 1581 802 pretio
1599 766 1739 797 nondum
1763 769 1801 799 ab
1826 778 1973 809 emptore

1108 801 1262 847 solut0,fi
1280 803 1320 832 de
1337 801 1483 834 dominio
1499 813 1666 836 moveatur
1681 807 1827 848 quaestio,
1851 819 1975 851 empto-

1108 852 1133 874 ri
1155 851 1211 881 per
1239 844 1464 883 exceptionem
1495 844 1630 876 succurri
1657 847 1803 879 adversus
1825 853 1973 883 vendito-

1108 893 1192 921 rem,
1217 886 1352 924 pretium
1370 893 1551 925 petentem:
1575 886 1630 918 nifi
1648 895 1772 927 paratus
1790 888 1843 927 fit,
1866 891 1894 921 ei
1908 893 1974 924 evi-

1108 925 1221 956 {tionis
1239 927 1368 956 nomine
1380 928 1513 958 idoneos
1526 928 1669 968 praestare
1685 927 1879 969 fidejussores
1896 932 1914 962 l.
1926 941 1975 971 24.

1109 966 1142 998 C.
1160 967 1188 998 b.
1207 972 1227 997 t.
1246 966 1266 997 l.
1286 970 1330 1001 18.
1348 967 1375 1009 §.
1390 977 1415 999 r.
1429 967 1470 1000 D.
1483 970 1515 999 de
1529 971 1617 1009 peric.
1630 968 1666 1004 69⁹
1682 972 1815 1002 commod.
1838 971 1879 1001 rei
1892 975 1977 1005 vend.

1147 1006 1224 1039 Non
1250 1006 1295 1038 est
1328 1007 1399 1039 satis
1426 1010 1465 1040 ad
1491 1011 1684 1043 eviCtionem
1701 1034 1711 1050 ,
1744 1020 1811 1043 rem
1837 1021 1976 1052 emptam

1105 1049 1241 1088 emptori
1265 1047 1327 1080 esse
1352 1049 1506 1081 ablatam:
1529 1050 1581 1082 sed
1604 1053 1633 1083 ei
1653 1061 1711 1092 per
1728 1053 1874 1092 judicem
1896 1054 1977 1085 abla-

1106 1097 1170 1120 tam
1189 1089 1251 1121 ess'e
1273 1097 1415 1134 oportet.
1440 1101 1504 1124 non
1525 1093 1608 1124 enim
1634 1093 1678 1125 est
1702 1094 1819 1125 evictio
1838 1095 1912 1125 nudi
1932 1095 1977 1126 fa-

1106 1131 1165 1169 cti,
1189 1131 1328 1170 sedjuris
1346 1142 1485 1165 nomen:
1509 1135 1594 1165 omni
1615 1135 1737 1175 privata
1759 1136 1813 1174 vi,
1838 1135 1908 1176 post
1928 1137 1974 1167 in-

1104 1172 1341 1218 ventas-civiles
1360 1173 1528 1205 societates
1545 1176 1702 1215 &judicia
1719 1176 1909 1216 constituta,
1933 1178 1977 1208 le-

1104 1214 1197 1254 gibus
1221 1214 1398 1246 interdicta.
1440 1214 1517 1247 Hoc
1542 1217 1640 1248 modo
1658 1217 1808 1249 evincere
1831 1218 1892 1256 est,
1919 1228 1976 1257 per

1105 1255 1265 1296 legitimos
1290 1257 1432 1288 tramites
1453 1257 1625 1297 evincere3
1648 1259 1710 1289 five
1730 1259 1852 1299 judicio
1875 1259 1978 1291 aufer-

1104 1305 1139 1328 re
1154 1296 1230 1343 ².³b.
1240 1305 1340 1343 eaque
1356 1297 1445 1329 causa
1462 1299 1631 1339 aliquando
1648 1298 1684 1330 fit
1702 1301 1824 1332 mentio
1844 1301 1979 1332 eviftim

1105 1341 1152 1368 nis
1166 1337 1306 1377 judicto,
1323 1346 1401 1370 item
1418 1347 1473 1377 per
1485 1340 1729 1379 judiciuni,five
1769 1351 1802 1373 er
1816 1342 1952 1382 judicem
1965 1365 1976 1381 ,

1105 1378 1195 1410 fattae
1211 1378 1231 1409 l.
1251 1388 1298 1410 22.
1316 1378 1344 1420 §.
1366 1389 1391 1411 1.
1412 1379 1448 1414 ὅ)
1464 1380 1482 1410 l.
1501 1390 1549 1419 24.
1566 1380 1606 1411 D.
1622 1382 1650 1412 h.
1667 1387 1688 1412 t.
1734 1350 1832 1424 {uod
1849 1382 1869 1414 fi
1888 1384 1980 1416 aliter
2024 1372 2033 1409 ⁵>

1107 1429 1174 1452 rem
1192 1419 1308 1451 habere
1325 1429 1453 1461 emptor
1470 1421 1609 1461 definat3
1633 1431 1697 1454 non
1716 1423 1833 1454 dicitur
1851 1424 1974 1463 evicta,

1108 1469 1228 1493 tantum
1251 1461 1323 1501 quia
1341 1471 1404 1493 non
1422 1461 1467 1493 est
1482 1469 1538 1500 per
1555 1463 1699 1504 Judicem
1723 1464 1845 1502 ablata,
1869 1464 1932 1496 five
1948 1475 1979 1496 e-

1108 1503 1188 1534 viCta
1205 1502 1223 1532 l.
1242 1503 1294 1533 ult.
1318 1503 1350 1533 C.
1367 1504 1399 1533 de
1414 1503 1469 1534 att.
1483 1509 1565 1543 empt.
1606 1503 1762 1536 Praeterea
1778 1507 1820 1536 ait
1839 1505 1980 1538 Venule-

1107 1544 1154 1585 jus
1174 1544 1192 1574 l.
1209 1543 1263 1574 ult.
1281 1542 1321 1575 D.
1337 1544 1365 1574 b.
1383 1549 1404 1575 t.
1428 1544 1449 1575 fi
1466 1543 1543 1575 mihi
1561 1544 1694 1576 alienam
1710 1554 1777 1577 rem
1794 1546 1980 1585 tradideris,

1109 1587 1137 1617 ὅ(
1156 1585 1300 1616 eamdem
1316 1585 1458 1616 habuero
1481 1594 1540 1626 pro
1565 1585 1728 1624 derelicta,
1754 1585 1855 1618 amitti
1873 1587 1981 1619 aucto·

1108 1627 1253 1665 ritatem,
1277 1625 1309 1657 id
1326 1625 1387 1665 est,
1411 1626 1570 1658 actionem
1589 1626 1629 1658 de
1651 1627 1823 1659 evictione.
1871 1627 1979 1668 idem,

1109 1669 1128 1699 si
1146 1675 1272 1708 emptor
1297 1676 1363 1700 rem
1383 1667 1547 1699 tradiderit
1566 1667 1646 1699 citra
1667 1667 1788 1708 Judicis
1810 1669 1981 1702 auftorita·

1109 1717 1173 1741 tem
1195 1710 1214 1741 l.
1234 1717 1280 1748 17.
1308 1709 1339 1739 C.
1365 1709 1394 1740 h.
1420 1715 1440 1740 t.
1496 1708 1549 1741 De
1579 1709 1806 1750 compromiffo
1830 1711 1980 1743 dubites:

1109 1752 1181 1791 quia
1208 1749 1464 1791 compromissum
1494 1760 1511 1781 a
1533 1749 1634 1782 Paulo
1656 1751 1676 1782 l.
1697 1760 1723 1783 1.
1746 1751 1789 1783 D.
1811 1752 1844 1782 de
1865 1754 1981 1794 receptis

1108 1792 1223 1823 dicitur
1241 1791 1339 1832 redigi
1357 1792 1396 1823 ad
1413 1791 1646 1824 similitudinem
1662 1792 1870 1832 iudiciorum,
1896 1794 1925 1825 ὂζ
1940 1793 1980 1826 ad

1108 1832 1261 1865 finiendas
1279 1833 1350 1864 lites
1367 1834 1538 1873 pertinere.
1584 1833 1646 1865 Sed
1661 1835 1750 1874 quod
1767 1833 1880 1866 Paulus
1897 1835 1980 1867 dixit

1109 1875 1138 1906 d.
1156 1875 1173 1907 l.
1197 1883 1224 1906 1.
1247 1883 1311 1906 non
1330 1883 1387 1914 per
1411 1874 1517 1907 omnia
1542 1884 1651 1907 verum
1668 1874 1731 1906 est:
1754 1874 1785 1906 in
1810 1876 1979 1916 proposito

1110 1925 1190 1947 vero
1208 1916 1266 1947 alia
1279 1915 1388 1956 judicii
1403 1917 1570 1956 rati0,alia
1587 1917 1821 1957 compromissi:
1845 1918 1980 1950 alterum

1110 1959 1194 1989 inter
1210 1957 1373 1996 volentes,
1398 1958 1529 1989 alterum
1547 1957 1779 1996 interinvitos,
1801 1968 1981 1991 exercetur.

1110 1998 1174 2038 ipse
1193 1998 1234 2031 fic
1252 1998 1367 2031 Paulus
1387 1999 1405 2030 l.
1417 2003 1467 2040 56.
1486 1998 1603 2040 §.1.D.
1621 2000 1649 2031 h.
1661 2005 1683 2030 t.
1702 2000 1736 2030 Si
1753 2001 1984 2041 compromisero,

1110 2040 1148 2075 ὃ)
1165 2046 1263 2071 contra
1278 2049 1322 2071 me
1336 2041 1407 2072 data
1416 2041 1514 2081 fuerit
1523 2040 1673 2081 sententia
1689 2063 1698 2079 ,
1720 2041 1804 2072 nulla
1820 2042 1891 2072 mihi
1906 2041 1980 2072 attio
2015 2061 2022 2063 -

1110 2083 1143 2113 de
1159 2081 1297 2113 ovatione
1312 2082 1409 2113 danda
1426 2080 1465 2122 est}
1481 2081 1621 2122 adversiu-
1634 2082 1827 2114 venditorem:
1849 2082 1931 2114 nulla
1952 2092 1980 2113 e-

1110 2125 1170 2154 nim
1186 2128 1301 2163 cogente
1315 2121 1472 2163 neceffitczte
1487 2124 1518 2154 id
1525 2123 1597 2163 feci.

1151 2163 1202 2195 Ex
1222 2163 1321 2195 tribus
1339 2163 1509 2204 requisitis,
1534 2165 1648 2204 quibus
1665 2174 1715 2196 res
1733 2165 1835 2196 eviCta
1853 2164 1982 2196 aestima-

1110 2213 1178 2244 tur,
1203 2204 1295 2237 restat
1311 2207 1439 2237 tertium
1456 2214 1463 2236 :
1485 2207 1571 2245 quod
1589 2205 1633 2237 est
1648 2229 1658 2244 ‚
1681 2214 1748 2237 rem
1763 2207 1830 2246 jure
1845 2207 1981 2238 ablatam

1110 2246 1172 2278 effe
1197 2254 1370 2286 oportere;
1394 2255 1495 2287 puta,
1527 2247 1613 2287 quod
1637 2256 1699 2278 non
1734 2247 1812 2279 licet·
1839 2249 1978 2286 emptori

1110 2297 1179 2320 eam
1197 2297 1254 2328 per
1269 2289 1473 2320 venditorem
1489 2288 1624 2327 habere,
1646 2288 1777 2320 vendita
1802 2298 1835 2320 re
1857 2289 1978 2325 aliena,

1111 2337 1164 2361 aut
1191 2329 1281 2360 alteri
1311 2330 1452 2370 obligata
1468 2352 1477 2368 ,
1507 2329 1597 2361 nullo
1621 2330 1698 2369 jure.
1721 2330 1792 2361 sane
1811 2352 1821 2367 ,
1851 2328 1936 2368 quod
1960 2336 1978 2358 a

1111 2371 1292 2410 Pomponio
1309 2379 1455 2402 notatum
1467 2393 1476 2409 ,
1497 2371 1601 2411 duplae
1622 2370 1782 2411 stipulatio
1798 2378 1861 2400 non
1881 2377 1976 2414 unam

1111 2413 1257 2444 continet
1279 2411 1488 2444 evictionem:
1511 2412 1541 2444 id
1565 2411 1627 2450 est,
1650 2420 1716 2442 non
1731 2418 1822 2442 unam
1845 2409 1978 2454 evictio-

1111 2453 1157 2485 nis
1179 2452 1324 2485 formam.
1349 2462 1410 2484 nec
1432 2452 1578 2491 interest,
1601 2461 1666 2493 quo
1682 2460 1798 2492 genere
1819 2450 1926 2490 Judicir
1945 2460 1978 2481 e-

1110 2495 1273 2533 vincatur,
1295 2503 1331 2526 ut
1354 2495 1492 2534 emptori
1518 2494 1634 2525 habere
1657 2501 1721 2523 non
1745 2492 1856 2523 liceat:
1879 2491 1978 2523 modo

1110 2537 1177 2577 jure
1197 2535 1317 2568 fastum
1347 2535 1390 2566 [it.
1414 2535 1596 2574 exemplum
1613 2533 1781 2573 Pomponii
1805 2542 1921 2571 unum,
1956 2531 1980 2564 fi

1111 2580 1141 2609 in
1156 2577 1275 2618 judicio
1290 2575 1453 2608 communi
1470 2574 1643 2607 dividundo
1658 2573 1834 2605 adversario
1857 2572 1980 2613 adjudi-

1110 2627 1200 2649 catus
1215 2617 1250 2648 fit
1269 2618 1372 2649 servus
1387 2627 1395 2647 ι
1419 2616 1491 2656 quia
1507 2615 1759 2655 probavit,eum
1776 2623 1980 2646 communem

1112 2659 1192 2697 ess'e3
1214 2658 1246 2689 id
1262 2658 1325 2696 est,
1342 2667 1382 2689 ex
1399 2664 1488 2697 parte
1503 2655 1651 2688 alienum.
1676 2656 1749 2687 huic
1766 2656 1916 2696 exemplo
1931 2665 1980 2687 ae-

1110 2701 1196 2731 cedit
1212 2699 1363 2731 alterurn:
1387 2699 1405 2729 li
1423 2699 1492 2737 quis
1512 2697 1689 2729 dominium
1706 2696 1853 2737 petierit,
1866 2697 1895 2728 ὅτ
1914 2698 1980 2728 evi-

1110 2741 1206 2773 cerit:
1229 2740 1304 2772 item
1323 2763 1332 2779 ,
1355 2739 1375 2772 fi
1393 2740 1461 2779 quis
1477 2739 1623 2770 Serviana
1639 2739 1765 2770 afflone
1787 2738 1981 2778 experiatur.

1110 2783 1204 2824 igitur
1228 2782 1331 2813 evicta
1359 2790 1407 2812 res
1430 2780 1636 2821 intelligitur,
1658 2779 1680 2812 fi
1694 2779 1731 2812 fit
1749 2780 1818 2820 jure
1834 2779 1938 2811 ablata
1956 2779 1976 2811 l.

1109 2834 1159 2866 34.
1183 2823 1212 2865 §.
1235 2832 1259 2854 1.
1276 2822 1312 2857 ὅ)
1329 2832 1355 2853 2.
1374 2823 1420 2854 D.
1436 2822 1463 2853 b.
1481 2828 1503 2854 t.
1823 2861 1829 2867 ·

1155 2864 1242 2907 Quid
1276 2864 1297 2895 si
1320 2864 1410 2894 aliter
1436 2863 1473 2894 fit
1500 2863 1601 2895 ablata
1620 2864 1635 2895 Ρ
1665 2862 1749 2895 nulla
1780 2863 1898 2895 ev16tio
1922 2861 1978 2894 est.

1112 2906 1294 2946 exemplum
1311 2905 1372 2935 tale
1395 2905 1480 2945 apud
1509 2903 1678 2945 Ulpianum
1704 2903 1721 2935 l.
1739 2913 1788 2935 21.
1808 2904 1850 2936 D.
1868 2904 1896 2935 h.
1912 2909 1934 2934 t.
1956 2902 1979 2934 fi

1112 2948 1216 2979 servus
1240 2945 1425 2984 decesserit,
1456 2953 1627 2986 antequam
1649 2945 1824 2978 evincatur.
1849 2945 1976 2976 additur

1110 2990 1191 3021 ratio
1209 2988 1354 3028 elegans:
1378 2987 1465 3026 quod
1483 2997 1578 3019 nemo
1602 2996 1674 3018 eum
1698 2986 1836 3025 evincit,
1852 2986 1911 3016 sed
1935 2984 1979 3016 fa-

1110 3032 1194 3062 Ctum
1213 3029 1356 3060 humanae
1380 3029 1479 3059 sortis.
1501 3027 1623 3060 sensus:
1646 3027 1708 3059 Per
1724 3028 1925 3059 venditorem
1944 3026 1979 3056 li-

1109 3073 1204 3103 cebat
1219 3069 1358 3111 emptori
1376 3069 1496 3100 servum
1514 3070 1640 3100 habere.
1661 3077 1719 3108 per
1737 3067 1837 3099 fatum
1857 3076 1922 3098 non
1944 3067 1981 3099 li-
2033 3080 2035 3086 s

1113 3114 1220 3144 cebat.
1238 3113 1317 3143 mori
1330 3121 1407 3143 vero
1423 3111 1485 3148 est,
1497 3111 1639 3142 conditio
1649 3109 1826 3141 communis
1836 3109 1982 3141 omnium
2032 3129 2033 3136 ,

1116 3153 1298 3186 hominum:
1323 3163 1358 3184 ea
1382 3161 1443 3184 non
1468 3160 1581 3183 onerat
1598 3151 1820 3188 venditorem;
1844 3158 1916 3180 cum
1940 3151 1980 3182 ab

1119 3205 1160 3227 co
1186 3205 1250 3228 non
1273 3196 1422 3236 pendeat.
1457 3193 1486 3225 Si
1503 3201 1608 3228 tamen
1631 3193 1724 3226 dolus
1748 3190 1985 3224 intercess'erit:

1920 3242 1987 3265 ΠΟΠ
2006 3239 2007 3242 “

2032 3094 2035 3152 l

2030 3173 2033 3201 i

2030 3202 2032 3237 ε

2030 3238 2032 3248 l

2029 3270 2031 3279 v
