2036 3495
420 119 483 155 AD
509 119 599 157 Lux.
627 117 654 153 I.
690 117 792 151 TIT.
828 116 920 152 Vsu.
958 117 1006 152 De
1025 116 1170 160 divissorre
1185 128 1289 152 rerum
1308 115 1349 156 ὅ)
1364 119 1521 164 qualitate.

66 212 229 248 :ximorum
245 208 440 242 seculorum:
465 208 518 251 qui
536 207 639 240 multo
655 205 818 238 recentior
836 205 899 244 est3
915 206 944 239 δε

67 253 236 286 Marciano
254 275 263 291 ,
287 253 472 291 caeterisque
499 249 666 289 Veteribus
688 247 942 287 juruconsultls,

93 295 161 328 lane
178 294 370 335 incognitus.
394 292 528 325 debetur
545 291 628 323 enim
643 289 703 335 juri
720 288 870 321 Feudali:
889 290 941 320 ubi

66 305 213 374 fiumina,
238 343 366 376 portus,
390 334 540 374 ripatica,
565 331 703 372 Regalus
729 340 934 363 rinmunt-rau

68 387 118 411 tur
135 379 173 409 ab
188 378 265 417 lmp.
284 376 452 407 Frederico
473 374 529 406 Tu.
558 373 597 418 Q

67 419 108 461 est
125 423 174 459 56.
194 419 241 450 lib.
259 428 288 450 2.
307 416 474 453 studerunt.
512 415 610 458 Quod
626 414 694 454 jure
711 417 797 445 civili
816 423 882 446 non
900 423 942 446 ita

68 460 181 499 fuiss'e,
204 469 244 491 ex
263 459 473 499 superioribus
491 456 689 501 intelligitur.

112 503 294 534 Succedunt
310 509 359 531 res
377 498 462 530 civili
478 498 546 538 jure
570 497 724 543 publicu,
747 496 798 528 seu
813 496 881 543 jure
898 498 941 528 ci-

70 544 123 575 vili
141 551 347 579 communes,
371 540 510 579 ideoque
527 548 592 571 non
613 548 754 570 omnium
774 539 942 570 hominum

71 593 276 621 communes,
298 581 350 613 sed
368 583 532 613 dumtaxat
549 589 660 613 eorum
679 580 729 620 qui
748 580 889 620 ejusdem
909 590 941 610 u-

69 625 259 659 niverfitatis
282 623 359 654 sunt.
383 623 411 653 dc
430 622 478 653 hae
500 622 622 653 idcirco
640 621 808 652 Marciano
826 621 844 651 l.
864 631 892 652 2.
912 622 942 652 <Sc

72 666 185 708 Gajoi.
202 675 226 698 1.
245 665 271 696 h.
283 669 304 695 t.
321 664 468 696 dicuntur
483 663 546 695 effe
563 662 795 694 Univerfitatis.
820 662 874 693 Est
892 672 942 693 au-

71 716 155 746 tem,
173 715 205 737 ut
221 706 286 738 hoc
295 706 406 737 addam
418 729 427 743 ,
443 704 642 737 univerfiras:
663 705 713 735 ubi
724 705 829 744 plures
841 704 941 734 homi-

69 745 126 782 nes
144 748 197 780 sub
215 747 311 779 certis
326 747 354 778 le
381 747 449 779 ibus
465 749 586 778 coeunt
598 747 627 777 in
643 755 737 778 unum
750 755 874 784 corpus.
899 745 940 776 la-

69 799 166 831 teque
186 789 237 820 hic
254 796 341 828 patet
358 757 426 819 igme
453 797 584 819 nomen.
609 797 680 819 nam
700 787 728 818 ὅ(
753 787 888 832 collegia
911 787 940 831 oc

69 833 220 864 civitates
231 829 468 869 complectitur.
483 829 713 869 suntigiturres
730 829 939 859 univer-utatis

67 881 121 906 aut
137 872 266 913 proprie
284 871 498 912 publicaejure
515 872 619 908 civili,
638 877 691 902 aut
707 869 842 901 abuiive.
867 878 938 915 pro-

66 915 135 956 prie
153 913 269 953 Populi
288 913 422 944 Romam
439 923 503 944 res:
519 912 644 943 abusive
660 919 843 942 caeterarum
863 919 939 941 civi·

67 964 168 988 tatum
186 955 205 985 l.
226 964 273 994 15.
292 954 327 988 δ’
349 959 394 986 16.
413 953 452 985 D.
471 956 504 984 de
517 952 686 995 wrtfign.
707 952 857 992 Utraeque
874 961 938 997 rur-

67 996 117 1028 sus
142 995 211 1028 sunt
235 1004 286 1026 aut
305 1005 334 1027 in
355 995 408 1026 usu
426 995 642 1035 privatorum,
664 1003 717 1025 aut
731 994 767 1025 'in
787 1002 939 1034 pecunia,

66 1038 121 1070 seu
137 1037 332 1078 patrimonio
350 1036 557 1068 univcrsitatis
573 1037 590 1066 l.
612 1045 656 1076 17.
677 1035 719 1066 D.
736 1037 764 1066 d.
780 1043 801 1066 t.
813 1035 832 1064 i.
849 1038 877 1065 6.
895 1033 937 1065 D.

68 1081 102 1111 de
119 1085 209 1110 contr.
227 1084 310 1118 empt.
327 1077 360 1109 In
373 1078 424 1108 usu
436 1077 627 1118 {iugulorum
644 1077 710 1108 sunt
728 1076 867 1113 theatra,
884 1074 939 1106 sta-

67 1121 129 1152 dia.
160 1120 188 1150 ὅ(
204 1119 322 1151 similia.
348 1119 401 1150 De
421 1119 467 1151 his
486 1127 527 1149 ita
545 1118 699 1159 Ulpianus
715 1118 733 1148 i.
752 1128 780 1149 2.
803 1116 830 1158 §.
850 1126 877 1148 2.
897 1116 938 1147 D.

68 1163 121 1195 Ne
137 1162 205 1202 quid
221 1163 252 1192 in
268 1161 315 1191 luc,
332 1161 439 1201 public.
475 1160 552 1191 Loca
566 1160 682 1199 publica
700 1161 798 1199 utique
806 1160 938 1197 privato·

71 1201 241 1239 mmufibus
253 1202 440 1240 deserviunt,
451 1202 521 1243 jure
520 1202 632 1241 scilicet
641 1201 769 1231 civitatis
778 1223 786 1238 ‚
802 1208 858 1230 non
869 1209 939 1240 qua·

65 1243 92 1283 si
103 1246 219 1285 propria
239 1244 396 1284 cujusque:
419 1242 455 1276 ἐπ”
471 1249 584 1273 tantum
597 1243 675 1283 juris
693 1242 826 1271 habemus
840 1244 876 1271 uti
894 1242 938 1270 ob—

71 1286 222 1318 tinendum
235 1308 243 1323 ,
260 1292 401 1325 quantum
410 1284 526 1325 quilibet
535 1293 571 1314 ex
581 1282 683 1323 populo
693 1285 730 1312 acl
734 1283 940 1326 prohibendum

68 1328 160 1360 hahet.
179 1326 297 1357 Seneca
315 1326 345 1356 id
358 1325 406 1365 jus
424 1324 464 1356 fic
475 1325 643 1363 describit,
659 1324 705 1354 iiia.
717 1332 746 1364 7.
763 1323 810 1353 De
826 1323 938 1362 benefic.

67 1378 94 1400 c.
117 1377 162 1399 ιε.
188 1367 325 1398 Pluribus
340 1367 427 1397 modis
450 1366 704 1404 communiasunt.
725 1362 865 1406 equestria
882 1375 939 1395 oin-

67 1409 152 1441 nium
167 1410 293 1449 equitum
312 1406 506 1438 Romanorum
522 1413 598 1443 lunt.
627 1408 660 1438 in
677 1406 733 1436 illis
750 1415 844 1437 tamen
860 1405 937 1436 locus

66 1460 146 1484 meus
163 1452 201 1490 jn
227 1450 356 1489 proprius
378 1458 461 1490 quem
486 1450 634 1488 occupavi.
664 1448 714 1478 hoc
731 1447 758 1484 fi
782 1449 830 1478 cui
854 1446 936 1487 ceffi,

65 1492 201 1534 quamvis
217 1490 258 1521 illi
273 1492 415 1521 communi
433 1499 462 1520 re
485 1488 625 1530 ceffert'm,
648 1494 744 1520 tamen
759 1489 870 1528 aliquid
890 1490 936 1518 ‹ie-

68 1533 137 1572 diffe
145 1534 250 1563 videor.
276 1533 404 1572 quedam
416 1532 603 1570 quorumdam
610 1530 669 1570 suh
684 1536 762 1561 certa
778 1530 938 1561 conditione

62 1568 148 1615 sunt.
179 1573 261 1604 habeo
286 1574 317 1603 in
340 1572 512 1613 equestribus
532 1571 641 1610 locum,
664 1581 721 1602 non
738 1577 772 1602 ut
794 1573 936 1609 vendam,

72 1623 130 1646 non
152 1619 185 1644 ut
208 1613 310 1649 locem,
332 1623 389 1644 non
410 1619 445 1644 ut
470 1613 607 1643 habitem:
629 1615 660 1644 in
675 1613 725 1643 hoc
745 1618 883 1652 tantum,
906 1619 941 1644 ut

66 1655 200 1697 spetiem.
217 1657 367 1694 propterea
387 1663 446 1685 non
467 1656 611 1693 trientiar,
627 1654 657 1692 fi
678 1655 771 1685 dicam
787 1664 829 1684 me
843 1655 940 1685 babere

71 1698 104 1730 in
121 1694 296 1737 equestribus
315 1695 425 1726 locum:
440 1696 492 1733 sed
511 1705 575 1725 cum
597 1696 629 1725 z’n
651 1696 794 1726 theatrum
810 1698 895 1735 veui,
912 1695 940 1734 Ji

67 1737 155 1779 plena
161 1740 234 1778 sunt
247 1734 404 1777 equestria,
430 1735 465 1770 &P
475 1736 543 1777 jure
558 1736 641 1767 habeo
658 1737 748 1767 locum
770 1737 828 1768 iilic
839 1759 848 1776 ,
872 1738 941 1778 quia

63 1783 163 1820 ,lettere
186 1776 225 1819 est
249 1780 320 1808 mihi
340 1778 478 1808 liberum:
501 1777 537 1811 &²
562 1788 618 1808 uon
635 1778 739 1817 habeo,
762 1779 829 1819 quia
846 1781 881 1809 ab
898 1781 941 1810 his

73 1829 141 1852 cum
154 1821 256 1860 quibus
266 1819 316 1859 jus
332 1819 401 1849 milii
417 1818 470 1849 leci
487 1828 628 1849 commuue
645 1817 702 1859 est,
726 1825 878 1860 occupatus
893 1818 940 1860 est.

73 1861 111 1895 In
137 1862 269 1900 pecunia
287 1859 337 1891 seu
360 1860 552 1899 patrimonio
579 1861 688 1900 Populi
705 1870 774 1900 quse
793 1862 879 1899 lunt,
905 1871 941 1892 ea

73 1903 117 1933 ait
136 1902 315 1932 Marcianus
335 1903 361 1930 d.
380 1902 396 1930 l.
410 1905 436 1931 6.
456 1901 475 1942 ᾗ
506 1910 530 1931 1.
549 1902 574 1931 l).
594 1909 614 1931 t.
634 1901 694 1932 css'e
715 1902 940 1941 univcrsitatis,

74 1940 463 1983 nonfingulorum.Gajus
479 1942 497 1972 l.
517 1951 538 1972 ι.
559 1943 584 1972 Ι),
604 1948 624 1972 t.
642 1943 683 1973 fic
698 1944 862 1983 exprimit:
877 1943 940 1975 Res

72 1985 209 2025 publicae
228 1983 341 2014 nullius
362 1984 390 2013 in
409 1984 500 2014 bonis
518 1982 581 2014 effe
597 1984 786 2016 creduntur:
801 1985 892 2024 ipsius
910 1995 940 2016 e-

70 2025 136 2057 nim
147 2023 355 2056 universitatis
365 2023 426 2054 effe
437 2024 616 2055 creduntur.
638 2024 781 2065 Ideoque
791 2050 799 2065 ,
810 2035 845 2057 ut
855 2026 940 2058 Mar·

72 2068 180 2098 cianus
196 2067 223 2096 ιί.
243 2065 269 2106 §.
293 2075 314 2095 r.
332 2065 392 2103 ait,
410 2075 469 2095 nec
487 2065 591 2097 servus
607 2067 786 2098 communis
803 2069 940 2099 civitatis

70 2107 260 2148 §iugulor-uni
278 2115 334 2146 pro
350 2114 440 2145 parte
458 2106 662 2147 intelligitur,
689 2110 738 2139 sed
756 2109 938 2141 univerlita-

71 2150 121 2180 tis.
144 2149 172 2179 ἀ
187 2148 260 2179 ideo
277 2157 338 2179 tam
356 2156 468 2178 contra
478 2147 600 2186 civem,
617 2158 710 2189 quam
729 2159 787 2190 pro
798 2160 838 2182 eo
849 2150 938 2191 posse

70 2189 195 2222 servum
205 2189 347 2219 civitatis
365 2189 525 2228 torqueri,
544 2188 620 2221 Divi
637 2189 764 2223 Fratres
774 2191 938 2232 rescripse-

68 2239 154 2264 nunt.
177 2231 253 2261 ideo
269 2230 298 2261 ἃ
314 2230 443 2261 libertus
456 2230 592 2262 civitatis
601 2240 665 2263 non
683 2232 778 2264 habet
795 2234 938 2272 neccsse,

71 2273 199 2304 veniam
217 2271 318 2302 Edicbi
334 2280 463 2311 petere,
486 2271 506 2303 si
524 2281 620 2304 vocet
637 2274 728 2314 injus
744 2276 880 2316 aliquem
899 2286 940 2307 ex

70 2314 205 2345 civibus.
255 2313 362 2352 AEque
394 2313 519 2352 elegans
545 2315 628 2346 inter
651 2317 886 2349 universitatem
910 2319 940 2349 ὥς

68 2355 208 2396 fingulos
224 2353 404 2385 differentia
421 2354 465 2386 est
486 2357 569 2392 apud
595 2355 724 2387 Paulum
740 2358 758 2388 l.
777 2368 825 2390 20.
848 2358 888 2389 D.
908 2360 941 2390 de

70 2399 127 2427 reb.
146 2397 256 2427 dubiis:
280 2395 333 2427 ubi
350 2396 433 2427 vide.
478 2397 627 2429 Similiter
643 2399 685 2429 ait
705 2397 859 2439 Ulpianus
875 2401 893 2432 l.
911 2409 940 2439 7.

70 2438 100 2479 ὃ.
121 2447 145 2469 1.
165 2437 206 2468 D.
227 2437 315 2481 Quod
330 2437 469 2478 cujusque
483 2439 609 2477 univers.
646 2439 675 2470 Si
696 2442 773 2480 quid
791 2442 939 2473 universi-

69 2481 126 2509 tati
143 2478 294 2516 debetur,
312 2478 437 2519 singulis
454 2488 517 2509 non
534 2479 686 2519 debetur3
706 2491 766 2513 nec
780 2483 867 2522 quod
886 2483 937 2514 ‹le-

68 2520 124 2550 bet
142 2519 341 2557 universitas,
365 2519 472 2561 finguli
492 2521 621 2551 debent.
646 2523 743 2561 idque
766 2524 794 2555 ὃς
817 2524 939 2555 Seneca

73 2561 161 2591 vidit.
183 2560 232 2591 lib.
242 2565 271 2591 6.
291 2561 339 2591 De
353 2561 456 2599 benefic
466 2572 488 2592 c.
504 2572 552 2593 20.
571 2562 649 2593 Haec
664 2563 845 2596 suffecerint
862 2575 937 2606 prae-

71 2600 149 2646 senti
166 2601 252 2682 lJco.
268 2601 357 2642 plura
370 2602 451 2633 infra
466 2604 513 2634 lib.
526 2613 555 2644 3.
557 2606 615 2643 sub
627 2603 685 2637 Tz't.
704 2606 791 2651 Quod
800 2608 939 2648 cujusque

72 2651 178 2674 umver
193 2665 200 2672 .

110 2681 161 2713 Ex
181 2683 292 2714 ordine
307 2683 477 2723 sequuntur
491 2696 541 2716 res
557 2687 691 2725 nullius,
716 2687 886 2719 Marciano
904 2689 935 2719 in

70 2724 90 2756 1.
110 2733 136 2755 2v
154 2723 181 2753 b.
199 2729 220 2752 t.
237 2725 362 2755 tertiam
379 2724 533 2757 facientes
552 2737 653 2759 rerum
671 2729 818 2769 speciem.
837 2730 866 2761 ἃ
881 2739 938 2767 pro

71 2764 229 2803 exemplis
245 2764 289 2795 illi
307 2763 375 2795 sunt
393 2766 421 2796 in
442 2766 460 2796 ι.
478 2771 508 2797 6.
527 2768 555 2809 §.
570 2779 597 2799 2.
619 2778 667 2800 res
686 2771 793 2809 lacrae,
814 2772 937 2812 religio-

71 2808 129 2845 sae,
154 2807 184 2836 ὅ(
200 2803 318 2851 sanfiae.
342 2814 529 2845 quamquam
547 2819 639 2841 etiam
658 2811 724 2842 aliae
743 2812 855 2852 possint
874 2813 937 2843 nul-

70 2849 131 2880 lius
148 2847 229 2885 dic13
255 2855 288 2876 ut
307 2854 415 2877 natura
431 2847 509 2879 ferae
525 2849 648 2889 beltlae3
670 2852 741 2884 casu
759 2854 866 2894 jacens
884 2854 936 2884 he-

71 2891 189 2921 reditas
209 2897 219 2927 ;
249 2895 396 2927 tempore
419 2888 601 2928 thesaurus;
624 2895 742 2924 domini
771 2895 937 2926 voluntate

70 2941 121 2964 res
145 2939 204 2970 pro
229 2928 384 2959 dereliftis
407 2929 532 2960 habitat.
578 2931 639 2964 Sed
665 2944 713 2966 res
737 2935 847 2973 l'acrae,
872 2936 937 2966 san.

73 2972 133 3014 &ae
145 2995 154 3009 ‚
171 2971 200 3001 ἂ
218 2969 388 3016 religiosae,
404 2970 547 3012 singulari
565 2974 688 3005 ratione
705 2978 817 3008 nullius
833 2978 940 3016 appel-

68 3014 189 3045 lantur:
213 3011 285 3052 quia
311 3011 432 3052 legibus
450 3021 606 3051 exemptae
631 3014 768 3047 humano
783 3027 939 3049 commer-

69 3057 144 3094 cio,
167 3061 230 3083 non
255 3053 354 3084 modo
380 3062 442 3083 non
467 3053 537 3084 sunt
551 3055 698 3095 alicujus3
723 3058 774 3090 sed
793 3068 852 3090 nec
869 3068 939 3098 pos·

69 3095 141 3127 sunt
159 3094 289 3133 alicujus
306 3093 384 3125 fieri.
410 3093 507 3134 Gajus
523 3096 541 3126 l.
568 3104 591 3127 ι.
609 3097 636 3126 h.
656 3102 676 3127 t.
695 3099 755 3137 ait,
774 3109 823 3130 res
840 3099 938 3131 sacras

71 3136 103 3167 ἃ
117 3137 275 3176 religlolas
293 3134 355 3166 effe
372 3135 468 3167 divini
487 3137 583 3176 juris3
607 3138 720 3170 sanetas
738 3149 862 3179 autem,
887 3151 938 3172 ve.

68 3177 126 3210 luti
146 3186 251 3208 muros
265 3176 294 3208 ἃ
313 3185 420 3217 portas
437 3180 677 3217 quodammodo
693 3181 790 3212 divini
803 3182 878 3222 juris
892 3192 937 3215 es·

61 3218 117 3258 se,
140 3226 315 3266 omnesque
335 3219 395 3251 nac
411 3220 535 3253 ratione
546 3221 662 3254 nullius
682 3223 712 3255 in
730 3223 823 3257 bonis
841 3224 936 3257 habe·

589 383 631 403 ure
642 371 702 409 sint
721 371 868 413 Regalice,
891 374 942 414 qui
957 374 959 378 “

1822 133 1868 166 29

987 207 1028 238 ri:
1045 213 1077 237 at
1094 215 1158 237 non
1172 206 1235 238 aiio
1251 205 1355 246 sensu,
1379 215 1474 248 quam
1493 207 1581 245 quod
1605 204 1744 249 Populus
1763 217 1816 240 eas
1832 209 1864 241 in

980 247 1070 279 usum
1089 249 1230 280 divinum
1247 248 1420 290 separavit,
1445 249 1611 289 prohibito
1638 251 1776 290 profano
1800 249 1865 282 usu.

984 290 1028 321 ita
1046 299 1114 330 quae.
1133 300 1182 321 res
1200 289 1292 321 sacra:
1312 290 1410 329 fiunt,
1431 300 1494 322 non
1512 290 1658 323 desinunt
1676 291 1738 323 ess'e
1756 292 1865 323 huma-

984 332 1015 362 ni
1031 331 1116 370 juris.
1133 340 1245 362 contra
1254 340 1384 363 manent
1400 331 1534 373 Populi,
1552 333 1630 364 ficut
1646 341 1720 364 ante
1731 331 1864 365 fuerunt

986 372 1062 412 ejus.
1087 380 1208 404 tantum
1226 373 1324 404 sacras
1345 383 1440 405 vocat
1455 375 1495 405 ab
1511 373 1564 405 usu
1579 373 1666 405 sacro
1677 376 1727 406 cui
1742 384 1793 407 eas
1809 376 1864 407 de-

986 415 1129 445 stinavit:
1153 415 1259 445 douec
1284 416 1314 446 ei
1332 416 1474 456 placeat,
1498 416 1555 446 alia
1574 416 1752 456 postulante
1769 425 1862 447 occa·

985 454 1091 494 fione,
1114 465 1165 486 eas
1183 457 1220 487 ad
1245 455 1331 487 usum
1354 457 1450 488 alium
1470 457 1533 497 jam
1550 457 1756 489 necess'arium
1772 457 1862 489 adhi-

984 496 1072 528 bere.
1088 495 1141 528 sed
1154 496 1216 527 hoc
1228 498 1361 537 pulchre
1372 498 1573 530 observatum
1588 508 1604 528 a
1620 499 1752 531 Summo
1767 498 1861 538 Viro,

985 537 1126 578 lingone
1148 537 1267 570 Grotio
1290 540 1338 570 tib.
1362 549 1391 580 3.
1418 539 1466 570 De
1483 540 1547 581 jur.
1573 540 1623 570 bel.
1644 540 1759 580 &past
1778 551 1803 572 c.
1820 551 1861 580 5,

986 589 1050 611 non
1076 589 1217 620 exequar
1243 581 1404 620 pluribus,
1428 591 1468 612 ne
1492 581 1635 621 prolixus
1660 581 1723 613 fitn.
1751 583 1860 623 potius

985 621 1156 661 explicabo
1176 621 1294 662 species
1311 632 1329 653 a
1345 621 1512 654 Marciano
1527 623 1634 654 allatas
1648 625 1676 653 d.
1693 623 1712 654 l.
1730 627 1759 654 6.
1778 623 1807 665 §.
1825 633 1857 664 3.

985 662 1104 694 Primas
1128 664 1180 694 dat
1200 663 1294 694 rebus
1313 663 1421 696 sacris:
1446 665 1573 702 dicens,
1598 665 1674 696 tales
1697 664 1760 696 ess'e
1786 674 1857 705 quae

985 703 1054 734 sunt
1071 704 1198 744 publice
1214 705 1426 744 consecratae,
1449 715 1513 737 non
1532 707 1665 746 private.
1690 708 1858 746 quomodo

983 755 1036 775 eas
1054 746 1146 777 etiam
1167 745 1279 777 definit
1298 745 1451 786 Ulpianus
1466 747 1484 777 l,
1504 756 1533 784 9.
1554 748 1580 778 b.
1599 752 1610 777 t
1648 746 1804 787 (opinor)
1828 749 1860 779 in

983 787 1249 826 interpretatione
1265 787 1386 820 Ediffl:
1404 790 1433 819 in
1451 788 1470 819 ἰ.
1492 798 1515 820 1.
1539 787 1581 819 D.
1600 787 1649 819 Ne
1665 789 1737 829 quid
1752 789 1783 819 in
1801 788 1858 820 loco

982 831 1060 860 sucro
1075 830 1226 867 concepti
1244 829 1274 859 in
1292 829 1361 860 haec
1381 830 1493 861 verba:
1519 829 1555 861 In
1575 829 1630 860 loco
1645 835 1726 865 sacro
1737 830 1856 870 facere,

981 869 1049 899 inve
1059 878 1122 899 eum
1132 871 1279 899 immittere
1289 872 1359 911 quid
1367 894 1377 908 ,
1387 877 1460 902 veto.
1472 870 1517 902 est
1528 871 1612 902 enim
1623 879 1757 912 uterque
1767 872 1858 903 locus

983 919 1023 940 ex
1038 912 1154 940 eodem
1172 910 1282 944 lib-68.
1306 910 1429 951 Ulpiani
1448 914 1486 943 ad
1504 912 1663 944 Edictum.
1689 914 1742 944 Ait
1759 913 1857 954 igitur

981 952 1009 981 d.
1029 951 1048 982 i.
1067 960 1095 987 9.
1116 949 1290 991 Ulpianus,
1314 953 1344 983 in
1362 962 1403 983 co
1421 952 1537 984 Edicto
1554 953 1637 986 sacra
1655 955 1727 986 loca
1744 954 1806 987 ess'e
1821 964 1859 986 ea

982 1001 1051 1030 quae
1071 992 1199 1032 publice
1216 993 1284 1023 sunt
1300 994 1464 1031 dedicata,
1487 994 1550 1026 five
1567 997 1597 1027 in
1617 996 1770 1035 civitate,
1793 995 1858 1028 ssve

981 1034 1012 1064 in
1031 1043 1118 1074 agro,
1149 1033 1282 1064 Publice
1297 1043 1402 1065 autem
1423 1035 1485 1074 est,
1509 1037 1636 1076 publica
1652 1038 1859 1070 auctoritate:

981 1082 1016 1106 ut
1033 1076 1110 1106 olim
1124 1074 1201 1114 juffu
1218 1074 1332 1115 Populi
1350 1085 1390 1107 ex
1408 1075 1494 1116 Lege
1511 1078 1653 1116 Papiria,
1670 1079 1749 1111 teste
1765 1079 1858 1112 Cice-

981 1126 1060 1148 rone
1079 1116 1136 1148 Prv
1146 1118 1242 1155 domo,
1259 1117 1515 1158 liodiepermissu
1532 1119 1686 1160 Principis
1701 1122 1720 1152 l.
1738 1121 1792 1152 uit.
1812 1121 1856 1152 D.

986 1157 1030 1188 Ut
1044 1159 1076 1188 in
1089 1158 1157 1198 poff.
1174 1157 1227 1199 leg.
1248 1159 1275 1188 ri.
1293 1158 1314 1189 l.
1330 1168 1359 1195 9.
1380 1158 1409 1200 ὃ,
1432 1168 1458 1191 1.
1484 1160 1672 1199 justinianus
1687 1162 1716 1203 §.
1733 1167 1761 1196 8.
1782 1161 1855 1203 lust.

981 1198 1009 1229 h.
1028 1205 1048 1230 t.
1068 1199 1188 1238 Sacrae,
1213 1199 1335 1238 inquit,
1355 1210 1405 1231 res
1423 1199 1493 1232 sunt
1509 1210 1578 1241 quae
1595 1203 1653 1233 rite
1669 1213 1727 1243 per
1746 1204 1858 1236 Ponti-

981 1238 1059 1270 fices
1086 1240 1161 1271 Deo
1185 1241 1379 1272 conlecratae
1402 1242 1481 1273 sunt.
1525 1242 1598 1274 Rite
1622 1252 1750 1283 autern,
1775 1248 1859 1286 apud

982 1281 1109 1313 Festum
1125 1283 1154 1313 in
1167 1282 1253 1313 Sacer
1269 1292 1367 1322 mons,
1391 1282 1454 1320 est,
1472 1293 1678 1323 quocumque
1696 1288 1795 1318 modo
1811 1297 1859 1318 at·

983 1332 1046 1363 que
1064 1323 1207 1355 instituto
1226 1325 1376 1356 civitatis.
1423 1323 1566 1364 Oportet
1589 1327 1686 1367 igitur
1710 1337 1797 1367 rem,
1821 1335 1857 1360 ut

983 1366 1068 1396 sacra
1083 1366 1156 1403 fiat,
1179 1365 1230 1405 (id
1248 1365 1313 1403 est,
1337 1365 1552 1406 Divinijuris:
1571 1376 1662 1407 nam,
1685 1371 1769 1409 apud
1787 1369 1859 1401 Ma-

984 1408 1129 1438 crobium
1149 1408 1197 1438 lib.
1219 1417 1247 1447 3.
1267 1407 1390 1438 Saturrz.
1408 1418 1434 1438 c.
1453 1417 1490 1447 3,
1509 1408 1633 1440 Sacrum
1649 1408 1706 1449 eft,
1728 1419 1761 1441 ut
1776 1409 1858 1443 Tre-

981 1448 1083 1479 batius
1107 1448 1226 1486 refert,
1251 1447 1406 1492 Quidquid
1429 1449 1468 1489 est
1486 1472 1496 1488 ,
1518 1452 1594 1491 quod
1620 1451 1750 1483 Deorum
1772 1452 1856 1483 hahe-

980 1490 1047 1530 tur)
1063 1489 1125 1520 esse
1151 1499 1211 1522 rite
1232 1493 1266 1520 ct
1293 1491 1423 1529 puplice
1447 1492 1638 1523 dedicatam.
1663 1495 1751 1533 quod
1776 1504 1855 1526 vero

980 1532 1127 1571 privatim
1155 1531 1320 1562 dedicatur
1344 1532 1473 1572 propria
1497 1532 1705 1572 auctoritate,
1728 1544 1857 1567 manere

979 1572 1169 1611 profanum,
1185 1572 1216 1603 id
1236 1572 1299 1611 est,
1319 1574 1431 1613 privati
1445 1573 1538 1613 juris,
1562 1574 1752 1613 justinianus
1767 1578 1811 1607 ait
1826 1578 1857 1609 d.

981 1614 1000 1656 §
1030 1619 1047 1649 8
1083 1613 1217 1655 Optime
1233 1613 1336 1645 AElius
1355 1612 1485 1653 Gallus,
1509 1616 1592 1655 apud
1610 1614 1736 1648 Festum
1755 1619 1782 1648 d.
1801 1618 1857 1650 loc.

982 1664 1024 1687 ait
1034 1679 1043 1694 ,
1052 1656 1171 1695 sacrum
1186 1654 1237 1694 effe
1252 1665 1428 1697 quocumque
1441 1657 1518 1687 modo
1535 1662 1622 1696 atque
1637 1655 1767 1698 instituto
1784 1660 1858 1690 civi-

983 1699 1053 1729 tatis
1075 1702 1268 1732 coufecratum
1286 1696 1348 1736 fit,
1367 1696 1431 1736 five
1455 1698 1540 1736 aeciis,
1555 1698 1620 1736 five
1641 1709 1713 1737 ara,
1732 1698 1797 1738 five
1812 1700 1858 1738 s-

980 1748 1092 1780 gnum,
1103 1738 1168 1777 five
1185 1739 1261 1769 locus
1273 1761 1282 1776 ,
1292 1737 1356 1777 five
1367 1740 1511 1779 pecunia,
1524 1738 1588 1777 five
1604 1742 1674 1781 quid
1689 1741 1772 1772 alizid
1781 1743 1858 1783 quod

985 1781 1055 1811 Diis
1070 1782 1231 1811 dedicatum
1246 1788 1331 1821 atque
1341 1782 1534 1819 consecratum
1537 1780 1587 1818 fit.
1605 1783 1680 1823 quod
1689 1790 1784 1814 autem
1795 1786 1861 1824 pri-

982 1823 1047 1853 vati
1057 1825 1114 1860 juce
1125 1822 1268 1862 religionis
1284 1825 1371 1857 caula
1385 1822 1495 1863 ailquid
1509 1832 1608 1854 earum
1623 1833 1720 1855 rerum
1736 1824 1796 1856 Deo
1810 1827 1858 1856 de-

983 1865 1096 1894 dicent:
1112 1864 1141 1894 id
1153 1862 1307 1902 Pontifices
1323 1863 1467 1894 Romanos
1482 1874 1539 1894 uon
1552 1862 1856 1905 existimaresacrum.

983 1911 1014 1936 at
1026 1904 1053 1943 fi
1075 1907 1227 1945 quasacra
1238 1906 1358 1944 privata
1366 1905 1498 1945 suscepta
1511 1909 1581 1943 sunt
1597 1915 1658 1947 quae
1672 1916 1709 1938 ex
1723 1905 1857 1948 instituto

983 1947 1161 1986 Pontificum
1169 1944 1248 1986 stato
1265 1947 1310 1976 die
1327 1955 1379 1976 aut
1396 1952 1469 1977 certo
1495 1946 1551 1977 loco
1574 1947 1711 1983 facienda
1718 1947 1800 1986 sint:
1821 1959 1855 1982 ea

974 1990 1063 2028 sacru
1078 1987 1234 2028 appellari,
1257 1993 1398 2028 tanquam
1411 1986 1603 2027 sacrificium.
1625 1989 1672 2019 iile
1688 1989 1782 2029 locus,
1806 1992 1857 2022 ubi

984 2040 1016 2060 ea
1023 2030 1113 2068 sacra
1126 2031 1247 2069 privata
1253 2030 1475 2068 faciendasuni
1485 2052 1494 2067 ‚
1509 2032 1563 2060 vix
1571 2031 1690 2061 videtur
1706 2031 1783 2065 trice?
1793 2031 1855 2073 effe.

983 2071 1045 2102 Sed
1057 2094 1064 2105 ,
1089 2079 1123 2101 ut
1139 2080 1180 2101 eo
1197 2071 1342 2107 redeam,
1360 2070 1431 2109 quia
1447 2071 1490 2101 ait
1507 2071 1628 2102 Praetor
1643 2072 1673 2102 in
1693 2072 1857 2113 superiore

983 2111 1098 2144 Edicto
1115 2113 1142 2142 (I.
1159 2112 1178 2142 l.
1200 2121 1224 2142 1.
1242 2110 1278 2142 ln
1293 2111 1348 2141 loco
1362 2111 1441 2147 lucro
1452 2112 1566 2150 facere,
1586 2113 1655 2143 inve
1671 2123 1735 2144 eum
1749 2116 1857 2147 immit-

982 2161 1038 2185 tere
1062 2155 1150 2195 quid,
1173 2158 1256 2183 veto:
1279 2151 1427 2184 observat
1444 2154 1471 2184 d.
1488 2154 1507 2183 l.
1527 2162 1552 2184 1.
1572 2153 1600 2194 §.
1625 2163 1650 2185 1.
1678 2153 1854 2196 Ulpianus,

981 2195 1048 2227 Hoc
1065 2193 1246 2225 iuter-dicium
1263 2195 1295 2224 cle
1308 2194 1387 2230 sacro
1397 2194 1453 2225 loco
1464 2217 1474 2233 ,
1489 2204 1546 2225 non
1560 2199 1593 2225 ae
1600 2195 1733 2234 sacrario
1749 2205 1858 2238 compe-

982 2243 1049 2268 tere.
1071 2236 1209 2275 indeque
1226 2235 1245 2266 l.
1262 2244 1290 2271 9.
1308 2234 1326 2276 §
1347 2245 1375 2267 2.
1391 2235 1419 2267 h.
1435 2241 1455 2266 t.
1484 2244 1555 2276 quae
1572 2237 1794 2278 conjungenda
1810 2238 1857 2272 est

982 2287 1054 2309 curn
1072 2279 1101 2308 d.
1117 2277 1136 2308 l.
1156 2286 1180 2307 1.
1201 2276 1230 2318 §.
1251 2284 1263 2307 1
1276 2300 1285 2315 ,
1304 2285 1338 2308 ut
1353 2286 1394 2308 ex
1412 2276 1621 2318 inscriptione
1635 2279 1698 2318 jam
1713 2279 1859 2320 ostendi,

983 2320 1063 2351 aliud
1077 2316 1116 2357 est
1127 2342 1135 2355 ‚
1153 2318 1273 2358 inquit,
1285 2318 1370 2357 secer
1384 2318 1477 2357 locus,
1496 2319 1579 2349 aliud
1590 2320 1764 2357 sacrarium.
1779 2326 1858 2358 lacer

983 2361 1058 2391 iocus
1076 2358 1131 2400 esi,
1147 2359 1223 2391 Iocus
1237 2361 1424 2396 consecratus.
1433 2362 1597 2400 sacrarium
1612 2358 1651 2400 est
1665 2361 1743 2393 locus
1757 2364 1788 2394 in
1802 2374 1858 2405 quo

975 2405 1064 2442 saera
1079 2408 1272 2441 reponuntur:
1294 2403 1371 2441 quod
1387 2402 1472 2432 etiam
1488 2403 1519 2432 in
1534 2401 1652 2440 (edificio
1665 2406 1784 2442 privato
1803 2405 1855 2446 ff

977 2441 1084 2484 potest:
1106 2442 1243 2483 &stilent
1257 2446 1310 2484 qui
1327 2443 1445 2474 liberare
1461 2452 1526 2474 eum
1545 2443 1637 2474 iocum
1653 2444 1787 2485 reiigione
1802 2456 1856 2478 vo-

982 2485 1066 2524 lunt,
1076 2485 1162 2523 sacra
1177 2485 1242 2515 inde
1259 2492 1382 2515 evocare.
1413 2483 1464 2514 Sic
1482 2484 1542 2515 ille.
1573 2483 1662 2527 Quid
1681 2495 1760 2518 vero
1776 2488 1856 2521 indi-

981 2528 1062 2566 gitet
1081 2549 1090 2559 .
1121 2525 1219 2556 docet
1243 2525 1282 2557 V.
1309 2524 1368 2557 Cr..
1387 2524 1524 2563 jacobus
1549 2525 1719 2559 Raevardus
1743 2529 1792 2560 bib.
1820 2540 1850 2562 2.

983 2566 1148 2608 Consertae.
1167 2577 1190 2597 c.
1212 2576 1257 2606 17.
1275 2567 1335 2597 alia
1355 2565 1508 2597 sententia
1525 2567 1564 2599 V.
1582 2568 1641 2599 CL.
1659 2567 1743 2601 Petri
1763 2570 1857 2603 Fabri

981 2609 1026 2639 lib.
1046 2619 1072 2640 2.
1093 2606 1221 2648 Semeftr.
1238 2618 1263 2638 c.
1281 2618 1309 2646 4.
1337 2608 1365 2638 ἂ
1389 2607 1493 2647 potest
1519 2617 1654 2650 uterque
1670 2610 1810 2652 consuli,
1833 2613 1856 2645 fi

982 2651 1032 2681 cui
1060 2650 1137 2680 tanti
1161 2660 1210 2681 res
1233 2649 1277 2680 fit.
1318 2649 1442 2680 Interea
1459 2658 1595 2690 quaeram
1613 2650 1765 2685 effectum
1788 2654 1853 2686 loci

982 2690 1168 2722 consecrati.
1194 2690 1248 2722 Est
1264 2697 1370 2721 autern
1387 2699 1483 2722 unus:
1499 2693 1587 2732 quod
1603 2692 1726 2726 Praetor
1743 2703 1854 2734 vetat,

982 2733 1057 2770 quid
1075 2734 1106 2763 in
1124 2742 1164 2762 eo
1183 2731 1250 2762 fieri
1263 2754 1272 2768 ,
1289 2732 1362 2762 inve
1380 2733 1592 2765 eumimmitti
1603 2735 1632 2765 d.
1644 2735 1664 2766 l.
1683 2745 1709 2767 1.
1727 2736 1756 2768 &
1774 2736 1793 2768 fi
1810 2737 1856 2767 fa·

982 2774 1065 2804 ctum
1084 2772 1137 2811 sit,
1159 2773 1249 2812 jubet
1265 2772 1405 2813 restitui,
1427 2782 1563 2814 propter
1579 2777 1769 2817 religionem
1787 2778 1805 2807 l.
1823 2787 1852 2808 2.

981 2814 1008 2855 ὃ,
1025 2823 1068 2850 19.
1089 2813 1127 2844 D.
1158 2814 1208 2845 Ne
1222 2815 1293 2855 quid
1310 2815 1342 2845 in
1360 2815 1412 2846 loc.
1422 2816 1527 2856 public.
1549 2818 1594 2848 ait
1619 2825 1723 2849 tamen
1745 2817 1852 2858 Ulpia-

982 2864 1039 2886 nus
1062 2856 1088 2885 d.
1106 2856 1125 2885 l.
1146 2864 1170 2886 1.
1192 2855 1219 2896 §.
1236 2865 1264 2887 2.
1290 2858 1376 2895 quod
1392 2856 1514 2889 Praetor
1530 2867 1636 2897 vetat,
1657 2858 1710 2889 Ne
1727 2858 1802 2898 quid
1819 2859 1852 2890 in

981 2897 1056 2927 loco
1073 2897 1160 2927 sacro
1177 2896 1249 2935 fiat,
1275 2906 1338 2929 non
1355 2899 1394 2929 ad
1414 2898 1479 2931 hoc
1495 2902 1675 2940 pertinere,
1700 2900 1785 2939 quod
1801 2908 1853 2930 or-

982 2938 1120 2968 namenti
1137 2937 1225 2969 causa
1241 2936 1295 2977 fit,
1320 2937 1373 2971 sed
1391 2941 1478 2977 quod
1501 2940 1717 2972 deformitatis
1735 2940 1784 2971 vel
1805 2940 1850 2971 in-

981 2979 1154 3010 commodi.
1173 2979 1218 3011 est
1236 2980 1265 3011 &
1283 2981 1361 3012 alter
1377 2980 1508 3013 effectus
1524 2980 1790 3019 consecrationis,
1816 2988 1851 3012 ut

982 3029 1032 3051 res
1057 3019 1138 3051 sacra
1163 3020 1314 3053 habeatur
1340 3031 1430 3054 eXtra
1453 3023 1709 3060 commercium,
1742 3031 1850 3061 eoque

983 3070 1047 3092 non
1065 3062 1195 3102 recipiat
1213 3062 1452 3095 aestimationem
1469 3065 1497 3094 d.
1509 3064 1526 3093 ι.
1538 3072 1567 3099 9.
1585 3062 1612 3102 §v
1624 3061 1677 3092 ult.
1697 3071 1758 3094 nec
1776 3064 1852 3096 alie·

982 3103 1162 3135 nationem:
1184 3104 1215 3135 in
1233 3111 1355 3137 tantum
1367 3129 1376 3143 ‚
1393 3113 1427 3137 ut
1444 3105 1511 3135 aede
1529 3104 1610 3133 sacra
1628 3101 1730 3143 facia,
1754 3105 1850 3138 etlam

981 3144 1088 3175 diruto
1104 3144 1262 3184 aedificio,
1280 3148 1353 3187 quia
1365 3147 1454 3177 locus
1474 3145 1555 3174 sacer
1572 3152 1677 3174 manet
1696 3145 1715 3175 l.
1735 3149 1764 3177 6.
1781 3146 1799 3188 §
1819 3158 1848 3186 53.

979 3184 1006 3216 h.
1028 3191 1049 3216 t.
1074 3185 1146 3218 ideo
1170 3188 1279 3218 venire
1306 3197 1370 3219 non
1394 3185 1484 3227 poffit
1506 3185 1526 3216 l.
1543 3193 1593 3225 73.
1611 3184 1652 3216 D.
1669 3186 1701 3216 cle
1718 3189 1849 3221 control).

976 3233 1060 3268 empt.
1081 3228 1192 3300 ultjique
1208 3229 1423 3269 principaliter
1442 3249 1452 3265 ,
1475 3235 1546 3259 nam
1566 3235 1623 3266 pcr
1638 3229 1851 3275 acceffionem

1145 3279 1165 3310 3
1802 3279 1849 3303 rei
