2036 3495
362 134 425 169 An
459 132 548 168 [ΑΒ.
575 129 623 168 V'.
656 129 756 165 TIT..
785 131 810 165 Ι.
845 132 896 166 Dc
912 131 1049 176 Judt'ciis
1072 127 1112 170 ᾧ»
1128 131 1178 164 uhi
1192 130 1311 176 quisque
1330 137 1438 176 agere,
1464 125 1531 168 &a

46 227 64 260 l.
86 236 129 268 ¹3-
152 225 192 258 Df.
209 226 242 257 de
256 221 447 266 oblig.&a·bi.
466 220 582 262 easque
599 221 628 252 in
645 220 663 250 l,
685 226 730 259 17.
749 220 796 250 D.
816 221 848 251 {Ie
858 221 914 252 reb.

44 270 176 307 creditis,
195 275 264 308 quar
284 268 329 297 eit
344 275 385 297 ex-
397 265 512 296 eodem
530 263 599 293 libro
614 270 639 292 1'.
652 261 913 307 Disputationum,

45 318 144 341 vocat
168 307 440 341 extraordinarias.
464 306 541 336 dicit
567 303 596 335 ἀ
618 302 709 333 utiles
725 302 744 349 l.
763 307 787 349 8·
818 304 864 334 J).
882 306 916 334 aa

39 352 284 393 procuratoribus..
328 347 403 380 Non
428 347 482 378 abs
500 355 533 377 re
548 345 627 382 erit,
651 344 716 384 ejus
729 352 805 383 Juris
823 346 918 386 origi-v

44 403 119 425 nem
143 388 401 434 progressumque
423 397 497 420 meo
521 395 610 418 more
631 384 919 432 ind³9³fe·.U.¹l'¹ia·'

45 442 104 466 nus
120 434 150 465 in
168 435 195 465 ci.
213 434 232 464 l.
249 437 278 467 8.
296 431 388 469 ponit
404 428 585 468 exemplum
605 428 634 458 in
652 426 776 457 actione
791 429 912 466 injuria-

44 484 130 508 rum:
155 475 185 506 in
211 483 271 513 qua
286 471 487 504 filiofamilias
507 470 648 508 injuriam
666 467 774 509 passO,
792 468 911 499 Praeto-

43 526 110 549 nem
134 515 249 548 Edicto
271 513 325 544 suo
349 513 379 543 id
402 510 573 549 indulsisse,
598 518 727 549 apparet
755 519 795 540 ex
817 510 837 540 l.
864 519 909 550 17.

43 558 72 600 §.
92 567 136 590 10.
156 559 199 589 l).
215 558 254 587 de>
267 555 393 596 injuriis.
418 552 471 584 etsi
491 561 554 583 non
573 551 770 583 indistincte:
796 550 866 589 sed,
890 550 917 582 ii

41 608 135 640 pater
158 597 252 636 abiit3
274 605 334 627 nec
355 595 451 635 patris
468 601 658 634 procurator
682 593 761 623 ullus
779 592 832 630 sit,
856 600 909 623 aut

41 641 96 679 fit,
121 639 171 671 sed
195 637 329 677 experiri
351 636 441 667 nolit.
485 634 583 667 Causa
608 635 737 678 Praetori
765 633 842 664 fuit:
870 643 909 664 ne

41 681 160 713 servata
174 679 256 719 juris
277 677 464 714 subtilitate,
490 684 600 714 pereat
622 677 739 715 injuriae
758 675 840 705 astio
859 684 909 705 :in-

40 723 137 762 nalis,
163 723 191 752 ά
215 720 375 760 impunito
397 718 578 756 maleficio,
603 718 711 748 absens
736 715 908 748 filiusfami-

40 764 113 802 lias,
136 761 279 793 adversus
296 761 392 801 patris
409 761 627 797 voluntatem,
652 759 792 798 injuriam
812 758 909 798 patia-

40 812 100 837 tur.
130 803 205 835 Hoc
219 812 291 834 cum
310 803 341 833 in
362 811 422 833 una
441 802 601 841 placuerat
617 800 794 839 injuriarum
812 799 906 829 actio-

39 854 98 884 ne;
115 854 192 876 mox
208 843 413 876 similitudine
429 843 560 874 rationis
576 842 715 873 obtinuit
732 842 761 871 in
781 840 907 871 interdi-

40 887 92 918 ἑὶο
114 885 213 928 Quod
230 887 260 917 vi
278 893 332 916 aut
352 884 453 923 clam3
477 883 698 915 consentiente
721 891 784 913 non
809 882 908 913 modo

39 924 194 960 Labeone
208 927 227 958 l.
242 936 288 969 13.
305 927 334 968 ἓ.
351 935 377 957 1.
389 927 435 957 D.
457 926 544 967 Quod
562 927 657 956 viam
672 924 764 962 clam,
789 922 840 953 sed
859 922 910 953 Sa·

38 970 117 1001 bino
135 977 262 1010 quoque
277 968 295 999 l.
316 977 361 1004 19.
382 968 427 998 J).
445 972 502 998 eoa.
520 969 566 997 tz't.
584 966 671 997 forte
688 967 761 1005 quia
779 964 828 995 vel
847 965 910 994 hoc

40 1011 151 1043 annale
167 1009 230 1048 est3
253 1009 283 1041 ἄ
310 1012 341 1041 vi
357 1007 494 1047 factum,
517 1008 634 1048 iniuriae
655 1008 839 1051 proximum·
856 1005 909 1052 ha·-

41 1053 145 1084 betur.
194 1052 235 1082 At
252 1060 312 1082 nec
329 1050 392 1082 huc
413 1059 514 1089 usque
530 1049 614 1081 stetit
640 1049 765 1079 utilitas.
789 1056 862 1087 quin
889 1055 910 1077 ι-

42 1096 116 1125 dem
131 1092 235 1131 suafit,
251 1090 272 1123 si
288 1090 503 1124 filiusfamilias
520 1100 560 1122 ex
571 1091 673 1131 aliqua
690 1098 775 1120 noxa
792 1098 831 1119 ex
850 1096 911 1128 qua

40 1135 123 1177 patri
146 1134 227 1166 attio
244 1156 254 1173 ,
284 1134 427 1174 quamvis
451 1140 604 1174 perpetua
627 1132 658 1162 ἀ
682 1130 802 1168 civilis,
826 1138 910 1160 com-

41 1183 131 1218 petat
149 1199 159 1215 ,
190 1175 325 1215 experiri
350 1174 447 1213 velit,
470 1173 558 1205 furto
575 1196 584 1213 ,
608 1172 697 1203 verbi
721 1172 836 1212 gratia,
859 1177 912 1201 aut

41 1217 280 1256 damnoinjuria
295 1216 380 1247 dat0.
404 1215 519 1247 Ausum
536 1215 599 1245 hoc
613 1213 766 1253 Julianum
777 1235 785 1251 ‚
804 1213 833 1243 in
845 1221 910 1243 me·

41 1259 143 1290 moria
163 1257 259 1289 habet
282 1256 436 1297 Ulpianus
459 1256 476 1287 l.
496 1260 539 1290 18.
565 1256 592 1297 §.
613 1264 637 1286 1.
655 1255 682 1285 h.
698 1259 719 1285 t.
744 1253 910 1294 praefatus,

43 1300 131 1340 quod
141 1299 265 1339 Juliano
276 1299 380 1339 placet
390 1321 400 1336 ,
418 1298 437 1329 si
448 1295 841 1335 filiusfamiliaslegationis
859 1295 909 1326 vel

41 1341 217 1374 studiorum
236 1339 332 1382 gratia
355 1339 474 1374 aberit,
499 1339 527 1370 ἃ
546 1338 595 1369 vel
618 1337 738 1368 furtum
758 1336 807 1367 vel
824 1336 909 1367 dam-

40 1390 116 1415 num
131 1382 240 1422 injuria
256 1380 356 1422 passus
370 1379 422 1412 fit:
440 1379 527 1419 poss'e
544 1388 616 1410 eum
633 1379 701 1409 utili
717 1379 838 1417 judicio
857 1387 910 1409 ex-

39 1423 144 1466 periri.
174 1420 246 1464 Qua
263 1421 410 1454 ratione?
432 1421 492 1452 hac
508 1422 648 1461 optima,
674 1418 744 1458 Ne,
769 1419 843 1450 dum
860 1428 911 1459 pa-

39 1472 90 1498 ter
106 1465 310 1505 expectatur,
334 1463 489 1503 impunita
503 1461 561 1494 fint
577 1459 749 1500 maleficia3
772 1461 845 1500 quia
860 1470 912 1499 pa-

41 1513 92 1538 ter
113 1514 264 1537 venturus
286 1513 350 1536 non
370 1504 414 1536 est
427 1527 437 1543 ,
460 1504 512 1535 vel
529 1505 604 1536 dum
622 1504 728 1541 venit,
751 1501 912 1533 subtrahat

42 1546 75 1579 se
92 1547 116 1578 is
134 1547 186 1585 qui
202 1555 319 1577 noxam
337 1544 503 1577 commisit.
550 1544 656 1586 Quid,
679 1543 700 1575 fi
722 1553 770 1576 res
787 1552 856 1574 non·
869 1552 909 1574 ex

41 1587 203 1620 maleficio
219 1587 342 1619 veniat:
361 1586 412 1618 sed
422 1595 462 1618 ex
477 1586 660 1620 contractu.
676 1593 750 1626 puta
766 1593 909 1616 commo-

46 1630 141 1665 dato,
164 1636 294 1666 mutuo,
311 1626 474 1667 deposito,
490 1627 663 1659 mandato?
686 1627 790 1657 adhuc
807 1626 910 1666 placu-

45 1671 72 1702 it
83 1668 460 1709 Juliano,filiumfamilias
475 1668 529 1700 suo
545 1669 675 1700 nomine
690 1668 845 1699 actionem
860 1667 910 1698 ha-

46 1712 144 1749 bere,
168 1710 246 1741 teste
268 1710 366 1742 Paulo
381 1710 400 1741 l.
417 1719 446 1745 9.
463 1710 509 1740 D.
532 1711 564 1741 de
585 1710 667 1751 oblig.
687 1709 722 1743 &³
737 1709 792 1740 αεὶ.
814 1710 911 1741 idem-

49 1761 111 1791 que
121 1751 239 1782 censuit
250 1751 363 1783 deinde
375 1750 546 1783 Marcellus
562 1752 642 1791 apud
658 1750 912 1790 Ulpianuml.19.

49 1795 96 1826 D.
117 1791 254 1830 [jeptfiri.
287 1792 341 1823 Est
358 1792 386 1823 &
402 1802 417 1823 a
432 1792 575 1824 Scaevoia
589 1791 768 1832 responsum
780 1815 788 1830 ‚
805 1793 913 1832 (quod

48 1836 133 1866 idem
161 1832 315 1874 Ulpianus
330 1833 378 1864 lib.
401 1842 426 1865 1.
455 1835 696 1874 Disputationum
711 1833 809 1865 refert
826 1834 845 1864 l.
866 1843 911 1874 17·

48 1876 96 1908 D.
108 1877 141 1906 de
149 1877 202 1906 reb.
214 1876 330 1914 credit.)
345 1875 425 1906 Cum
436 1873 650 1907 filiusfamilias
666 1876 813 1906 viaticum
825 1874 912 1906 suum

47 1925 192 1948 mutuum
211 1916 352 1953 dederit,
377 1916 631 1948 cumstudiorum
647 1918 735 1947 caula
756 1916 866 1948 Romae
884 1926 915 1947 a·

45 1965 153 1999 geret,
178 1958 430 1988 extraordinario
443 1958 565 1997 judicio
581 1957 642 1988 effe
659 1958 701 1989 illi
727 1957 913 1989 subvenien-

45 2000 135 2030 dum:
150 1999 179 2030 id
198 1998 260 2036 cst,
276 1998 401 2029 afflone
416 2000 445 2029 in
465 1998 592 2030 fufium.
610 1999 650 2030 fic
666 2000 914 2040 eniminterpre-

47 2047 117 2078 t0r;
135 2041 162 2071 &
180 2040 218 2070 ab
235 2040 352 2070 eodem
371 2038 509 2079 Ulpiano
527 2041 556 2071 in
575 2042 690 2072 eodem
701 2041 747 2072 lib.
768 2050 793 2073 1.
807 2042 914 2081 appel-

46 2081 127 2113 latur
142 2081 160 2112 l.
181 2089 224 2121 ¹3-
243 2082 287 2111 D.
312 2082 345 2111 de
359 2082 441 2122 oblig.
460 2081 496 2115 &⁹
511 2082 566 2112 αεῖ.
592 2091 726 2114 vocatur
742 2083 770 2113 ἁ
787 2083 869 2114 utilis
886 2092 914 2113 a·

47 2121 110 2153 ἑὶῑο
128 2122 158 2152 in
177 2123 204 2153 ci.
222 2123 240 2152 l.
263 2126 308 2156 18.
324 2121 343 2163 §
374 2131 398 2153 1.
419 2123 470 2153 ubi
492 2124 534 2154 ait
547 2123 720 2164 Ulpianus,
736 2124 776 2155 Se
792 2124 915 2164 semper

47 2161 211 2204 probasse,
235 2163 333 2202 (puto
359 2173 399 2194 ex
416 2164 525 2203 juliani
552 2164 724 2206 sententia)
748 2173 802 2203 ut,
826 2165 846 2197 si
865 2175 914 2201 res

47 2214 112 2236 non
131 2215 168 2235 cx
182 2204 339 2235 maleficio
355 2206 479 2243 veniat,
499 2205 551 2237 sed
566 2216 605 2237 ex
622 2206 806 2245 contractu,
818 2208 914 2238 debe-

50 2253 82 2277 at
91 2245 172 2277 filius
183 2255 276 2286 agere
293 2245 487 2286 utilijudicio
499 2270 508 2286 ‚
533 2247 621 2279 forte
638 2248 816 2288 depositum
826 2258 914 2289 repe-

46 2294 135 2325 tens,
149 2287 198 2317 vel
216 2288 352 2318 mandati
365 2297 477 2328 agens,
496 2289 545 2320 vel
564 2290 729 2328 pecuniam
742 2298 835 2329 quam
846 2299 914 2321 cre·

46 2328 144 2366 didit,
157 2335 269 2368 petens
280 2351 288 2366 ‚
301 2329 446 2368 quando,
462 2338 526 2369 quo
537 2330 630 2361 casu?
647 2330 666 2362 si
682 2331 768 2362 forte
781 2339 871 2371 pater
883 2332 913 2363 in

47 2370 214 2409 provincia
231 2368 279 2406 fit,
302 2369 365 2409 ipse
380 2377 486 2402 autern
498 2370 583 2402 forte
601 2371 711 2404 Romae
728 2372 779 2403 vel
797 2372 914 2404 studio-

45 2419 113 2442 rum
129 2410 234 2449 causa,
251 2411 301 2442 vel
312 2412 367 2442 alia
383 2410 461 2451 justa
479 2422 517 2443 ex
535 2414 622 2444 causa
638 2421 719 2455 agat.
742 2413 830 2456 Quid
847 2414 914 2446 ita?

44 2460 103 2490 ne,
122 2451 142 2483 si
158 2453 186 2483 ei
203 2461 267 2483 non
285 2452 463 2485 dederimus
480 2453 807 2493 a&ionem‚futurum
825 2455 916 2493 sit,ut

46 2492 175 2532 impune
199 2492 341 2525 fraudem
366 2495 522 2534 patiatur,
547 2496 577 2527 δε
592 2496 730 2537 egestate
746 2496 857 2528 Rornae
874 2498 916 2528 la-

46 2533 161 2572 boret,
178 2535 327 2566 viaticulo
346 2534 399 2566 suo
418 2545 481 2567 non
498 2545 650 2576 receptO,
675 2539 762 2579 quod
779 2538 817 2569 ad
838 2538 915 2568 sum-

47 2582 136 2614 ptum
155 2582 241 2613 pater
264 2576 293 2606 ei
311 2576 528 2609 destinaverat.
553 2578 583 2609 <Sc
599 2578 702 2620 finge,
727 2579 912 2610 Senatorem

48 2613 110 2661 esse
134 2614 386 2655 filiumfamilias,
409 2618 462 2658 qui
487 2627 607 2659 patrem
626 2620 724 2651 habet
739 2621 769 2651 in
787 2621 914 2659 provin-

48 2664 114 2687 cia:
131 2665 236 2687 nonne
251 2665 382 2697 augetur
398 2660 514 2691 utilitas
530 2670 587 2701 per
602 2661 818 2702 dignitatem?
834 2660 914 2692 Haec

49 2697 90 2727 de
100 2697 226 2737 peculio
242 2697 448 2737 filiifamilias,
459 2707 530 2733 cum
548 2694 690 2734 castrensi
702 2710 788 2740 ,tum
805 2702 914 2743 profe-

47 2738 147 2785 §titia
178 2737 336 2784 Caeterum
355 2742 442 2785 quod
459 2743 497 2772 ad
512 2744 720 2775 adventitium
741 2753 829 2775 novo
846 2744 915 2784 jure

48 2778 212 2810 mduttum
229 2787 366 2818 attinet3
383 2790 411 2811 in
430 2791 470 2811 eo
485 2782 672 2820 Justinianus
689 2786 718 2816 in
734 2786 753 2816 l.
773 2790 800 2819 8.
812 2793 857 2824 pr.
878 2784 915 2818 &²

49 2819 79 2862 §.
97 2829 126 2861 3.
145 2820 176 2851 C.
200 2821 233 2850 de
249 2821 326 2850 bonis
343 2831 405 2861 quae
427 2823 504 2853 liber.
535 2825 605 2864 (cui
625 2826 706 2857 addo
724 2827 742 2857 l.
767 2836 792 2858 1.
811 2826 840 2868 §.
859 2826 914 2857 ult.

50 2861 85 2892 C.
109 2862 142 2892 de
166 2861 265 2892 annal.
289 2863 418 2901 except.)
442 2863 522 2895 hanc
537 2867 624 2896 dedit
639 2866 793 2898 formam:
817 2876 871 2905 ut,
894 2866 916 2898 fl

49 2900 243 2934 ususfructus
261 2903 303 2947 ¹ad
329 2910 449 2942 patrem
475 2906 650 2945 pertineat,
675 2909 852 2948 proprietas
877 2908 917 2939 ad

47 2942 165 2975 filiurn:
188 2951 284 2983 patris
307 2943 390 2974 aetio
415 2943 469 2981 fic,
494 2944 545 2976 sed
569 2946 622 2978 filii
645 2949 812 2981 consensus
830 2949 917 2981 adhi-

45 2985 167 3016 beatur.
191 2985 278 3024 quod
297 2983 316 3015 fi
330 2985 420 3025 plena
438 2985 472 3016 iit
493 2985 545 3017 filii
564 2990 758 3029 proprietas,
782 2989 916 3021 ususfru-

46 3026 114 3057 ctus
132 3035 195 3057 non
212 3025 248 3057 fit
260 3028 373 3066 patris:
398 3026 479 3057 affio
496 3026 550 3059 filii
570 3027 626 3068 sit,
649 3031 792 3062 adhibito
811 3040 916 3062 tamen

46 3067 144 3108 patris
161 3065 333 3105 consensu3
357 3068 385 3098 dt
401 3067 419 3098 fi
436 3068 616 3100 consentire
634 3072 714 3102 nolit
732 3080 820 3112 pater
836 3071 919 3110 filio,

46 3109 99 3140 vel
118 3108 223 3149 agenti
241 3108 291 3140 vel
307 3108 458 3149 fugienti,
483 3109 593 3141 officio
609 3111 725 3150 Judicis
741 3112 920 3145 consentire

48 3157 197 3190 cogatur:
208 3150 406 3190 nejudicium
418 3149 480 3182 sine
491 3152 586 3191 patris
597 3152 748 3185 consensu
762 3154 918 3186 videatur.

46 3188 155 3230 Atque
170 3189 233 3222 hoc
247 3191 268 3222 fi
285 3191 346 3222 est:
363 3199 527 3231 putemus,
546 3194 575 3223 in
594 3194 771 3226 adventitio
788 3196 917 3235 peculio

48 3230 111 3264 effe
120 3239 305 3266 communes
314 3236 410 3275 patris
421 3234 449 3266 dt
459 3232 513 3267 filii
523 3234 661 3268 actiones
671 3245 681 3275 3
697 3235 766 3269 fere
779 3236 856 3270 ficut
864 3246 916 3278 pa-

1771 137 1836 172 ιη

960 220 998 251 tri
1010 219 1121 251 &filiae
1139 218 1184 250 est
1199 219 1379 250 communis
1395 218 1434 250 de
1444 218 1523 250 dote
1540 216 1639 249 actio:
1656 215 1730 258 quia
1743 215 1837 256 ipsius

959 262 988 292 ὅ(
1013 262 1084 292 filiae
1109 262 1169 292 dos
1189 260 1244 292 est.
1279 270 1376 300 quare
1394 269 1454 292 nec
1473 259 1578 300 potest
1595 266 1685 300 pater
1699 258 1762 289 sine
1780 269 1836 289 vo-

960 303 1080 333 luntate
1103 301 1175 333 filiae
1201 303 1242 333 de
1267 303 1346 334 dote
1367 302 1524 342 experiri:
1553 310 1613 332 nec
1629 301 1680 332 illa
1696 300 1758 331 {ine
1777 309 1833 330 vo-

957 344 1079 374 luntate
1100 344 1196 383 patris
1218 342 1237 373 l.
1260 353 1288 374 2.
1312 343 1341 384 ὃ.
1363 352 1389 374 1.
1412 342 1449 377 ὅ)
1473 353 1500 384 3.
1519 341 1561 374 D.
1589 342 1682 373 Solut.
1706 342 1832 372 niatrim.

957 384 1054 415 etiam
1075 384 1211 424 exigitur
1236 384 1396 424 utrimque
1418 385 1525 415 cautio
1545 385 1585 415 de
1612 391 1682 415 rato
1701 394 1709 415 :
1743 391 1777 413 ut
1800 383 1833 414 iu

956 426 1042 456 omni
1068 425 1193 456 actione
1217 426 1380 457 communi
1401 425 1448 464 J'us
1465 424 1541 456 estl.
1560 434 1608 466 23.
1634 424 1663 466 §.
1679 436 1706 465 4.
1727 424 1763 458 ἔσθ
1787 432 1834 456 ιο.

956 468 1002 498 D.
1021 468 1078 496 eod.
1097 467 1143 496 tic.
1174 466 1255 497 lllud
1279 476 1343 497 non
1369 466 1581 506 improbabile
1605 469 1668 505 eit,
1693 466 1831 507 quodni

954 509 981 538 d.
1000 507 1019 537 l.
1031 517 1058 538 2.
1078 507 1104 547 §.
1119 516 1142 537 r.
1159 508 1292 546 dicitur,
1311 516 1516 540 communem
1534 507 1596 539 ess'e
1608 510 1647 539 de
1663 508 1741 539 dote
1759 516 1832 547 pro-

953 548 1077 580 fectitia
1100 550 1279 587 actionem,
1304 558 1395 589 aeque
1423 558 1532 580 verum
1551 548 1612 579 esse
1634 550 1664 580 in
1687 549 1834 580 adventi-

954 592 1016 629 tia,
1035 598 1098 621 tarn
1112 591 1244 629 antiquo
1258 591 1344 630 jure,
1358 592 1397 621 de
1414 599 1479 630 quo
1498 589 1653 630 Ulpianus
1670 591 1699 621 in
1712 590 1827 631 Fragm.

953 633 1034 662 tito.
1047 632 1116 672 §.6.
1135 640 1226 672 quam
1241 631 1646 671 jurejustimaneo:iraque
1666 633 1832 671 utriusque

958 672 1145 704 consensum
1166 673 1260 703 etiam
1279 674 1375 704 hodie
1392 673 1574 705 desiderari:
1591 682 1625 704 ut
1641 677 1679 704 ad
1696 675 1723 704 (ἰ.
1741 673 1768 714 §.
1786 673 1831 704 est

953 723 1138 746 annotatum
1155 723 1174 744 a
1189 712 1382 745 Dotnffimis
1402 714 1494 746 Viris.

992 756 1110 787 Praeter
1128 755 1234 786 servos
1250 756 1279 786 ἃ
1297 755 1535 794 filiosfamilias,
1552 754 1620 785 sunt
1636 754 1836 793 &patresfam

952 797 1072 835 milias,
1096 805 1162 827 non
1179 796 1332 827 habentes
1350 798 1514 835 personam
1534 796 1633 828 standi
1650 798 1679 827 in
1696 797 1828 835 judicio.

952 838 1135 878 exemplum
1149 838 1177 869 in
1191 838 1317 878 pupillis
1335 840 1565 870 &minoribusz
1583 837 1763 879 postulante
1774 847 1830 868 eo-

952 888 1021 910 rum
1038 879 1195 917 utilitate,
1220 889 1259 910 ne
1276 888 1388 920 agant,
1414 889 1495 911 neve
1511 880 1540 910 se
1558 879 1752 919 defendant3
1776 878 1831 910 nisi

953 930 992 952 ex
1012 920 1199 951 auctoritate
1221 928 1275 951 aut
1294 921 1448 952 consensu
1470 930 1611 952 tutorum
1633 929 1831 952 curatorum-

953 971 1033 1002 que:
1059 962 1193 1001 proinde
1216 961 1237 993 fi
1255 970 1367 993 contra
1391 961 1444 993 fiat
1463 986 1472 1001 ,
1494 963 1524 994 ὅς
1550 963 1637 994 litem
1664 963 1831 1001 ainittant3

953 1013 1017 1035 non
1037 1004 1120 1034 valet
1140 1002 1294 1034 sententia
1310 1003 1328 1034 l.
1351 1012 1375 1034 1.
1400 1003 1436 1038 δὲ)
1454 1014 1471 1035 2
1501 1005 1533 1035 C.
1555 1004 1619 1047 Qli
1633 1004 1750 1045 legitimi.
1769 1011 1834 1045 per-

945 1043 1125 1086 son.stana'.
1151 1046 1182 1074 in
1195 1045 1290 1086 judie.
1309 1054 1376 1075 non.
1396 1046 1459 1076 bah.
1479 1055 1668 1085 quamquam
1687 1046 1708 1077 si
1726 1047 1830 1077 mino-

954 1095 1021 1118 rem
1038 1086 1197 1117 admiserit
1216 1085 1426 1125 adversarius,
1451 1087 1480 1118 δι
1505 1086 1591 1118 forte
1614 1087 1650 1118 fit
1673 1087 1712 1118 ab
1730 1097 1770 1119 eo
1787 1087 1834 1118 vi·

955 1128 1039 1166 Gus·,
1063 1128 1192 1158 rationis
1208 1127 1273 1165 est,
1292 1127 1430 1159 sustineri
1451 1128 1636 1160 sententiam
1656 1138 1714 1168 pro
1728 1129 1831 1161 mino-

953 1179 986 1201 re
1006 1170 1120 1208 latam3
1144 1170 1216 1209 quia
1232 1169 1286 1210 (ut
1303 1172 1432 1210 egregie
1447 1170 1489 1201 ait
1506 1168 1690 1201 Gordianus
1702 1171 1722 1202 l.
1740 1180 1785 1208 14.
1798 1170 1830 1201 C.

953 1213 986 1242 de
997 1212 1250 1251 procuratoribus)
1272 1211 1450 1242 minoribus
1472 1219 1548 1241 aetas
1573 1211 1603 1242 in
1624 1211 1743 1243 damnis
1763 1213 1830 1243 sub-

955 1253 1081 1290 venire,
1105 1261 1169 1283 non
1187 1252 1216 1283 in
1236 1252 1330 1282 rebus
1353 1251 1502 1292 prospere
1521 1251 1615 1293 gestis
1633 1253 1741 1284 obeffe
1755 1263 1834 1285 con—

954 1293 1064 1324 suevit.
1090 1292 1160 1324 Imo
1174 1293 1366 1333 generaliter
1382 1293 1426 1325 est
1437 1292 1653 1325 aTheodofio
1671 1296 1697 1324 dt
1711 1293 1830 1327 Valen-

955 1336 1076 1366 tiniano
1095 1334 1291 1375 rescriptum.
1316 1335 1334 1366 l.
1350 1338 1379 1366 6.
1401 1335 1433 1366 C.
1452 1336 1484 1366 de
1494 1334 1576 1377 legib.
1602 1334 1702 1378 Quod
1717 1335 1832 1368 favore

956 1377 1167 1417 quorumdam
1191 1376 1400 1408 constitutum
1422 1377 1486 1415 est,
1511 1377 1696 1417 quibusdam
1713 1377 1833 1409 casibus

956 1419 995 1449 ad
1011 1417 1169 1449 laesionem
1186 1426 1298 1450 eorum
1316 1419 1465 1450 nolumus
1482 1419 1648 1450 inventurn
1666 1419 1776 1450 videri.
1802 1420 1834 1451 in

956 1469 1095 1500 eumque
1106 1458 1225 1491 sensum
1242 1467 1331 1491 extat
1342 1460 1436 1491 etiam
1454 1459 1629 1491 Modestini
1648 1459 1832 1502 responsum

955 1501 974 1532 l.
993 1506 1041 1541 25.
1061 1501 1106 1532 D.
1121 1502 1182 1532 eod.
1201 1502 1248 1532 tit.
1266 1500 1320 1532 Est
1337 1509 1444 1533 tamen
1460 1501 1546 1541 eiuS,
1566 1503 1654 1541 quod
1671 1502 1710 1534 de
1728 1504 1832 1534 mino-

953 1543 1040 1574 ribus
1063 1543 1148 1581 dixi,
1172 1543 1325 1583 exceptio
1344 1543 1376 1574 in
1400 1543 1490 1573 causa
1508 1551 1741 1575 momentaneae
1758 1553 1832 1584 pos-

952 1583 1092 1616 seffionis
1110 1586 1140 1615 in
1156 1584 1176 1615 l.
1193 1584 1265 1624 3.C.
1288 1582 1354 1628 Qui
1369 1584 1488 1624 legitiin.
1502 1582 1720 1624 perlonstand.
1739 1587 1769 1616 in
1779 1585 1832 1626 ju-

953 1627 1009 1656 dic.
1029 1635 1086 1656 non
1097 1626 1159 1656 hab.
1175 1634 1244 1665 quae
1262 1628 1306 1657 est
1319 1626 1457 1658 Honorii
1475 1626 1504 1656 ὃ(
1520 1624 1715 1665 Theodosii,
1733 1635 1832 1658 trans·

956 1668 1016 1698 lata
1040 1677 1081 1698 ex
1103 1667 1121 1698 l.
1139 1667 1192 1698 ult.
1212 1667 1281 1698 Cod.
1311 1667 1414 1698 Theoti.
1443 1664 1530 1697 Unde
1545 1668 1586 1697 vi.
1614 1668 1728 1699 volunt
1744 1670 1831 1700 enim

955 1708 998 1740 illi
1024 1708 1238 1749 Imperatores
1257 1731 1266 1747 ,
1291 1716 1522 1740 momentaneae
1547 1708 1646 1739 causae
1671 1710 1832 1741 aaronem

955 1749 1045 1791 posse
1057 1751 1201 1782 exerceri
1214 1759 1512 1790 per-quamcumque
1524 1749 1708 1790 personam:
1727 1751 1757 1782 id
1767 1751 1832 1789 est,

955 1801 1021 1823 non
1039 1799 1161 1823 tantum
1181 1801 1236 1830 per
1252 1792 1404 1832 majores,
1430 1792 1482 1822 sed
1503 1793 1596 1823 etiam
1615 1801 1674 1830 per
1689 1793 1830 1824 minores

956 1835 1098 1874 quinque
1114 1833 1144 1864 &
1161 1834 1273 1874 viginti
1292 1835 1398 1865 annis:
1415 1835 1454 1864 de
1471 1834 1584 1873 quibus
1601 1834 1643 1864 ibi
1655 1833 1756 1865 sermo
1773 1834 1830 1866 est.

955 1875 1051 1914 idque
1069 1885 1109 1906 eo
1130 1875 1231 1906 minus
1252 1875 1381 1906 mirum:
1407 1875 1479 1914 quia
1503 1883 1542 1905 ne
1561 1873 1666 1907 servos
1681 1877 1733 1915 qui
1765 1886 1831 1915 ²m,

955 1917 1011 1948 etsi
1036 1916 1215 1957 hujusmodi
1238 1917 1434 1948 conditionis
1455 1916 1636 1947 horninibus
1654 1917 1743 1948 causa
1773 1922 1831 1958 ‘pe-

954 1967 1062 1989 rorare
1085 1957 1132 1988 fas
1155 1967 1221 1989 non
1244 1957 1298 1996 fit,
1320 1967 1357 1988 ea
1382 1958 1413 1988 in
1439 1957 1543 1998 specie
1570 1958 1682 1997 rejici,
1712 1960 1830 1997 patitur

958 1998 1183 2031 Constantinus
1199 2000 1218 2030 l.
1232 2009 1256 2031 1.
1269 2000 1336 2029 Cod.
1352 1998 1454 2029 Theod.
1478 1997 1564 2029 Unde
1573 2001 1623 2030 vi:
1646 2009 1686 2030 ex
1697 2009 1758 2040 qua
1774 2001 1830 2031 de-

957 2039 1071 2081 scripta
1091 2040 1136 2071 est
1157 2042 1174 2070 l.
1198 2050 1222 2071 ι.
1241 2041 1273 2070 C.
1294 2041 1327 2070 Si
1341 2048 1392 2080 prr
1414 2042 1475 2070 vim
1497 2040 1553 2071 vel.
1574 2041 1609 2071 ab.
1632 2043 1703 2071 moal.
1723 2042 1830 2081 alifem.

952 2081 1209 2123 perturbfitposs
1242 2082 1294 2113 Sic
1313 2083 1441 2122 quidem
1467 2082 1497 2111 in
1515 2081 1691 2122 quaestione
1709 2084 1749 2114 de
1765 2092 1833 2114 mo-

956 2132 1077 2155 ment0.
1101 2131 1132 2154 at
1149 2124 1201 2154 sub
1218 2123 1274 2154 illo
1295 2123 1406 2154 colore
1422 2124 1462 2153 de
1482 2124 1679 2162 proprietate
1695 2134 1711 2155 a
1729 2125 1833 2156 mino-

957 2174 991 2196 re
1002 2165 1145 2196 exerceri
1160 2164 1366 2203 quaestionem
1382 2168 1411 2195 in
1430 2163 1455 2195 (l.
1474 2164 1531 2205 Lg.
1551 2163 1588 2198 ὅ)
1606 2166 1633 2195 d.
1655 2165 1672 2195 l.
1689 2166 1743 2196 ult.
1763 2176 1829 2198 non

959 2207 1094 2247 placuit:
1117 2206 1189 2245 quia
1207 2207 1337 2238 minoris
1356 2205 1534 2247 personam
1550 2206 1677 2247 judiciis
1692 2206 1756 2239 sine
1773 2217 1830 2239 cu-

957 2256 1064 2279 ratore
1084 2257 1148 2278 non
1166 2247 1210 2278 est
1226 2248 1380 2288 legitima.

1001 2289 1120 2320 Praeter
1147 2289 1285 2329 pupillos
1307 2290 1336 2320 ἃ
1366 2290 1525 2328 minores,
1549 2299 1610 2320 nec
1627 2288 1832 2330 Magistratus

958 2339 1023 2371 quo
1049 2339 1132 2361 anno
1158 2329 1226 2362 sunt
1253 2339 1325 2362 cum
1349 2331 1504 2372 imperio,
1529 2331 1559 2361 in
1585 2331 1708 2370 judicio
1733 2331 1834 2363 standi

956 2371 1121 2412 pei-sonam
1144 2372 1275 2403 babent.
1314 2372 1367 2403 Sic
1384 2373 1481 2403 visum
1508 2371 1673 2403 Hadriano
1691 2371 1832 2413 Epistola

956 2412 1089 2444 Graeca:
1106 2413 1192 2452 cujus
1210 2422 1331 2454 partem
1348 2415 1460 2444 recitat
1476 2413 1588 2445 Paulus
1604 2413 1683 2453 l.48.
1701 2415 1729 2444 h.
1747 2419 1769 2446 t.
1788 2415 1833 2446 illi

958 2463 1064 2486 autem
1084 2454 1303 2495 Magistratus,
1322 2456 1394 2495 quia
1411 2456 1450 2485 ab
1469 2454 1632 2486 Hadriano
1649 2456 1832 2488 Archontes

959 2503 1135 2533 vocantur,
1163 2497 1335 2535 aliquando
1351 2495 1514 2535 quaesitum
1530 2505 1547 2526 a
1564 2496 1759 2528 Doctiffimis
1779 2498 1833 2529 Vi-

958 2537 999 2568 ris
1016 2536 1099 2575 fuit,
1123 2538 1250 2576 quinam
1277 2538 1326 2569 illa
1353 2537 1569 2578 appellatione
1596 2537 1766 2578 praesertim
1785 2540 1833 2570 in-

958 2579 1158 2619 telligantur,
1182 2579 1210 2609 ἀ
1234 2579 1363 2618 quidem
1389 2579 1529 2611 Andreas
1562 2579 1704 2611 Alciatus
1731 2581 1780 2611 lib.
1803 2590 1833 2618 4.

958 2619 1119 2660 Dispunft.
1137 2630 1160 2650 c.
1178 2624 1207 2650 6.
1225 2630 1280 2650 eos
1296 2620 1415 2660 accipit
1432 2622 1473 2651 de
1488 2620 1613 2653 summis
1637 2622 1834 2653 Atheniensi-

957 2670 1010 2692 um
1026 2660 1279 2701 magistratibus:
1293 2670 1374 2701 quos
1386 2661 1518 2694 Athenis
1531 2663 1711 2694 Archontes
1729 2666 1836 2704 appel-

958 2703 1038 2734 latos
1055 2701 1165 2740 fuisse,
1189 2704 1295 2743 negari
1308 2712 1373 2734 non
1390 2702 1504 2744 potest.
1522 2703 1585 2736 Sed
1600 2705 1753 2737 Antonius
1770 2705 1834 2735 Au·

957 2744 1116 2784 guitinu8‚
1141 2743 1191 2773 Ad
1215 2742 1430 2784 Modestinum,
1449 2751 1516 2786 pag.
1541 2750 1611 2786 360.
1628 2746 1737 2786 &seq
1763 2754 1829 2776 non

957 2785 1212 2824 improbabiliter
1238 2785 1396 2817 existimat
1413 2809 1422 2824 ,
1444 2795 1667 2828 quoscumque
1691 2787 1831 2825 Maiores

958 2825 1180 2865 Magristratus,
1205 2834 1238 2857 ut
1256 2826 1402 2858 Praesides
1419 2828 1447 2859 dt
1468 2828 1598 2866 similes,
1623 2829 1686 2859 hoc
1701 2827 1831 2859 nomine

960 2867 998 2897 ab
1018 2867 1178 2898 Hadriano
1195 2868 1368 2908 significari.
1413 2868 1493 2900 Haec
1509 2870 1549 2901 de
1563 2870 1680 2900 actore.
1721 2877 1723 2879 ’

1002 2908 1152 2947 Sequitur
1169 2918 1259 2941 reus:
1282 2919 1298 2940 a
1316 2910 1453 2942 Praetore
1471 2912 1489 2942 l.
1510 2921 1540 2952 3.
1558 2912 1604 2941 D.
1623 2908 1831 2950 (lejurejurczn-

960 2950 994 2980 do
1009 2950 1186 2989 appellatus
1212 2951 1235 2982 is
1260 2960 1276 2982 a
1294 2961 1358 2992 quo
1376 2953 1508 2992 petitur:
1532 2952 1713 2990 eodemque
1730 2951 1830 2981 modo

962 3000 977 3021 a
997 2989 1154 3022 Terentio
1174 2991 1283 3033 Prolog.
1304 2993 1441 3024 Eunuch.
1464 2991 1539 3031 vers.¹
1562 3001 1606 3023 10.
1623 2992 1652 3021 &
1668 2990 1830 3022 Cicerone

963 3031 1022 3062 Pro
1037 3028 1166 3064 Murena
1180 3043 1203 3064 c.
1225 3043 1268 3065 12.
1286 3035 1315 3066 &
1331 3035 1377 3065 lili.
1397 3044 1425 3074 7.
1442 3035 1490 3065 Ad
1507 3031 1771 3073 Trebatiumhjpzst.
1785 3042 1829 3064 11.

962 3073 986 3104 is
998 3073 1079 3105 unde
1095 3075 1220 3114 petitur.
1245 3085 1395 3107 caeterum
1406 3074 1512 3106 Festus
1529 3075 1571 3103 rei
1590 3073 1720 3105 nomine
1737 3075 1834 3106 etiam

963 3114 1099 3146 nfitorem
1127 3115 1245 3147 venisse
1270 3117 1379 3148 refert.
1421 3116 1481 3146 Sed
1509 3115 1576 3144 haec
1598 3122 1674 3145 nota
1692 3116 1830 3147 omitto:

962 3165 1021 3187 nec
1036 3156 1156 3195 minus,
1181 3159 1255 3197 quid
1279 3167 1363 3189 nunc
1383 3158 1478 3196 vulgo
1495 3157 1545 3186 illa
1563 3154 1676 3187 sonent
1693 3158 1831 3188 vocabu-

959 3197 995 3229 la.
1026 3195 1101 3229 Hoc
1119 3200 1225 3237 potius
1246 3202 1341 3236 volo,
1367 3200 1454 3236 quod
1472 3199 1502 3227 in
1519 3196 1626 3228 actore
1645 3199 1731 3229 tenui
1751 3199 1830 3236 iter,

957 3239 1041 3272 idem
1067 3249 1098 3312 ¹1¹3
1121 3249 1176 3270 reo
1195 3240 1334 3275 servare:
1358 3238 1451 3278 poffic
1472 3238 1556 3276 enim
1575 3239 1625 3270 vel
1642 3240 1694 3271 hic
1717 3240 1756 3271 :le
1772 3240 1832 3270 ser·

1121 3291 1140 3321 3
1766 3290 1830 3319 vo,
