2036 3495
148 124 197 152 ω
569 108 602 145 G
632 116 653 143 Ε
686 119 710 143 R
741 115 763 141 A
794 117 818 143 R
852 115 877 140 ι)
910 115 923 140 1

158 201 330 244 2.“Obstrv.
348 210 372 232 c.
394 205 440 234 18.
466 198 567 230 Porro
585 199 628 227 ait
644 195 853 236 Papinianus,
875 196 963 236 quod
979 195 1033 228 lex

160 247 224 285 est,
248 243 375 276 coercitio
402 239 569 272 delibiorum
591 247 653 279 auce
668 240 771 277 sponte
794 237 841 268 vei
863 237 1033 277 ignorantia

157 288 379 320 contrabuntur.
403 283 498 322 Apud
517 280 718 310 Marcianum
729 279 748 309 Ζ.
761 279 826 310 2.b.
835 284 856 309 t.
873 278 915 310 fic
935 286 1033 312 trans-

160 330 281 364 fertur,
304 323 439 355 Coercitio
462 331 558 352 eorum
578 330 640 362 quae
648 322 752 361 sponte
774 321 821 351 vel
836 320 1034 352 involuntarie

161 369 379 408 delinquuntur.
400 363 582 403 Utrumque
593 363 710 393 eodem
721 361 817 394 sensu.
834 361 972 394 Pulchre
984 363 1035 395 Ci-

160 418 237 441 cero
257 407 365 447 Topicis
385 416 408 437 c.
430 409 477 437 16.
506 405 647 436 Omnium
662 405 815 444 causarum
829 404 862 434 in
878 403 943 435 aliis
960 402 1034 445 inest

158 447 337 490 constantia,
364 448 396 479 in
418 447 483 478 aliis
507 456 565 477 non
581 443 664 485 inest..
696 447 727 476 iiz
743 451 853 477 natura
868 444 905 479 ὣς)
924 446 956 476 in
971 453 1034 477 arte

159 489 320 531 constantia
329 487 386 530 eft,
403 493 433 520 in
450 489 557 519 caeterz's
572 488 665 518 natta.
673 488 728 527 sed
743 493 839 518 tamen
850 496 950 519 earum
964 497 1033 518 cau—

148 534 255 573 sarum
269 541 332 573 quea
348 540 404 562 non
418 533 488 568 lunt
506 527 683 569 constantes,
705 528 768 559 aliae
775 529 849 568 sunt
860 528 1014 568 perspicuae
1024 552 1034 567 ,

159 574 222 606 alite
236 573 337 604 latent.
356 574 511 612 perspicua·
527 572 665 612 limtqztae
679 571 880 610 appetitionem
889 571 1034 612 animijzt-

159 616 322 656 dicionique
340 621 477 655 tangunt.
495 613 584 643 latent
599 610 939 653 qzcaesubjefitaefortunae
953 612 1034 651 sunt.

161 667 227 688 cum
245 658 321 687 enim
339 658 412 687 nilnl
420 654 486 693 fine
497 658 584 689 caiisa
597 654 671 693 fiat,
683 654 732 683 hoc
748 654 839 692 ipsum
855 651 892 693 est
904 653 1036 690 fortunae

158 704 281 730 eventus
296 699 411 735 obscura
429 700 512 729 cansa
530 705 592 736 qtiae
609 695 731 725 latenter
743 693 878 735 efficitur.
902 695 988 725 etiam
1002 700 1036 726 ut

157 750 191 772 ea
207 751 270 782 quse
283 739 382 780 fiunt,
400 739 510 779 partim
522 738 584 775 sint
603 738 756 777 ignorata,
770 737 881 776 partim
898 736 1035 767 volunta-

157 783 212 814 ria.
238 783 374 824 ignorata
390 790 450 821 qicae
467 777 624 817 necestitate
638 776 842 818 effefftasanm
867 777 1038 809 voluntaria

158 834 221 866 quae
241 822 364 862 consilio.
393 832 455 863 qiioe
480 827 574 852 autem
584 820 734 860 fortunae,
758 819 969 859 malignorum,
992 819 1039 849 vel

158 866 337 897 voluntaria.
369 873 437 894 nain
453 863 550 904 jacere
574 862 662 892 telum
685 861 848 891 voluntatis
872 858 929 901 eft:
950 862 1039 899 ferire

159 917 244 949 quem
260 906 402 942 nolueris,
416 905 554 945 sortiente.
573 913 610 934 ex
624 912 679 944 qao
694 905 766 934 aries
783 903 828 932 ille
841 902 997 943 stitjicitur
1007 904 1040 933 in

159 947 262 990 vestris
277 947 458 983 astionilmm
471 946 502 984 fi
520 945 606 976 zelum
621 944 808 985 manusngi't
823 945 934 985 magis,
953 954 1040 985 qnam

152 992 234 1033 jecit.
258 991 366 1021 caelant
383 989 458 1019 enim
478 989 510 1018 in
536 986 745 1028 ignorationem
766 991 852 1026 atque
878 988 910 1015 iiz
934 986 1040 1026 impru-

158 1033 286 1064 dentiam
297 1031 526 1073 perturbationes
537 1028 645 1066 animi,
656 1037 718 1067 qnae
734 1036 908 1068 quamquam
919 1025 981 1063 sint
991 1036 1040 1057 vo-

157 1074 309 1112 luntarie,
327 1072 545 1114 (objurgatione
559 1070 635 1101 enirn
645 1069 681 1104 &³
693 1070 882 1100 admonitione
898 1068 1036 1109 dejiciun-

158 1116 228 1157 tur)
244 1122 339 1147 tamen
353 1114 458 1145 haben-t
467 1117 563 1144 tantos
575 1116 666 1142 motus
677 1133 686 1149 ,
704 1116 736 1141 ut
747 1119 778 1140 ea
794 1119 856 1150 quer:
865 1109 1038 1140 voluntaria

150 1158 245 1199 sunt,
263 1163 315 1188 aut
332 1154 488 1195 iteceffaria
503 1153 669 1191 interdum,
686 1158 735 1182 aiat
752 1158 824 1182 certe
842 1152 976 1191 ignorata
991 1153 1037 1182 vi-

160 1201 294 1231 deantur.
327 1196 379 1229 Ex
395 1197 556 1227 Cicerone
573 1201 724 1235 apparet,
743 1192 831 1233 quod
850 1192 934 1234 apud
950 1191 1037 1223 Mar-

158 1242 284 1273 cianum
304 1238 349 1270 est
366 1237 479 1279 sponte
495 1236 525 1268 &
540 1235 773 1273 involuntarie,
795 1235 879 1274 apud
897 1233 1037 1274 Papinia-

158 1292 237 1316 num
255 1281 368 1322 sponte
387 1280 415 1311 ἀ
434 1278 610 1319 ignorantia
630 1286 720 1317 :eque
737 1275 822 1307 reete
840 1275 915 1306 dici.
946 1276 989 1307 ita
1006 1285 1039 1306 u-

159 1332 310 1364 trumque
324 1321 427 1358 velle,
445 1322 546 1360 legem
557 1322 711 1350 coercere
723 1317 836 1349 delicta
853 1326 919 1348 non
937 1318 1037 1348 modo

158 1366 243 1397 fat'ta
260 1364 337 1396 dolo
349 1363 452 1400 malo,
464 1362 493 1392 id
507 1360 551 1392 est
562 1384 571 1399 ,
587 1361 765 1391 deliberato
783 1359 889 1389 animo
901 1381 909 1396 ,
927 1357 978 1389 seu
994 1361 1038 1389 in-

159 1416 250 1449 tegra
267 1405 433 1437 voluntate
445 1425 453 1440 ‚
472 1402 524 1433 sed
541 1402 637 1432 etiam
654 1401 760 1432 animo
777 1400 984 1441 perturbato,
1008 1399 1040 1430 id

159 1449 223 1487 est,
242 1457 297 1488 per
313 1443 578 1485 imprudentiam,
597 1442 649 1473 scu
664 1445 863 1473 voluntatem
880 1451 945 1472 non
961 1441 1041 1472 inte-

159 1499 265 1532 gram:
291 1496 326 1518 ut
344 1486 364 1518 fi
379 1486 471 1524 culpa
487 1492 653 1524 arguatur,
669 1491 781 1515 autres
797 1484 833 1514 iit
851 1483 1041 1514 maliexem-

157 1524 202 1573 {bii
214 1551 223 1568 ‚
240 1528 294 1560 etii
312 1536 376 1559 non
393 1525 429 1557 fit
441 1526 511 1556 mali
532 1525 636 1556 animi.
661 1525 775 1565 prioris
791 1525 918 1565 generis
934 1533 1041 1555 exem-

157 1573 245 1615 plum
262 1573 293 1601 iu
309 1570 378 1609 lege
397 1566 548 1598 Cornelia
565 1567 605 1597 de
620 1565 733 1597 ficariis
746 1575 816 1606 quae
832 1565 931 1596 solum
949 1566 1042 1606 punit

159 1614 270 1646 dolum
289 1612 406 1642 malum
424 1609 441 1639 Ζ.
460 1618 484 1639 1.
501 1607 529 1649 ᾗ.
547 1617 577 1649 3.
594 1607 614 1638 l.
630 1617 658 1647 7.
678 1608 724 1639 D.
745 1607 796 1638 Aa
813 1607 866 1649 leg.
885 1607 1041 1638 cornetae

151 1654 242 1695 ficar.
261 1651 445 1694 posterioris
461 1651 491 1681 in
506 1653 576 1690 lege
588 1649 712 1689 Aquilia
723 1672 732 1686 ,
749 1650 904 1689 puniente
915 1649 1039 1689 culpam

160 1698 258 1728 etiam
277 1692 462 1726 leviffirnam
478 1691 497 1723 Ζ.
515 1700 566 1730 44.
586 1691 631 1722 D.
653 1690 704 1722 Aa
721 1691 774 1732 leg.
792 1691 893 1732 Aqnil.
913 1692 989 1722 item
1009 1700 1038 1721 a·

161 1739 226 1771 liud
245 1737 262 1773 Ζ,
283 1746 312 1778 3.
332 1734 362 1776 ᾗ.
380 1744 409 1766 2.
427 1734 475 1764 D.
494 1733 544 1764 Aa
562 1731 617 1774 leg.
638 1732 725 1763 Corn.
744 1734 777 1763 cie
786 1731 841 1769 stc.
872 1731 1039 1764 Postremo

159 1782 204 1812 ait
222 1777 412 1817 Papinianus
429 1775 449 1806 Ζ.
473 1783 497 1805 1.
517 1774 546 1805 h.
565 1779 587 1804 t.
613 1774 700 1814 quod
725 1774 776 1804 lei<
797 1773 860 1811 est,
882 1775 1040 1805 communis

159 1820 320 1862 reipublicae
329 1815 437 1858 sponsio
446 1827 455 1846 .·
474 1815 641 1856 quomodo
658 1816 741 1854 apud
752 1814 940 1855 Dionysium
952 1814 1039 1846 Hali-

159 1859 389 1895 carnaffensem
409 1859 457 1889 lib.
477 1867 524 1889 10.
542 1856 625 1887 Rom.
644 1858 736 1897 antiq.
755 1867 778 1887 c.
796 1866 820 1887 1.
838 1856 994 1888 Consules
1012 1857 1041 1888 ἃ

160 1903 371 1938 Patriciorum
385 1898 593 1941 potentissimi
611 1898 717 1937 ajunt,
736 1899 825 1938 Leges
840 1899 891 1940 effe
903 1898 990 1938 pasta
1005 1907 1041 1929 ex

163 1945 308 1979 communi
323 1944 497 1978 civitatum,
522 1950 580 1970 non
597 1941 694 1979 pariis
717 1941 828 1970 civium
851 1950 882 1970 m
904 1941 940 1970 iis
963 1941 1041 1971 habi-

159 1990 306 2024 tantium,
325 1984 462 2024 consensu
472 1981 571 2022 fafta.
596 1980 659 2012 Etsi
673 1980 781 2012 nescio
796 1991 834 2012 an
851 1981 955 2022 legem
977 1990 1041 2012 me-

158 2031 218 2062 ]ius
234 2029 275 2060 iic
293 2026 426 2058 definiat
449 2023 655 2061 Aristoteles,
678 2021 825 2053 Rhetoric.
857 2025 895 2053 ad
909 2023 1040 2054 Alexan-

160 2073 245 2103 drum
259 2080 283 2100 c.
305 2078 331 2100 1.
352 2067 417 2099 Lex
432 2067 522 2097 oratio
538 2066 668 2107 quadam
682 2062 720 2104 est
738 2074 799 2105 qziae
815 2066 958 2095 communi
972 2066 1044 2095 civi-

159 2112 232 2144 tatis
258 2110 392 2147 consensu
415 2106 553 2148 definita,
571 2107 677 2148 jubet,
698 2115 753 2147 quo
767 2105 851 2146 patto
867 2106 1044 2147 urzzznzqiiid-

162 2162 222 2197 que
232 2152 378 2194 agendum
388 2149 438 2187 fit.
466 2148 599 2181 Interest
618 2147 703 2179 enim
723 2148 807 2178 inter
825 2147 929 2187 legem
946 2147 975 2178 &
993 2156 1043 2188 pa·

163 2196 304 2228 &ionem
322 2191 374 2223 seu
391 2190 604 2230 sponsionem.
630 2198 700 2220 nam
725 2189 777 2220 leit
802 2188 847 2220 est
868 2188 980 2228 jussum
1004 2197 1045 2220 ex

161 2237 312 2279 pactione
335 2232 529 2274 profectum.
547 2231 651 2272 paCtio
669 2230 722 2261 seu
741 2230 866 2270 sponsio
885 2229 930 2261 e'st
941 2230 1044 2270 Magi-

161 2279 276 2312 stratus
292 2275 453 2316 rogantis,
472 2273 587 2305 Velitis
602 2272 738 2312 jubeatis
756 2271 919 2314 Quirites,
942 2272 972 2303 &
989 2280 1045 2312 po-

164 2320 231 2362 puli
248 2316 472 2358 respondentis
485 2338 493 2353 ‚
507 2313 562 2346 Uti
581 2323 685 2354 rogas.
710 2323 750 2345 ex
767 2315 818 2346 illa
837 2314 985 2355 pactione
1002 2313 1045 2344 ait

164 2364 237 2401 lex,
263 2358 315 2392 Nc
333 2359 403 2400 quis
420 2356 552 2398 posthac
569 2355 709 2396 stuprum
735 2356 927 2387 adulterium
942 2354 1045 2386 facito

162 2403 263 2435 sciens
281 2401 358 2432 dolo
375 2400 460 2431 malo
483 2399 502 2430 Ζ.
527 2407 574 2430 12.
593 2398 640 2428 I).
666 2397 717 2428 Aa
732 2398 786 2439 leg.
805 2396 874 2437 Jal.
892 2398 925 2427 de
947 2396 1040 2428 adult.

163 2445 246 2476 Item
261 2467 270 2482 ,
283 2442 341 2475 Uti
360 2441 499 2482 legaffit,
515 2440 557 2471 ita
572 2439 620 2479 jus
637 2438 704 2470 esto
721 2439 741 2471 l.
764 2448 832 2470 120.
853 2439 900 2470 D.
915 2439 948 2469 (ἵε
963 2439 1043 2468 verb.

158 2484 238 2527 fign.
263 2485 331 2515 Lex
350 2484 447 2524 igitur
467 2481 597 2523 proprie
615 2490 680 2512 non
697 2480 742 2511 est
764 2480 889 2521 pattio,
913 2478 965 2510 sed
982 2481 1042 2519 jus-

161 2527 231 2558 sum
256 2525 382 2557 summae
411 2523 597 2564 potestatis3
621 2522 671 2560 δι,
696 2530 731 2553 ut
748 2522 871 2562 optime
891 2520 1044 2552 AristOte·

160 2569 209 2601 les
222 2589 233 2606 ,
256 2568 359 2598 oratio
375 2567 519 2606 quaedam
536 2573 607 2605 quae
624 2565 788 2596 communi
813 2563 952 2594 civitatis
967 2571 1045 2593 con-

161 2607 252 2641 sensu
277 2607 426 2644 definita,
448 2607 559 2647 jubet,
583 2615 648 2646 quo
671 2606 764 2644 pacto
790 2604 1045 2645 unumquodque

162 2649 322 2692 agendum
338 2648 384 2679 sit.
429 2648 491 2680 Sed
509 2649 577 2679 baec
596 2646 815 2678 confuderunt
833 2645 982 2677 Veteres.

208 2689 443 2730 Vidimuslegis
454 2689 689 2721 definitionem.
707 2689 871 2727 videamus
881 2688 1045 2718 virtutem.

166 2735 208 2766 de
224 2733 284 2764 hac
301 2732 343 2762 ita
362 2729 578 2772 Quintilianus
595 2732 642 2761 lib.
660 2740 688 2771 7.
707 2728 780 2770 Iasi.
799 2735 861 2760 orat
880 2739 904 2759 c.
926 2739 955 2769 5.
981 2728 1046 2759 Lex

165 2775 256 2808 omnis
272 2779 323 2804 aziz
340 2773 442 2802 tranat
455 2795 463 2809 ,
478 2779 531 2803 aut
547 2774 667 2810 adimit,
682 2778 735 2802 aut
751 2772 858 2812 punit,
877 2777 930 2801 aut
943 2770 1046 2811 jubet,

165 2822 219 2849 aut
236 2820 337 2852 vetat,
360 2819 412 2844 aut
423 2815 576 2851 permittit.
613 2813 746 2845 Brevius
763 2813 793 2844 &
809 2812 986 2853 elegantius
1004 2810 1046 2842 fic

163 2856 390 2900 Modestinus,
416 2853 504 2894 Legis
529 2855 626 2884 virtus
650 2853 688 2894 est
706 2878 715 2892 ,
744 2855 901 2895 imperare,
924 2858 1046 2891 vetare,

162 2900 345 2942 permittere,
362 2897 476 2938 punire.
495 2895 514 2924 l.
531 2904 560 2933 7.
577 2895 603 2925 b.
618 2902 638 2926 t.
672 2896 770 2927 Poffit
787 2904 892 2926 tamen
911 2895 962 2926 vel
981 2894 1046 2925 hoc

165 2941 268 2972 videri
297 2948 361 2970 non
386 2937 450 2969 fine
474 2934 680 2968 difficultate:
705 2947 745 2968 eo
769 2938 856 2977 quod
877 2945 941 2967 non
959 2937 1047 2967 addit

167 2980 393 3018 Modestinus,
418 2978 565 3009 suadere:
587 2986 659 3008 cum
677 2978 706 3008 in
728 2978 954 3010 Panaeetaium
974 2976 1045 3008 Fra-

167 3024 306 3067 gmentis
323 3021 488 3059 complura
505 3026 618 3050 extent
636 3018 836 3051 consiliorum
857 3019 1044 3050 suasionum-

168 3075 232 3107 que
250 3064 414 3102 exempla:
431 3069 466 3092 ut
482 3061 511 3092 in
529 3061 608 3100 l.34.
626 3059 644 3089 l>
672 3065 693 3089 t.
710 3060 728 3089 Ζ.
742 3064 790 3100 36.
808 3061 855 3092 D.
873 3062 907 3091 a'e
923 3062 964 3091 rei
979 3061 1046 3091 vin-

167 3110 222 3139 dic.
248 3106 278 3138 δι
293 3105 379 3136 alibi.
412 3103 475 3135 Sed
492 3099 670 3133 Modestini
688 3099 789 3131 sermo
808 3101 851 3132 est
868 3102 908 3132 de
927 3103 1045 3133 virtute

166 3149 246 3189 legis
263 3159 270 3180 :
297 3146 486 3187 Fragmenta
504 3151 609 3174 autem
626 3142 679 3173 iila
695 3150 759 3172 non
778 3142 846 3172 sunt
863 3142 968 3181 leges3
992 3142 1045 3174 sed

169 3189 323 3222 doCtrinae
348 3185 669 3227 jurisconsultorum,
694 3181 749 3213 etsi
768 3191 784 3212 a
802 3182 975 3221 justiniano
993 3193 1043 3214 ac-

167 3230 313 3273 ceperint
333 3230 439 3270 legum
457 3227 688 3260 austeritatem.
714 3224 778 3256 hoc
802 3233 881 3267 vcro
907 3225 1045 3265 contigit

982 106 1246 144 Noonr
1305 107 1521 142 Coun.

1073 195 1145 237 post
1155 195 1394 236 Modestinum,
1411 195 1528 228 necilli
1543 202 1692 237 umquam
1709 199 1799 230 venit
1815 199 1845 232 in
1863 209 1950 234 mcu-

1075 245 1153 284 tem.
1183 238 1277 278 igitur
1293 248 1358 270 non
1380 238 1505 279 putavit
1525 237 1746 278 Modestinus,
1773 240 1835 272 effe
1853 242 1952 283 legis,

1077 288 1164 310 cives
1185 288 1298 312 ornare
1315 281 1433 311 virtute
1449 286 1502 310 aut
1519 279 1686 317 sapientia:
1710 280 1764 312 sed
1780 289 1901 314 tantum
1920 286 1952 315 vi

1077 328 1174 360 atque
1197 322 1333 362 imperio
1350 331 1465 353 cavere
1481 321 1617 361 publicae
1635 322 1734 362 quieti
1758 323 1904 356 adversus
1919 325 1954 355 il-

1078 361 1182 392 lorum
1200 361 1363 395 stultitiam
1379 372 1433 394 aut
1446 363 1707 402 improbitatem:
1731 363 1828 394 animi
1847 373 1953 397 autem

1077 411 1262 435 ornamenta
1274 428 1283 443 ,
1307 405 1339 435 id
1356 404 1418 443 est,
1435 404 1612 435 doctrinam
1629 404 1658 436 ὅ(
1675 404 1844 443 virtutem,
1863 407 1956 438 relin-

1078 452 1175 482 quere
1189 446 1365 484 prudentiae
1380 445 1690 485 jurisconsultorum.
1706 454 1803 486 atque
1816 447 1872 478 illo
1889 447 1955 479 sen-

1077 484 1111 515 su
1135 485 1297 527 Praecepta
1321 487 1403 526 Juris
1428 496 1499 527 quae
1524 495 1646 519 tanturn
1671 487 1865 527 hortantur,
1887 498 1953 521 non

1078 533 1221 567 cogunt,
1244 536 1304 558 nec
1326 529 1487 567 puniunt,
1511 528 1656 569 distingui
1683 538 1698 560 a
1722 528 1849 569 Reguiis
1872 529 1954 570 Juris
1980 540 1982 543 ·

1079 576 1156 613 quas
1167 567 1368 601 Modestinus
1384 570 1437 600 hic
1455 573 1590 601 virtutes
1607 572 1686 610 legis
1697 571 1854 611 appellat,
1876 572 1956 603 mul-

1079 617 1120 639 tis
1143 608 1266 654 ostendi
1289 609 1372 656 Jnlio
1400 611 1492 642 Paulo
1514 621 1538 642 c.
1552 618 1617 652 pen.
1636 611 1672 647 ὅ)
1688 613 1741 644 ult.
1787 611 1841 643 Est
1857 613 1954 653 igitur

1078 649 1176 691 Legis
1191 658 1310 689 VirtUS,
1328 660 1482 691 imperare
1501 653 1589 684 utilia
1607 654 1636 685 ἃ
1656 661 1764 684 vetare
1778 655 1954 685 contraria:

1079 693 1131 723 illa
1157 691 1328 737 praesertim
1353 701 1422 733 quae
1446 701 1480 725 ut
1498 695 1668 734 plurimum
1694 695 1862 735 accidunt3
1888 705 1956 727 non

1081 742 1152 781 quae
1171 743 1214 778 eit
1229 735 1397 773 inopinato
1412 735 1431 764 Ζ.
1449 745 1478 776 3.
1495 738 1522 766 b.
1541 741 1562 766 t.
1580 736 1689 767 Celsus
1707 737 1724 767 l.
1743 748 1772 775 4.
1794 737 1830 771 &³
1843 748 1872 777 5.
1893 737 1955 776 ait,

1079 784 1128 816 Jus
1147 783 1255 820 potius
1273 774 1391 806 debere
1408 777 1504 815 aptari
1524 777 1562 808 ad
1579 787 1616 808 ea
1636 787 1705 818 quie
1724 779 1752 810 ἃ
1770 778 1960 818 frequenter

1082 815 1237 856 &faeile‚
1253 824 1348 856 quam
1366 825 1436 856 quae
1452 827 1580 858 perraro
1595 821 1768 859 eveniunt,
1785 822 1860 860 quin
1881 821 1960 852 Pau-

1082 858 1129 890 lus
1144 858 1163 889 Ζ.
1182 863 1211 889 o.
1241 858 1330 897 quod
1351 856 1466 904 semel,
1490 859 1611 898 inquit,
1634 869 1686 891 aut
1709 861 1757 893 bis
1783 862 1966 902 contingit,

1083 907 1279 940 praetereunt
1296 899 1507 939 legislatores.
1532 900 1632 932 Porro
1644 902 1721 933 dicit
1734 901 1938 935 Modestinus
1950 926 1960 942 ,

1085 941 1181 982 Legis
1201 941 1354 972 virtutem
1373 940 1455 979 esse,
1473 942 1669 982 permittere.
1694 945 1792 984 Atqui
1813 944 1877 975 hoc
1895 945 1962 983 cst,

1083 983 1162 1014 nihil
1181 991 1287 1023 agere.
1311 980 1432 1013 Seneca
1452 982 1501 1013 lib.
1515 993 1532 1024 3
1562 983 1613 1014 De
1628 984 1742 1023 benefic.
1760 995 1784 1016 c.
1804 996 1851 1017 21Δ
1873 985 1962 1030 Qirm-

1084 1026 1235 1063 damsunt
1252 1033 1313 1064 quce
1331 1023 1402 1064 leges
1418 1033 1469 1054 nec
1479 1025 1602 1065 jubent,
1625 1035 1676 1056 nec
1695 1032 1808 1058 vetant.
1846 1027 1962 1059 Vereri

1080 1065 1257 1107 igitur-quis
1274 1064 1385 1104 poffit3
1403 1074 1443 1096 ne
1457 1066 1616 1106 permiffio
1634 1068 1761 1106 proprie
1779 1077 1843 1099 non
1862 1068 1898 1100 iit
1916 1069 1961 1100 le-

1080 1117 1126 1148 gis
1144 1117 1236 1148 opus.
1260 1105 1386 1138 Tamen
1406 1106 1475 1138 haec
1493 1107 1532 1138 ad
1551 1108 1653 1148 legem
1675 1109 1834 1148 pertinet,
1853 1117 1965 1150 quate-

1080 1158 1137 1180 nus
1165 1148 1266 1179 demit
1290 1157 1418 1188 poenam
1438 1171 1448 1187 ‚
1481 1148 1501 1180 fi
1526 1150 1669 1189 indulget
1693 1150 1811 1190 aliquid
1835 1151 1962 1191 majoris

1082 1190 1154 1221 mali
1182 1190 1324 1221 evitandi
1351 1190 1467 1230 gratia:
1491 1192 1578 1230 quod
1605 1192 1645 1222 de
1669 1192 1887 1223 concubinatu
1906 1193 1964 1224 ob-

1081 1229 1363 1277 servat—Ulpianus
1381 1231 1401 1262 l.
1422 1241 1451 1272 3.
1468 1231 1496 1273 §.
1516 1241 1541 1263 1.
1561 1231 1603 1262 D.
1621 1233 1654 1262 de
1669 1234 1843 1265 concubinis.
1876 1234 1961 1266 idem

1082 1273 1127 1305 est
1151 1273 1421 1311 animadvertere,
1446 1272 1466 1303 si
1492 1273 1544 1304 lex
1571 1282 1685 1312 cavet3
1711 1283 1750 1305 ne
1769 1275 1838 1314 quis
1864 1275 1893 1306 in
1919 1285 1961 1306 eo

1083 1316 1171 1355 quod
1188 1313 1401 1355 permittitur,
1419 1313 1458 1345 ab
1468 1315 1749 1353 alioimpediatur:
1767 1325 1802 1347 ut
1817 1315 1851 1347 fit
1863 1340 1871 1354 ‚
1888 1326 1963 1349 cum

1080 1356 1188 1396 jubet,
1204 1357 1246 1386 ita
1262 1355 1309 1395 jus
1328 1354 1407 1395 esse,
1423 1356 1468 1386 uti
1479 1355 1703 1396 paterfamilias
1722 1357 1842 1398 legaffit
1858 1358 1877 1388 Ζ.
1893 1367 1960 1390 120.

1084 1397 1127 1429 D.
1147 1399 1180 1428 de
1195 1398 1274 1428 verb.
1284 1395 1390 1438 signif.
1428 1397 1591 1429 Postrema
1605 1397 1700 1438 Legis
1718 1401 1817 1431 virtus
1838 1398 1960 1431 Mode-

1083 1439 1166 1470 stino
1190 1438 1253 1477 cst,
1278 1438 1401 1479 punire.
1433 1448 1532 1480 puto,
1556 1449 1596 1470 ne
1620 1441 1824 1480 contemptui
1850 1449 1959 1481 pateat

1083 1480 1170 1519 Lex,
1186 1489 1252 1512 non
1269 1480 1390 1511 munita
1407 1487 1530 1512 terrore
1545 1479 1692 1512 adversus
1710 1481 1821 1512 stultos
1840 1491 1894 1513 aut
1912 1481 1962 1513 fe-

1084 1531 1196 1561 roces,
1222 1530 1428 1553 communem
1444 1522 1614 1553 utilitatem
1632 1529 1793 1563 ponentes
1810 1522 1882 1563 post
1899 1524 1962 1563 pri-

1085 1571 1199 1595 vatam.
1225 1563 1254 1593 &
1271 1563 1412 1602 pertinet
1436 1563 1499 1594 huc
1526 1562 1660 1602 sauffio,
1686 1573 1757 1603 pars
1775 1562 1871 1605 Legis
1895 1574 1962 1596 cer-

1085 1614 1148 1636 tam
1172 1613 1299 1645 poenam
1326 1605 1468 1645 irrogans
1495 1604 1532 1635 iis
1558 1605 1611 1644 qui
1637 1614 1701 1635 non
1719 1605 1963 1644 obtemperave-

1083 1649 1147 1678 rint
1166 1648 1231 1686 ejus
1248 1648 1417 1685 prceceptis
1431 1646 1451 1676 Ζ.
1468 1654 1519 1685 41.
1538 1645 1585 1676 D.
1601 1648 1634 1676 de
1644 1647 1747 1686 poeiiis.
1794 1645 1897 1678 Fuisse
1919 1656 1964 1679 ta-

1083 1698 1156 1720 men
1174 1688 1259 1727 leges
1277 1686 1438 1718 sanctione
1457 1695 1624 1727 carente33
1646 1697 1782 1729 easque,
1805 1689 1878 1729 quia
1896 1698 1962 1721 non

1083 1730 1236 1770 puniunt,
1259 1737 1312 1759 aut
1329 1737 1392 1759 non
1409 1728 1593 1760 rescindunt.
1614 1728 1717 1761 astum
1739 1738 1852 1761 contra
1875 1730 1962 1771 leges

1083 1771 1221 1809 factum,
1239 1768 1444 1810 imperfeetas
1454 1770 1605 1811 appellari
1624 1770 1747 1808 solitas,
1764 1780 1838 1802 cum
1854 1781 1895 1803 ex
1911 1772 1964 1803 Li-

1084 1814 1158 1851 vio,
1177 1813 1206 1843 ᾶι
1225 1811 1398 1843 Macrobio
1410 1836 1418 1849 ‚
1436 1820 1502 1843 tum
1520 1821 1560 1843 ex
1580 1811 1707 1852 Ulpiani
1725 1811 1904 1854 Fragmentis
1915 1815 1962 1845 tit.

1088 1865 1122 1894 1,
1145 1855 1278 1892 aliisque
1303 1852 1442 1885 ostendit
1466 1853 1655 1885 Fredericus
1681 1853 1888 1886 Brummerus
1914 1855 1968 1887 Aa

1085 1897 1192 1938 Legem
1217 1896 1347 1926 Cinciam
1366 1904 1390 1925 c.
1410 1905 1439 1936 3.
1466 1904 1561 1936 quem
1585 1905 1651 1927 non
1675 1896 1833 1928 describo.
1857 1896 1968 1928 saitem

1086 1939 1218 1975 addam,
1245 1937 1333 1976 quod
1351 1936 1390 1966 ab
1407 1937 1463 1967 illo
1487 1935 1651 1974 omissum,
1676 1937 1761 1978 leges
1778 1947 1891 1968 omnes
1911 1938 1968 1968 ho-

1086 1981 1138 2011 die
1153 1978 1214 2010 effe
1239 1977 1396 2019 perfectas
1415 1987 1454 2009 ex
1481 1977 1720 2009 Constitutione
1738 1977 1915 2010 Theodosii
1934 1979 1965 2010 <Sc

1087 2020 1301 2052 Valentiniani
1318 2020 1337 2050 l.
1357 2030 1386 2059 5.
1404 2019 1437 2050 C.
1456 2020 1484 2050 h.
1499 2027 1520 2050 t.
1547 2019 1601 2050 nili
1618 2018 1706 2051 forte
1720 2020 1810 2051 malit
1825 2018 1967 2061 Legisla-

1088 2071 1159 2101 tor,
1184 2061 1350 2102 negotium
1375 2061 1504 2100 quidem
1530 2059 1597 2101 ipso
1620 2061 1690 2100 J'ure
1708 2060 1888 2100 subsistere,
1914 2061 1969 2092 sed

1088 2104 1116 2135 ei
1135 2102 1287 2135 effectum
1307 2111 1323 2132 a
1347 2101 1489 2133 Praetore
1513 2102 1681 2143 denegari:
1706 2110 1740 2133 ut
1764 2103 1795 2134 in
1817 2102 1968 2134 Senatus·

1088 2144 1237 2177 consulto
1254 2143 1495 2175 Macedoniano
1514 2143 1544 2174 ἀ
1563 2143 1730 2183 Vellejtino
1746 2144 1921 2176 annotabo.

1131 2186 1219 2229 Quid
1231 2186 1324 2226 igitur
1340 2184 1521 2216 efficimus?
1537 2192 1692 2225 oportere
1704 2194 1967 2226 unumquemque

1088 2238 1129 2261 ex
1148 2226 1332 2269 praescripto
1350 2227 1449 2267 legis,
1474 2234 1634 2267 tamquam
1650 2228 1761 2258 animae
1779 2227 1882 2259 civilis
1898 2236 1969 2258 cor-

1088 2272 1175 2311 poris
1187 2293 1196 2308 ,
1220 2268 1354 2299 inhibita
1369 2268 1530 2299 declinare
1547 2269 1598 2299 vel
1623 2268 1766 2308 permiffa
1784 2268 1908 2307 sectari,
1933 2278 1967 2299 u-

1089 2313 1178 2352 tique
1196 2309 1361 2350 postquam
1378 2309 1411 2340 id
1427 2308 1623 2340 manifestius
1638 2310 1831 2350 cognoverit
1845 2310 1864 2340 Ζ.
1883 2319 1911 2345 9.
1932 2310 1966 2340 C.

1088 2354 1116 2384 h.
1134 2360 1155 2384 t.
1174 2352 1218 2384 est
1232 2352 1318 2383 enim
1333 2351 1418 2383 reete
1436 2359 1582 2382 notatum
1595 2374 1604 2389 ‚
1621 2351 1725 2391 legem
1745 2359 1867 2382 tantum
1884 2350 1970 2381 futu-

1089 2396 1130 2426 ris
1150 2395 1224 2425 dare
1242 2392 1379 2425 formam
1397 2393 1555 2433 negotiis3
1573 2402 1637 2424 non
1649 2393 1686 2423 ad
1702 2392 1863 2433 praeterita
1882 2390 1966 2422 faeta

1086 2435 1231 2471 revocari
1247 2435 1267 2465 Ζ.
1286 2444 1314 2475 7.
1337 2434 1369 2466 C.
1388 2434 1416 2466 b.
1437 2441 1458 2465 t.
1478 2433 1617 2472 scilicet,
1634 2433 1821 2473 quiafutura
1839 2432 1969 2473 poss'unt

1088 2478 1221 2514 evitari;
1244 2477 1405 2517 praeterita
1421 2484 1486 2506 non
1503 2474 1643 2515 possunt.
1668 2474 1774 2506 futura
1789 2482 1897 2506 autem
1913 2484 1970 2506 ne-

1087 2519 1176 2560 gotia
1199 2519 1231 2549 iu
1253 2518 1282 2550 (i.
1306 2517 1325 2548 Ζ.
1342 2526 1370 2556 7.
1399 2525 1474 2557 puta
1491 2515 1574 2554 esse3
1599 2525 1664 2547 non
1683 2516 1753 2547 lites
1770 2518 1809 2547 de
1834 2516 1968 2557 negotio

1088 2560 1254 2601 praeterito
1271 2559 1423 2590 orituras:
1448 2557 1499 2588 sed
1516 2556 1624 2588 futura
1639 2558 1770 2598 negotia
1787 2567 1828 2588 ex
1850 2557 1965 2597 quibus

1089 2603 1126 2634 lis
1146 2599 1228 2633 nasci
1246 2600 1351 2640 possit.
1369 2599 1422 2630 niii
1440 2600 1495 2639 (ut
1512 2599 1554 2629 ait
1570 2600 1597 2630 d.
1616 2598 1635 2629 Ζ.
1657 2600 1707 2639 7.)
1723 2598 1759 2630 fit
1774 2599 1966 2630 nominatim

1090 2652 1217 2675 cautum
1236 2643 1275 2673 de
1291 2641 1454 2682 praeterito
1472 2649 1637 2680 tempore,
1662 2640 1692 2671 ἂ
1710 2641 1847 2682 negotiis
1864 2640 1968 2671 adhuc

1090 2683 1318 2726 pendentibus,
1343 2681 1446 2723 finge:
1465 2691 1548 2712 nova
1565 2682 1617 2713 lex
1635 2682 1863 2723 interpretatur
1881 2689 1968 2713 vete-

1089 2735 1171 2758 rem.
1187 2725 1232 2757 est
1247 2725 1400 2762 rationis,
1416 2732 1533 2754 novam
1545 2723 1661 2754 retrahi
1679 2725 1718 2754 ad
1735 2731 1898 2755 veterem:
1915 2731 1968 2753 cu-

1087 2769 1135 2809 jus
1155 2777 1244 2799 mens
1262 2766 1333 2806 lege
1349 2774 1434 2796 nova
1451 2764 1638 2796 illustratur:
1662 2774 1735 2797 cum
1752 2766 1864 2806 utique
1882 2763 1969 2795 foret

1089 2808 1307 2849 investiganda
1325 2806 1443 2838 Novem.
1464 2816 1511 2842 19.

1133 2850 1207 2883 Nec
1224 2850 1288 2880 hoc
1304 2848 1497 2889 praeteriboz
1521 2848 1628 2888 quod,
1652 2855 1687 2880 ut
1711 2857 1823 2880 omnes
1846 2847 1975 2888 legi-bus,

1090 2895 1122 2925 in
1147 2893 1277 2924 civitate
1304 2898 1493 2928 teneantur,
1517 2891 1679 2930 excipitur
1703 2897 1808 2921 tamen
1826 2889 1897 2930 lege
1914 2888 1971 2919 ali-

1090 2944 1152 2975 qua
1170 2933 1289 2965 solutus
1309 2942 1325 2963 a
1344 2931 1488 2971 Populo,
1505 2941 1520 2962 a
1539 2931 1688 2971 Principe
1701 2955 1709 2969 ‚
1734 2939 1788 2962 aut
1805 2940 1821 2961 a
1839 2930 1968 2961 Senatu.

1088 2986 1160 3008 nam
1176 2976 1226 3007 vel
1244 2975 1308 3005 hoc
1327 2972 1514 3011 obtinuisse,
1531 2974 1630 3004 docet
1647 2973 1800 3004 Asconius
1812 2971 1968 3002 Pedianus

1088 3018 1220 3060 Argum.
1238 3018 1270 3047 in
1283 3016 1368 3048 Orat.
1390 3015 1534 3046 Ciceronis
1552 3015 1608 3046 Pro
1624 3014 1655 3045 C.
1671 3013 1818 3044 Cornelio:
1836 3019 1896 3042 nec
1911 3012 1969 3042 mi-

1089 3070 1147 3091 nus
1166 3059 1299 3099 pulchre
1316 3057 1476 3098 pleneque
1492 3066 1533 3088 ex
1549 3066 1589 3087 eo
1605 3055 1810 3097 intelligitur3
1829 3052 1915 3097 quod
1933 3061 1967 3082 u-

1089 3111 1128 3132 na
1144 3101 1263 3132 solutus
1282 3100 1372 3140 lege,
1397 3108 1438 3129 ex
1456 3097 1509 3129 usu
1527 3096 1630 3128 Latini
1649 3096 1820 3139 sermo-nist,
1844 3093 1968 3133 legibus

1089 3142 1207 3174 solutus
1231 3141 1358 3172 dicitur.
1400 3138 1545 3171 Innotuit
1561 3138 1626 3168 hoc
1643 3134 1877 3167 eruditioribus.
1905 3143 1967 3174 ego

1089 3185 1236 3224 ignorare
1251 3184 1282 3214 id
1299 3181 1419 3213 nullutn
1438 3180 1526 3210 volo.
1547 3188 1604 3209 cur
1619 3176 1702 3207 enim
1718 3173 1812 3206 finam
1824 3199 1832 3213 ‚
1851 3175 1968 3206 studio-

1088 3225 1138 3257 sos
1154 3225 1257 3265 juris,
1282 3231 1354 3254 cuni
1372 3223 1483 3262 legunt
1500 3220 1582 3260 apud
1602 3216 1773 3257 Ulpianum
1792 3216 1810 3248 Ζ.
1826 3217 1966 3288 3ῐ.ΡὺΪ.ἰυῐ-
