2036 3495
181 99 250 133 412

181 185 246 209 non
264 175 334 217 post
356 174 534 207 contraflas
553 173 679 213 nuptias
704 172 788 205 male
808 172 975 214 stipulatus
997 184 1050 208 es:

182 218 269 259 quod
284 218 367 250 bene
383 214 563 248 observavit
579 213 772 247 scholiastes
788 213 923 246 Graecus
939 216 978 246 ad
991 216 1048 248 dd.

180 268 231 297 40.
252 258 297 289 lic.
320 256 344 290 1,
363 264 431 298 pag.
447 264 518 296 397.
549 260 616 286 tom.
634 265 664 295 4.
704 254 737 300 Si
761 263 867 287 tamen
889 255 955 287 filia
977 256 1053 297 post'

171 296 542 334 ,divortiumdecesserit
563 295 627 327 fine
649 295 774 329 libens:
796 297 882 328 ultro
897 297 1048 330 convale-

178 338 428 379 scit-stipulatio:
453 346 514 368 nec
529 336 828 378 impedieturpater
843 347 884 369 ex
901 347 937 369 ea
962 346 1049 378 pete-

176 389 214 413 re
243 381 352 412 dotem
378 377 533 410 solidam:
564 378 672 410 liberis
694 385 800 411 autem
833 379 1049 419 superstitibus

176 430 241 454 non
259 426 347 461 petet
362 419 513 458 solidam
537 419 610 459 quia
622 421 737 452 marito
753 429 828 452 ante
841 419 1048 460 Justinianum

175 463 224 503 ius
237 461 318 499 fuit,
340 460 466 499 quintas
481 459 514 492 in
531 459 668 502 singulos
690 462 806 494 liberos
824 462 973 494 retinere.
1004 461 1050 494 lta

174 510 300 537 mortua
318 500 400 540 filia,
423 508 510 534 retro
526 502 612 534 valet
634 500 797 544 stipulatio
820 511 891 544 quae
912 512 954 534 ¹ea
977 503 1049 536 viva

174 551 241 577 non
258 542 395 574 valebat.
423 572 425 574 .

213 583 346 617 Mortua
368 582 463 625 igitur
486 583 515 616 in
537 583 744 616 matrimonio
768 583 919 623 muliere,
942 593 1048 618 rever-

174 625 301 658 tebatur
322 627 382 657 dos
399 625 581 665 profectitia
597 626 636 657 ad
661 633 784 666 patrem
797 624 880 659 .fiuae
903 625 1045 667 supersti-

174 674 251 698 tem.
274 666 327 697 scd
345 666 440 707 quid,
462 665 483 699 fi
498 676 565 698 non
584 666 662 698 ess'et
687 665 866 707 superstes?
889 666 1045 708 Ulpianus

172 708 301 740 ewino.
312 706 341 749 §.
358 706 434 746 4.fic
451 707 572 739 scribit:
595 707 682 751 Quod
691 706 722 745 fi
731 712 815 748 pater
831 718 889 740 non
897 706 1044 752 fit,cfpud

171 749 312 782 maritum
328 754 464 780 remanet.
507 748 552 780 Ita
567 749 615 788 jus
635 747 697 779 fuit
714 757 814 788 usque
829 750 869 780 ad
885 750 1044 789 principa-

171 799 239 822 tum
259 789 431 830 Justiniani.
455 788 509 821 sed
526 789 565 821 ab
583 798 625 820 eo
641 796 798 822 mutatum
822 790 843 823 l.
859 793 936 822 unic.
958 791 988 833 §.
1010 793 1042 824 6.

171 831 205 863 C.
224 832 257 862 de
272 832 314 862 rei
330 840 411 862 uxor.
429 829 487 862 ae.

210 871 291 906 Haec
310 872 350 902 de
369 872 447 902 dote
469 870 661 911 profectitia.
684 871 760 913 quid
779 873 824 904 de
842 871 1042 905 adventitia?

169 911 326 952 Ulpianus
351 913 380 942 d.
397 913 443 943 tit.
461 916 491 944 6.
517 912 547 954 §.
561 922 594 953 5.
617 912 681 952 ait,
705 913 883 945 Adventitia
903 915 953 945 dos
966 914 1042 953 fi’m-

163 960 217 995 per
227 960 314 995 penes
328 954 468 984 maritum
483 959 632 993 remanat,
650 960 843 996 praeterquam
850 953 880 994 fi
895 955 921 986 is
935 955 986 996 qui
992 956 1040 985 dea

167 995 225 1033 dit,
252 1001 286 1026 ut
296 992 354 1031 fibi
370 995 554 1034 redderetur,
569 993 731 1037 stipulatus
740 997 826 1035 fuit:
838 1005 902 1037 quoe
915 997 966 1027 dos
974 997 1041 1036 spe·

167 1036 279 1067 cialiter
293 1036 443 1076 receptitia
457 1037 575 1068 dicitur.
617 1036 753 1069 Interest
768 1037 863 1078 igitur
877 1037 961 1069 inter
985 1039 1041 1069 do-

167 1084 234 1109 tem
251 1075 467 1118 profectitiam
484 1078 514 1109 ἀ
531 1078 758 1110 adventitiam:
781 1078 868 1118 quod
889 1078 961 1117 illa,
984 1076 1040 1110 nifi

166 1118 258 1150 aliter
272 1117 309 1150 fit
325 1125 519 1151 conventum
535 1141 546 1158 ,
568 1118 690 1159 semper
712 1120 751 1151 ad
769 1128 890 1165 patrem
907 1119 1039 1150 reverti-

166 1165 234 1192 tur:
257 1159 327 1190 haec
342 1165 452 1191 contra
466 1182 478 1199 ,
499 1159 556 1192 nisi
574 1160 666 1193 aliter
681 1160 817 1200 placu1t,
839 1160 961 1200 semper
975 1169 1039 1192 ma-

166 1208 224 1233 net
241 1200 324 1242 apud
341 1202 498 1233 maritum.
521 1210 588 1233 non
605 1200 736 1233 obscura
754 1203 877 1234 ratione
892 1200 1039 1233 differen-

166 1241 234 1273 tiae:
259 1243 348 1282 quod
365 1248 455 1282 pater
469 1242 588 1274 invitus
605 1243 732 1284 cogitur
747 1242 857 1274 dotem
881 1243 955 1274 dare
978 1251 1037 1282 pro

164 1281 243 1315 filia:
266 1288 436 1314 extraneus
449 1282 520 1321 dat,
535 1282 557 1315 fi
574 1284 662 1322 vult,
683 1283 811 1316 dotem:
834 1283 856 1316 fi
872 1293 935 1315 non
951 1284 1037 1324 vult,

164 1333 232 1355 non
247 1323 372 1365 cogitur
389 1324 475 1356 dare.
496 1324 553 1356 hic
569 1325 684 1365 igitur,
707 1334 782 1356 cum
798 1325 857 1356 dos
882 1333 990 1356 manet
1007 1334 1037 1356 a·

164 1365 230 1406 pud
248 1363 397 1407 maritum
413 1373 539 1397 mortua
555 1366 707 1405 muliere,
730 1375 796 1398 non
814 1365 911 1398 habet
927 1367 1037 1406 queri,

165 1405 221 1438 nisi
239 1407 279 1438 de
303 1405 355 1437 sua
376 1406 562 1438 liberalitate
586 1407 680 1447 plane
704 1407 891 1439 voluntaria.
915 1415 947 1438 at
971 1407 1037 1446 illi,

164 1448 216 1479 cui
231 1445 356 1479 necess'e
371 1445 453 1485 fuit,
476 1448 583 1479 dotem
599 1448 673 1479 dare
690 1455 748 1486 pro
765 1447 827 1480 filia
838 1470 847 1486 ,
868 1449 982 1480 merito
992 1448 1038 1480 est

159 1486 358 1523 succursum,
381 1494 416 1518 ut
438 1486 501 1519 filia
522 1487 649 1526 amiss'a,
681 1487 782 1520 solatii
806 1489 881 1520 loco
907 1490 1038 1521 cederet

163 1530 224 1561 dos
244 1529 273 1560 ei
289 1527 430 1560 restituta
448 1537 455 1559 :
482 1538 526 1560 ne
549 1529 579 1561 &
601 1528 675 1561 filiae
696 1528 813 1561 amiffae
837 1531 868 1563 ἀ
891 1529 1036 1572 pecuniae

162 1570 312 1603 damnum
329 1567 460 1601 sentiret
475 1568 496 1601 l.
510 1573 542 1602 6.
565 1569 607 1603 D.
623 1571 657 1601 de
666 1570 730 1612 jur.
748 1572 808 1602 dot.

202 1609 355 1649 Ostendi,
378 1610 454 1651 quid
466 1610 543 1652 juris
564 1610 679 1650 fuerit,
701 1612 905 1644 matrimonio
930 1619 1036 1644 morte

162 1651 279 1684 soluto.
308 1650 498 1691 videamus,
528 1653 604 1692 quid
626 1651 681 1691 fit,
710 1652 845 1694 sequuto
869 1653 1037 1686 divortio?

160 1690 337 1733 Ulpianus,
359 1693 387 1724 d.
404 1694 453 1724 tit.
470 1696 501 1726 6.
525 1693 554 1736 §.
570 1697 601 1725 6.
624 1692 782 1732 Divorffo,
805 1694 926 1734 inquit,
931 1694 1035 1734 fabio,

153 1734 184 1775 fi
204 1735 318 1775 quidem
326 1734 468 1775 suijuris
477 1733 519 1773 fit
541 1734 665 1774 mulier,
688 1736 750 1776 ipsa
772 1735 855 1767 habet
876 1735 1033 1774 atilionem,

157 1777 190 1807 id
202 1773 261 1816 est,
283 1776 357 1806 dotis
379 1776 580 1814 repetitionem.
602 1777 678 1817 quod
691 1775 721 1814 fi
742 1778 773 1807 in
791 1774 926 1817 potestate
939 1778 1035 1817 patris

152 1816 195 1856 fit
209 1839 220 1856 ,
248 1822 334 1858 pater
356 1816 499 1858 adjuncta
515 1817 588 1856 filiae
601 1820 721 1859 persona
743 1817 826 1848 habet
841 1817 980 1849 astionem
1004 1827 1034 1848 re

157 1868 238 1890 vera.
280 1857 333 1889 Sic
354 1858 475 1896 editur3
498 1857 551 1890 sed
567 1867 626 1898 pro
640 1857 780 1890 afflonem
804 1868 835 1889 re
858 1867 947 1898 vera,
971 1858 1034 1890 effe

157 1899 330 1940 legendum
345 1921 354 1937 ,
377 1898 517 1930 actionem
539 1901 581 1931 rei
603 1901 734 1939 uxoriae,
759 1899 921 1940 ingeniose
943 1909 1033 1931 more

155 1939 212 1972 suo
238 1939 378 1980 conjecit
401 1939 558 1981 Cujacius.
599 1939 718 1972 Praeter
741 1940 811 1972 haec
834 1942 1032 1979 notandum,

156 1982 247 2022 quod
262 1980 420 2021 Ulpianus
440 1983 505 2021 ait,
528 1989 651 2022 patrem
669 1981 892 2023 adjunflafiliae
905 1984 1034 2027 *persona

156 2022 277 2054 habere
293 2022 339 2054 rei
356 2023 475 2054 uxoriae
491 2022 668 2062 actionem,
692 2023 762 2055 fere
777 2023 837 2055 hac
855 2024 913 2055 niti
937 2023 1033 2056 ratio-

154 2073 197 2096 ne
211 2074 222 2096 .·
266 2063 330 2096 uod
345 2062 409 2096 filia
426 2063 630 2105 obligationis
654 2065 815 2105 particeps
832 2064 861 2096 ἀ
885 2064 967 2105 quali
987 2065 1032 2096 so-

154 2105 205 2137 cia
219 2114 237 2136 e
280 2108 312 2137 in
329 2104 451 2137 causam
467 2105 551 2137 dotis
569 2105 590 2137 l.
606 2115 656 2147 34.
679 2105 709 2147 §.
724 2109 753 2137 6.
778 2105 819 2137 D.
844 2107 878 2137 de
892 2107 1031 2145 solution.

152 2145 272 2178 Paulus
286 2146 306 2177 l.
325 2155 354 2188 3.
379 2145 421 2178 D.
437 2146 465 2177 b.
483 2151 505 2176 t.
530 2145 573 2177 fic
589 2147 757 2187 exprimit:
780 2146 858 2178 Non
875 2147 974 2179 solum
997 2151 1030 2179 in

154 2186 393 2228 exigenda,sed
414 2185 510 2219 etiam
526 2186 557 2219 in
575 2186 743 2227 solvenda,
760 2188 839 2220 done
855 2196 926 2229 quae
940 2197 1030 2220 com-

153 2227 258 2260 munis
273 2228 319 2260 est
335 2228 430 2270 patris
448 2228 478 2260 ἃ
501 2228 594 2267 filiae,
617 2229 783 2269 utriusque
805 2229 959 2261 voluntas
976 2239 1029 2261 ex·

154 2269 289 2309 quiritur
305 2279 312 2301 :
335 2278 396 2302 nec
417 2269 497 2302 alter
513 2268 641 2302 alterius
658 2270 851 2302 deteriorem
873 2270 1031 2303 conditio-

155 2319 231 2343 nem
245 2310 352 2343 facere
369 2309 485 2351 potest.
527 2309 609 2343 Illud
625 2311 736 2352 quale,
760 2312 848 2352 quod
864 2320 942 2343 mox
955 2313 987 2343 in
999 2313 1026 2343 d.

153 2351 186 2392 ᾖ.
200 2354 230 2382 6.
255 2351 380 2392 subjicit
398 2350 552 2392 Ulpianus
568 2352 635 2384 Nec
651 2350 785 2393 interest,
807 2354 972 2384 adventitia
985 2352 1029 2394 stt

153 2394 225 2430 dos,
248 2401 287 2423 an
298 2392 474 2433 profeffltia.
516 2392 615 2425 Forte
631 2393 694 2425 hoc
711 2394 841 2425 dubium
858 2392 913 2425 fiat
937 2403 1028 2426 com-

151 2433 318 2474 paratione
333 2434 352 2464 l.
371 2444 398 2466 2.
423 2434 453 2476 ὃ.
473 2443 500 2466 1.
528 2435 575 2466 D.
593 2435 620 2465 b.
637 2440 661 2466 t.
692 2433 745 2475 qui
773 2435 862 2467 locus
885 2434 931 2466 cst
953 2436 1030 2475 eius-

154 2474 230 2506 dem
245 2472 382 2514 Ulpiani.
406 2484 478 2507 narn
503 2474 534 2507 in
559 2477 587 2506 d.
607 2474 634 2517 §.
650 2478 681 2507 6.
705 2475 792 2515 vult,
823 2475 1029 2508 matrimonio

154 2524 214 2557 per
229 2514 399 2547 divortium
416 2516 519 2548 soluto
530 2540 539 2555 ‚
559 2526 632 2548 cum
648 2516 679 2549 in
695 2518 791 2557 patris
810 2517 969 2557 potestate
984 2517 1030 2550 est

153 2555 270 2589 mulier
287 2578 298 2594 ,
320 2565 522 2589 communem
540 2559 636 2595 patris
655 2558 684 2589 ἃ
701 2556 772 2589 filiae
791 2558 853 2590 effe
874 2558 958 2589 dotis
982 2570 1030 2591 re-

153 2597 372 2639 petitionem3
395 2597 457 2629 sive
473 2598 653 2639 profeffitia
670 2599 728 2630 dos
747 2598 801 2637 fit,
826 2599 889 2631 live
910 2600 1029 2632 adven·

156 2638 234 2670 titia.
256 2645 288 2669 at
301 2637 332 2669 in
357 2639 384 2667 d.
401 2638 421 2668 l.
438 2648 466 2669 2.
491 2639 518 2680 ᾗ.
541 2648 564 2671 1.
586 2639 628 2671 fic
652 2639 812 2680 loquitur:
837 2640 924 2683 Quod
945 2641 974 2678 fi
997 2643 1028 2672 in

152 2680 250 2721 patris
263 2676 401 2718 potestate
417 2677 455 2715 eft
469 2701 479 2715 a
503 2680 539 2714 ὅ)
555 2681 605 2711 dos
620 2681 656 2711 ab
670 2690 698 2711 eo
716 2680 847 2721 profesta
857 2680 917 2720 fit,
940 2681 1029 2723 ipfius

157 2721 197 2756 ὅ)
205 2719 277 2760 filice
300 2721 348 2750 dos
369 2717 426 2758 est.-
448 2720 565 2761 denique
576 2727 661 2762 pater
678 2731 735 2752 nan
750 2723 835 2753 aliter
848 2745 859 2762 ,
882 2733 969 2764 quam
991 2733 1027 2754 ex

157 2762 310 2794 voluntate
318 2759 391 2800 filioe
401 2765 498 2800 petere
512 2764 602 2793 dotem
616 2772 707 2804 neque
723 2769 776 2803 per
789 2765 842 2803 je,
865 2774 955 2806 neque
975 2772 1026 2805 per

154 2808 370 2846 procuratorem
389 2799 489 2842 potest.
541 2803 690 2843 Ulpianus
713 2803 765 2836 bic
790 2806 868 2845 patri
895 2806 1025 2847 quidem

155 2854 199 2877 ex
216 2844 383 2875 voluntate
398 2841 472 2874 filiae
488 2845 640 2874 concedit
665 2846 894 2886 repetitionem
920 2849 1024 2885 dotis,

156 2885 208 2917 sed
226 2883 437 2925 profectitiae,
460 2892 522 2915 non
539 2882 732 2917 adventitiae.
776 2888 824 2918 An
840 2888 936 2928 igitur
951 2899 967 2920 a
996 2888 1025 2920 se

153 2926 292 2959 diffentit
309 2925 486 2965 Ulpianus?
510 2924 646 2956 Veretur
661 2925 835 2961 Goveanus
851 2930 899 2960 lib.
912 2939 937 2961 1.
949 2929 1024 2961 Var.

152 2967 216 3000 lest.
239 2978 263 2999 c.
280 2976 330 3006 44.
355 2967 406 2998 nili
426 2975 486 3007 pro
500 2964 613 2997 deletis
637 2965 811 3000 habeantur
834 2970 953 3009 verba,
981 2971 1024 3002 Et

156 3010 207 3040 dos
223 3010 258 3040 ab
270 3017 299 3039 eo
312 3007 443 3048 profeCia
451 3005 492 3045 fit
504 3029 514 3046 ‚
525 3014 683 3046 tamquam
701 3007 854 3050 adscripta
870 3020 888 3042 a
905 3011 1024 3043 Tribo-

155 3051 254 3081 niano
271 3059 312 3080 ex
327 3049 347 3080 l.
362 3053 391 3080 6.
408 3048 445 3083 ὅ)
461 3050 480 3079 l.
500 3052 528 3082 8.
553 3047 587 3079 C.
602 3048 635 3079 de
656 3048 719 3079 bon.
743 3058 805 3088 qua:
826 3051 906 3083 liber.
948 3053 1025 3086 Non

155 3091 272 3122 damno
288 3089 561 3121 emendationem:
583 3097 645 3129 qua
661 3089 764 3130 potest
779 3089 896 3123 sublata
911 3094 1026 3126 intelli-

156 3132 188 3173 gi
207 3130 384 3163 difficultas.
407 3130 458 3162 sed
482 3140 546 3162 non
565 3131 627 3161 erit
651 3129 835 3162 necessaria:
864 3132 885 3163 fi
905 3134 937 3165 in
959 3137 990 3166 d.
1006 3137 1027 3167 1.

156 3183 189 3209 α.
203 3172 232 3217 §.
251 3181 278 3205 1..
299 3171 491 3205 abstineatur
507 3178 697 3214 argumento
721 3180 740 3203 a
754 3173 914 3206 contrario
936 3183 990 3209 aut
1009 3186 1028 3208 a

598 82 960 131 deserant„
1012 84 1271 123 N-oenr
1327 89 1537 125 Coun.

1092 173 1338 215 consequentiat
1354 184 1470 211 ut-non
1488 177 1586 210 debet
1600 172 1782 219 huiusmodi
1798 188 1962 222 argumen-

1092 221 1146 259 to,
1179 215 1204 247 'fi
1229 217 1398 256 praesertim
1421 219 1475 251 fiat
1506 218 1654 252 adversus
1682 220 1802 254 clarum
1825 222 1965 255 testimo-

1091 264 1197 294 nium,
1219 265 1275 290 aut
1291 259 1448 294 rationem
1463 260 1726 303 juris‚indulgeri
1744 262 1964 305 inFragmen-

1077 296 1133 328 2tis
1150 295 1396 333 Pandeetarum:
1418 311 1490 343 quae
1506 311 1541 334 ut
1551 301 1693 335 habeant
1716 303 1781 337 vim
1797 305 1903 346 legum
1920 314 1965 336 ta-

1092 336 1132 368 lia
1146 346 1332 379 argumenta
1349 343 1535 382 patientium
1547 361 1559 382 ,-
1568 351 1678 376 tamen.
1687 353 1755 377 non
1768 345 1840 377 sunt
1856 346 1961 386 leges:

1090 377 1143 424 sed
1162 380 1316 425 doctrinae
1331 383 1769 426 Jurisconsultorum.quibus
1784 396 1880 423 unam
1895 387 1962 427 spe-

1090 428 1173 451 ciem
1194 430 1228 466 in
1253 421 1395 456 sermone
1420 426 1763 468 attingentibuS,inon
1788 428 1889 460 statim
1914 428 1961 460 est

1094 460 1279 506 confilium,
1302 474 1355 497 eas
1375 475 1457 507 -quas
1479 477 1544 499 non
1570 468 1747 509 attingant,
1769 469 1959 502 excludere:

1092 502 1233 542 ideoque
1250 512 1311 536 nec
1335 505 1394 545 fic,
1418 508 1500 548 quasi
1526 508 1736 548 excluserint,
1759 509 1959 550 accipienda.

1091 540 1138 573 lta
1156 552 1229 576 cum
1251 547 1333 591 apud
1349 546 1478 581 Paulum
1494 549 1513 581 l.
1531 559 1579 590 31.
1603 550 1632 592 §.
1653 559 1678 582 1.
1700 550 1744 582 D.
1760 554 1793 582 de
1808 555 1905 593 usurp.
1920 551 1959 586 {f

1089 582 1208 625 uficcap.
1231 595 1404 626 reperitur:
1421 590 1459 622 In
1474 591 1695 631 usucapionibus
1706 593 1852 624 mobilium
1869 595 1960 623 conii-

1088 635 1182 671 riuum
1198 631 1307 667 tempus
1323 637 1511 662 numeratur:
1528 631 1599 663 noli
1619 640 1730 673 putare
1741 656 1751 670 ,
1773 633 1865 667 fuisse
1881 634 1959 666 Pau·

1087 665 1110 697 11
1135 675 1302 714 mentem,
1335 670 1369 701 in
1390 671 1601 704 immobilium
1623 672 1864 715 usucapionibus
1892 683 1958 706 non

1088 715 1246 751 numerari
1270 716 1396 751 tempus
1414 713 1623 745 continuum:
1658 716 1849 749 contrarium
1871 716 1960 748 enim

1085 748 1188 788 liquet
1212 751 1329 795 partim
1350 761 1391 784 ex
1423 752 1611 785 definitione
1634 754 1842 796 usucapionis
1873 757 1956 797 apud

1085 789 1302 836 Modestinum
1318 792 1337 824 l.
1356 803 1385 834 3.
1407 793 1449 828 D.
1467 795 1536 826 d.·t.
1559 795 1732 834 partimex
1747 792 1955 838 disputatione

1086 828 1159 870 Gajl
1174 832 1195 863 l.
1211 842 1242 872 5.
1268 832 1309 865 D.
1323 836 1383 867 eod.
1402 837 1448 867 tit.
1492 834 1660 876 Similiter,
1683 846 1757 869 cum
1770 839 1862 878 apud
1879 838 1957 871 Pau-

1086 871 1150 902 lum
1167 872 1187 903 l.
1208 881 1254 905 12.
1277 874 1306 915 δ.
1322 885 1352 916 3.
1371 875 1413 907 D.
1431 878 1466 908 de
1482 878 1591 911 adonin.
1609 881 1698 912 tutor.
1719 879 1836 920 legitur
1853 880 1894 911 de
1908 888 1954 911 tu-

1085 920 1175 944 tore:
1198 914 1272 946 Non
1287 917 1368 948 dabit
1384 919 1476 950 dotem
1487 919 1585 958 stlrori
1605 918 1661 951 alio
1681 927 1768 961 patre
1787 926 1881 952 natm:
1903 930 1954 952 ca-

1084 953 1197 993 vebis,
1219 955 1240 987 fi
1255 956 1352 997 sapis,
1372 958 1412 990 ab
1433 967 1620 1000 argumento
1644 960 1707 993 hoc
1736 970 1754 992 a
1776 961 1956 993 contrario:

1083 1003 1160 1040 ergo
1174 996 1286 1028 dotem
1301 998 1391 1044 dabit
1409 999 1507 1032 sorori
1524 1002 1641 1033 eodem
1658 1009 1749 1043 patre
1771 1010 1864 1035 natae.
1887 1012 1956 1035 non

1082 1044 1175 1084 enirn-
1186 1037 1251 1069 hoc
1267 1037 1347 1071 sedit
1360 1039 1553 1081 Paulo,nec
1570 1051 1680 1075 verum
1695 1043 1759 1076 est:
1774 1052 1811 1076 ut
1827 1045 1958 1078 demon·

1081 1076 1176 1109 stravi
1194 1079 1285 1120 supra
1301 1079 1355 1126 sub
1370 1081 1504 1123 Titulo,
1526 1085 1561 1115 de
1575 1084 1645 1125 jure
1658 1085 1777 1117 dotium.

1121 1117 1407 1161 Transgrediamur
1424 1126 1565 1157 nuncad
1581 1125 1668 1157 hunc
1688 1125 1854 1158 articulum
1866 1149 1876 1164 ,
1897 1126 1954 1158 ad·

1080 1159 1188 1192 versus
1206 1170 1301 1202 quem
1321 1172 1484 1205 competat
1499 1166 1540 1197 de
1564 1167 1642 1198 dote
1657 1166 1751 1200 actio.
1775 1167 1878 1209 palam
1902 1175 1958 1199 au-

1081 1207 1147 1233 tem
1164 1201 1230 1241 est,
1253 1205 1400 1238 adversus
1416 1207 1562 1238 maritum
1586 1216 1771 1248 competere
1783 1232 1793 1248 ,
1815 1207 1880 1241 five
1896 1208 1953 1249 ipsi

1081 1243 1228 1288 dos-data
1248 1244 1303 1285 fit,
1326 1245 1391 1279 five
1415 1247 1468 1280 alii
1493 1258 1533 1280 ex
1559 1249 1727 1281 voluntate
1749 1250 1877 1288 mariti,
1899 1249 1953 1281 vel

1078 1282 1218 1330 subjecto
1231 1285 1289 1326 juri
1306 1287 1372 1327 eius
1387 1289 1440 1320 vel
1458 1299 1524 1321 non
1540 1289 1689 1330 subjecto.
1712 1290 1763 1323 sed
1779 1290 1800 1323 fi
1821 1290 1953 1323 filiusfa-

1078 1325 1179 1369 milias
1194 1325 1231 1357 fit
1247 1330 1395 1368 maritus,
1419 1330 1450 1362 δί
1468 1329 1581 1362 socero
1594 1332 1670 1362 data
1687 1332 1721 1363 fit
1737 1333 1816 1371 dos,
1839 1333 1954 1364 adver-

1079 1364 1128 1411 sus
1150 1365 1292 1399 socerum
1315 1378 1436 1411 agetur.
1464 1371 1559 1411 plane
1586 1371 1604 1403 fi
1626 1371 1695 1404 fi1io
1721 1374 1793 1405 data
1817 1372 1872 1410 fit,
1897 1372 1952 1406 sed

1076 1405 1158 1447 jussu
1173 1407 1292 1448 soceri,
1315 1410 1421 1442 adhuc
1437 1412 1599 1443 tenebitur
1615 1412 1716 1445 socer.
1740 1414 1826 1454 quod
1844 1413 1865 1445 fi
1883 1413 1953 1446 filio

1080 1447 1151 1479 data
1172 1448 1207 1480 sit
1222 1458 1286 1482 non
1308 1450 1388 1491 juffu
1410 1453 1527 1493 patris,
1549 1452 1681 1486 Sabinus
1705 1454 1737 1486 &
1753 1454 1880 1486 ,Caffius
1902 1464 1953 1486 re-

1077 1489 1294 1534 sponderunt,
1315 1492 1523 1525 nibilominus
1540 1503 1614 1526 cum
1640 1502 1730 1535 patre
1751 1505 1766 1526 a
1791 1496 1799 1527 i
1823 1503 1953 1537 oporte-

1076 1538 1130 1562 re:
1148 1531 1246 1563 V1deri
1263 1532 1348 1564 enim
1364 1534 1476 1566 dotem
1495 1534 1534 1566 ad
1549 1543 1622 1566 eum
1638 1538 1769 1576 perveni
1797 1546 1834 1575 e,
1849 1545 1950 1576 penes

1077 1580 1173 1611 quem
1189 1571 1235 1604 est
1274 1573 1422 1606 eculium.
1446 1574 1560 1607 sufficit
1575 1584 1703 1615 autem,
1723 1576 1762 1613 ad
1776 1577 1810 1608 id
1824 1577 1952 1609 damna-

1078 1612 1104 1643 ri
1121 1613 1208 1653 quod
1225 1623 1242 1645 e
1284 1615 1315 1646 in
1332 1615 1482 1655 peculio,
1506 1616 1558 1648 vel
1574 1617 1595 1648 fi
1617 1618 1694 1658 quid
1713 1617 1745 1649 in
1763 1627 1830 1650 rem
1852 1618 1950 1659 patris

1079 1654 1203 1699 versum
1227 1655 1283 1687 est.
1306 1655 1349 1688 fin
1365 1664 1471 1689 autern
1492 1656 1605 1689 socero
1623 1658 1768 1697 dederit,
1789 1668 1863 1691 cum
1887 1668 1954 1691 ma-

1079 1703 1141 1740 rito
1158 1704 1222 1726 non
1236 1697 1358 1735 poterit
1374 1698 1530 1738 experiri.
1552 1698 1610 1731 nili
1626 1700 1707 1740 patri
1724 1699 1817 1733 heres
1837 1699 1954 1732 extite-

1077 1743 1126 1766 rit.
1168 1736 1215 1768 Ita
1237 1737 1391 1778 Ulpianus
1407 1739 1426 1770 l.
1443 1750 1491 1772 22.
1516 1740 1546 1781 ς
1568 1749 1615 1772 12.
1642 1740 1684 1773 D.
1699 1741 1727 1773 h.
1743 1746 1766 1773 t.
1789 1742 1821 1773 ἀ
1844 1742 1890 1773 Im
1916 1751 1951 1773 e·

1076 1784 1198 1809 ratores
1212 1778 1232 1809 l.
1252 1788 1298 1811 1ο.
1315 1778 1352 1814 &²
1367 1779 1423 1811 ult.
1443 1782 1477 1813 C.
1492 1783 1551 1812 eod.
1572 1783 1621 1813 stit.
1666 1781 1766 1823 Quod
1789 1782 1810 1815 fi
1836 1792 1890 1814 mu
1904 1782 1951 1815 ier

1075 1818 1224 1863 ign-orans
1247 1819 1360 1852 statum
1386 1820 1464 1854 servi
1483 1845 1493 1862 ,
1528 1823 1557 1854 ei
1589 1832 1646 1863 per
1670 1833 1813 1855 errorem
1840 1823 1952 1865 nupse-

1076 1867 1135 1897 rit,
1158 1859 1314 1905 &dotem
1341 1862 1487 1902 dederit,
1511 1872 1672 1904 tamquam
1699 1865 1820 1898 libero:
1842 1866 1952 1906 :placet

1075 1901 1262 1973 gntogmo,
1288 1911 1356 1935 eam
1378 1912 1418 1935 ex
1439 1905 1567 1946 peculio
1585 1907 1692 1938 dotem
1709 1906 1855 1948 recipere
1878 1907 1898 1938 l.
1919 1917 1952 1948 3.

1101 1965 1108 1972 .
1130 1951 1159 1972 eo
1183 1965 1190 1972 .

1114 1982 1262 2028 Broxima
1279 1984 1433 2026 inspectio
1450 1987 1531 2024 erit,
1554 1987 1593 2019 nd
1616 1986 1690 2028 quid
1707 1988 1800 2020 detur
1815 1988 1856 2020 de
1870 1989 1950 2020 dote

1073 2023 1167 2056 acho.
1191 2024 1282 2057 datur
1299 2035 1407 2058 autem
1423 2028 1462 2059 ad
1487 2027 1718 2061 restitutionem
1742 2030 1826 2060 dotis
1850 2030 1948 2061 datae:

1074 2064 1139 2111 sive
1159 2075 1226 2098 rem
1244 2068 1423 2108 propriam,
1445 2068 1508 2100 five
1531 2070 1686 2109 alienam,
1708 2070 1740 2102 in
1764 2072 1876 2103 dotem
1896 2073 1950 2103 de-

1073 2105 1157 2137 dent
1186 2109 1314 2153 muli-er:
1338 2118 1399 2141 nec
1422 2109 1524 2141 refert
1541 2110 1672 2152 quidem
1688 2134 1698 2150 ,
1731 2120 1838 2143 utrum
1860 2112 1949 2153 igno-

1072 2155 1142 2178 rans
1157 2149 1302 2188 dederit,
1325 2160 1363 2181 an
1381 2150 1498 2183 sciens:
1521 2161 1592 2184 nam
1610 2153 1662 2185 vel
1679 2161 1747 2184 tum
1764 2154 1793 2184 ei
1811 2155 1946 2185 redden-

1071 2188 1147 2219 dum
1166 2189 1228 2221 effe
1240 2212 1251 2230 ,
1272 2191 1355 2230 quali
1371 2191 1454 2224 suam
1470 2192 1604 2225 dedisset
1617 2217 1626 2232 ‚
1649 2194 1847 2235 Pomponius
1863 2195 1947 2227 bene

1071 2229 1240 2262 arbitratus
1262 2230 1308 2276 est
1322 2232 1340 2264 l.
1361 2241 1408 2266 11.
1431 2232 1474 2264 D.
1489 2235 1518 2265 h.
1536 2240 1557 2268 t.
1583 2235 1781 2276 obligatione
1797 2236 1858 2268 hac
1873 2244 1947 2268 nata

1072 2279 1113 2302 ex
1131 2279 1369 2305 conventione:
1392 2283 1484 2315 quam
1503 2276 1586 2307 inter
1603 2277 1830 2310 contrahentes
1847 2276 1946 2309 serva-

1071 2312 1096 2343 ri
1112 2334 1123 2351 ,
1147 2313 1241 2345 bonae
1262 2314 1338 2346 fidei
1355 2315 1550 2357 consequens
1567 2317 1622 2349 est.

1073 2394 1080 2399 η
1112 2352 1190 2385 Non
1210 2354 1312 2387 minus
1330 2356 1578 2390 observandum:
1602 2359 1689 2399 quod
1705 2359 1944 2400 oportetvirum

1071 2403 1103 2426 in
1127 2396 1221 2427 rebus
1246 2405 1344 2437 quas,
1381 2406 1497 2439 praetei·
1520 2408 1716 2432 numeratam
1748 2399 1941 2439 pecuniam,

1073 2436 1141 2467 doti
1165 2436 1279 2475 habet,
1310 2440 1420 2478 quales
1443 2449 1492 2471 res
1516 2440 1585 2473 sunt
1604 2449 1740 2481 corpora
1756 2462 1766 2478 ,
1799 2439 1944 2479 praestare

1073 2477 1184 2509 dolum
1208 2480 1324 2510 malum
1356 2480 1386 2511 &
1411 2482 1537 2521 culpam
1555 2492 1565 2518 ,ε
1603 2481 1679 2513 nihil
1703 2488 1866 2521 praeterea.
1898 2482 1942 2512 ita

1072 2518 1218 2551 Servium
1250 2519 1386 2553 scribere
1403 2543 1414 2560 ,
1450 2531 1583 2561 eamque
1619 2521 1807 2554 sententiam
1838 2521 1942 2553 Publii

1063 2559 1174 2591 .Mucii
1200 2559 1281 2599 effe,
1310 2561 1397 2594 testis
1419 2562 1465 2594 est
1485 2562 1657 2601 Javolenus
1684 2562 1704 2594 l.
1721 2566 1773 2594 66.
1797 2562 1840 2596 D.
1864 2563 1892 2596 b.
1919 2569 1944 2595 t.

1072 2610 1143 2632 nam
1166 2602 1198 2632 in
1224 2602 1345 2634 Licinia
1369 2602 1509 2634 Gracchi
1538 2613 1640 2635 uxore
1663 2603 1825 2643 stamine,
1854 2605 1940 2645 quod

1071 2651 1120 2673 res
1144 2643 1266 2674 dotales
1283 2645 1314 2674 in
1330 2652 1367 2674 ea
1383 2643 1540 2675 seditione
1557 2653 1618 2684 qua
1633 2643 1803 2677 Gracchus
1819 2645 1942 2678 occisus

1071 2692 1156 2721 erat,
1180 2682 1357 2722 periissent,
1368 2685 1439 2724 quia
1455 2683 1596 2717 Gracchi
1611 2686 1705 2726 culpa
1720 2696 1757 2718 ea
1771 2685 1884 2719 seditio
1894 2686 1943 2717 fa·

1071 2724 1119 2754 tta
1142 2723 1218 2755 ess'et
1230 2747 1239 2763 ‚
1265 2724 1393 2756 Liciniae
1408 2725 1544 2766 praestari
1558 2735 1724 2767 oportere.
1766 2726 1811 2759 Et
1827 2727 1872 2763 est
1888 2727 1938 2759 his

1068 2764 1266 2805 consequens
1292 2765 1357 2797 hoc
1382 2765 1551 2808 Pomponii
1574 2768 1594 2799 Ι.
1616 2773 1661 2803 13Δ
1685 2768 1715 2810 §.
1735 2778 1761 2800 1.
1783 2768 1882 2809 infin.
1904 2769 1939 2801 Si

1065 2808 1144 2838 circa
1161 2808 1312 2838 interitum
1326 2808 1367 2838 rei
1382 2809 1485 2840 dotalis
1503 2809 1585 2840 dolus
1608 2810 1702 2841 malus
1717 2809 1755 2845 ὅ)
1770 2811 1855 2851 culpa
1877 2820 1938 2844 ma-

1068 2847 1120 2878 riti
1136 2846 1208 2885 abfit
1220 2871 1229 2887 ,
1252 2847 1463 2889 anionesstalas
1479 2859 1552 2891 quas
1569 2860 1599 2881 eo
1620 2853 1731 2882 nomine
1770 2851 1833 2891 uafi
1849 2852 1937 2884 mari-

1069 2896 1117 2919 tus
1140 2890 1223 2920 habet
1239 2912 1250 2928 ,
1274 2887 1452 2930 proeflandas
1474 2892 1604 2923 mulieri:
1632 2892 1725 2923 veluti
1743 2861 1855 2932 ¹simi,
1889 2893 1938 2924 vel

1069 2932 1169 2961 damni
1183 2931 1307 2971 injuria.
1347 2931 1475 2963 Praestat
1493 2933 1589 2973 igitur
1604 2935 1731 2964 maritus
1748 2935 1779 2965 in
1795 2936 1938 2975 eorpori-

1066 2972 1124 3003 bus
1140 2971 1320 3011 dotalibus,
1343 2981 1457 3013 praeter
1474 2975 1604 3012 dolum,
1635 2973 1665 3005 ἀ
1688 2974 1813 3014 culpam
1841 2976 1935 3007 latam

1067 3022 1104 3044 ac
1119 3013 1244 3045 levem:
1268 3020 1302 3044 ut
1316 3011 1353 3045 fit
1369 3015 1400 3046 in
1419 3015 1542 3047 coeteris
1558 3014 1770 3050 contractibus
1785 3038 1795 3055 ,
1817 3016 1856 3047 ad
1879 3017 1937 3047 uti-

1068 3054 1190 3085 litatem
1219 3056 1384 3094 utriusque
1409 3056 1440 3087 ἃ
1466 3055 1570 3087 dantis
1591 3057 1622 3087 ὅι
1637 3056 1824 3095 accipientis
1840 3056 1937 3097 perti-

1070 3096 1219 3126 nentibus
1235 3096 1254 3126 l.
1267 3106 1298 3136 5.
1312 3095 1341 3137 §.
1360 3107 1388 3129 2.
1415 3097 1457 3128 D.
1478 3097 1619 3128 Commod.
1649 3096 1764 3129 Paulus
1786 3097 1806 3128 1.
1825 3107 1870 3138 17.
1891 3098 1934 3130 D.

1069 3137 1102 3167 de
1110 3136 1175 3177 jur.
1191 3138 1249 3168 dot.
1270 3136 1313 3168 fic
1331 3139 1489 3179 loquitur:
1513 3138 1551 3170 In
1573 3139 1657 3169 rebus
1673 3138 1814 3169 dotalibus
1838 3142 1937 3172 virum

1066 3175 1202 3219 prestare
1221 3183 1330 3220 oportet
1343 3186 1405 3213 tam
1415 3180 1528 3219 dolam,
1550 3189 1638 3220 quam
1658 3178 1779 3220 eulpam.
1814 3181 1938 3214 Debuit

1893 3224 1938 3255 di-
