2036 3495
509 125 575 162 An
607 123 697 159 Liri.
726 119 857 158 XXVI.
886 119 985 157 Τιτ.

106 218 191 253 ditas
212 216 233 249 t.
255 225 286 254 9.
311 213 349 252 8
377 222 425 249 to.
449 215 496 247 D.
517 214 544 246 b.
571 218 592 245 t.
635 210 680 243 Ut
702 218 736 243 ut
759 210 835 242 crit:
865 210 990 252 placet,

110 258 205 302 quod
228 257 429 291 Modestinus
454 257 473 289 1.
503 265 527 288 1.
552 255 580 297 §.
608 263 634 285 i.
659 254 705 285 D.
730 254 763 290 cle
793 251 988 292 confirmando

108 306 206 334 sutore
222 298 348 338 scribit,
369 299 456 331 reete
479 298 571 329 datos
595 302 719 326 tutores
744 293 917 338 secundum
940 300 984 324 te-

109 343 280 380 stamenta,
298 340 383 373 nulla
397 339 540 377 indigere
555 335 703 368 Praetoris
722 333 978 365 confirmatione.

109 383 184 416 Nec
207 382 329 421 minus,
352 381 439 422 quod
463 376 574 411 Paulus
597 378 615 409 1.
641 386 670 422 ἶ.
694 376 741 407 D.
766 376 794 406 h.
816 380 838 405 t.
878 373 980 406 Tuto-

109 433 179 463 res,
201 423 321 464 inquit,
343 429 405 455 non
421 421 461 452 ab
477 419 594 452 herede
605 441 615 456 ,
638 417 690 449 led
707 426 723 447 a
739 415 891 448 testatore
910 424 980 456 pro-

110 466 194 498 tinus
217 463 459 504 proficiscuntur
475 483 484 498 ,
513 458 601 495 simul
622 467 718 500 atque
747 458 860 503 aliquis
885 456 978 488 lieres

110 505 273 539 extitisset.
315 504 361 536 lta
378 511 434 544 pro
449 502 520 543 lege
535 500 671 532 habetur
688 498 843 544 testatoris
864 498 977 529 volun-

108 544 181 580 tas.⁴
208 546 313 579 Etiam
329 553 393 584 prae
414 544 486 584 lege
505 541 560 574 est.
583 541 690 573 aut'tor
709 539 862 580 Ulpianus
884 539 903 569 l.
932 547 978 570 11.

110 589 159 621 D.
182 588 209 619 b.
226 593 248 619 t.
289 585 343 618 Est
358 585 388 616 δι
405 585 518 616 tertius
535 583 667 617 effeetus
683 591 689 613 :
713 591 753 612 ne
778 587 904 625 tutores
929 586 975 611 te·

107 630 264 663 stamento
278 626 342 659 dati
358 633 515 667 cogantur
530 624 694 669 satisdare,
713 631 778 654 rem
790 621 906 668 'pupilli
924 620 976 665 sal·

106 680 178 703 vam
195 668 267 701 fore
288 668 308 700 1.
328 676 339 700 1
367 690 375 699 .
398 668 445 700 D.
459 667 487 698 h.
505 671 526 697 t.
569 666 685 706 Atqui,
708 665 853 704 inquies,
877 662 977 709 pupil-

105 712 154 744 lus
177 709 321 752 neglecta
345 676 548 740 iatisdatione
572 713 728 748 gravatur.
771 703 834 736 Sed
857 712 910 745 qui
933 702 978 735 est

107 752 219 790 nobis,
241 760 267 783 is
292 757 357 782 non
379 749 425 782 est
446 749 525 790 Legi
548 756 668 793 metus:
691 746 859 791 postquam
882 751 976 784 appa-

106 801 157 825 ret
171 816 181 832 ‚
203 791 319 824 tutoris
335 789 433 823 fidem
450 799 487 822 ac
505 789 698 831 diligentiam
719 788 758 819 ab
773 786 840 828 ipso
864 792 976 832 appro-

105 835 212 866 batam
228 832 291 865 effe
308 832 459 865 testatore
471 838 517 873 pr.
539 829 609 872 trist.
627 831 659 861 de
671 831 782 869 fatisci..
794 833 882 859 tutor.
904 827 976 874 soli·

99 884 164 914 to,
187 876 242 915 (ut
256 874 369 907 Paulus
384 874 430 905 ait
450 873 470 904 l.
493 876 543 912 36.
569 873 614 905 D.
633 873 666 902 de
681 869 832 915 excusat..)
854 877 976 900 amicis·

107 916 202 949 limos
225 915 257 948 dt
279 914 473 948 fideiiffimos
494 913 600 945 liberis
629 918 751 944 tutores
775 909 912 951 eligere,
945 909 976 941 dc

107 967 168 990 eos
185 957 223 989 ad
245 965 327 988 onus
348 957 457 988 tutelae
482 954 707 996 suscipiendum
730 953 825 984 etiam
850 951 975 982 honore

106 998 204 1040 legati
223 996 378 1038 persequi.
422 998 526 1036 Atque
541 995 603 1027 esse
620 995 651 1026 id
670 1002 760 1026 certo
776 991 975 1038 cert-iu·s,Ul-

106 1041 217 1081 planus
234 1037 334 1071 refert
348 1038 367 1070 1.
389 1048 435 1079 17.
460 1038 506 1069 D.
523 1037 549 1068 b.
573 1042 593 1067 t·
619 1035 669 1069 sed
690 1034 794 1074 addit,
818 1033 975 1079 nihilomi-

107 1091 166 1113 nus
184 1080 323 1120 pluribus
345 1080 425 1112 datis
449 1078 625 1116 tutoribus,
646 1077 667 1109 fi
691 1086 769 1108 unus
800 1075 973 1107 satisdatio-

106 1131 181 1154 nem
199 1120 312 1154 offerat
327 1130 337 1160 3
359 1130 394 1152 ea
410 1121 498 1162 lege,
522 1128 557 1151 ut
574 1119 655 1151 solus
671 1116 884 1163 administretg
907 1123 973 1148 non

107 1162 170 1195 effe
185 1164 346 1203 iniquum,
368 1171 440 1194 eum
456 1161 571 1200 audiri,
594 1161 684 1192 causa
707 1166 852 1205 cognita-3
875 1158 973 1198 idque

106 1203 222 1236 Edicto
237 1204 359 1236 caveri:
381 1203 464 1235 recte
483 1210 587 1234 tamen
608 1201 779 1233 Praetorem
800 1207 895 1245 etiam
913 1207 971 1243 cae-

107 1247 183 1277 teris
204 1245 285 1276 hanc
299 1245 516 1276 conditionem
533 1242 694 1281 detuliffe,
717 1241 738 1273 fi
756 1242 786 1273 dt
803 1240 856 1282 ipsi
871 1240 972 1271 velint

105 1286 264 1318 satisdare.
287 1294 358 1318 nam
373 1285 403 1317 δι
421 1284 442 1316 (i
455 1285 509 1324 ipsi
528 1284 624 1324 parati
644 1282 701 1327 lint
724 1281 888 1327 satisdare,
905 1289 970 1312 non

107 1328 227 1359 debere
245 1326 371 1358 alterius
385 1326 548 1357 oblatione
562 1325 696 1356 excludi.
710 1324 805 1364 igitur
822 1321 970 1363 quidest?

107 1367 262 1408 Ulpianus
284 1367 311 1409 §.
333 1375 358 1398 i.
380 1368 407 1397 cl.
424 1367 444 1399 l.
467 1375 512 1407 17·
538 1365 698 1406 duplicem
722 1363 784 1396 esse
806 1363 905 1396 causan
920 1372 971 1394 co·

104 1409 281 1451 gnitionem
301 1408 360 1440 ait:
383 1416 475 1439 uriam
499 1416 539 1438 ex
555 1406 686 1447 persona
710 1406 776 1446 ejus
799 1406 853 1445 qui
879 1405 972 1436 obtu-

105 1450 177 1482 lerit
207 1448 466 1487 satisdationem,
505 1450 575 1487 quis
596 1448 625 1479 δι
647 1447 747 1488 qualis
779 1448 847 1478 est:
878 1447 971 1477 aliam

102 1498 334 1527 contutorum,
356 1489 463 1529 quales
480 1487 565 1519 sunt:
587 1497 660 1520 num
679 1487 766 1520 sorte
788 1488 854 1528 ejus
869 1486 970 1519 existi-

103 1530 250 1564 mationis
266 1553 277 1569 ,
306 1530 359 1562 vel
379 1530 444 1571 ejus
468 1528 640 1561 honestatis
660 1528 737 1566 (int,
760 1536 796 1560 ut
823 1537 885 1560 non
917 1530 971 1560 de-

101 1572 199 1604 beant
215 1571 297 1602 lianc
313 1570 541 1602 contumeliam
562 1569 768 1602 satisdationis
782 1569 894 1601 subire.
918 1569 971 1601 Sic

105 1614 268 1653 Ulpianus.
290 1611 321 1643 &
337 1610 496 1652 subjicitur
517 1619 594 1643 mox
609 1620 650 1642 ex
674 1610 853 1642 Callistrato
875 1611 896 1642 1.
921 1614 968 1646 18.

104 1654 151 1686 D.
168 1654 195 1685 h.
213 1659 235 1684 τ.
258 1653 345 1693 quod
361 1652 381 1684 fi
399 1652 503 1693 plures
520 1651 667 1684 satisdare
686 1652 786 1693 parati
798 1651 874 1684 lint:
892 1659 968 1684 tunc

103 1694 253 1727 idoneior
270 1693 486 1735 praeferendus
503 1693 581 1726 erit:
604 1693 682 1725 ut&
699 1700 839 1725 tutorum
863 1693 968 1732 perib-

104 1745 154 1767 nae
169 1736 252 1767 inter
268 1735 317 1773 se,
328 1734 358 1766 ἃ
375 1734 587 1775 fidejussorum
603 1741 837 1774 comparentur.
860 1733 948 1776 Quid
959 1757 970 1773 ,

99 1775 126 1813 ,fi
143 1785 240 1808 nemo
257 1783 398 1807 tutorum
415 1783 575 1815 provocet
590 1776 629 1807 ad
646 1774 899 1814 satisdationem,
916 1775 970 1807 sed

102 1816 216 1849 existat
231 1817 357 1855 quidam
375 1816 428 1857 qui
449 1824 537 1848 tutor
553 1825 617 1848 non
641 1816 704 1856 est,
727 1816 968 1857 desideretque,

100 1866 138 1890 ut
157 1866 210 1889 aut
233 1858 384 1889 satisdent
409 1864 532 1889 tutores
548 1880 558 1895 ‚
589 1864 643 1888 aut
665 1858 682 1889 li
712 1867 776 1890 non
801 1857 969 1894 satisdent.

102 1907 215 1940 parato
239 1898 293 1931 fibi
316 1898 463 1931 satisdare
485 1899 693 1930 committant
716 1899 847 1931 tutelam
863 1899 880 1931 ’ἒ
903 1908 968 1930 non

99 1941 208 1981 placet
229 1940 366 1981 Ulpiano
385 1963 394 1978 ,
426 1939 488 1971 effe
510 1940 718 1971 audiendum:
748 1949 853 1981 neque
883 1940 969 1972 enim

101 1989 158 2012 aut
174 1989 288 2012 extero
304 1981 569 2013 committendam
593 1979 655 2012 esse
671 1981 822 2020 tutelam,
845 1988 899 2012 aut
925 1988 969 2012 te·

101 2022 259 2054 stamento
290 2023 380 2054 datos
411 2029 534 2054 tutores
565 2029 677 2053 contra
701 2022 753 2063 jus
778 2022 971 2054 satisdationi

103 2063 314 2103 subjiciendos
337 2062 400 2095 ess‘e
415 2063 433 2093 l.
454 2072 501 2099 io.
528 2063 574 2094 D.
592 2063 620 2094 h.
641 2069 662 2094 t.
706 2063 787 2096 Illud
811 2063 972 2104 negligen-

101 2104 177 2136 dum
194 2113 258 2136 non
276 2103 337 2136 est:
360 2105 444 2145 quod
464 2103 618 2144 Ulpianus
641 2105 669 2135 d.
693 2104 716 2136 l.
741 2114 786 2142 19.
810 2104 839 2146 §.
869 2113 893 2135 1.
916 2113 972 2136 no-

104 2153 168 2184 tat,
193 2145 266 2177 Hoc
280 2145 422 2177 Edictum
437 2146 478 2177 de
497 2144 698 2177 satisdatione
716 2153 855 2179 tutorum
867 2168 878 2185 ,
895 2154 970 2185 qua·

105 2195 199 2218 tenus
215 2187 253 2218 ad
271 2187 367 2218 verba
383 2187 523 2225 attinet,
546 2193 668 2218 tantum
684 2187 722 2218 ad
739 2194 861 2219 tutores
879 2186 969 2218 testa-

104 2229 277 2259 mentarios
296 2228 479 2270 pertinere:
502 2236 568 2258 non
590 2227 685 2259 etiarn
703 2229 741 2260 ad
759 2230 850 2260 datos
865 2237 905 2259 ex
924 2228 969 2259 in-

104 2268 280 2308 quisitione.
303 2276 453 2300 caeterum
478 2267 533 2300 etii
557 2268 652 2300 verba
678 2269 846 2307 deficiant,
870 2267 969 2300 visuin

105 2317 210 2341 tamen
237 2308 394 2342 Mar-cello
411 2309 472 2341 ess'e
498 2309 699 2341 similitudine
727 2310 878 2348 rationis,
908 2310 968 2341 hoc

104 2350 252 2382 EdiClum
269 2351 299 2382 ὅι
317 2351 354 2381 ad
373 2351 428 2382 hos
449 2351 629 2391 pertinere:
652 2350 681 2383 Gt
703 2350 734 2384 id
760 2350 913 2383 Oratione
939 2361 969 2383 e-

105 2393 180 2422 tiam
206 2390 280 2423 DD.
299 2391 442 2424 Fratrum
457 2391 632 2433 fignificari.

143 2432 220 2464 Vult
239 2433 333 2473 igitur
348 2432 436 2470 Lex,
460 2434 547 2473 quod
567 2432 790 2472 paterfamilias
815 2433 846 2465 in
876 2432 968 2465 testa-

105 2481 215 2504 mento
232 2476 315 2505 circa
331 2475 462 2506 tutelam
476 2473 595 2515 jusserit
617 2475 722 2506 verbis
746 2475 941 2515 imperativis
959 2494 969 2513 ,

106 2514 251 2553 prolege
266 2514 443 2554 observari,
470 2515 552 2547 clara
574 2515 604 2547 ἃ
627 2523 714 2547 certa
737 2517 803 2556 eius
824 2517 968 2548 volunta-

107 2561 150 2583 te.
175 2562 243 2584 nam
261 2555 389 2587 obscura
413 2564 468 2588 aut
484 2557 578 2588 dubia
594 2580 604 2594 ,
634 2556 898 2597 interpretatione
923 2557 967 2589 in-

105 2593 284 2635 vestiganda
302 2596 356 2628 est.
397 2597 443 2628 Sit
459 2598 640 2636 exemplum
658 2600 688 2630 in
710 2599 850 2639 plui-ibus
876 2599 964 2630 testa-

102 2644 202 2667 menti
220 2635 360 2667 clausulis
374 2659 384 2675 ,
406 2639 437 2669 in
453 2639 565 2676 quibus
582 2641 668 2670 varie
686 2647 822 2671 tutorem
841 2640 964 2671 dederit

103 2683 216 2715 pater:
244 2685 336 2717 quam
359 2676 521 2718 sequemur
537 2680 555 2711 ⁸?
582 2689 698 2719 nempe
725 2681 920 2713 noviffimain
943 2682 962 2713 l.

106 2726 152 2750 10.
174 2715 203 2759 §.
222 2726 248 2750 1.
293 2716 405 2752 Rursus
420 2718 486 2752 fac:
508 2728 596 2763 pater
618 2720 689 2754 filiis
706 2722 796 2755 dedit
820 2730 962 2763 tutores,

741 2813 1086 2852 Trrutus

1019 114 1062 155 Π.
1098 119 1149 155 De
1165 120 1395 169 testamentaria
1412 124 1517 160 tutela.
1831 133 1902 172 425·

1034 207 1142 240 omissa
1167 210 1331 242 mentione
1360 211 1514 246 filiarum:
1537 220 1575 245 an
1600 211 1651 244 vel
1679 212 1725 244 his
1755 219 1896 248 tutorem

1032 249 1152 281 dedisse
1169 253 1327 283 dicendus
1350 255 1411 285 erit
1426 254 1443 285 ἓ)
1467 255 1564 295 Atqui
1582 252 1753 286 masculino
1770 263 1895 288 tantuin

1027 299 1165 336 genere,
1190 300 1252 322 non
1269 295 1365 338 etia—m
1381 294 1551 327 foeminino
1570 294 1639 327 usus
1658 295 1715 328 cst.
1744 295 1805 328 Sed
1823 305 1897 337 pro-

1026 339 1189 363 nunciatio
1205 331 1354 365 sermonis
1371 336 1401 366 in
1419 336 1493 367 sexu
1510 335 1699 377 masculino,
1720 338 1759 369 ad
1777 346 1898 370 utrum-

1023 382 1086 412 que
1110 371 1217 404 sexum
1241 374 1429 416 plerumque
1453 379 1625 419 porrigitur
1648 379 1668 411 l.
1691 385 1759 420 195.
1787 380 1837 411 D.

1021 414 1100 445 verb.
1119 412 1225 459 signif.
1269 414 1368 456 igitur
1398 417 1548 458 Ulpianus
1571 419 1590 450 l.
1621 423 1668 452 16.
1694 421 1741 452 D.
1758 420 1786 452 h.
1809 425 1831 452 t.
1860 417 1895 452 St'

1020 455 1113 500 quis,
1136 456 1302 495 inquiens,
1325 459 1368 488 ita
1389 458 1518 498 dederit,
1541 459 1626 492 Filiis
1649 462 1727 493 meis
1752 467 1894 494 tutorem

1022 496 1079 526 do:
1102 504 1133 525 m
1148 505 1180 526 ea
1196 498 1356 529 conditione
1374 497 1433 540 est,
1456 505 1490 531 ut
1513 507 1573 531 iam
1586 501 1680 542 filiis,
1702 511 1789 544 quam
1806 501 1892 542 filia-

1020 537 1072 583 bur
1094 536 1197 577 dedzffe
1220 540 1368 570 videatur.
1386 540 1518 580 filiorum
1539 544 1615 574 enim
1641 544 1829 584 appellatione
1852 542 1892 579 ὅ*

1015 576 1087 617 filzae
1103 581 1298 611 continentur.
1322 580 1398 613 Non
1416 583 1550 622 dubito;
1573 585 1648 624 quin
1667 584 1807 626 Ulpiano
1824 584 1894 617 fue·

1020 619 1060 666 rit
1087 619 1305 666 propositum,
1328 622 1485 662 scribere,
1514 629 1573 655 tam
1589 625 1729 664 filicibus,
1752 635 1840 667 quam
1850 624 1894 665 fi-

1019 660 1085 706 lus..
1122 659 1211 704 Nihil
1228 669 1333 694 tamen
1353 665 1555 697 mutandum:
1571 665 1616 697 est
1634 668 1718 699 enim
1736 665 1892 707 hystero-

1020 701 1105 747 logia
1122 701 1175 742 ipsi
1193 703 1223 748 dt
1240 704 1307 736 aliis
1324 703 1497 746 frequens,
1521 714 1555 739 ut
1570 706 1722 748 memini,
1746 716 1798 740 me
1813 708 1891 741 alibi

1019 742 1128 782 saepius
1147 743 1326 777 observare.

1057 783 1128 830 Sicg
1151 783 1172 815 fi
1196 784 1265 829 filiis
1291 787 1379 819 dedit
1399 792 1532 822 tutores.
1556 791 1652 831 quid,
1675 788 1695 822 fi
1720 798 1738 821 e
1763 788 1889 822 diverso

1020 825 1144 870 dederit
1161 823 1303 867 filiabus3
1335 838 1399 873 non
1421 829 1504 862 facta
1530 830 1669 865 filiorum
1692 832 1890 864 mentione?

1017 866 1140 906 Aliquis
1164 874 1281 912 putet,
1304 876 1400 902 etiam
1427 869 1499 903 filiis
1528 872 1660 906 dediffe.
1701 872 1764 905 Sed
1790 879 1889 915 negat:

1018 905 1217 947 Pomponius
1234 909 1254 954 1.ι
1271 917 1321 951 45.
1341 911 1388 942 D.
1405 912 1438 943 de
1453 912 1537 954 legat.
1554 915 1602 946 lib.
1616 925 1645 947 2.
1668 914 1698 947 ἃ
1715 913 1889 955 ρτωῑειιιιτ,

1017 947 1158 989 Exemplo
1184 948 1333 997 peffiinztm
1354 951 1406 993 effe
1422 975 1432 990 ,
1452 955 1609 994 foeminino
1632 956 1768 988 vocabulo
1799 958 1889 988 etiam

1016 988 1156 1030 masculos
1171 993 1321 1024 contineri.
1363 993 1493 1027 Sensum
1518 996 1582 1029 huc
1603 997 1726 1036 redire,
1749 997 1802 1029 sibi
1821 1006 1893 1039 per-

1018 1030 1126 1062 suadet
1147 1030 1187 1064 V.
1206 1032 1264 1064 CL.
1286 1034 1428 1068 Andreas
1447 1037 1586 1070 Alciatus
1602 1039 1649 1070 lib.
1668 1048 1697 1071 2.
1713 1038 1837 1082 Parerg.
1860 1049 1889 1071 c.

1016 1076 1066 1111 48.
1091 1073 1178 1112 quod
1209 1074 1344 1108 Veteres
1368 1077 1507 1117 aliquem
1537 1088 1705 1122 carpentes
1727 1085 1890 1123 tamquam

1017 1113 1148 1160 mollem
1174 1114 1478 1163 &·cflfoeminatum,
1517 1129 1592 1154 eum
1617 1121 1767 1155 irrisionis
1798 1122 1892 1154 causa

1015 1153 1185 1187 foeminino
1209 1158 1393 1191 indicabant
1409 1161 1585 1194 vocabulo:
1607 1163 1637 1195 ἃ
1660 1163 1699 1196 ad
1724 1164 1788 1196 hoc
1815 1173 1891 1205 pro-

1013 1194 1152 1244 bandum
1185 1199 1284 1230 utitur
1314 1200 1389 1232 loco
1424 1203 1562 1242 quodam
1594 1213 1636 1236 ex
1665 1205 1887 1246 Aristophanis

1013 1237 1161 1269 Nubibus.
1186 1238 1237 1271 sed
1256 1239 1301 1272 est
1318 1241 1349 1274 ἅ
1365 1242 1442 1274 alius
1459 1242 1569 1283 Justini
1590 1246 1640 1278 lib.
1662 1254 1688 1279 1.
1710 1257 1736 1279 c.
1757 1257 1787 1288 3.
1818 1246 1887 1279 Sar-

1014 1279 1201 1327 danapalum
1222 1282 1410 1323 appellantis
1424 1285 1598 1324 foeminam:
1635 1288 1721 1328 quod
1747 1296 1816 1319 erat
1838 1289 1888 1321 vir

1013 1329 1099 1351 omni
1126 1322 1258 1353 muliere
1284 1325 1476 1366 corruptior.
1519 1326 1648 1360 Eodem
1667 1328 1765 1360 modo
1784 1328 1888 1362 Caesar

1015 1361 1097 1402 apud
1114 1361 1322 1407 Suetonium,
1344 1367 1376 1397 in
1400 1367 1462 1409 ejus
1484 1368 1550 1400 viia
1574 1378 1598 1400 c.
1617 1377 1666 1401 22.
1691 1370 1720 1402 &
1742 1370 1892 1403 Philotas

1013 1404 1098 1443 apud
1118 1402 1263 1436 Curtium
1284 1406 1331 1437 lib.
1348 1411 1377 1439 6.
1401 1416 1426 1440 c.
1446 1416 1492 1440 xt.
1514 1409 1776 1451 diciturfaemina.
1806 1411 1891 1444 Prae-

1014 1451 1063 1490 ter
1078 1444 1147 1475 haec
1163 1445 1327 1485 quaesiturn
1350 1447 1433 1488 fuit,
1456 1449 1489 1480 Si
1506 1450 1577 1489 quis
1600 1459 1742 1484 tutorem
1760 1454 1890 1487 dederit

1013 1483 1099 1532 fi¹¹0.³
1123 1487 1153 1517 ὅτ.
1168 1486 1284 1519 habeat
1305 1488 1432 1529 plures,
1456 1496 1495 1522 an
1509 1490 1634 1524 dederit
1654 1495 1828 1529 omnibus?
1842 1497 1889 1529 ait:

1013 1526 1166 1566 Ulpianus
1179 1529 1218 1574 fi.
1243 1529 1263 1559 l.
1284 1533 1332 1562 16.
1357 1529 1387 1572 §.
1407 1538 1433 1562 1.
1453 1531 1483 1563 b.
1508 1536 1530 1563 t.
1572 1531 1791 1575 Pomponium
1820 1538 1890 1576 qui-

1013 1567 1085 1599 dem
1111 1568 1273 1613 dubitare:
1302 1573 1403 1613 magis
1427 1579 1533 1605 autem
1556 1573 1644 1613 effe,
1675 1583 1711 1608 ut
1734 1577 1888 1611 omnibus

1012 1609 1146 1657 dederit.
1188 1609 1276 1657 Idem
1300 1613 1454 1653 Ulpianus
1471 1615 1601 1655 traciat,
1625 1616 1645 1648 fi
1665 1617 1736 1658 quis
1760 1617 1890 1652 filiabus

1010 1649 1071 1681 suis
1090 1651 1143 1695 vel
1158 1649 1229 1684 filiis
1246 1653 1372 1686 dederit
1388 1662 1577 1688 tutoreszan
1594 1658 1691 1690 etlam
1706 1659 1889 1700 posthumae

1010 1692 1200 1739 dederin'&
1223 1700 1332 1735 putat,
1356 1695 1387 1728 id
1410 1697 1516 1729 verius
1539 1697 1619 1732 esse:
1648 1698 1789 1742 addens,
1810 1700 1889 1735 filiae

1010 1733 1229 1780 appellatione
1245 1736 1341 1769 etiarn
1363 1736 1561 1777 posthumam
1577 1741 1749 1775 contineri.

1053 1774 1275 1821 Superioribus
1298 1776 1490 1819 subjicienda
1512 1780 1556 1811 est
1577 1780 1608 1813 &
1625 1781 1678 1814 illa
1700 1782 1887 1825 dubitatin

1010 1813 1118 1862 fi·fi111s
1134 1815 1258 1863 dederit
1274 1826 1413 1852 tutores:
1435 1829 1472 1852 an
1491 1820 1522 1853 δι
1536 1823 1712 1863 nepotibus
1730 1826 1887 1861 dederit?

1013 1856 1067 1902 Ait
1087 1857 1244 1898 Ulpianus
1268 1859 1287 1891 l.
1303 1864 1334 1892 6.
1356 1861 1384 1893 b.
1399 1867 1419 1893 t.
1442 1861 1512 1903 ipsis
1529 1871 1659 1904 quoque
1679 1865 1772 1899 datos
1790 1868 1885 1900 vide-

1011 1907 1059 1936 1¹13
1081 1897 1102 1944 ii
1121 1899 1219 1946 modo
1236 1901 1355 1935 liberos
1369 1902 1460 1935 dixit.
1483 1906 1686 1945 caeterum,ii
1701 1905 1801 1948 filios3
1817 1918 1884 1943 non

1012 1947 1178 1972 contineri.
1202 1942 1232 1973 δι
1248 1942 1404 1976 causatur:
1427 1946 1515 1984 quod
1531 1946 1621 1978 aliter
1637 1946 1711 1986 filii,
1727 1950 1820 1982 aliter
1828 1960 1885 1983 ne-

1014 1988 1107 2020 potes
1124 2004 1134 2020 ,
1165 1983 1371 2023 appellantur.
1421 1985 1473 2017 Sic
1496 1995 1536 2020 ex
1563 1988 1652 2020 verbi
1684 1992 1883 2031 proprietate

1013 2020 1134 2061 semper
1153 2026 1317 2071 retinenda
1332 2048 1342 2064 ,
1366 2026 1419 2058 ubi
1443 2027 1548 2067 potest
1564 2027 1628 2061 fine
1646 2028 1885 2072 interpretatio-

1013 2071 1055 2093 ne
1072 2062 1190 2095 habere
1207 2074 1336 2098 exitum.
1355 2075 1386 2099 at
1403 2066 1425 2099 ii
1442 2068 1503 2099 alio
1521 2071 1624 2111 pergit
1641 2070 1799 2104 testatoris
1816 2073 1884 2106 sen-

1014 2102 1083 2149 sus:
1106 2106 1182 2145 quid
1202 2107 1253 2144 iii,
1281 2108 1386 2140 omissa
1409 2110 1558 2142 vocabuli
1587 2114 1803 2152 proprietate,
1826 2114 1883 2148 sub

1012 2143 1078 2176 filio
1092 2154 1244 2186 nepotem
1261 2150 1523 2190 complectamur,
1549 2160 1584 2183 ut
1607 2153 1754 2185 voluntas
1776 2154 1882 2189 serve-

1013 2193 1064 2218 tur
1078 2186 1097 2233 l.
1113 2192 1162 2228 84.
1186 2189 1233 2220 D.
1248 2191 1281 2221 cle
1295 2192 1373 2222 verb.
1385 2190 1493 2232 signif.
1517 2192 1601 2232 quali
1623 2202 1778 2234 nepotem
1802 2206 1882 2231 avus

1012 2227 1155 2261 dulciore
1177 2231 1307 2263 nomine
1333 2233 1543 2273 appellaverit
1567 2233 1587 2266 l.
1612 2242 1681 2266 220.
1705 2236 1732 2278 §.
1754 2246 1781 2277 ‘3.
1803 2239 1831 2270 d.
1855 2245 1881 2272 t.

1011 2268 1073 2314 Sed
1088 2273 1261 2304 commode
1276 2272 1415 2313 Julianus
1433 2274 1452 2305 l.
1469 2283 1539 2306 201.
1556 2275 1584 2306 d.
1602 2280 1623 2306 t.
1642 2270 1881 2321 justa‚‘i·nquit,

1011 2313 1277 2352 interpretatione
1296 2314 1349 2354 (id
1366 2313 1430 2353 est,
1452 2314 1472 2346 fi
1489 2315 1592 2356 aliqua
1610 2325 1719 2358 urgeat
1733 2319 1809 2359 justa
1835 2323 1881 2356 iri-

1012 2355 1206 2396 terpretandi
1222 2354 1324 2394 ratio)
1346 2354 1563 2396 recipiendum
1590 2356 1655 2395 est,
1686 2366 1720 2390 ut
1741 2363 1881 2403 appella-

1012 2400 1101 2426 tione
1126 2395 1210 2434 filii,
1249 2395 1326 2426 sicut
1356 2395 1586 2429 filiamfamilias
1611 2400 1767 2434 contineri
1797 2403 1880 2446 saepe

1010 2434 1291 2475 respondebimus,
1323 2436 1364 2468 ita
1387 2437 1418 2469 ὅ(
1442 2446 1543 2478 nepos
1567 2438 1709 2473 videatur
1729 2451 1879 2486 compre·

1011 2475 1105 2509 hendi
1117 2478 1161 2509 εδ(
1179 2478 1274 2515 patris
1292 2478 1423 2509 nomine
1438 2488 1514 2511 avus
1523 2488 1654 2520 quoquc
1671 2482 1877 2519 demonstrari

1011 2517 1213 2560 intelligatur.
1261 2518 1324 2550 Res
1345 2518 1408 2550 hoc
1431 2521 1583 2561 exemplo
1601 2522 1744 2562 liquebit.
1786 2528 1875 2559 Avus

1012 2567 1132 2591 tantum
1162 2559 1281 2592 liabens
1314 2568 1473 2600 nepotes,
1504 2561 1608 2595 nullos
1632 2563 1739 2605 filios,
1771 2568 1872 2599 dixit:

1006 2600 1092 2632 Filiis
1118 2601 1197 2632 meis
1221 2601 1264 2632 do
1291 2609 1424 2633 tutores·
1455 2603 1480 2633 is
1504 2612 1579 2636 avus
1609 2604 1627 2636 si
1651 2604 1729 2638 sanae
1758 2610 1873 2640 mentis

1007 2641 1084 2674 fuit:
1107 2652 1145 2674 an
1164 2642 1268 2683 potest
1282 2642 1341 2674 alia
1369 2642 1431 2674 effe
1456 2642 1676 2686 praesumptio,
1701 2657 1792 2687 quam
1818 2658 1875 2679 vo-

1006 2683 1112 2723 luisse,
1135 2684 1277 2715 dulciore
1296 2685 1426 2715 nomine
1446 2684 1527 2717 filios
1544 2687 1704 2727 appellare
1727 2690 1778 2727 qui
1801 2688 1872 2721 sunt

1005 2726 1166 2767 nepotes?
1188 2724 1267 2758 mihi
1282 2734 1348 2758 non
1372 2725 1514 2758 videtur:
1535 2727 1554 2758 si
1572 2727 1682 2768 sapiam
1700 2727 1775 2768 ipse.

1154 2815 1229 2851 111.

788 2910 837 2946 De
855 2909 1057 2956 confirmando
1081 2920 1187 2950 tutore.

492 2974 504 2986 C

105 3003 299 3080 VIMn'um
319 3003 358 3036 de
381 2998 469 3046 Lege
483 3014 541 3037 xit.
556 3005 761 3038 Tabularum.
781 3007 964 3046 proximum

214 3044 276 3082 est,
297 3046 402 3085 inquit
419 3046 618 3080 Modestinus
634 3049 653 3079 l.
678 3057 701 3078 1.
722 3055 769 3092 pr.
790 3047 826 3081 &³
842 3047 963 3089 §.1.l).

103 3085 130 3116 b.
147 3091 168 3116 t.
191 3095 231 3117 ne
248 3087 322 3126 quid
338 3089 378 3118 de
394 3086 618 3120 confirmandis
636 3089 795 3119 tutoribus
818 3088 965 3120 indiscus-

102 3126 166 3159 sum
183 3126 406 3165 relinquamus.
429 3127 491 3160 sive
511 3129 591 3161 enim
612 3130 680 3161 talis
698 3128 732 3160 sit
750 3129 881 3168 persona
897 3139 967 3169 quae

101 3176 166 3200 non
183 3168 288 3208 potest
306 3177 444 3201 tutorem
470 3171 560 3208 dare,
583 3172 671 3202 velut
694 3179 815 3208 mater,
837 3179 889 3201 aut
913 3180 965 3211 pa-

103 3217 232 3248 tronus,
255 3216 308 3242 aut
322 3219 491 3245 extraneus
507 3213 595 3254 quis,
616 3219 669 3245 aut
685 3211 815 3253 persona
831 3212 881 3245 cui
898 3222 964 3246 iion

139 3248 218 3285 Toin.
241 3248 286 3287 ΙΙ.

1009 3006 1112 3047 potest
1127 3008 1190 3040 dai-i
1209 3032 1218 3047 ,
1241 3009 1339 3041 veluti
1356 3009 1376 3041 fi
1393 3016 1481 3050 pater
1504 3006 1570 3039 filio
1589 3015 1652 3039 nori
1676 3010 1820 3044 existenti
1840 3015 1871 3047 in

1008 3048 1166 3089 potestate
1190 3059 1242 3081 aut
1271 3051 1344 3082 filiae
1372 3050 1439 3090 (lic
1464 3049 1560 3079 habet
1592 3049 1725 3089 vulgaris
1757 3054 1868 3086 versio.

1008 3091 1204 3124 commodius
1221 3092 1377 3123 Antonius
1397 3088 1605 3129 Augustinus,
1635 3090 1682 3121 lib.
1700 3091 1810 3133 singul.
1833 3098 1871 3127 aa

1008 3130 1224 3171 Modey'iinum,
1249 3133 1356 3173 ponit,
1379 3137 1412 3159 uc
1428 3140 1446 3159 a
1463 3136 1548 3169 patre
1562 3130 1625 3169 jilz'o
1653 3138 1706 3162 out
1723 3134 1794 3172 filioe
1821 3138 1873 3176 qui

1007 3178 1145 3212 nonsuiit
1167 3175 1198 3204 in
1212 3172 1375 3214 pottfiiite)
1399 3177 1450 3200 aut
1468 3171 1570 3201 verbis
1595 3172 1722 3205 direftis
1744 3183 1808 3206 non
1836 3177 1871 3207 sit

1007 3212 1094 3254 usus,
1117 3223 1168 3247 aut
1186 3224 1215 3247 iri
1234 3211 1389 3246 codicillis
1407 3210 1596 3247 testamento
1619 3222 1683 3246 non
1708 3215 1874 3248 confirma.

1316 3251 1375 3284 Hb
1386 3251 1410 3282 s).
1833 3259 1870 3289 ti>
