2036 3495
183 99 251 142 316

184 185 269 217 utilis
286 193 327 216 ex
344 182 477 213 vendito
494 179 575 211 aetio
595 177 774 217 competit,
796 176 880 216 apud
893 175 1051 215 Julianum

182 237 232 259 res
249 226 340 256 aliter
356 223 435 253 salva
452 221 532 258 ess'e,
556 228 650 259 quam
667 217 793 249 actione
814 218 853 247 de
872 217 962 247 dolo.
986 214 1052 246 Hic

183 268 228 300 est
238 265 364 306 Ulpiani
382 271 397 292 a
415 271 466 293 me
476 259 764 297 emendati,sensus
778 258 875 298 justus
892 258 920 289 dt
938 257 1050 288 clarus.

225 307 298 339 Nec
319 303 396 336 mihi
420 305 565 342 imper03
590 310 630 332 ne
651 300 764 331 addam
782 323 792 337 ,
823 308 896 329 eum
920 299 959 329 ab
984 296 1051 338 ipso

185 350 270 389 (quo
294 346 377 377 enim
403 353 472 374 titar
497 342 575 374 teste
599 344 698 382 magis
723 340 868 380 certo?)
886 340 950 371 inl.
971 348 1000 375 9.
1020 338 1051 380 §.

183 391 237 420 alt.
254 388 290 422 ὅ)
305 387 324 417 b.
347 394 392 416 11.
411 384 452 415 D.
470 386 503 415 cle
523 385 681 414 minoribus
707 383 796 422 (quae
822 381 1052 422 conjungenda:

134 432 142 442 ”
184 431 272 461 sunt:
289 435 361 459 cum
380 425 438 457 sint
455 435 496 457 ex
512 426 629 456 eodem
648 422 777 464 Ulpiani
793 423 843 455 lib.
858 432 904 455 11.
922 424 971 454 Aa
982 421 1055 453 Edi-

187 471 283 509 titum)
305 467 509 508 sequentibus
526 466 659 507 exprimi
679 465 794 496 verbis.

220 511 373 549 Adversus
394 509 551 539 libertatem
572 516 683 549 qaoque
700 506 804 537 minori
819 516 836 536 a
853 505 1056 545 Praetoresub-

265 552 362 583 veniri
385 549 546 590 impoffiln'le
569 547 618 590 est.
662 547 772 580 Verum
793 547 840 578 vel
859 548 894 577 de
909 547 987 583 dolo,
1010 546 1056 576 vel

262 593 346 625 utilis
376 591 449 623 aftio
480 592 534 622 erit
556 592 588 621 in
611 591 642 621 id
661 590 736 631 qnod
757 589 874 620 minoris
899 588 1056 628 interfuit,

262 644 321 666 non
339 633 517 664 manumitti.
546 632 576 663 ὅ(
596 631 727 671 reliqua.

185 675 369 709 Commode
382 673 549 713 Ulpianus.
570 682 642 704 nam
660 681 732 703 cum
750 672 812 710 ait,
830 669 944 702 minori
961 669 1057 701 astio-

185 729 228 751 ne
244 720 284 750 de
302 717 380 749 dolo
398 714 575 747 subveniri:
599 722 668 745 tum
684 714 811 754 placet;
827 721 901 743 cum
917 712 1057 743 interve-

183 761 231 792 nit
256 760 369 796 dolus‚
393 766 458 788 non
479 756 655 796 emptoris,
679 755 767 786 verbi
785 754 901 794 gratia,
927 752 978 784 sed
997 761 1058 783 ma-

184 800 309 833 numiffi
333 799 422 831 servi.
454 805 486 829 at
505 806 578 829 cum
596 796 721 835 scribit,
746 797 856 827 utilem
871 794 943 826 fore
960 793 1059 825 astio-

184 852 259 875 nem
276 843 306 873 in
322 841 353 872 id
372 840 462 880 quod
478 839 612 871 minoris
627 836 792 875 interfuit,
809 846 875 868 non
889 836 1058 867 manumit-

186 886 229 916 ti:
254 891 321 914 tum
345 882 394 922 jus
421 880 486 919 est,
510 889 583 912 cum
604 879 697 920 ipsius
713 878 886 920 emptoris,
910 887 975 909 non
995 886 1058 908 ma-

186 924 310 958 nurniffi
326 922 403 954 servi
414 946 423 962 ‚
435 921 528 953 dolus
545 920 718 953 accusatur.
742 921 828 961 quod
843 918 1061 951 emendationi

183 975 265 999 meae
281 965 410 1006 egregie
428 964 595 997 convenit.
625 971 686 993 nec
709 962 816 993 minus
834 961 955 992 evincit
973 960 1062 1000 quod

187 1006 469 1040 demonstrandum
494 1003 556 1036 fuit
574 1027 583 1043 ,
607 1003 771 1044 sequentia
795 1003 823 1033 d.
847 1002 867 1033 l.
893 1011 922 1043 7.
945 1001 1060 1040 verba,

186 1055 240 1081 ant
259 1048 370 1079 nuttam
385 1047 579 1078 venditionem
603 1045 670 1085 effe,
686 1044 716 1083 fi
728 1046 760 1075 in
777 1043 827 1075 hoc
842 1043 917 1083 ipso,
939 1048 972 1074 ut
987 1052 1057 1074 ven-

186 1093 281 1129 deret,
306 1088 544 1129 circumscriptus
559 1085 616 1127 est,
633 1086 695 1118 ess'e
712 1085 833 1118 indocti
852 1084 1059 1125 Interpretis3

186 1142 224 1164 ac
231 1130 355 1163 foedare
365 1129 503 1162 formam
514 1127 736 1168 disputationis
746 1127 885 1167 alioquin
895 1125 1059 1167 elegantis.

227 1172 350 1204 Habuit
365 1171 494 1203 interim
515 1170 590 1209 ille,
609 1170 752 1210 quisquis
769 1168 850 1206 fuit,
867 1169 921 1208 qui
937 1176 975 1198 ea
991 1176 1059 1198 ver-

185 1214 227 1246 ba
243 1214 380 1254 primum
396 1212 435 1243 ad
450 1211 623 1252 marginem
643 1210 777 1251 adjecit,
796 1209 898 1248 hanc,
922 1209 1060 1249 opinor,

186 1254 309 1288 causam
325 1263 362 1285 ea
379 1252 595 1285 adscribendi:
621 1252 708 1292 quod
726 1250 874 1288 videbat,
898 1249 1060 1281 venditori

187 1295 335 1329 adversus
352 1302 553 1335 emptorem,
570 1294 708 1334 probato
724 1292 789 1333 eius
809 1291 906 1330 dolo,
926 1301 967 1322 ex
984 1299 1062 1322 ven-

187 1339 257 1371 dito
286 1336 445 1368 aaronem
468 1342 658 1376 competere
682 1335 722 1365 ad
740 1334 771 1366 id
790 1334 880 1372 quod
896 1332 947 1363 sua
966 1333 1063 1363 inter—

187 1379 243 1417 fit,
261 1378 292 1410 se
309 1387 375 1410 non
393 1377 521 1417 decipi:
540 1383 694 1416 praeterea
710 1374 857 1412 videbat,
874 1374 986 1405 dolum
1002 1382 1063 1404 ma-

188 1421 254 1453 lum
267 1443 277 1458 ,
294 1420 325 1451 in
343 1418 567 1450 contrahendo
577 1416 741 1449 admissum
757 1415 796 1447 ab
811 1422 978 1454 emptore,
989 1423 1064 1446 con-

188 1461 323 1494 traCmm
350 1459 417 1500 ipso
434 1460 503 1497 jure
520 1457 708 1489 dissolvere:
732 1465 764 1488 at
779 1464 949 1496 utrumque
966 1455 1062 1486 aCtio-

186 1504 235 1536 nis
253 1501 376 1533 venditi
393 1499 473 1538 esse,
498 1508 563 1530 non
583 1499 723 1530 videbat.

231 1542 338 1575 Nimis
361 1539 490 1580 inepte!
513 1548 707 1579 quamquam
734 1548 846 1579 aeque,
868 1545 921 1570 aut
945 1537 1064 1579 magis,

187 1585 242 1618 hic
265 1583 318 1623 qui
343 1591 379 1613 ea
406 1580 504 1612 verba
531 1580 648 1612 deinde
667 1590 708 1612 ex
722 1582 864 1621 margine
882 1581 913 1611 in
931 1589 993 1620 qua
1011 1588 1063 1619 ap-

186 1625 289 1669 pofita
313 1629 404 1655 erant
429 1631 489 1663 pro
513 1623 726 1654 annotatione
742 1644 752 1661 ‚
785 1624 815 1653 in
842 1621 934 1661 ipsius
957 1621 1065 1661 operis

187 1673 382 1701 contextum
409 1663 567 1695 transtulit
586 1675 594 1696 z
619 1663 649 1695 ὅ(
670 1672 743 1695 cum
766 1662 930 1703 scripfisset
954 1662 1064 1702 Ulpia·

188 1718 265 1748 nus,
290 1706 356 1738 Hoc
372 1707 448 1737 enim
456 1703 500 1744 fic
514 1706 690 1745 accipimus,
708 1714 805 1737 carere
819 1704 880 1736 dolo
896 1710 1043 1744 emptorem
1054 1726 1064 1742 ,

188 1757 221 1784 ut
238 1760 275 1782 ex
299 1753 389 1789 empto
414 1748 506 1778 teneri
519 1755 577 1778 non
589 1745 691 1787 poffit:
714 1746 763 1778 his
779 1747 845 1787 eJ'us
862 1746 969 1777 verbis
987 1754 1065 1776 mar-

188 1792 327 1836 ginalem
344 1790 426 1821 hanc
443 1788 610 1821 admiscuit
630 1788 862 1828 adjectionem,
885 1793 939 1818 aut
954 1786 1067 1818 nullam

188 1833 241 1877 effe
263 1832 480 1869 venditionem,
497 1828 525 1868 fi
549 1830 581 1860 in
605 1829 656 1861 hot·
671 1830 727 1871 ipso
743 1835 778 1860 ut
794 1829 929 1860 venderet
948 1829 1068 1859 circum-

179 1877 315 1919 scriptus
330 1871 380 1915 est.
404 1872 481 1914 quid
502 1871 588 1903 enirn
603 1880 639 1902 ea
657 1870 792 1911 adjeetio
815 1869 890 1911 (nisi
907 1878 1003 1911 quem
1022 1869 1065 1901 su-

189 1918 237 1950 bit
255 1917 356 1950 libido
374 1912 701 1954 cavillandi,indigna
717 1912 807 1943 bono
825 1911 854 1944 ἂ
870 1912 959 1953 gravi
977 1912 1068 1951 viro)

189 1959 297 1992 adfert
312 1957 351 1989 ad
370 1956 491 1988 clarum
509 1953 550 1986 Ul
577 1954 638 1986 iani
663 1953 860 1992 sermonem,
884 1959 1002 1994 praeter
1021 1960 1067 1984 te·

192 2002 326 2039 nebras,
344 2006 441 2040 atque
457 1999 553 2037 inexp
569 1995 725 2027 icabiles?
748 1993 833 2026 Nam
849 1993 869 2026 fi
885 2002 1068 2035 emptorem

193 2041 330 2074 absolvit
354 2049 371 2072 a
395 2039 474 2072 dolo
491 2037 590 2070 servi:
613 2038 667 2078 qui
684 2035 791 2078 potest
807 2035 892 2068 nulla
913 2044 1011 2076 atque
1028 2037 1067 2067 ir-

894 2141 1109 2176 CAPUT

775 88 1084 123 GERARDI
1134 84 1369 120 Noonr

1094 175 1154 206 rita
1178 175 1278 207 videri
1301 173 1448 206 venditio
1471 171 1619 204 adversus
1635 179 1708 204 eum
1726 174 1778 213 qui
1796 174 1878 205 nulla
1896 175 1960 216 ejus

1095 217 1161 259 doli
1184 216 1337 248 societate
1361 215 1514 246 tenetur?
1537 214 1579 246 fin
1605 222 1714 254 putat,
1739 224 1810 246 eum
1833 215 1959 248 affinem

1095 256 1157 288 esse
1174 257 1253 289 servi
1269 258 1365 290 dolo:
1389 266 1445 288 cur
1461 257 1522 295 ait,
1546 256 1579 286 Si
1595 257 1625 286 in
1641 256 1689 286 hoc
1707 255 1782 294 ἐρῶ,
1804 262 1836 286 ut
1858 260 1959 287 vende-

1093 304 1136 330 ret
1147 322 1156 337 ,
1179 300 1405 339 circumscriptus
1422 296 1481 339 est:
1503 306 1567 329 non
1578 320 1588 335 ‚
1607 297 1640 328 St
1654 298 1689 328 ab
1704 298 1753 327 hoc
1769 297 1825 336 ipſs)
1842 302 1875 326 ut
1891 307 1961 328 ven-

1095 341 1170 371 deret
1197 341 1425 381 circumscriptus
1454 337 1492 380 est
1508 339 1525 370 .9
1553 339 1630 370 illud
1657 339 1741 369 enim
1763 337 1841 368 nibil
1858 359 1867 375 ,
1899 338 1963 370 hoc

1096 382 1185 420 quod
1207 382 1325 422 agitur,
1349 379 1514 422 fignificat.
1544 379 1565 412 fi
1594 388 1701 411 tamen
1724 380 1834 410 demus
1849 401 1858 417 ‚
1880 380 1963 412 velle

1096 423 1178 454 hanc
1201 424 1411 464 adjettionem
1435 432 1501 454 non
1524 422 1624 463 magis
1651 428 1832 461 emptorem
1857 428 1962 452 carere

1098 464 1195 502 dolo,
1219 474 1312 505 quam
1340 464 1485 503 servum3
1508 463 1538 495 ἂ
1562 464 1638 494 ideo
1664 463 1788 494 decurri
1812 470 1965 501 oportere

1098 507 1138 537 ad
1162 505 1321 538 actionem
1344 507 1384 537 de
1407 506 1504 543 dolo,
1526 504 1609 546 quasi
1633 504 1718 535 nulla
1732 503 1853 536 venditi
1871 502 1968 534 actio-

1099 556 1139 578 ne
1156 570 1166 585 ,
1190 547 1245 579 ubi
1268 547 1354 578 nulla
1375 547 1520 579 venditio
1546 546 1607 578 est:
1632 546 1846 587 quidquamne
1867 545 1966 580 causae

1099 588 1236 627 dixeris,
1258 598 1314 620 cur
1334 589 1396 628 jam
1422 589 1463 620 de
1484 588 1561 619 dolo
1579 588 1662 619 astio
1681 588 1783 619 minus
1801 593 1968 626 competat

1099 629 1245 660 adversus
1271 638 1452 669 emptorem
1468 653 1478 668 ,
1510 630 1618 670 (quod
1648 629 1786 660 intendit
1811 627 1968 668 Julianus)

1101 680 1195 711 quam
1225 671 1372 702 adversus
1399 671 1617 702 manumissum
1642 669 1790 701 servum?
1814 678 1887 701 cum
1911 669 1972 699 uti·
2033 691 2034 694 η

1100 721 1164 752 que
1181 713 1344 753 utriusque
1359 719 1506 753 arguatur
1523 712 1616 744 dolus
1633 712 1751 744 malus:
1775 718 1872 752 atque
1889 709 1968 741 insu·
1999 727 2003 732 ·

1105 763 1164 795 per
1187 752 1224 785 fit
1252 762 1326 785 cum
1349 761 1498 794 emptore
1520 754 1747 792 contrastum3
1779 762 1853 784 cum
1878 751 1970 782 servo

1100 804 1166 827 non
1186 793 1250 827 sit?
1272 804 1330 836 age
1346 804 1444 834 vero,
1468 797 1521 834 qui
1536 794 1658 834 fileam,
1683 795 1771 834 quod
1787 802 1859 825 cum
1875 803 1893 824 a
1909 792 1973 824 Ve-

1103 836 1224 868 teribus
1248 837 1333 868 nulla
1355 835 1417 867 ess'e
1438 836 1554 867 dicitur
1577 836 1724 867 venditio
1748 836 1792 866 ob
1816 836 1972 875 emptoris

1104 878 1233 910 dolum:
1257 877 1303 909 est
1328 876 1455 919 insignis
1483 886 1573 908 error
1588 877 1850 914 existimantium,
1876 885 1973 917 perae-

1103 928 1166 959 que
1188 919 1306 951 nullam
1330 918 1392 950 effe
1415 919 1480 959 ejus
1504 918 1696 959 potestatem
1725 917 1873 949 adversus
1897 926 1974 947 ven-

1104 961 1243 993 ditorem
1270 961 1323 1001 qui
1347 960 1387 991 ab
1411 966 1561 1001 emptore
1583 959 1620 992 fit
1646 960 1724 992 dolo
1741 959 1824 991 malo
1840 959 1972 990 circum-

1104 1002 1255 1043 scriptus,
1280 1002 1310 1034 ὅ(
1327 1000 1474 1034 adversus
1490 1008 1672 1042 emptorem
1690 1001 1744 1041 qui
1769 1000 1971 1032 venditorem

1103 1044 1182 1075 dolo
1204 1043 1290 1075 malo
1316 1043 1484 1084 deceperit
1499 1043 1516 1075 ‘s'
1539 1052 1605 1074 non
1627 1042 1668 1074 fic
1693 1042 1755 1075 est:
1780 1050 1886 1082 neque
1909 1040 1973 1072 hoc

1102 1085 1185 1117 ferat
1209 1085 1390 1117 communis
1416 1083 1545 1116 sensus:
1581 1084 1737 1116 Veterum
1764 1091 1853 1115 certe
1879 1091 1973 1114 nemo

1103 1127 1195 1158 dixit.
1219 1126 1262 1159 illi
1280 1127 1473 1164 voluerunt,
1497 1126 1669 1157 venditore
1695 1126 1726 1157 in
1751 1124 1973 1156 contrahendo

1104 1169 1143 1199 ab
1161 1176 1309 1209 emptore
1325 1168 1585 1208 circumscripto,
1601 1167 1640 1198 ad
1657 1166 1904 1208 expunctionem
1921 1166 1976 1197 do-

1104 1210 1126 1240 li
1150 1210 1222 1240 mali
1244 1209 1432 1247 clausulam,
1456 1208 1509 1240 Ex
1523 1208 1585 1247 fide
1600 1210 1691 1247 bona,
1717 1207 1870 1239 sufficere.
1902 1216 1974 1238 nam

1105 1258 1254 1290 emptore
1267 1257 1383 1292 agente
1396 1260 1437 1281 ex
1455 1258 1586 1289 empto,
1603 1250 1667 1280 doli
1687 1251 1914 1289 exceptionem
1931 1249 1975 1280 in-

1106 1291 1168 1323 esse
1195 1301 1236 1323 ex
1262 1300 1374 1332 empto
1399 1291 1537 1330 actioni3
1568 1290 1623 1322 etsi
1647 1291 1678 1321 in
1703 1291 1772 1330 jure
1792 1290 1978 1335 nonssfuerit

1106 1333 1296 1364 nominatim
1313 1343 1329 1364 a
1347 1333 1488 1364 Praetore
1506 1332 1691 1372 impetrata:
1709 1331 1878 1363 venditore
1897 1340 1975 1362 vero

1107 1382 1222 1416 agente
1245 1384 1286 1406 ex
1311 1375 1446 1405 vendito
1463 1397 1473 1412 ‚
1496 1373 1655 1405 afflonem
1681 1373 1721 1404 de
1747 1373 1825 1404 dolo
1850 1372 1977 1404 afflone

1109 1425 1149 1446 ex
1164 1416 1297 1447 vendito
1313 1415 1488 1447 contineri:
1505 1415 1643 1453 denique
1659 1413 1882 1454 supervacuam
1899 1423 1975 1444 ven-

1110 1457 1206 1488 ditori
1229 1465 1361 1497 utraque
1385 1457 1418 1488 in
1444 1455 1549 1497 specie
1565 1455 1627 1487 esse
1644 1456 1683 1486 de
1701 1456 1779 1487 dolo
1798 1456 1980 1493 actionem3

1108 1507 1181 1529 curn
1208 1498 1236 1529 ei
1253 1507 1302 1530 res
1322 1499 1413 1529 aliter
1428 1497 1509 1529 salva
1530 1496 1591 1529 ess'e
1609 1497 1719 1538 poffit,
1743 1505 1837 1536 quam
1855 1496 1980 1527 actione

1109 1540 1149 1570 de
1165 1539 1252 1571 dolo.
1297 1540 1360 1571 Sed
1383 1539 1451 1570 haec
1475 1538 1552 1570 ficut
1571 1540 1602 1570 in
1626 1538 1822 1569 antecessum
1845 1538 1978 1569 demon-

1109 1579 1219 1612 stravi:
1245 1582 1288 1612 ita
1307 1581 1410 1611 habeo
1435 1580 1558 1611 causam
1577 1579 1794 1618 existimandi,
1818 1578 1979 1619 sequentia

1109 1622 1227 1660 verba,
1251 1628 1301 1653 aut
1317 1621 1428 1653 nullam
1444 1621 1495 1661 effe
1510 1623 1724 1660 venditionem,
1742 1619 1771 1659 fi
1793 1622 1825 1652 in
1847 1621 1898 1651 hoc
1919 1620 1979 1661 ipst)

1107 1669 1142 1694 nt
1164 1664 1300 1694 venderet
1324 1664 1556 1704 circumscriptus
1577 1660 1636 1703 eft,
1658 1672 1724 1694 non
1747 1661 1810 1693 effe
1832 1660 1981 1703 Ulpiani,

1108 1704 1166 1736 sed
1188 1704 1327 1736 hominis
1347 1704 1469 1736 indocti
1483 1727 1493 1742 ,
1523 1705 1682 1744 optimum
1708 1702 1836 1743 Ulpiani
1858 1702 1980 1735 sensum

1108 1746 1241 1777 absurda
1256 1745 1435 1786 adJectione
1450 1745 1716 1778 contaminantis:
1738 1745 1835 1785 idque
1851 1753 1916 1776 non
1933 1744 1980 1776 in-

1109 1787 1273 1820 tellectum
1290 1787 1329 1819 ab
1350 1786 1519 1819 illustribus
1543 1786 1701 1828 ingeniis,
1723 1785 1875 1819 hactenus
1899 1784 1981 1817 frau-

1110 1829 1141 1861 di
1165 1827 1257 1860 fuisse
1274 1828 1304 1860 δι
1319 1828 1391 1869 ipfis
1408 1828 1438 1860 ὅ(
1452 1828 1540 1861 aliis:
1563 1827 1816 1860 existimantibus
1831 1851 1842 1868 ,
1872 1826 1981 1859 dolum

1111 1870 1228 1902 malum
1245 1893 1255 1909 ,
1279 1869 1300 1902 fi
1328 1869 1451 1902 causam
1474 1869 1599 1902 dederit
1623 1867 1801 1901 contractui
1827 1871 1922 1901 bonae
1944 1867 1981 1900 fi-

1111 1912 1264 1951 dei‚eum
1277 1910 1421 1952 ipsojure
1438 1918 1603 1943 evertere:
1627 1910 1670 1943 fin
1682 1911 1869 1944 incideritin
1888 1919 1981 1950 eum,

1111 1954 1211 1995 magis
1237 1953 1363 1985 actione
1387 1953 1482 1985 bonae
1506 1952 1603 1992 fidei,
1627 1960 1681 1984 aut
1702 1953 1898 1993 exceptione
1915 1951 1981 1984 doli
2003 1974 2005 1977 -

1111 1996 1186 2028 mali
1200 1996 1337 2036 purgari.
1373 1994 1536 2036 Respondi
1553 1994 1690 2035 principi
1706 2002 1744 2025 ac
1760 1993 1880 2027 difficili
1895 1994 1983 2026 loco.

1168 2140 1260 2175 XV.

198 2238 272 2273 Cam
297 2235 379 2281 apud
405 2235 529 2271 Veteres
557 2232 731 2267 contraeas
757 2231 869 2265 dicitur
894 2229 1038 2273 resolvi,
1067 2229 1227 2273 rescindi,
1255 2230 1289 2265 in
1316 2229 1489 2277 integrum
1515 2228 1664 2273 restitui,
1691 2236 1745 2263 aut
1771 2228 1902 2272 irritus,
1928 2237 1982 2264 aut

245 2284 379 2327 nullus,
406 2291 460 2318 aut
486 2281 608 2316 nullius
634 2279 824 2322 momenti,
851 2277 938 2321 esse3
965 2281 1066 2314 minus
1087 2280 1210 2325 plenam
1236 2280 1332 2314 videri
1349 2279 1546 2326 sermonem:
1574 2278 1632 2324 nisi
1654 2279 1787 2312 addatur
1803 2304 1814 2321 ‚
1839 2290 1894 2323 quo
1913 2279 1984 2324 jure

244 2336 272 2369 is
289 2332 335 2379 fit
361 2333 462 2367 nullas
478 2356 495 2377 ,Ἴ
527 2330 652 2371 irritus,
679 2335 734 2362 aut
760 2329 874 2362 nullius
899 2330 1061 2364 momenti:
1084 2330 1156 2363 item
1183 2340 1238 2374 qao
1255 2330 1327 2375 jure
1352 2331 1417 2375 ejus
1443 2326 1573 2375 resciffio
1590 2354 1600 2369 ,
1626 2327 1678 2361 vel
1701 2328 1732 2360 in
1758 2328 1912 2373 integram
1936 2338 1983 2361 re-

235 2382 363 2431 stitutio
385 2380 448 2426 fiat
464 2407 472 2422 ‚
503 2378 612 2421 Civili,
638 2388 679 2411 an
698 2377 856 2412 Praetorio.
892 2377 997 2423 Impp.
1025 2378 1237 2412 Diocletianus
1262 2375 1303 2416 &²
1331 2378 1552 2411 Maximianus
1577 2376 1727 2410 declarati
1752 2376 1773 2410 l.
1802 2386 1859 2409 10.
1891 2375 1922 2411 C.
1948 2375 1982 2409 de

243 2430 440 2477 rescindenda
465 2428 649 2463 venditione.
685 2437 725 2459 an
751 2438 789 2460 ex
814 2427 896 2461 hona²
914 2425 991 2472 fidei
1010 2428 1166 2461 contratlu
1191 2427 1271 2461 nullo
1296 2433 1385 2472 atque
1410 2427 1498 2460 irrito
1514 2450 1526 2470 ‚
1560 2426 1595 2460 ob
1620 2422 1782 2469 admiffiam
1809 2424 1909 2459 dolum
1935 2424 1984 2469 qm·

245 2481 273 2516 ei
298 2480 346 2514 det
372 2477 514 2524 causam,
540 2474 707 2517 dominium
733 2475 900 2510 traditione
925 2474 1167 2522 transferatur?
1191 2476 1301 2510 videri.

249 2591 324 2614 orro
344 2582 477 2613 alterum
494 2578 656 2611 illustrabo
672 2578 800 2617 locum,
824 2578 880 2610 etsi
896 2588 963 2611 non
983 2587 1075 2620 aeque

195 2586 245 2660 P
262 2623 407 2665 asperum
424 2630 519 2662 atque
536 2620 747 2659 impeditum,
764 2629 829 2652 non
847 2620 1011 2660 indignum
1033 2629 1075 2652 ta-

198 2675 274 2699 men
291 2664 344 2705 qui
360 2670 483 2695 attente
496 2661 724 2694 consideretur.
739 2661 765 2692 is
784 2661 872 2693 locus
887 2661 933 2693 est
950 2662 983 2693 in
998 2662 1016 2693 l.
1030 2671 1074 2694 10.

202 2707 237 2741 C.
259 2707 292 2738 de
308 2705 494 2743 rescindenda
510 2703 684 2734 venditione.
708 2702 806 2734 verba
825 2703 891 2743 ejus
908 2702 978 2734 haec
993 2702 1074 2735 sunt.

240 2747 339 2781 Dolus
354 2746 485 2784 emptoris
500 2745 639 2785 qualitate
648 2743 749 2783 fasti,
765 2753 823 2776 non
836 2746 1003 2786 quantitate
1012 2751 1076 2786 pre·

266 2788 321 2820 'tii
344 2784 513 2826 estimatur.
560 2785 654 2829 Quem
662 2783 691 2823 fi
702 2785 802 2825 fuerit
820 2784 997 2827 interctfflffe
1008 2793 1075 2827 pro-

282 2831 402 2861 batum:
425 2835 482 2858 non
505 2826 657 2866 adversam
680 2835 744 2858 eum
766 2828 797 2858 in
813 2836 894 2868 quem
909 2833 1016 2867 emptor
1029 2828 1077 2859 do-

282 2870 409 2906 minium
424 2865 574 2908 transtulit
586 2889 596 2906 ,
618 2868 658 2898 rei
673 2868 831 2900 vindicatio
847 2869 1012 2908 venditori,
1024 2869 1077 2909 sed

284 2917 388 2943 contra
402 2909 485 2941 illum
501 2914 566 2939 cum
582 2917 637 2948 quo
655 2914 859 2950 contraxerat,
882 2910 915 2941 in
932 2910 1078 2952 integrum

285 2951 429 2995 restitutio
446 2950 587 2991 competit.

202 2997 346 3033 Primum
358 2994 474 3026 dicitur
484 3015 494 3030 ,
510 2989 665 3037 emptoris
678 2990 786 3036 dolum
796 3000 861 3023 non
878 2993 971 3032 pretii
984 3002 1081 3034 quan·

206 3040 322 3076 titate,
347 3034 399 3067 sed
416 3033 492 3066 facti
510 3031 683 3079 qua-Istat&
706 3032 737 3077 lt}
760 3031 824 3070 est,
847 3036 1001 3074 emptoris
1021 3034 1080 3065 cal-

205 3081 331 3113 liditate
355 3085 452 3118 atque
475 3074 591 3107 infidirs
607 3072 753 3113 probari:
777 3073 873 3113 idque
889 3076 1080 3108 veriffimum

205 3122 290 3161 ess'e,
314 3120 367 3152 vel
384 3128 425 3151 ex
441 3117 461 3149 l.
479 3121 508 3152 8.
525 3116 558 3147 C.
576 3115 635 3145 eod.
652 3115 699 3144 tit.
724 3114 920 3154 intelligitur.
953 3116 1081 3148 Deinde

204 3163 334 3194 additur
350 3185 360 3200 ,
392 3159 481 3202 quod
513 3155 673 3189 venditori
707 3155 848 3194 decepto
873 3157 950 3187 dolo
975 3159 1081 3197 malo,

206 3203 280 3246 post
306 3202 455 3237 traditam
479 3198 621 3241 emptori
641 3195 862 3239 poffeffionem
880 3219 890 3236 ,
913 3197 952 3230 ab
978 3208 1082 3240 eoque

1118 2578 1149 2610 in
1162 2578 1256 2610 alium
1272 2577 1374 2610 rursus
1392 2577 1570 2610 translatam
1581 2600 1591 2616 ,
1608 2586 1672 2610 non
1687 2577 1732 2609 rei
1749 2576 1922 2610 vindicatio
1937 2575 1987 2607 ad-

1119 2618 1225 2651 versus
1250 2619 1455 2660 poffefforem
1471 2641 1481 2658 ,
1511 2618 1564 2650 sed
1588 2619 1619 2651 in
1647 2619 1805 2660 integrum
1830 2617 1984 2650 restitutio

1119 2660 1265 2693 adversus
1282 2669 1462 2701 emptorem
1478 2662 1648 2701 competit.
1693 2661 1793 2701 Quod
1808 2660 1829 2692 fi
1845 2659 1908 2691 est:
1931 2659 1984 2690 du-

1119 2703 1204 2743 plice
1221 2709 1353 2743 apparet
1369 2709 1577 2742 argumento,
1594 2702 1688 2734 bonae
1702 2703 1776 2734 fidei
1790 2699 1983 2733 contractum

1119 2744 1151 2775 in
1169 2752 1264 2784 quem
1281 2743 1392 2775 incidit
1409 2743 1502 2774 dolus
1518 2744 1637 2783 malus,
1661 2754 1726 2776 non
1744 2743 1851 2775 baberi
1868 2742 1985 2774 nullum

1120 2784 1188 2825 ipso
1213 2785 1291 2824 J'ure.
1314 2785 1399 2823 prius
1424 2792 1646 2822 argumentum
1671 2785 1736 2825 est,
1759 2784 1846 2825 quod
1872 2784 1896 2816 is
1910 2791 1984 2813 con-

1121 2825 1236 2858 tractus
1253 2827 1292 2858 ad
1308 2825 1351 2857 sui
1369 2824 1579 2858 resciffionem
1596 2834 1671 2868 eget
1687 2827 1717 2858 in
1728 2827 1884 2867 integrum
1900 2822 1983 2868 resti:

1121 2868 1272 2899 tutione:
1303 2875 1397 2907 quam
1420 2875 1544 2899 certum
1568 2867 1614 2900 est
1635 2877 1805 2909 numquam
1830 2864 1981 2905 indulgeri

1121 2908 1267 2941 adversus
1291 2908 1490 2940 contratrum
1517 2909 1571 2950 qui
1595 2909 1663 2950 ipso
1684 2910 1752 2950 J'ure
1768 2905 1869 2941 nullus
1887 2904 1982 2935 habe-

1122 2958 1182 2982 tur.
1208 2950 1343 2981 alterum
1359 2958 1580 2992 argumentum
1596 2950 1642 2982 est
1653 2974 1662 2990 ,
1686 2950 1773 2991 quod
1787 2957 1829 2979 ex
1843 2948 1935 2977 bonae
1949 2943 1985 2975 fi-

1123 2992 1174 3024 dei
1200 2992 1364 3023 contractu
1387 2993 1419 3024 in
1436 3001 1531 3033 quem
1549 2992 1662 3024 incidit
1678 2992 1769 3023 dolus
1787 2987 1903 3023 malus,
1926 2985 1983 3031 dq-

1123 3033 1255 3065 minium
1283 3034 1362 3065 tradi
1387 3033 1519 3073 potest:
1551 3035 1639 3075 quod
1662 3041 1726 3064 non
1752 3030 1876 3061 videtur
1897 3025 1985 3065 fieri,

1124 3075 1212 3106 nullo
1228 3074 1412 3107 contractu:
1430 3085 1470 3115 eo
1481 3078 1570 3116 quod
1583 3074 1664 3106 nuda
1679 3070 1804 3116 traditio
1812 3076 1985 3116 ‘numquam

1124 3115 1275 3148 transfert
1291 3116 1487 3154 dominium;
1513 3116 1564 3148 sed
1581 3116 1641 3153 ita,
1664 3113 1684 3146 fi
1700 3112 1841 3143 venditio
1859 3117 1912 3140 aut
1929 3110 1987 3140 alia

1123 3157 1200 3199 justa
1217 3156 1307 3188 causa
1322 3157 1528 3198 praecesserit,
1546 3163 1677 3198 propter
1692 3161 1782 3193 quam
1802 3151 1931 3183 traditio
1947 3149 1990 3180 se-

1128 3206 1280 3240 queretur
1304 3199 1324 3231 l.
1347 3208 1397 3239 31.
1426 3198 1467 3231 D.
1492 3200 1525 3230 de
1550 3196 1720 3237 adquirendo
1742 3193 1989 3266 rernmciominio‘.l

1902 3242 1966 3272 quo
