2036 3495
180 110 250 150 243
601 99 634 134 G
667 107 688 132 Ξ
721 107 744 131 rt
778 106 800 131 A
832 102 855 128 tt
887 103 912 129 n
947 102 961 129 1

185 193 342 224 condutta
360 190 455 221 utitur
473 186 653 218 condnt'tor
674 185 714 215 ita
726 207 734 222 ,
759 191 794 214 ut
812 183 990 214 locatorem
1006 190 1058 222 ag-

185 235 296 266 noscat
314 233 476 264 dominum
495 237 530 258 ac
549 226 773 268 poll'ellorem3
797 225 928 268 ejusque
943 221 1058 267 po'ffes-

185 276 262 307 fioni
290 273 338 304 sua
363 271 552 302 detentione
581 267 646 307 ipse
672 268 812 306 praebeat
844 264 1058 296 ministerium.

184 317 271 355 quod
290 314 309 345 fi
325 315 355 344 in
375 313 481 343 locato
494 310 642 340 obtinet:
659 309 762 339 curin
778 306 987 337 commodato
1006 305 1057 336 ali-

185 356 302 393 terlit,
324 353 412 384 causa
439 361 502 381 non
528 350 582 381 est.
609 358 766 390 praetereo
790 347 916 378 nostros
931 347 951 378 l,
973 351 1000 380 8.
1023 345 1059 380 ὅ)

185 407 215 434 9.
230 397 257 427 b.
274 401 294 426 t.
319 395 359 425 fic
383 392 519 424 Isidorus
542 393 568 422 d.
597 391 647 422 loc.
674 391 775 427 addo,
800 388 940 426 Seneca,
964 386 1058 429 Epist.

186 447 254 470 120.
281 435 386 466 Verba
399 433 547 464 Senecae:
566 434 701 473 lifagnzzs
717 433 831 462 mn‘nms
843 453 852 468 ,
868 431 994 469 conscius
1004 428 1062 466 fibi

185 478 306 509 melioris
324 482 437 507 naturae
447 498 456 514 ,
472 474 645 515 ‹larquidem
656 481 785 514 operam,
801 477 833 501 uc
847 472 880 501 in
896 472 949 501 hac
957 468 1060 510 stario-

184 528 221 550 ne
245 528 303 559 qim
323 518 430 558 postam
454 514 513 556 eft,
535 514 644 555 honeste
654 516 687 555 se
705 520 790 555 atque
815 510 954 552 industrie
966 516 1060 553 gerat.

185 568 320 590 caezerzcnz
341 559 415 589 ‘nibil
440 559 541 588 borum
567 566 628 597 quae
650 558 727 586 circa
752 556 843 595 ipsum
860 558 953 592 sunt,
968 558 1060 592 suum

179 602 314 642 judicat,
339 601 385 638 led
403 606 434 629 nc
451 600 634 629 commodaris
652 598 748 628 utitur
761 595 930 635 peregrinus
950 594 984 627 δέ’
996 600 1062 633 pro-

180 650 286 684 perans
327 640 390 672 Res
409 641 489 672 clara
507 648 542 670 ac
561 647 657 669 certa.
675 637 729 669 nili
747 636 967 681 difficultatem
980 636 1061 665 acci-

183 686 233 723 pit
255 693 271 713 a
296 683 458 723 precario:
483 682 514 712 in
541 689 606 720 quo
632 688 665 710 ut
690 679 803 709 cadem
834 678 868 708 lit
889 683 971 707 ratio
987 685 1057 716 quae

184 725 229 756 est
252 725 467 755 commodati:
492 730 596 753 tamen
620 720 764 760 poffeffio
788 717 903 749 transit.
926 717 988 748 Sed
1012 717 1057 748 in-

186 765 300 797 terest:
317 765 403 805 quod
422 763 598 804 precarium
618 770 723 802 neque
739 761 777 791 ad
792 768 934 799 ternpus,
952 767 1058 798 neque

184 809 224 838 ad
244 807 394 843 modum,
418 806 520 835 datur.
543 803 609 834 imo
633 813 690 843 pro
714 802 846 833 arbitrio
872 801 973 831 dantis
993 809 1058 830 rna-

182 857 240 880 net
261 849 344 888 apud
371 853 557 886 rogantem,
580 853 633 875 aut
657 844 695 874 ab
713 853 753 874 eo
772 850 952 874 revocatur.
976 841 1057 872 inte-

182 891 242 921 rim
269 887 373 928 potest
397 897 463 918 rem
489 887 634 926 precario
661 883 842 924 accipiens,
866 892 902 914 ea
927 883 970 913 uti
995 881 1057 913 frui

182 932 235 962 vel
256 932 284 962 in
304 937 511 970 perpetuum,
536 927 636 958 modo
653 925 739 958 danti
756 925 908 956 videatur.
932 925 1006 963 quid
1026 924 1056 954 ni

182 972 278 1012 pollit
294 980 362 1002 eam
382 970 526 1010 precario
552 967 724 1009 possidere:
748 966 900 997 videlicet
925 974 1015 1001 eam,
1038 964 1058 995 si

183 1013 225 1045 fic
241 1013 322 1044 ferat
339 1012 443 1050 cal'us,
469 1011 605 1042 tuiturus
630 1007 823 1046 interdictis,
848 1008 900 1037 ljti
926 1006 1056 1050 postide-

184 1055 244 1091 tis,
269 1054 298 1085 ἃ
324 1052 420 1084 Unde
448 1051 491 1083 vi.
516 1052 605 1092 quod
629 1050 659 1081 in
684 1049 913 1086 commodato,
936 1057 965 1078 in
991 1056 1057 1086 quo

182 1096 253 1127 usus
270 1104 417 1135 tempore
436 1102 488 1124 aut
504 1093 602 1124 modo
621 1089 905 1127 circumscribitur,
931 1097 994 1118 non
1013 1087 1057 1119 est

181 1135 400 1168 necessarium.
420 1135 526 1167 Habet
544 1133 637 1174 igitur
655 1133 925 1163 conimodatarius
943 1129 1057 1160 nudam

182 1176 426 1215 detentionem,
450 1185 514 1207 non
540 1174 780 1215 possessionem,
813 1171 980 1210 multoque
1004 1172 1058 1201 mi-

183 1229 242 1252 nus
259 1218 436 1251 dominium
453 1218 666 1248 commodata:
686 1215 740 1245 rei.
758 1214 898 1252 ideoque
916 1212 990 1242 nihil
1011 1220 1056 1242 re·

181 1260 269 1299 fert,
295 1269 365 1299 quae
385 1268 435 1291 res
458 1257 704 1292 commodetur,
731 1255 875 1297 propria,
897 1262 934 1283 an
954 1253 1056 1298 ali-ena

181 1303 203 1334 l.
224 1311 269 1341 15.
287 1301 322 1336 ὅ)
342 1304 389 1333 16.
406 1302 432 1330 h.
449 1305 470 1330 c.
487 1299 523 1331 In
540 1307 650 1329 mutuo
661 1295 823 1328 aliter-est:
841 1293 1055 1325 differentiam

183 1343 324 1375 faciente
341 1352 375 1374 re
395 1342 434 1373 de
451 1350 512 1381 qua
527 1339 736 1371 contrahitur.
758 1346 829 1368 nam
847 1344 991 1366 mutuum
1011 1344 1055 1365 re-

181 1385 267 1425 spuit
282 1392 435 1424 corpora,
459 1389 580 1413 tantum
605 1379 746 1410 admittit
769 1377 961 1417 quantitates
981 1385 1054 1416 qua-

182 1435 255 1459 lum
277 1428 347 1456 ulus
373 1425 475 1455 omnis
502 1421 750 1461 consumptione
769 1417 910 1462 constat:
935 1427 994 1448 nec
1013 1417 1056 1448 est

185 1465 408 1507 consumptio,
440 1462 494 1495 nisi
518 1461 664 1494 transsato
688 1460 843 1491 dominio.
877 1459 972 1499 igitur
996 1467 1056 1490 nec

183 1508 402 1544 estmutuum,
419 1504 473 1536 nisi
484 1502 659 1535 dominium
678 1500 901 1541 proficiscatur.
918 1509 1044 1531 commo

184 1551 292 1581 datum
306 1556 381 1578 vero
398 1545 441 1577 est
453 1553 638 1585 corporum:
656 1552 791 1582 quorum
809 1551 842 1573 ut
861 1540 905 1572 est
921 1540 989 1572 usus
1007 1540 1056 1571 sal-

184 1600 224 1621 va
241 1587 423 1620 substantia:
439 1588 481 1617 ita
491 1593 525 1617 ut
534 1585 569 1617 fit
580 1584 821 1616 commodatum
834 1584 894 1613 nori
906 1582 948 1613 est
960 1592 1056 1623 opus,

182 1632 295 1665 mutari
316 1628 503 1661 dominium.
521 1626 628 1667 Atque
642 1625 684 1656 ita
703 1624 764 1656 est:
781 1634 844 1655 non
857 1624 960 1664 porest
975 1633 1057 1654 com·

181 1671 305 1704 modari
324 1671 355 1701 id
374 1670 460 1709 quod
477 1669 530 1700 ul'u
547 1666 762 1698 consumitur:
780 1665 832 1697 nisi
850 1667 936 1696 forte
952 1665 1056 1707 (quod

181 1713 337 1753 Ulpianus
348 1711 493 1742 observat
510 1710 566 1750 l.3.
585 1709 611 1751 §.
624 1708 715 1739 ult.b.
727 1708 769 1747 t.)
784 1709 822 1737 ad
840 1716 989 1746 pompam
1008 1707 1056 1737 vel

182 1755 434 1787 ostentationem
451 1751 595 1792 accipiat.
623 1759 685 1790 quo
713 1749 743 1780 in
764 1756 900 1779 numero
918 1748 986 1779 sunt
1003 1757 1055 1778 no-

181 1797 328 1829 mismata
353 1803 446 1826 aurea
475 1793 525 1824 vel
554 1800 703 1833 argentea
729 1798 835 1821 vetera
869 1790 981 1829 quibus
998 1798 1056 1834 pro

179 1839 316 1880 gemmis
345 1836 390 1868 uti
415 1835 531 1866 solent:
555 1841 689 1873 quorum
715 1830 937 1863 usumfructum
962 1830 1057 1870 legari

179 1878 284 1922 posse,
308 1875 505 1918 Pomponius
528 1874 635 1906 censet
657 1873 676 1904 l.
701 1877 749 1907 28.
776 1873 822 1903 D.
840 1873 873 1902 de
888 1871 1055 1912 uficfruciu.

182 1923 224 1953 de
244 1919 358 1962 quibus
376 1918 426 1960 egi
446 1915 672 1958 diligenterlz'b.
691 1923 718 1946 1.
737 1913 783 1944 De
799 1912 966 1953 usufrustu.
986 1923 1009 1944 c.
1026 1923 1054 1953 4.

181 1961 261 1996 Non
280 1961 381 1993 minus
398 1958 649 1994 observandum,
673 1955 758 1996 quod
783 1953 879 1994 Gajus
896 1954 915 1985 l.
935 1964 965 1992 4.
987 1955 1014 1985 h.
1033 1961 1053 1986 c.

182 2004 260 2044 Saepe
277 2004 381 2040 etiam,
407 2001 526 2041 inquit,
552 1999 590 2030 ad
607 1999 657 2028 hoc
680 1996 894 2028 commodantur
906 1997 1054 2036 pecuniae,

180 2052 215 2078 ut
232 2045 303 2076 dicis
317 2044 418 2084 gratia
434 2041 640 2072 numerationis
655 2038 711 2069 loco
730 2037 918 2068 intercedant.
945 2037 996 2068 Sic
1014 2038 1055 2068 le-

180 2087 227 2128 git
252 2085 409 2117 Antonius
436 2081 644 2123 Augustinus,
668 2080 716 2110 lib.
737 2089 764 2110 2.
793 2078 914 2110 Emend.
940 2088 962 2109 c.
982 2088 1008 2109 2.
1028 2078 1057 2109 dc

183 2127 309 2159 erudite
325 2124 489 2162 observat,
514 2123 578 2154 hoc
603 2121 723 2160 vei-bo,
746 2120 817 2151 dicis
842 2119 946 2159 causa,
969 2119 1057 2159 {igni-

181 2168 290 2206 ficari,
314 2166 431 2207 aliquid
448 2174 509 2196 non
529 2163 606 2194 serio
623 2163 652 2194 ὃς
669 2171 743 2193 vere
761 2160 846 2199 fieri,
872 2160 923 2192 sed
938 2160 1056 2205 fimula-

181 2218 233 2249 te,
257 2217 352 2249 atque
370 2216 403 2239 ut
421 2207 566 2237 videatur
581 2203 706 2242 officio,
730 2211 781 2233 aut
797 2203 866 2242 jure
882 2202 986 2240 civili,
1005 2204 1058 2233 de-

179 2251 270 2292 fungi
286 2250 310 2282 is
327 2250 378 2290 qui
396 2247 482 2279 facit.
509 2246 690 2285 exemplum
709 2245 776 2285 ejus
803 2244 845 2274 rei
872 2243 890 2274 l.
918 2252 942 2276 1.
961 2243 989 2285 §.
1006 2252 1056 2285 3⁴·

181 2294 229 2325 D.
249 2294 282 2323 de
300 2292 450 2322 Senatusc.
469 2289 562 2319 Silan.
587 2286 635 2318 Eo
656 2294 732 2316 vero
749 2287 843 2315 modo
860 2285 891 2315 id
906 2285 936 2315 in
951 2292 977 2315 α.
990 2285 1009 2316 l.
1027 2295 1055 2323 a.

181 2334 283 2372 accipi
299 2342 315 2363 a
333 2331 435 2372 Gajo,
453 2328 621 2370 probabile
641 2327 717 2358 mihi
730 2326 813 2357 fitex
826 2325 1054 2366 inscriptione,

182 2375 277 2414 Gajus
295 2375 343 2406 lzb.
363 2383 390 2404 1.
420 2372 465 2402 De
483 2371 642 2402 Verborum
659 2368 900 2408 Obligatimzibus.
925 2375 1055 2407 apparet

178 2417 286 2454 enim,
304 2414 391 2455 loqui
410 2415 450 2444 de
467 2413 639 2443 verborum
657 2410 925 2450 obligationibu53
942 2411 972 2440 in
990 2409 1054 2449 qui-

180 2457 242 2487 bus
260 2457 303 2488 cst
320 2453 487 2495 stipulatio.
509 2453 569 2484 fuit
585 2460 691 2482 autem
711 2452 741 2481 in
759 2460 794 2481 ea
813 2451 982 2490 aliquando
1000 2451 1055 2481 ob-

178 2497 335 2528 servatum
348 2507 357 2536 3
368 2507 406 2528 ne
416 2496 489 2527 alias
501 2492 720 2535 perficeretur,
732 2492 950 2529 tollereturve,
961 2500 1055 2532 quam

180 2539 421 2570 interveniente
445 2546 506 2568 aere
531 2536 560 2566 ἂ
588 2534 682 2566 libra:
706 2541 739 2564 ut
753 2534 985 2571 demonstravi,
1009 2533 1054 2563 lib.

177 2578 258 2620 fing.
283 2579 332 2609 Art
360 2577 514 2616 Edictum,
538 2577 590 2608 De
610 2574 724 2615 patris,
748 2584 771 2605 c.
800 2579 827 2608 8.
853 2576 937 2605 unde
962 2573 1055 2614 possit

179 2621 237 2652 hic
259 2619 321 2651 effe
347 2618 416 2659 Gaji
444 2617 565 2656 sensus,
591 2617 681 2655 Saepe
703 2616 742 2646 ad
759 2615 830 2660 ,hoc
856 2615 1054 2659 commodari

179 2661 336 2703 pecunias
346 2671 353 2691 :
365 2668 399 2690 ut
408 2658 640 2690 interveniente
652 2666 792 2698 pecuniae
804 2657 935 2696 alicujus
945 2680 955 2695 ,
966 2657 1055 2687 verbi

181 2701 301 2744 gratia,
325 2701 442 2731 nummi
466 2699 614 2736 sestertii,
639 2705 844 2736 commento,
867 2706 963 2736 atque
981 2699 1054 2728 iina-

180 2746 274 2785 gine,
293 2742 356 2784 juri
374 2740 457 2772 civili
474 2742 707 2772 convenienter
728 2739 866 2779 perfecta
885 2738 946 2770 ess'e
964 2738 1056 2778 stipu-

183 2787 262 2819 latio
281 2783 432 2815 videatur.
461 2779 538 2812 Illud
555 2781 641 2821 parvi
659 2779 773 2819 refert,
798 2790 903 2812 utrum
921 2790 971 2812 res
989 2790 1056 2811 mo-

180 2828 265 2859 biles
287 2848 297 2864 ,
334 2833 372 2855 an
404 2822 582 2854 immobiles
608 2846 617 2860 ‚
641 2823 896 2854 commodentur.
922 2822 1057 2852 credidit

185 2867 317 2909 quidem
342 2864 472 2902 Labeo,
496 2864 691 2894 commodari
715 2873 779 2895 rem
798 2863 966 2902 mobilem,
992 2872 1056 2894 non

182 2919 279 2942 etiam
305 2906 388 2944 soli;
426 2904 574 2936 utendam
603 2904 665 2946 dari
693 2907 787 2936 etiam
812 2904 892 2936 soli:
924 2906 953 2936 ὅ(
976 2904 1057 2934 veri-

183 2952 282 2984 fimile
306 2948 351 2980 est
371 2945 587 2988 Doctiffimurn
612 2944 698 2974 illum
724 2945 853 2984 Virum,
877 2954 910 2977 ut
929 2946 971 2977 sic
994 2944 1057 2976 sen-

184 2993 261 3025 tiret
277 3015 287 3031 ,
311 2988 401 3021 fuisse
422 2986 522 3027 aliqua
542 2983 704 3017 mduttum
729 2988 851 3017 ratione
869 2996 875 3017 :
899 2987 950 3018 sed
976 2987 1056 3018 hanc

184 3044 251 3066 non
270 3031 376 3063 attulit
395 3028 564 3069 Ulpianus,
581 3034 652 3056 cum
672 3034 742 3056 eum
764 3027 881 3058 refutat
897 3029 915 3059 l.
940 3038 963 3060 1.
982 3027 1011 3069 §.
1031 3037 1055 3058 1.

184 3075 213 3106 b.
232 3081 253 3105 ι.
271 3081 392 3105 tantum
403 3071 502 3108 dixit,
518 3067 598 3106 Sed,
614 3073 646 3096 ut
664 3074 813 3106 apparet,
832 3071 956 3108 proprie
966 3078 1053 3100 com-

185 3116 319 3148 modata·
334 3123 382 3145 res
401 3111 532 3149 dicitur,
557 3110 586 3140 &
605 3115 673 3148 quae
691 3107 744 3137 soli
764 3108 817 3138 est.
833 3109 1054 3148 idque&Cas-

185 3156 244 3188 sius
272 3154 437 3186 existimat.
469 3152 623 3184 Vivianus
640 3170 650 3186 ‚
683 3148 811 3180 auctore
836 3150 969 3188 Ulpiano
988 3153 1016 3180 d.
1033 3151 1053 3182 l.

188 3207 214 3230 1.
235 3197 263 3239 ᾗ.
285 3205 307 3227 1.
332 3193 465 3236 amplius
489 3193 586 3226 etiam
609 3188 840 3225 habitationem
858 3191 1056 3225 commodari

1020 90 1289 128 NoonT
1345 91 1557 127 Cottii.

1101 181 1206 223 poli'e,
1227 183 1281 214 ait.
1306 182 1368 213 Sed
1384 181 1446 213 effe
1464 181 1562 212 tutius
1577 179 1765 222 praescriptis
1781 181 1885 214 verbis
1899 191 1969 225 age·

1101 233 1154 262 re,
1177 222 1240 263 ipse
1263 223 1371 255 censet
1398 222 1552 263 Ulpianus
1577 223 1596 254 ι,
1626 232 1672 263 17.
1692 225 1739 253 l).
1757 224 1790 253 cle
1802 227 1974 265 praescriptis

1100 266 1194 295 verbis
1206 287 1215 303 ,
1233 265 1261 296 &
1280 266 1368 305 quod
1385 263 1551 302 Inscriptio
1563 265 1723 304 utriusque
1736 264 1798 294 loci
1815 266 1971 305 ostendit,

1102 307 1217 337 codem
1234 306 1304 337 libro
1321 310 1371 341 28.
1390 307 1439 337 Ad
1457 304 1594 336 Etiietum
1610 316 1619 336 .·
1642 315 1736 346 quare
1761 313 1894 346 uterque
1909 307 1969 339 hoc

1102 348 1200 378 modo
1219 347 1341 387 optime
1364 347 1574 388 conjungitur.

1146 388 1200 418 Ait
1218 389 1359 427 Praetor,
1384 388 1430 419 De
1447 398 1475 419 eo
1487 389 1634 428 justicium
1650 387 1729 418 dabo.
1753 386 1803 417 Ex
1818 386 1876 419 hac
1892 389 1971 421 clau·

1105 428 1166 459 sula
1181 430 1386 470 intelligitur,
1412 431 1519 470 (quod
1547 429 1660 460 Paulus
1683 427 1830 459 observat
1846 430 1864 459 l.
1884 439 1927 469 17.
1943 431 1971 472 ὃ,

1105 480 1134 508 3.
1150 471 1176 500 h.
1193 471 1246 510 t.)
1269 472 1472 503 commodato
1499 471 1662 511 negotium
1686 470 1750 510 geri
1781 470 1920 502 invicem
1942 478 1971 504 ot

1104 511 1178 541 ideo
1201 510 1338 543 invicem
1362 511 1536 553 propositas
1562 511 1623 543 effe
1645 513 1801 543 actiones:
1826 521 1857 542 ut
1881 522 1971 553 appa-

1106 561 1198 590 reat,
1229 554 1317 592 quod
1341 552 1433 584 initio
1456 552 1602 585 beneficii
1629 562 1665 583 ac
1687 556 1776 584 nudae
1804 554 1973 588 voluntatis

1105 592 1227 631 fuerat,
1252 595 1394 624 converti
1410 595 1440 625 in
1453 603 1576 625 mutuas
1594 594 1806 635 praestationes
1823 595 1975 628 actiones-

1107 643 1169 674 que
1184 634 1305 665 civiles.
1330 634 1382 665 13st
1401 635 1495 675 igitur
1511 637 1751 667 commodatum
1772 637 1971 676 contractus,

1106 675 1159 715 qui
1178 676 1258 715 parit
1277 675 1434 707 actionem
1454 678 1663 716 commodati,
1684 678 1712 708 ἀ
1729 676 1855 716 quidem
1875 679 1974 716 dupli-

1102 725 1196 755 cem,
1220 717 1372 748 directam
1395 718 1423 748 ἃ
1440 718 1638 748 contrariam.
1663 717 1748 750 Prior
1773 718 1817 749 est
1839 719 1974 752 aii-ecta:

1101 767 1202 797 eaque
1229 759 1420 789 commodati
1453 768 1507 798 per
1532 759 1752 791 excellentiam
1785 769 1917 790 vocatur
1941 761 1974 793 in

1101 798 1256 830 Robrica:
1289 798 1383 831 etiarn
1410 799 1589 840 principalis
1613 801 1640 830 d.
1657 800 1675 830 l.
1700 809 1743 840 17.
1764 800 1791 842 ᾗ.
1815 810 1839 832 1.
1864 801 1974 833 Altera

1101 842 1295 871 commodati
1323 841 1404 872 actio
1423 840 1538 871 dicitur
1555 841 1712 872 contraria
1734 843 1761 872 d.
1786 842 1804 872 ί,
1829 851 1874 882 17.
1893 842 1922 883 §.
1944 852 1969 874 1.

1101 881 1129 911 ἅ.
1149 881 1267 921 pasfim:
1287 884 1377 921 quia,
1395 891 1428 912 ut
1443 881 1578 912 Rubi-ica
1595 881 1733 920 indicat,
1750 883 1839 913 datur
1853 889 1971 922 contra,

1101 923 1131 952 id
1147 922 1209 961 est,
1227 923 1355 954 viciffim
1368 947 1376 961 ,
1393 923 1443 954 vel
1462 933 1479 954 e
1493 922 1631 954 diverso:
1656 921 1701 953 Ut
1718 931 1807 954 notat
1825 923 1971 963 Cujacius

1101 964 1147 994 lib.
1169 973 1197 1000 9.
1217 964 1335 998 Olis'ierv.
1355 975 1376 995 c.
1397 974 1424 995 2.
1444 974 1484 995 eo
1504 965 1623 995 verius:
1648 963 1717 1005 quia
1734 964 1798 995 hoc
1814 972 1913 995 contra
1926 965 1967 997 fic

1101 1003 1228 1035 sumitur
1245 1007 1327 1046 apud
1346 1004 1558 1044 Terentium,
1578 1005 1711 1036 Ezmucl).
1731 1015 1758 1036 2.
1776 1016 1803 1047 3.
1825 1010 1892 1046 vers
1912 1010 1962 1045 64,

1101 1045 1137 1080 ἐξ
1153 1056 1180 1086 3.
1203 1055 1228 1077 1.
1246 1050 1318 1086 versss
1335 1058 1384 1087 54.
1401 1047 1453 1077 Est
1472 1056 1547 1077 vero
1567 1055 1697 1087 utraque
1721 1047 1801 1078 actio
1827 1047 1919 1078 bonae
1937 1047 1974 1079 fi-

1102 1088 1150 1118 dei
1169 1088 1187 1118 l.
1206 1097 1234 1128 3.
1253 1087 1281 1130 §.
1302 1098 1329 1120 2.
1347 1090 1372 1119 b.
1388 1094 1407 1119 t.
1426 1088 1453 1129 §.
1473 1093 1521 1122 28.
1542 1086 1614 1128 Inst.
1630 1090 1662 1119 de
1677 1087 1808 1119 cretionib.

1143 1127 1282 1160 Primum
1301 1130 1417 1160 videbo
1436 1133 1474 1160 de
1491 1130 1617 1160 athone
1634 1131 1825 1161 commodati
1845 1130 1971 1164 diretta.

1102 1179 1138 1201 ca
1159 1170 1248 1201 datur
1266 1169 1293 1201 ei
1312 1171 1363 1212 qui
1380 1170 1596 1202 commodasse
1613 1171 1746 1202 dicetur.
1769 1171 1810 1203 fic
1832 1173 1969 1212 loquitur

1101 1211 1235 1243 Praetor:
1260 1212 1289 1242 ἅ
1305 1213 1373 1252 quia
1393 1222 1455 1243 non
1474 1212 1634 1253 distinguit
1649 1221 1738 1251 eum3
1763 1215 1856 1245 etiam
1875 1213 1925 1245 fur
1939 1215 1968 1246 ἃ

1099 1253 1226 1292 praedo,
1245 1252 1265 1283 fi
1284 1254 1577 1290 commodaverint,
1594 1252 1757 1285 habebunt
1772 1256 1970 1286 commodati

1098 1293 1273 1325 actionem:
1297 1294 1340 1325 est
1359 1295 1441 1325 enirn
1462 1297 1699 1326 commodatum
1718 1295 1728 1325 l
1758 1305 1801 1335 ¹5·
1822 1296 1857 1330 δ’
1879 1300 1921 1327 16.
1939 1297 1968 1329 h.

1098 1341 1119 1366 ι.
1138 1335 1165 1365 ἃ
1185 1344 1294 1366 eorum
1316 1335 1442 1366 interest
1459 1336 1477 1365 l.
1502 1345 1525 1366 1.
1543 1335 1569 1376 §.
1591 1345 1641 1375 39.
1662 1335 1703 1366 J).
1720 1335 1853 1377 (lenistri,
1870 1347 1968 1369 atoue

1100 1385 1138 1406 ex
1156 1376 1283 1407 honesta
1300 1376 1404 1407 causa:
1427 1375 1447 1407 fi
1467 1378 1634 1416 praelertim
1661 1379 1770 1416 dicat,
1802 1377 1850 1408 sua
1875 1373 1970 1410 inter-

1099 1416 1161 1448 ess'e
1171 1419 1308 1456 eoquod
1326 1417 1645 1449 doniinotenCturrei
1664 1417 1898 1458 vindicatione,
1916 1420 1968 1451 vel

1099 1460 1137 1489 ad
1155 1458 1387 1490 exhibendum:
1412 1460 1554 1497 quamvis
1577 1459 1665 1490 aliter
1681 1458 1734 1497 sit3
1757 1459 1776 1490 si
1797 1460 1879 1490 dicat
1897 1484 1906 1498 ,
1939 1460 1972 1492 se

1101 1499 1231 1531 domino
1251 1499 1349 1531 teneri
1365 1500 1486 1530 actione
1501 1498 1577 1530 surt'i
1594 1509 1645 1530 aut
1664 1500 1860 1531 condietione
1879 1501 1969 1533 furti-

1101 1550 1157 1571 va:
1181 1543 1283 1581 priore
1307 1542 1390 1572 enirn
1416 1540 1483 1572 casu
1509 1549 1635 1572 tenetur
1663 1549 1695 1571 ut
1729 1542 1968 1582 qualiscumque

1101 1581 1265 1622 possessor-3
1283 1581 1451 1621 posteriore
1470 1591 1502 1612 ut
1520 1581 1588 1619 fur,
1605 1583 1634 1612 id
1653 1581 1715 1620 est,
1731 1582 1874 1622 improbe
1889 1584 1907 1613 l.
1922 1592 1968 1615 12.

1100 1624 1128 1663 §.
1157 1632 1181 1654 1,
1199 1625 1217 1653 l.
1238 1633 1282 1662 14.
1302 1623 1330 1664 §.
1347 1634 1372 1663 3.
1393 1623 1428 1657 ἐξ)
1445 1628 1471 1657 8.
1491 1623 1531 1654 Ι).
1549 1623 1695 1662 defurzis.

1145 1664 1247 1695 Datur
1267 1667 1360 1705 igitur
1384 1665 1464 1695 aelio
1484 1666 1676 1696 commodati
1695 1664 1810 1695 diretta
1829 1674 1969 1700 commo-

1101 1706 1218 1738 datori:
1235 1715 1295 1737 ncc
1306 1705 1433 1737 dubium
1445 1706 1504 1744 cst,
1523 1707 1596 1746 quin
1614 1707 1706 1737 detur
1723 1706 1869 1738 adversus
1886 1717 1969 1741 corn-

1100 1747 1319 1779 modatarium.
1342 1748 1388 1779 An
1410 1748 1561 1780 omnem?
1587 1746 1692 1788 utique
1707 1772 1715 1786 ‚
1738 1746 1757 1779 fi
1783 1748 1867 1779 valet
1886 1758 1969 1781 com-

1100 1789 1275 1820 modatum.
1298 1789 1434 1828 alioquin
1460 1798 1569 1821 contra
1594 1789 1655 1821 est:
1689 1798 1740 1827 ut,
1772 1788 1792 1820 fi
1815 1788 1968 1831 impuberi

1099 1839 1151 1861 aut
1170 1829 1285 1861 furioso
1303 1840 1350 1864 res
1369 1830 1546 1862 finetutore
1561 1839 1614 1862 aut
1631 1839 1774 1862 curatore
1792 1834 1970 1863 commoda-

1101 1880 1130 1902 ta
1151 1871 1195 1903 sit.
1219 1873 1290 1912 quia
1305 1872 1388 1904 enim
1406 1880 1515 1904 carent
1532 1872 1698 1911 consensu3
1721 1871 1794 1903 ideo
1811 1882 1870 1903 non
1892 1882 1965 1904 con-

1098 1912 1170 1944 sistit
1186 1914 1433 1952 commodatum,
1444 1923 1503 1945 nec
1513 1913 1657 1945 adversus
1668 1923 1720 1944 eos
1732 1914 1922 1945 commodati
1940 1923 1970 1945 a-

1099 1954 1160 1986 etio
1170 1955 1324 1995 competit
1334 1955 1352 1985 l.
1366 1964 1389 1986 1.
1399 1955 1426 1996 ὃ.
1436 1955 1486 1986 ult.
1499 1955 1525 1986 b.
1537 1961 1557 1986 t.
1576 1953 1627 1986 sed
1641 1956 1677 1986 ad
1689 1954 1904 1986 exhibendum
1916 1955 1966 1986 da-

1097 1995 1180 2027 bitur
1189 1995 1288 2027 aetio:
1301 2003 1334 2027 ut
1352 2006 1400 2028 res
1417 1996 1557 2027 exhibita
1573 1996 1750 2027 vindicetur
1766 1996 1782 2025 l.
1798 2005 1824 2027 2.
1836 1997 1861 2026 h.
1874 2002 1894 2026 t.
1908 1996 1968 2027 est-

1103 2047 1164 2077 que
1175 2037 1321 2078 cJusjuris
1332 2037 1426 2069 ratio:
1443 2038 1526 2077 quod
1544 2037 1652 2077 pupilli
1664 2046 1716 2068 aut
1732 2036 1836 2068 furiosi
1849 2037 1909 2068 sine
1921 2044 1969 2068 tu-

1103 2079 1177 2109 toris
1196 2088 1248 2109 aut
1266 2079 1416 2110 curatoris
1430 2078 1614 2109 auctoritate
1624 2087 1660 2108 ac
1676 2078 1825 2109 consensu
1841 2088 1902 2109 non
1913 2079 1970 2108 ob-

1102 2120 1255 2160 ligantur,
1272 2121 1395 2159 quotjes
1414 2118 1600 2150 neceffarius
1611 2118 1655 2150 est
1667 2128 1774 2150 eorum
1786 2118 1967 2151 consensus:

1101 2161 1171 2198 sed,
1187 2162 1239 2192 ubi
1260 2170 1343 2192 exre
1359 2160 1492 2192 nascitur
1509 2160 1682 2200 obligatio,
1700 2161 1730 2191 id
1748 2160 1811 2198 est,
1830 2159 1911 2200 quasi
1928 2169 1970 2192 ex

1101 2202 1282 2239 contractu,
1308 2203 1402 2233 etiam
1420 2202 1483 2233 sine
1499 2209 1606 2232 tutore
1623 2209 1675 2232 aut
1691 2210 1838 2232 curatore
1859 2210 1968 2233 tenen-

1101 2251 1150 2274 tur
1165 2244 1183 2273 l.
1203 2247 1253 2282 46.
1277 2242 1314 2275 D.
1334 2244 1367 2273 de
1381 2243 1462 2284 oblig.
1482 2242 1518 2277 &f
1536 2242 1591 2274 aei.
1609 2242 1721 2280 Plane,
1737 2243 1756 2274 si
1775 2243 1968 2282 locupletior

1099 2284 1200 2315 fastus
1219 2285 1254 2315 sit
1277 2285 1433 2325 pupillus:
1459 2283 1616 2322 dicemus,
1642 2293 1714 2315 eum
1738 2284 1804 2315 utili
1823 2293 1966 2315 commo-

1100 2327 1162 2356 dati
1180 2325 1304 2357 afflone
1331 2326 1432 2356 teneri
1449 2335 1488 2356 ex
1506 2324 1670 2365 Rescripto
1689 2323 1729 2355 D.
1746 2324 1790 2356 Pii
1808 2325 1825 2355 Ι.
1851 2335 1869 2366 3
1895 2325 1921 2355 h.
1940 2330 1962 2356 t.

1100 2367 1205 2398 idem:
1222 2366 1240 2398 fi
1260 2367 1325 2398 doli
1344 2376 1441 2408 capax
1459 2366 1658 2407 litpupillus‚
1677 2366 1750 2397 &in
1772 2375 1803 2396 re
1820 2375 1964 2397 commo-

1099 2409 1171 2439 data
1195 2408 1270 2447 quid
1294 2408 1372 2439 dolo
1399 2408 1484 2439 malo
1506 2409 1579 2448 egit.
1603 2416 1667 2438 non
1693 2406 1816 2437 videtur
1835 2409 1966 2446 quidem

1099 2450 1174 2481 mihi
1193 2449 1255 2480 hoc
1270 2450 1378 2480 venire
1395 2459 1434 2480 ex
1448 2451 1561 2489 regulis
1574 2448 1669 2488 juris3
1686 2449 1774 2486 (nam
1794 2446 1964 2478 secundum

1100 2491 1155 2522 has
1174 2492 1263 2522 aliter
1281 2490 1452 2530 respondet
1475 2490 1629 2530 Ulpianus
1652 2489 1713 2519 (1.1.
1737 2497 1760 2519 1.
1777 2487 1803 2529 §.
1820 2489 1895 2528 ult.)
1911 2488 1964 2519 sed

1098 2531 1245 2563 adversus
1270 2531 1324 2563 has
1348 2540 1512 2571 receptum
1537 2529 1598 2561 effe
1624 2539 1679 2569 per
1704 2529 1981 2568 conieqtienriarn,

1098 2573 1295 2613 Rescriptum
1315 2572 1354 2603 Ι).
1373 2571 1610 2604 Pii.acdubitor
1625 2580 1662 2601 an
1681 2571 1716 2601 ad
1729 2570 1814 2601 hunc
1833 2571 1965 2602 modum

1098 2617 1128 2645 in
1151 2616 1238 2645 caula
1262 2613 1393 2652 depositi
1417 2613 1501 2644 idem
1528 2610 1666 2652 disputet
1690 2613 1842 2653 Ulpianus
1855 2613 1874 2643 l.
1897 2622 1921 2643 1.
1936 2611 1963 2653 §.

1102 2664 1149 2695 15ι
1170 2655 1209 2686 D.
1228 2654 1350 2695 depofizi.

1139 2695 1244 2727 Datur
1261 2697 1355 2736 igitur
1371 2693 1487 2725 diretta
1505 2694 1700 2726 commodati
1720 2694 1800 2726 actio
1818 2693 1965 2726 adversus

1100 2737 1398 2769 commodatarium.
1430 2737 1524 2775 quid,
1555 2736 1574 2767 fi
1608 2735 1643 2767 sit
1669 2735 1883 2768 filiusfamilias
1913 2743 1980 2775 aut:>
2032 2738 2034 2744 '

1101 2779 1206 2811 servus
1224 2779 1241 2810 ἵ)
1265 2776 1417 2816 Ulpianus
1437 2779 1463 2807 (l.
1482 2778 1500 2808 l.
1517 2787 1544 2818 3.
1564 2777 1591 2819 §⁴
1609 2787 1637 2815 4.
1655 2776 1691 2811 &⁹
1707 2788 1735 2817 5.
1755 2777 1899 2808 sermone
1916 2786 1966 2816 pa-

1100 2830 1168 2852 rurn
1186 2826 1354 2857 accurato,
1373 2817 1424 2850 sed
1444 2817 1515 2850 sano
1532 2819 1693 2850 intellectu
1711 2819 1908 2859 adjuvando,
1927 2818 1969 2849 fic

1101 2861 1221 2892 scribit:
1244 2860 1274 2891 Si
1292 2858 1495 2891 filiofamilias
1512 2859 1643 2891 sei-vove
1658 2860 1895 2891 commodatum
1913 2858 1967 2897 fit,

1100 2906 1263 2935 dumtaxat
1275 2902 1314 2932 de
1331 2901 1458 2941 peculio
1477 2903 1633 2941 agendum
1652 2901 1728 2931 erit:
1744 2910 1815 2932 cum
1834 2901 1899 2932 filio
1915 2909 1967 2930 au-

1100 2952 1164 2975 tem
1189 2941 1321 2974 familias
1339 2942 1406 2981 ipso
1432 2942 1462 2973 ἃ
1489 2942 1612 2974 directo
1630 2942 1698 2981 quis
1717 2942 1845 2982 poterit.
1867 2941 1918 2972 sed
1937 2940 1967 2972 &

1101 2984 1121 3017 fi
1142 2985 1262 3016 ancillae
1279 2984 1327 3015 vel
1353 2983 1562 3015 filiaefamilias
1580 2984 1852 3021 commodaverit,
1875 2984 1965 3012 dum-

1101 3035 1187 3059 taxat
1206 3027 1245 3057 de
1264 3025 1391 3065 peculio
1407 3025 1467 3056 erit
1489 3026 1657 3065 agendum.
1682 3023 1733 3055 sed
1758 3033 1820 3054 non
1845 3029 1968 3052 tantum

1099 3079 1139 3100 ex
1155 3067 1243 3099 causa
1260 3067 1325 3097 doli
1343 3076 1449 3098 earum
1469 3065 1670 3106 personarum
1687 3072 1775 3105 pater
1800 3063 1847 3093 vel
1866 3063 1968 3093 domi-

1099 3120 1158 3142 nus
1185 3109 1439 3146 condemnetur,
1464 3107 1514 3139 sed
1539 3107 1569 3139 &
1591 3106 1681 3147 ipsius
1700 3113 1828 3145 quoque
1845 3103 1967 3135 domini

1098 3153 1150 3183 vel
1174 3149 1270 3192 patris
1292 3148 1376 3182 fraus
1402 3151 1566 3180 dumtaxat
1582 3147 1683 3179 venit:
1707 3153 1739 3175 ut
1755 3144 1894 3184 Julianus
1912 3145 1966 3176 lib.

1099 3202 1113 3226 1
1123 3202 1149 3227 ι.
1166 3193 1251 3227 circa
1267 3190 1504 3233 pigneratitiam
1515 3189 1671 3222 actionem
1679 3184 1854 3228 distinguit.
1873 3185 1967 3267 {335⁶
