2036 3495
322 96 389 132 AD
422 97 472 132 L1
483 106 514 131 Β.
541 94 672 131 XXIV.
699 70 798 129 μΤΙ-Γ.
835 92 860 126 Ῑ.
897 90 948 126 De
968 92 1176 127 donationibus
1193 93 1275 129 inter
1294 95 1396 130 virum
1411 94 1453 136 ἐξ
1470 100 1606 134 uxoreii'i.

73 186 190 228 ponitis
206 186 225 223 l.
241 194 291 227 31.
306 185 335 228 §.
355 191 384 226 7.
410 185 450 217 D.
467 186 495 217 b.
515 191 538 216 t.
560 182 684 228 censet,
706 182 793 222 quod
822 181 940 222 legatu-

73 237 125 259 ωε
147 228 221 259 milii
239 251 249 266 ,
272 237 324 258 aut
342 226 528 259 hereditatis
551 233 679 271 nomine
702 224 865 267 relicturus
887 232 938 253 es:

74 268 163 309 poss'e
181 276 212 300 te
229 277 375 310 rogatum
394 278 411 299 a
430 278 496 305 me,
521 275 610 310 uxori
629 274 708 296 meae
732 264 937 303 relinquere:

73 310 105 341 <St
121 319 186 340 non
206 309 304 340 videri
321 319 389 341 eam
408 308 469 340 effe
486 310 711 351 donationem,
731 305 765 350 ¹id
785 305 847 350 est,
872 313 937 335 non

73 360 143 382 cum
161 349 222 382 effe
238 351 446 382 donationem
463 359 531 390 quae
548 347 708 392 Oratione·
730 347 936 390 impediatur:

73 394 104 423 ἀ
133 391 214 424 hanc
239 391 358 432 subjicit
384 391 554 422 rationem:
585 398 657 428 quia
681 386 756 418 nihil
782 396 821 418 ex
849 387 937 430 bonis

71 434 150 465 meis
168 433 369 464 imminuitur.
391 433 477 463 addit
492 438 661 470 praeterea,
687 429 853 476 &oculum
872 437 935 472 exig

71 473 222 512 llimasse,
245 475 350 514 (quod
368 473 411 504 est
427 472 622 510 notandum)
647 479 780 510 majores
805 469 937 514 donanti

70 515 102 546 in
120 525 160 545 eo
179 517 314 546 maxime
333 511 531 551 succurrisse,
559 511 607 543 Ne
630 521 738 556 amore
754 511 880 541 alterius
896 510 936 538 al-

72 563 119 586 ter
136 555 371 595 dispoliaretur,
395 564 458 585 non
483 553 564 593 quali
583 552 769 587 malivolos,
793 561 836 596 nen
857 550 937 596 alter

70 598 261 637 locupietior
282 595 384 627 fieret.
431 597 548 626 Eodem
575 594 655 626 redit
682 594 745 623 hoc
763 591 889 632 Ulpiani
907 592 936 621 d.

71 639 89 669 l.
107 650 136 678 5.
161 638 189 679 §.
210 647 254 677 ¹5·
297 637 330 668 Si
346 639 414 676 quis
440 646 566 676 rogatus
591 635 642 673 fit,
666 641 825 678 praecepta
850 639 936 662 certa

71 687 265 719 quantitate,
289 680 377 709 uxori
398 678 456 708 sum
480 678 699 721 hereditatem
713 673 936 718 restituere‚&

70 723 95 752 is
110 720 172 751 sine
190 720 380 750 deduftione
409 718 595 756 restituerit,
619 726 717 756 magis
737 717 876 755 pleniore
887 713 934 745 of-

68 761 144 793 ficio
168 760 241 791 fidei
266 760 444 799 praestandae
468 759 610 791 funCtum
635 766 780 790 maritum
799 779 810 796 ‚
839 764 932 796 quam

19 799 22 802 ⁴
70 801 199 834 donasse
218 803 328 832 videri.
351 803 404 832 Sic
422 801 473 832 ille
489 811 528 832 ex
546 800 658 832 Celso:
681 800 933 837 additque,eum

70 843 187 876 rectam
206 844 360 873 rationein
382 842 455 873 huic
479 843 639 873 sententia:
659 839 823 880 anJeciffc:
846 837 933 885 quod

72 885 217 926 plerique
240 887 336 923 magis
362 883 456 915 fidem
474 884 629 915 exolvunt
651 884 681 913 in
707 881 791 912 hunc
813 882 932 924 caium,

72 935 165 966 quam
191 919 330 956 donan‘t:
361 934 421 956 nec
445 933 555 965 putant
571 948 582 963 ,
613 925 652 955 de
675 924 726 954 suo
757 919 933 961 proficisci,

71 968 160 1007 quod
190 967 229 997 de
252 967 355 997 alieno
383 966 502 1005 plenius
531 965 714 1009 restituunt,
737 963 934 1010 voluntatem

73 1007 213 1039 defunCli
234 1006 362 1046 sequuti.
388 1008 453 1038 imo
470 1015 531 1038 non
549 1007 727 1043 immerito,
746 1010 869 1051 linquit)
886 1002 932 1032 sae·

74 1059 114 1090 pe
129 1048 301 1083 credimus,
327 1048 441 1088 aliquid
463 1048 647 1080 defunctum
667 1044 816 1093 voluisse,
840 1048 868 1074 ot
893 1051 936 1074 ta—

73 1100 147 1122 men
164 1099 228 1121 non
246 1088 374 1129 rogass‘e.
400 1099 549 1128 primores
566 1089 735 1135 subjungit:
757 1086 842 1132 quod
867 1083 936 1114 haec

74 1131 228 1162 sententia
246 1131 341 1161 habet
358 1133 508 1162 rationem
530 1133 627 1170 magis
644 1139 673 1161 in
691 1138 731 1159 eo
748 1137 801 1168 qui
817 1135 881 1157 non
904 1134 934 1156 e-

73 1180 120 1203 rat
138 1172 269 1203 deducta
293 1179 401 1211 quarta
425 1181 548 1212 rogatus
572 1171 753 1207 restituere,
778 1169 807 1200 ἃ,
831 1175 934 1210 tamen

74 1214 228 1253 integram
245 1211 340 1244 fidem
358 1213 519 1253 praestitit,
538 1212 650 1251 omiss'o
667 1208 935 1257 Snenatusconlulti

73 1257 254 1286 commodo.
285 1263 323 1285 ac
350 1253 512 1292 causatur,
548 1254 635 1294 quod
662 1253 715 1296 hie
741 1261 814 1282 vere
839 1249 934 1295 fidem

73 1294 220 1333 exolvit,
249 1295 447 1326 voluntatem
471 1294 626 1326 testatoris
650 1295 843 1325 obiecutus:
874 1298 931 1321 uti·

72 1345 154 1376 que,
177 1335 196 1367 fi
214 1345 277 1366 non
295 1344 352 1375 pti·
377 1345 517 1367 errorem
541 1335 651 1380 calculi
676 1334 767 1379 feeit:
788 1340 935 1364 coeterum

72 1377 202 1407 indebiti
219 1375 447 1408 fideicommissi
462 1376 508 1407 est
527 1376 686 1417 repetitio.
728 1375 780 1405 Sic
801 1373 876 1411 fere
894 1382 936 1404 ex

73 1417 166 1448 Celso
193 1416 360 1454 Ulmanus:
391 1419 418 1448 ἃ
444 1419 571 1449 tandem
596 1417 624 1458 §.
645 1422 690 1448 16.
716 1417 743 1446 cI.
766 1416 784 1446 l.
811 1425 840 1454 5.
863 1412 935 1461 ’ho-c

71 1460 168 1490 modo
182 1459 366 1489 concludit:
395 1458 575 1499 Ubicumque
596 1459 691 1499 igitur
714 1467 771 1503 non
795 1459 935 1486 aenimuzt

72 1502 105 1530 de
120 1499 314 1538 facultatibus
340 1500 396 1530 suis
419 1502 469 1540 qui
491 1502 630 1536 donavit,
652 1499 697 1529 vel
717 1504 820 1544 etisiiii,
837 1495 866 1534 fi
888 1498 934 1526 de-

73 1541 185 1570 minum
197 1564 204 1575 ‚
230 1540 391 1580 locupletior
404 1546 500 1571 tamen
515 1549 570 1571 riori
581 1539 620 1579 fit
634 1540 686 1580 qui
701 1545 806 1578 accepit
816 1561 826 1578 ,
849 1539 936 1568 dona-

86 1582 111 1610 io
125 1580 201 1610 valet

71 1586 82 1611 ι
117 1620 236 1652 Pellem
257 1621 324 1651 haec
340 1615 491 1652 sufficere.
514 1621 625 1653 addam
642 1629 767 1667 tamen,
792 1619 878 1665 quod
896 1619 935 1651 ab

74 1663 184 1693 eadem
202 1666 290 1692 caula
308 1664 390 1692 xalet
406 1663 534 1694 donatio
551 1666 593 1694 rei
611 1664 720 1694 aliena:
735 1671 823 1706 uxori
839 1670 855 1692 a
873 1670 922 1692 ma

74 1704 137 1735 rito
154 1702 234 1733 fasta
253 1704 335 1733 bona
352 1703 511 1742 fidezquia
529 1713 564 1735 ea
581 1703 659 1736 nihil
677 1703 802 1735 decedit
820 1703 859 1733 de
879 1702 935 1748 bo-

73 1744 120 1776 riis
137 1746 212 1783 ejus.
259 1743 303 1774 lta
320 1745 392 1775 alias
408 1744 595 1784 Papinianus
610 1745 627 1775 l.
646 1749 694 1785 83.
726 1744 762 1792 D
779 1745 812 1774 de
831 1744 937 1784 regulis

68 1785 168 1828 juris,
192 1785 262 1816 Non
278 1787 433 1823 vitientur,
457 1787 576 1826 inquit,
600 1796 657 1817 rein
673 1791 801 1816 annitere
816 1793 937 1830 quoium

68 1833 187 1868 propria
202 1836 257 1856 non
271 1826 348 1866 fuit.
394 1827 456 1856 Sed
479 1829 510 1858 in
537 1837 570 1858 re
587 1826 739 1867 praesente
764 1824 936 1871 Terentius

74 1866 226 1898 Clemens
247 1866 266 1897 l.
286 1877 333 1907 25.
357 1866 397 1898 D.
427 1869 455 1898 b.
481 1874 501 1898 t.
547 1868 682 1898 Modum
706 1876 810 1899 tamen
831 1868 937 1913 adiicit

72 1900 273 1948 Pomponius
289 1909 306 1939 l.
323 1918 352 1949 3.
372 1907 413 1939 D.
435 1908 498 1939 Pro
512 1909 615 1939 donato
631 1909 679 1941 his
699 1908 820 1940 verbis:
843 1908 877 1938 Si
889 1916 938 1937 vir

74 1951 180 1987 uxori,
210 1949 257 1979 vel
278 1959 353 1980 uxor
374 1950 436 1980 viro
458 1950 629 1986 donaverit,·
658 1959 760 1981 verum
780 1948 835 1994 esi,
864 1948 939 1989 quod

78 1989 227 2021 Trebatius
242 1991 383 2029 putabat,
399 1989 429 2028 fi
440 1993 592 2031 pauperior
608 1993 630 2021 is
650 1993 701 2031 qui
717 1990 837 2030 donaſjet
848 2013 857 2026 ‚
880 1998 937 2020 non

67 2030 170 2071 fieret,
192 2032 390 2072 usucapionem
408 2030 554 2071 pofficlenii
574 2034 726 2070 procedere.
769 2031 821 2063 Sic
846 2032 936 2075 Porn-

72 2071 206 2113 ponitis,
237 2078 270 2102 ut
287 2072 371 2111 dixi,
401 2074 531 2104 modum
554 2070 658 2111 hunc,
691 2072 755 2104 five
783 2073 934 2103 conditio·

72 2122 166 2151 nem,
188 2121 370 2152 apponens:
393 2114 427 2144 Si
438 2115 593 2154 pauperior
607 2117 631 2144 is
653 2116 705 2155 qui
721 2113 865 2161 donciffet,
882 2122 939 2143 riori

68 2153 164 2194 fieret.
208 2155 246 2184 Et
262 2153 337 2184 licet
359 2154 443 2185 casus
461 2162 571 2195 petere
590 2164 628 2186 ex
645 2156 664 2186 l.
680 2159 730 2196 36.
746 2163 793 2196 pr.
813 2154 848 2189 ὃ
863 2153 892 2194 §.
913 2162 939 2185 1.

72 2194 116 2226 D.
136 2197 170 2224 de
184 2196 280 2234 usurp.
299 2193 336 2229 &²
354 2200 469 2234 usucap.

112 2235 250 2276 Exposui
267 2235 402 2277 rigorem
425 2236 609 2275 Orationis,
632 2238 763 2278 ejusque
784 2244 937 2276 tempera-

70 2286 234 2314 mentum,
260 2280 347 2317 quod
366 2278 409 2308 ell
430 2285 526 2309 unum
545 2278 661 2309 saltem.
683 2288 723 2310 ex
741 2287 811 2324 ¹uno
835 2285 938 2309 tamen

70 2319 271 2359 collegerunt
297 2318 450 2355 Veteres,
473 2319 520 2351 fas
544 2320 625 2358 effe,
650 2328 714 2351 non
739 2327 836 2350 invita
862 2317 938 2350 Ora-

72 2360 180 2396 tione,
204 2362 297 2390 etiam
314 2359 370 2390 alia
387 2361 530 2399 admitti3
554 2360 573 2392 fi
592 2369 661 2401 quae
682 2360 806 2406 suadeat
826 2360 938 2400 proba·

72 2400 145 2432 bilis
168 2409 272 2439 ratio;
295 2400 420 2431 assuetis
439 2401 631 2439 Veteribus,
653 2401 787 2432 articulo
805 2410 868 2432 uno
886 2408 939 2432 aut

73 2441 173 2471 altero
197 2441 301 2482 Lege,
327 2441 460 2479 EuiCto,
492 2442 669 2474 Senatusve
698 2441 864 2479 consulto,
887 2451 939 2473 ex-

73 2480 195 2520 presso,
233 2483 482 2522 argumentando
518 2486 555 2515 ad
593 2483 699 2515 similia
737 2485 911 2524 procedere
928 2506 938 2522 ,

77 2529 264 2561 quamquam
287 2533 347 2555 non
366 2524 516 2566 expreffa.
564 2523 638 2556 Hoc
656 2527 754 2556 modo
782 2524 894 2555 Paulus
918 2525 937 2554 i.

74 2566 124 2594 28.
146 2562 174 2603 §.
199 2572 226 2593 2.
251 2559 290 2593 D.
315 2566 343 2595 b.
365 2571 386 2596 t.
417 2566 449 2596 Si
469 2576 561 2607 quas,
589 2565 716 2605 inquit,
740 2564 820 2606 firvi
843 2573 938 2611 operas

73 2603 135 2632 viri
150 2604 235 2633 uxori
255 2603 456 2645 prastiterzrit,
478 2608 525 2638 vel
549 2613 670 2638 contra:
692 2608 784 2647 magis
806 2607 937 2647 placuit,

75 2644 187 2674 nullam
202 2645 356 2674 [iubendam
373 2656 471 2679 earum
494 2655 643 2679 rationem.
687 2647 797 2679 Paulus
818 2648 937 2686 verbo,

68 2684 201 2725 placuit,
228 2684 394 2725 significat,
418 2689 480 2719 hoc
497 2692 782 2729 temperamentum
801 2698 864 2734 non
884 2698 935 2719 ve·

73 2726 141 2756 nire
158 2734 197 2756 ex
216 2727 318 2756 verbis
335 2725 517 2768 Orationis;
540 2730 590 2761 sed
614 2740 653 2761 ex
677 2730 879 2762 similitudine
905 2739 933 2760 e-

71 2764 119 2807 jus
135 2767 218 2805 quod
245 2765 399 2799 Oratione
423 2769 466 2800 est
491 2771 771 2809 comprehensum:
795 2771 934 2810 explora-

72 2814 125 2845 to,
149 2808 352 2839 donationem
370 2818 406 2839 ea
423 2819 485 2841 non
504 2811 679 2851 prohiberi,
704 2820 737 2843 ut
756 2820 866 2883 cpereat
883 2820 937 2842 aut

73 2849 230 2880 minuatur
256 2849 427 2889 conjugalis
449 2850 694 2892 benevolentia3
725 2853 753 2884 se
800 2853 931 2883 retinea-

74 2892 134 2920 tur.
177 2887 244 2929 Ipse
262 2889 301 2921 fic
326 2891 438 2922 Paulus
461 2893 488 2923 d.
514 2893 562 2924 loc.
585 2894 626 2924 Et
647 2903 716 2932 sone
740 2903 797 2925 riori
820 2902 933 2932 amare,

73 2939 124 2962 nec
146 2935 291 2971 tamquam
312 2933 386 2962 inter
406 2928 521 2973 infestos
535 2934 586 2975 jus
603 2937 752 2974 probibitce
774 2935 936 2970 donationis

72 2970 255 3003 imitandum
271 2969 329 3011 est;
355 2975 398 3006 led
416 2979 448 3003 ut
462 2975 536 3004 inter
549 2975 713 3016 conjuiieios
737 2978 861 3007 maxiiizo
885 2975 929 3013 af·

63 3011 168 3053 fectu,
192 3012 229 3047 ξεῖ)
243 3014 329 3049 soloni
345 3015 468 3053 inopiam
491 3017 627 3048 timenter.
670 3018 720 3048 Ab
744 3021 854 3048 eadem
880 3024 933 3048 aut

71 3053 158 3085 simili
183 3054 446 3094 interpretatione
471 3057 575 3095 venit,-
599 3058 685 3098 quod
711 3058 795 3088 idem
822 3057 932 3088 Paulus

65 3089 90 3126 l.
108 3103 153 3133 14.
171 3093 211 3125 D.
229 3095 256 3124 b.
272 3101 292 3125 t.
311 3094 434 3134 scribit,
458 3094 479 3127 si
496 3097 542 3128 vir
557 3097 663 3136 uxori,
687 3098 773 3142 eujus
788 3099 871 3129 aedes
888 3101 931 3130 in-

67 3135 182 3166 cendio
200 3136 395 3176 consumpta·
418 3137 497 3174 sint,
527 3139 564 3169 ad
593 3138 800 3170 refectionem
825 3148 931 3172 earum

67 3177 247 3249 peffuniari‘l
257 3178 449 3218 donaverit,
472 3179 556 3211 valet
578 3180 709 3213 donatio
733 3180 765 3212 in
790 3188 933 3221 tantum,

133 3227 186 3249 eiii.
247 3241 254 3250 .

1788 98 1858 144 403

982 178 1013 209 in
1035 188 1188 220 quantum
1218 182 1341 215 aedificii
1367 186 1538 218 exstructio
1565 185 1711 226 postulat.
1754 185 1790 218 id
1812 193 1854 218 eo

981 229 1099 252 certius
1122 223 1254 254 dixerim
1271 236 1279 255 ε
1304 226 1375 266 quia
1389 228 1485 268 longe
1500 227 1589 259 aliter
1607 229 1774 260 arbitratur
1797 226 1853 260 Ul-

982 262 1090 300 pianus
1110 263 1129 293 l.
1152 272 1197 303 13.
1223 265 1250 305 ς.
1270 266 1322 297 ult.
1348 269 1376 299 d.
1405 276 1426 299 t.
1449 268 1472 300 fi
1496 269 1572 309 quid
1588 269 1696 301 datum
1724 268 1760 301 fit
1783 278 1852 301 non

981 305 1018 333 ad
1039 302 1181 335 solatium
1198 305 1367 338 consimilis
1382 310 1589 349 calamitatis,
1612 311 1663 343 sed
1685 311 1725 342 ad
1743 311 1851 343 villam

980 346 1189 376 extruendam
1210 347 1258 377 vel
1274 352 1382 387 agrum
1401 350 1583 381 serendum:
1597 353 1684 392 quod
1703 351 1848 393 alioquin

981 383 1118 414 facturus
1137 395 1201 416 non
1219 397 1285 419 erat
1302 397 1327 419 is
1342 388 1394 428 qui
1412 392 1547 430 accepit.
1573 401 1646 424 nam
1665 392 1725 432 ait,
1750 393 1780 425 id
1804 392 1852 424 in-

981 425 1087 455 cidere
1103 427 1134 455 in
1153 427 1287 466 speciem
1309 430 1493 464 donationis
1510 431 1592 463 inter
1609 435 1709 466 virum
1726 435 1756 466 &
1772 443 1851 478 ux07

981 473 1046 496 rein
1078 467 1257 504 prohibitae.
1301 470 1428 503 Licebit
1457 472 1534 504 mihi
1559 472 1644 506 forte
1667 475 1761 508 etiam
1786 475 1850 507 huc

981 507 1117 544 referre,
1144 511 1232 547 quod
1250 510 1280 541 in
1296 511 1316 542 l.
1339 517 1385 547 18.
1408 512 1450 544 D.
1467 514 1494 544 b.
1510 519 1532 545 t.
1556 515 1596 546 ita
1623 516 1728 548 scribit
1752 517 1848 550 Pom-

981 549 1110 587 ponius:
1133 549 1164 580 Si
1192 550 1238 581 vir
1257 556 1384 592 uxoris,
1416 562 1469 585 aut
1493 563 1572 587 uxor
1596 555 1652 589 viri
1677 557 1771 590 servis
1793 565 1850 589 aut

981 588 1175 621 vestimentis
1192 590 1281 630 usus,
1306 595 1355 626 vel
1374 595 1422 625 usa
1447 595 1564 634 fuerit,
1596 599 1701 633 velin
1729 600 1849 632 aedibus

979 629 1044 669 ejus
1059 639 1153 670 gratis
1170 632 1379 675 habitaverit,
1392 637 1476 667 valet
1493 638 1634 670 donatio.
1647 637 1720 671 Non
1743 642 1847 672 minus

979 670 1071 710 possit
1090 671 1152 702 huc
1169 673 1281 706 referri
1301 675 1362 707 hoc
1387 678 1557 710 Alexandri
1581 679 1600 710 i.
1621 685 1668 721 13.
1687 680 1720 713 C.
1743 683 1777 711 de
1799 689 1851 712 rie-

974 718 1035 752 got.
1049 713 1120 752 gest.
1147 713 1244 755 Quod
1262 720 1291 747 in
1309 726 1441 751 uxorein
1460 727 1544 750 tuam
1563 729 1675 762 aegram
1692 721 1849 763 erogasti,

979 762 1042 783 non
1061 764 1077 784 a
1097 754 1207 786 socero
1225 767 1388 799 repetere,
1405 760 1456 791 sed
1472 760 1588 793 athoni
1608 770 1670 793 tuae
1686 763 1786 795 debes
1795 772 1852 795 ex-

977 796 1129 833 pendere.
1182 795 1336 839 Idemque
1363 801 1532 833 dicendum
1557 811 1686 845 quoque
1709 806 1749 836 de
1779 804 1848 836 aliis

976 834 1140 878 impensis,
1164 837 1184 868 si
1200 847 1269 878 quae
1293 850 1336 876 ‚ex
1355 841 1464 874 officio
1488 851 1504 874 a
1528 844 1641 876 marito
1668 852 1722 877 aut
1746 854 1850 877 uxore

976 876 1121 920 dicantur
1140 876 1239 910 faeiae.
1283 879 1356 912 Nec
1373 890 1477 915 tamen
1504 885 1533 915 in
1557 885 1604 917 liis
1622 887 1849 928 negligendum

977 916 1064 956 quod
1084 927 1114 948 in
1139 919 1158 949 i.
1176 929 1226 958 47.
1250 919 1291 953 D.
1316 924 1343 954 b.
1361 928 1381 954 t.
1410 923 1440 955 in
1466 925 1552 956 hunc
1582 930 1712 960 modum
1737 935 1850 959 monet

977 957 1106 990 Celsus:
1134 959 1245 992 Utrum
1263 966 1409 1005 negotium
1433 969 1531 997 uxoris
1550 977 1670 1007 gerens,
1693 978 1733 1001 an
1756 968 1847 1010 officio

978 1000 1081 1030 mariti
1104 1000 1227 1040 antias,
1258 1004 1290 1034 iii
1316 1015 1374 1037 rem
1393 1006 1455 1047 ejus
1478 1009 1645 1048 impenderit
1666 1013 1733 1049 vir,
1747 1009 1849 1050 fasti,

978 1049 1035 1071 noiz
1051 1041 1128 1080 juris
1149 1041 1187 1082 esi}
1202 1043 1325 1084 questio.
1350 1047 1513 1088 conjectura
1532 1050 1593 1091 ejus
1609 1053 1650 1082 rei
1665 1060 1702 1082 ex
1717 1053 1795 1083 modo
1811 1051 1850 1086 ἕξ

978 1091 1014 1112 ex
1027 1090 1130 1122 genere
1144 1086 1273 1125 impensi&
1291 1097 1348 1118 non
1362 1088 1486 1130 difficilis
1502 1089 1550 1130 est.

1018 1123 1198 1157 l'tohibitas
1214 1129 1295 1158 'inter
1313 1128 1411 1160 vii-um
1429 1131 1457 1162 δι
1474 1141 1607 1164 uxorem
1631 1132 1767 1166 Vidimus
1793 1133 1851 1166 do·

979 1165 1132 1198 nationes.
1158 1166 1319 1199 videamus
1343 1170 1491 1203 effectum
1517 1173 1750 1213 prohibitionis.
1797 1175 1851 1207 Ait

979 1203 1109 1236 Oratio:
1133 1208 1267 1249 iiiajores
1283 1210 1372 1250 nostri
1388 1214 1463 1244 inter
1484 1216 1582 1246 virum
1605 1215 1642 1250 &²
1663 1226 1780 1249 uxorem
1802 1218 1852 1248 cio-

978 1254 1107 1278 iiatiories
1117 1251 1333 1288 prohibuerunt.
1375 1251 1524 1286 Notanda
1543 1255 1610 1287 sunt
1639 1257 1708 1289 haec
1733 1258 1848 1296 verba;

978 1296 1048 1319 nam
1076 1289 1193 1333 habent
1218 1290 1354 1325 formam
1379 1295 1472 1336 Legis
1493 1295 1706 1337 imperfectae:
1730 1298 1760 1331 id
1782 1299 1849 1338 est,

980 1337 1015 1360 ut
1042 1327 1193 1375 Ulpianus
1220 1331 1279 1365 Tit.
1307 1343 1332 1367 1.
1357 1334 1385 1376 §.
1407 1345 1432 1368 1.
1461 1337 1706 1379 interpretatur,
1738 1340 1850 1372 saitem

979 1369 1196 1414 prohibentis,
1227 1383 1287 1406 non
1311 1385 1405 1408 etiam
1430 1379 1646 1412 rescindentiS.
1671 1389 1794 1413 tantum
1818 1390 1850 1412 e-

978 1420 1042 1442 nim
1064 1413 1166 1452 ajunt,
1191 1414 1331 1456 MaJ'ores
1348 1419 1540 1457 prohibuisse
1555 1421 1763 1455 donationes:
1781 1431 1850 1454 non

978 1454 1118 1493 addunt,
1140 1455 1307 1488 infirmass'e
1325 1466 1377 1490 aut
1397 1459 1559 1492 rescidisse.
1581 1464 1696 1502 opinor
1721 1471 1849 1502 tamen,

979 1494 1082 1535 legem
1106 1495 1215 1527 haberi
1230 1507 1381 1538 oportere
1399 1500 1638 1541 perfectarum
1652 1504 1847 1537 donationes

978 1536 1060 1566 inter
1087 1538 1187 1568 virum
1214 1538 1243 1569 ὅ(
1269 1549 1400 1572 uxorem
1420 1551 1491 1574 cum
1514 1553 1531 1574 a
1557 1543 1752 1586 Majorffius,
1778 1554 1848 1578 tum

981 1576 1038 1606 hac
1056 1575 1210 1609 Oratione
1227 1589 1291 1611 non
1317 1583 1491 1621 prohibitas
1517 1593 1659 1621 tantum,
1686 1586 1736 1619 sed
1763 1587 1848 1619 infir·

980 1624 1077 1648 matas
1095 1628 1224 1660 quoque
1237 1622 1264 1652 ἃ
1281 1623 1415 1655 rescissas
1426 1624 1526 1656 fuiffe.
1538 1626 1570 1658 ld
1587 1637 1625 1658 ex
1642 1626 1798 1660 Oratione
1813 1628 1849 1660 li-

981 1668 1094 1699 queret
1111 1663 1174 1701 ipia
1190 1664 1303 1701 procul
1319 1665 1466 1704 dubio‚fi
1483 1666 1638 1707 integrum
1657 1668 1847 1702 haberemus

980 1700 1095 1740 Caput.
1119 1710 1203 1733 nunc
1221 1706 1308 1744 quod
1332 1706 1431 1745 licet,
1456 1708 1576 1749 colligo
1599 1719 1638 1740 ex
1662 1710 1711 1742 his
1739 1711 1847 1743 verbis

981 1740 1101 1781 Capitis
1118 1742 1245 1776 secundi
1261 1746 1292 1777 in
1308 1745 1328 1778 l.
1345 1756 1393 1787 32.
1412 1748 1442 1790 §.
1456 1758 1484 1780 2.
1503 1748 1543 1780 D.
1558 1750 1585 1781 b.
1601 1756 1623 1782 t.
1647 1750 1703 1783 Fas
1718 1751 1767 1793 effe
1781 1761 1848 1793 eunt
1871 1763 1873 1767 ⁴

979 1784 1094 1822 quidem
1117 1786 1168 1825 qui
1190 1787 1310 1817 donavit
1330 1791 1484 1829 poenitere,
1505 1791 1630 1823 heredem
1653 1802 1720 1824 vero
1742 1796 1850 1834 eripere

972 1822 1100 1863 sorfitan
1116 1833 1252 1865 aaveiyus
1266 1828 1445 1862 voluntatem
1460 1832 1624 1872 supremam
1638 1834 1700 1876 ejus
1722 1837 1773 1877 qui
1795 1837 1848 1867 do-

980 1870 1095 1895 naverit
1113 1869 1218 1898 aurum
1240 1867 1277 1903 ἐξ
1298 1875 1422 1902 avorum
1443 1872 1502 1913 effe.
1546 1873 1647 1905 Mitto
1668 1884 1706 1907 ea
1728 1876 1846 1909 verba:

980 1906 1063 1936 clare
1088 1904 1240 1948 Ulpianus
1263 1910 1281 1940 l.
1300 1920 1328 1951 3.
1350 1911 1369 1953 §
1399 1922 1444 1945 10.
1470 1913 1510 1945 D.
1525 1916 1554 1945 d.
1572 1921 1594 1947 t.
1618 1915 1773 1950 Sciendum
1785 1915 1848 1957 est,

980 1946 1101 1987 inquit,
1123 1950 1166 1981 ita
1180 1952 1361 1984 interdibiam
1377 1954 1453 1985 inter
1471 1957 1570 1987 virum
1592 1955 1630 1991 ἐξ
1657 1967 1773 1990 uxorem
1793 1958 1848 2000 effe

979 1991 1173 2029 donationem,
1195 1999 1229 2022 ut
1249 1994 1305 2033 ipso
1314 1994 1383 2035 jure
1397 1996 1469 2026 nibil
1483 1998 1580 2028 valeat
1589 2001 1665 2039 quod
1680 1999 1778 2031 aetum
1794 1999 1848 2041 est.

980 2028 1011 2059 Si
1029 2039 1125 2062 vere:
1151 2034 1314 2072 probanda
1328 2034 1373 2067 est
1390 2035 1521 2078 sequens
1537 2039 1728 2080 ejusillatio:
1740 2042 1847 2073 Proin-

980 2072 1013 2101 de
1027 2092 1037 2109 ,
1051 2069 1081 2109 fi
1102 2079 1200 2113 corpus
1208 2073 1249 2111 fit
1264 2077 1339 2116 quod
1353 2078 1494 2118 donatur,
1516 2079 1567 2121 (id
1584 2080 1647 2119 est,
1675 2090 1708 2113 ut
1724 2084 1847 2123 egoin-

981 2119 1140 2151 terpretor
1156 2115 1242 2154 quod
1263 2116 1392 2150 traditur
1409 2129 1450 2151 ex
1471 2121 1559 2152 causa
1575 2122 1772 2164 donationis)
1793 2133 1846 2156 nee

981 2155 1096 2184 traditio
1117 2156 1274 2197 quidquam
1288 2159 1381 2196 valet3
1406 2160 1442 2194 ὃ)
1456 2160 1489 2203 si
1500 2159 1658 2202 stipulanti
1675 2164 1845 2205 promzffum

973 2192 1015 2235 fit
1038 2195 1082 2225 vel
1104 2204 1212 2237 accepto
1234 2198 1346 2238 latum,
1368 2202 1442 2232 nihil
1462 2204 1551 2233 valet.
1598 2201 1671 2247 Qua
1693 2206 1845 2239 ratione?

982 2234 1064 2267 hanc
1086 2237 1190 2269 adfert
1210 2249 1218 2270 ε
1243 2239 1304 2281 Ipso
1326 2243 1402 2273 enim
1418 2243 1487 2283 jure
1510 2253 1572 2284 quai
1593 2246 1667 2276 inter
1689 2248 1785 2278 virum
1806 2248 1846 2284 ὅ)

981 2286 1098 2308 uxorem
1112 2282 1273 2311 avitationis
1287 2288 1373 2321 causa
1394 2290 1555 2323 geruntur,
1577 2286 1688 2317 nullius
1709 2291 1845 2321 momenti

971 2322 1057 2357 suni.
1102 2319 1189 2361 Quid
1207 2322 1300 2362 igitur
1315 2323 1359 2354 est
1375 2324 1391 2355 ἱ)
1414 2324 1447 2354 Si
1463 2325 1546 2366 quir,
1570 2325 1691 2366 inquit,
1714 2338 1845 2363 nummos

982 2361 1068 2390 uxori
1092 2363 1219 2400 dederit,
1255 2363 1286 2394 id
1303 2364 1366 2402 est,
1390 2364 1453 2405 ipse
1480 2375 1534 2405 per
1557 2365 1586 2398 se
1611 2369 1753 2409 dederit,
1785 2382 1844 2404 non

975 2402 1044 2440 sieri
1061 2401 1121 2442 ejus
1136 2410 1271 2444 apparet,
1293 2406 1363 2445 quia
1384 2406 1458 2436 nibil
1472 2410 1593 2447 corporis
1608 2409 1669 2451 ejus
1687 2410 1772 2449 fieri,
1790 2421 1846 2455 pa-

980 2442 1037 2472 lam
1054 2443 1091 2482 est
1106 2448 1133 2474 a.
1149 2446 1168 2475 i.
1190 2454 1219 2485 3.
1250 2444 1279 2485 §.
1302 2455 1347 2476 11.
1395 2445 1482 2489 Quid
1505 2448 1525 2479 si
1546 2458 1602 2489 per
1627 2453 1842 2493 interpositam

982 2485 1104 2515 dederit
1121 2485 1310 2524 personam?
1339 2486 1407 2519 fac:
1427 2488 1527 2528 juffit,
1557 2490 1734 2525 debitorem
1756 2494 1844 2528 suum

981 2525 1009 2555 ei
1029 2524 1167 2556 solvere:
1190 2536 1227 2557 an
1243 2527 1307 2566 ejus
1332 2527 1409 2559 fient
1434 2533 1573 2570 nummi,
1596 2532 1788 2577 debitorque
1812 2538 1846 2570 ii-

981 2565 1131 2598 bei-atur?
1156 2567 1248 2598 Hanc
1265 2568 1470 2607 quaestione-m
1488 2571 1629 2604 tractavit
1655 2574 1782 2610 Celsus:
1812 2579 1841 2610 &

983 2608 1131 2644 bimanus
1147 2608 1176 2649 §.
1197 2618 1241 2640 12.
1265 2611 1326 2648 ait,
1349 2620 1421 2642 eum
1439 2611 1591 2652 scribere,
1616 2615 1646 2647 ἃ.
1664 2617 1843 2650 debitorem

978 2647 1145 2680 liberatum
1163 2650 1192 2681 ἂ
1211 2660 1357 2682 nummos
1375 2654 1497 2692 mariti,
1519 2663 1583 2686 non
1600 2659 1707 2691 uxoris
1722 2659 1840 2693 factos:

980 2692 1075 2729 idque
1091 2691 1131 2721 sic
1152 2691 1362 2724 demonstrat:
1386 2694 1469 2725 A‘aiiz
1487 2694 1560 2734 &fi
1575 2698 1688 2730 donatio
1708 2701 1778 2740 jure
1800 2702 1840 2731 ci-

977 2732 1030 2761 vili
1055 2740 1110 2761 riori
1130 2733 1330 2773 impediretur,
1353 2744 1416 2766 euin
1442 2739 1484 2767 rei
1501 2735 1585 2778 geflae
1609 2741 1732 2770 ordinem
1748 2741 1840 2779 futu-

978 2781 1062 2810 rum,
1085 2779 1118 2803 ut
1136 2776 1260 2813 pecunia
1276 2777 1314 2805 aa
1337 2781 1363 2805 te
1382 2787 1400 2807 a
1417 2777 1536 2809 debitore
1562 2785 1627 2817 tuo,
1649 2780 1748 2810 deinde
1773 2792 1790 2812 a
1811 2787 1839 2812 te

979 2814 1015 2843 ad
1029 2813 1173 2844 mulierem
1183 2818 1360 2854 perveniret:
1382 2827 1449 2849 nam
1471 2820 1610 2850 celeritate
1624 2821 1838 2861 conjungenda-

979 2863 1044 2884 rum
1059 2855 1135 2885 inter
1142 2863 1176 2894 se
1188 2855 1332 2888 actionum
1349 2868 1436 2890 uriam
1459 2860 1595 2892 abiionem
1611 2863 1758 2893 occultari.
1782 2873 1838 2893 cae-

978 2901 1070 2926 terum
1091 2897 1241 2928 debitorem
1265 2900 1395 2931 creditori
1419 2903 1504 2938 dare,
1534 2902 1698 2931 creditorem
1728 2905 1816 2934 uxori
1824 2915 1837 2934 .-

977 2945 1027 2966 nec
1055 2945 1161 2968 novum
1185 2944 1238 2969 aut
1260 2941 1366 2971 mirum
1387 2941 1456 2982 effe,
1479 2943 1553 2981 quod
1576 2948 1628 2980 per
1651 2942 1741 2973 alium
1764 2946 1841 2976 acci·

974 2979 1053 3017 pias,
1075 2983 1100 3008 te
1120 2980 1256 3020 accipere.
1297 2981 1378 3013 Nam
1394 2982 1430 3017 ἐξ
1439 2981 1467 3019 ]ἱ
1481 2985 1503 3012 is
1521 2983 1571 3021 qui
1587 2983 1732 3014 creditoris
1750 2986 1837 3024 tuise

970 3025 1179 3059 procuratorem
1197 3021 1247 3061 effe
1256 3020 1456 3059 simulaverit,
1480 3032 1497 3052 a
1510 3023 1631 3052 debitore
1647 3029 1715 3063 tuo,
1730 3026 1838 3065 julien-

974 3067 1000 3089 te
1015 3066 1064 3099 ie,
1081 3063 1233 3101 pecuniam
1251 3066 1407 3103 acceperit,
1430 3061 1465 3095 ἐξ
1479 3062 1563 3101 furti
1585 3062 1722 3096 astionem
1744 3072 1771 3096 te
1785 3068 1836 3099 ha-

975 3101 1036 3131 bere
1053 3100 1179 3142 constat,
1203 3103 1239 3138 ὃ*
1256 3104 1342 3145 ipsam
1363 3106 1514 3142 pecuniam
1529 3109 1609 3134 tuam
1632 3104 1693 3145 effe.
1735 3108 1835 3141 Addit

976 3138 1124 3182 Ulpianus
1153 3144 1254 3185 §.13.
1295 3143 1378 3174 Huic
1399 3144 1550 3181 sententiae
1579 3147 1749 3187 consequens
1776 3148 1836 3190 est,

972 3185 1045 3224 quod
1060 3183 1204 3225 Julianus
1219 3185 1288 3217 libro
1297 3184 1419 3255 Jesstimo
1435 3185 1539 3217 decimo
1561 3183 1748 3228 Digestorum
1761 3193 1835 3257 sss*

1364 3233 1397 3254 ei·
1418 3234 1437 3256 2
1763 3235 1780 3268 ρ
1794 3237 1835 3265 ιι,
