2036 3495
143 144 215 186 326
584 134 619 169 G
648 145 668 168 E
702 144 724 167 R
756 143 777 167 A
810 145 831 169 n
863 142 886 167 D
916 143 930 167 1

152 228 251 267 ritur,
275 229 362 268 cujus
379 228 412 258 sit
427 224 602 266 periculum
623 221 823 253 concisorum
841 220 1021 254 lectorum?

155 278 192 301 ut
217 269 281 300 hoc
304 269 521 306 intelligatur:
551 264 889 300 animadvertendum,
921 262 1022 294 lectos

154 320 222 347 noi]
248 308 371 350 periiss'e
394 307 479 337 fatali
505 304 594 341 casu,
619 304 670 335 sed
697 303 784 335 facto
806 303 921 335 AEdilis
938 326 948 342 ,
985 304 1018 335 id

155 351 220 389 est,
246 351 353 390 injuria
370 345 590 386 Magistratus:
612 347 664 377 cui
681 345 775 376 resisti
793 345 836 375 ob
852 345 918 384 ejus
937 353 1025 384 pote-

155 392 267 424 statem
299 398 359 419 non
393 397 510 427 potuit.
567 386 600 418 In
625 397 665 418 eo
692 387 760 418 casu
792 386 910 426 duplex
936 385 1024 417 Pauli

154 431 308 471 inspectio
333 430 363 459 in
385 431 413 458 d.
436 429 455 459 l.
476 437 521 460 12.
547 432 625 465 u'na,
650 428 738 460 lectis
762 426 933 467 emptoria
950 436 1023 458 ven-

155 474 262 504 ditore
286 470 435 501 traditis:
467 470 584 507 altera,
613 470 755 500 nondum
781 467 911 499 traditis.
936 469 1023 509 quod

154 515 195 544 ad
222 511 358 552 priorem
386 512 518 542 attinet:
543 510 585 542 ait
608 511 739 548 Paulus,
764 510 917 549 emptoris
942 510 1023 550 peri-

154 554 260 584 culum
286 551 367 591 esse3
391 552 420 583 δε
445 552 548 583 reste:
572 553 644 590 quia
668 551 738 582 letti
757 552 821 591 ejus
847 550 933 590 sunt,
959 560 1023 582 em-

153 595 268 635 ptione
293 603 350 634 per
368 592 569 625 traditionem
587 594 820 624 consummata:
842 601 894 622 res
917 599 1023 623 autem

153 636 239 676 perit
257 634 400 666 domino.
447 634 533 666 Idem
549 633 657 665 censet
674 634 785 665 Paulus
802 633 831 664 in
845 633 1022 672 posteriore

154 676 236 708 casu.
259 677 310 716 qui
329 676 393 714 est,
417 676 505 708 lectis
523 676 664 707 nondum
689 675 825 706 traditis:
848 673 871 706 fi
886 684 942 714 pei·
958 683 1023 705 em-

152 726 282 758 ptorem
305 717 409 754 stetit,
434 726 498 757 quo
525 718 628 748 minus
653 716 862 747 traderentur.
887 715 917 746 ὅ(
935 715 1022 746 vide-

154 768 205 790 tur
223 759 334 791 Paulus
349 758 401 789 hic
420 768 459 788 eo
481 766 608 795 motus,
632 759 720 796 quod
734 766 822 788 mora
842 757 880 787 ab
897 764 1019 796 empto-

153 811 188 832 re
204 799 382 837 commissa,
407 809 422 829 a
441 799 609 830 venditore
626 808 690 829 non
715 799 827 838 culpa,
851 797 903 829 sed
929 798 1022 829 dolus

153 843 254 874 malus
280 840 324 872 est
347 840 583 879 praellandus1l.
601 850 630 880 5.
651 839 672 870 vl.
694 848 740 880 17.
765 839 808 871 D.
831 839 859 869 h.
880 845 901 869 t.
924 848 1021 879 porro

153 882 244 914 lectis
271 883 301 914 in
326 881 373 912 via
401 882 618 921 imprudenter
634 880 759 922 positis,
782 889 846 911 non
870 879 915 912 est
931 880 1024 911 dolus

152 925 274 961 malus,
297 924 394 962 inagis
417 922 509 962 culpa
533 922 666 953 videtur.
710 922 765 953 Sic
777 921 910 958 Paulus,
932 921 1023 952 lestis

151 964 292 1004 emptori
312 963 449 1002 traditis,
472 971 526 995 aut
543 973 631 995 mora
650 963 688 994 ab
705 974 746 994 eo
763 962 935 994 commiss'a.
980 961 1023 993 Et

153 1006 198 1037 est
214 1005 466 1042 observandum,
489 1005 576 1045 quod
602 1014 679 1036 mox
704 1014 744 1035 ex
760 1004 884 1043 Juliano
902 1002 1023 1043 subjici·

152 1057 203 1079 tui·
230 1048 248 1078 l.
272 1056 316 1087 13·
348 1055 420 1077 eum
446 1046 550 1078 laesum
573 1045 661 1077 facio
684 1046 818 1084 AEdilis‚
844 1044 1022 1076 habiturum

153 1098 226 1120 cum
242 1087 399 1127 AEdile,fl
415 1087 446 1119 id
466 1097 529 1119 nori
543 1088 612 1128 jure
629 1086 772 1131 foeiss‘et,
788 1086 946 1118 astionem
963 1085 1023 1116 Le-

153 1131 202 1170 gis
220 1130 373 1170 Aquiliae3
395 1138 449 1160 aut
474 1137 562 1160 certe
577 1137 650 1160 cum
671 1129 840 1159 venditore
856 1136 897 1159 ex
911 1135 1022 1165 empto

153 1172 316 1210 asturum,
347 1179 382 1202 ut
405 1173 430 1203 is
449 1170 590 1201 actiones
614 1169 698 1207 suas,
723 1179 800 1209 quas
822 1178 894 1200 cum
916 1168 1023 1213 AEdile

152 1211 326 1251 habuiffet,
350 1212 379 1244 ei
406 1211 575 1252 praestaret.
628 1210 717 1253 Quid
742 1211 761 1242 si
787 1219 891 1250 neque
915 1209 1022 1241 traditi

151 1254 212 1286 fint
229 1254 367 1295 emptori
385 1253 476 1292 letti-3
500 1261 604 1292 neque
626 1253 652 1283 is
667 1253 697 1283 in
715 1260 802 1283 mora
817 1251 932 1290 fuerit,
956 1259 1021 1291 quo

152 1295 257 1328 minus
274 1295 496 1327 traderentur?
521 1294 563 1325 ait
579 1293 691 1325 Paulus
708 1293 738 1324 in
757 1295 783 1325 d.
802 1293 821 1323 l.
844 1301 889 1332 14.
913 1293 1021 1324 vendi·-

154 1336 234 1368 toris
251 1336 395 1377 periculo
411 1335 496 1367 fore.
540 1334 638 1373 Esto,
662 1335 680 1365 si
705 1335 771 1374 ejus
795 1343 881 1379 mora
899 1332 1024 1365 accuse*-

153 1386 225 1410 1·ur:
249 1387 321 1417 narn
336 1377 423 1415 haec,
442 1386 476 1408 ut
495 1377 523 1408 ei
538 1383 677 1414 noceat,
693 1376 824 1407 rationis
840 1375 885 1406 est
901 1377 926 1406 d.
944 1375 962 1407 l.
976 1383 1021 1415 17.

155 1420 184 1451 b.
207 1425 228 1450 t.
271 1418 392 1452 Verum
414 1417 590 1459 fingamus,
613 1426 678 1449 non
703 1425 824 1448 moram
842 1415 947 1457 argui,
970 1415 1025 1448 sed

156 1461 295 1500 culpam.
339 1459 392 1491 De
408 1459 466 1490 bac
481 1458 549 1490 filet
566 1458 690 1489 Paulus.
714 1467 825 1488 verum
841 1467 890 1489 res
907 1456 1026 1496 suadet,

155 1503 242 1533 idern
268 1501 308 1532 de
333 1501 425 1539 culpa
449 1500 570 1537 videri«,
594 1499 681 1538 quod
706 1498 747 1529 de
777 1508 862 1530 mora
895 1498 1025 1530 ditium.

155 1542 264 1585 Quid,
289 1541 309 1572 fi
343 1539 451 1581 injuria
476 1540 536 1571 [int
558 1538 677 1571 concisi
709 1538 799 1577 letti,
829 1539 891 1571 line
916 1540 1025 1571 vendi-

156 1584 234 1615 toris
258 1591 346 1613 mora
372 1582 399 1612 ὅι
422 1581 538 1622 culpa?
567 1581 645 1612 milii
672 1580 798 1620 placet,
830 1581 880 1612 vel
904 1581 942 1611 iic
965 1580 1025 1612 effe

154 1624 333 1655 venditoris
349 1622 543 1661 periculum3
567 1631 663 1662 atque
681 1621 745 1653 hoc
763 1631 857 1662 agere
874 1622 1025 1661 Paulum,

154 1665 231 1698 licet
250 1665 289 1696 de
306 1664 365 1695 isto
382 1672 512 1704 quoque
535 1671 619 1694 tacet
637 1663 717 1694 casu.
763 1662 841 1706 Quo
861 1673 1024 1704 argumen-

157 1707 293 1739 to?non
313 1705 374 1736 alio
387 1729 395 1742 ‚
421 1714 514 1745 quarn
531 1706 619 1744 quod
635 1704 706 1735 letti
724 1713 787 1735 non
806 1705 930 1743 periere
946 1704 1025 1735 fata-

152 1749 175 1780 li
194 1747 287 1786 casu3
311 1748 361 1778 sed
381 1745 497 1778 concisi
514 1746 544 1777 &
561 1746 675 1786 perditi
695 1744 762 1776 sunt
780 1745 886 1785 injuria
902 1745 1025 1777 AEdilis.

154 1799 218 1820 nec
234 1789 313 1820 male
332 1787 431 1819 visum
443 1787 786 1826 Veteribus,injuriam
804 1787 961 1818 venditori
981 1786 1026 1817 fa-

155 1829 250 1869 Ctam‚
263 1830 420 1862 venditori
431 1838 549 1867 nocere
560 1829 656 1868 3s1cut
667 1827 772 1867 injuria
782 1829 919 1868 emptori
930 1827 1025 1866 satia,

157 1872 296 1913 emptori
308 1879 415 1903 nocet.
429 1869 482 1902 Est
495 1880 572 1901 vero
582 1870 608 1901 ei
619 1870 831 1909 conlequens,
843 1878 876 1900 ut
887 1878 952 1900 tum
961 1879 1024 1900 eiii-

155 1912 399 1954 ptoriadversus
418 1913 618 1943 venditorem
631 1911 701 1949 ,cui
721 1910 797 1941 nihil
814 1909 958 1951 imputari
972 1920 1026 1950 po·

158 1951 220 1987 test
233 1979 240 1992 ,
252 1955 335 1986 attio
346 1964 385 1985 ex
395 1961 506 1993 empto
517 1955 626 1985 detur:
639 1961 703 1983 non
713 1951 792 1982 adid
806 1952 891 1991 quod
903 1952 967 1991 ejus
984 1952 1027 1983 in-

158 1997 244 2028 tersit
271 2005 336 2027 rem
362 1996 439 2027 tradi
463 2005 503 2027 ex
530 2003 639 2026 natura
667 1993 732 2032 ejus
750 1993 899 2032 aelionis,
924 1993 975 2024 sed
994 2001 1027 2024 ut

156 2038 316 2079 pretium,
346 2036 367 2069 fi
393 2038 476 2075 quod
502 2036 588 2068 forte
618 2034 710 2067 solvit
726 2057 735 2072 ,
765 2033 793 2065 ei
818 2044 834 2065 a
858 2035 1028 2066 venditore

158 2079 351 2110 restituatur.
393 2077 490 2109 Fuiss'e
508 2086 613 2109 autem
640 2076 739 2108 rectos
758 2076 797 2106 ab
816 2075 921 2107 AEdile
939 2076 1028 2107 nullo

157 2122 224 2160 Jure
241 2119 405 2156 concisos,
430 2128 492 2150 nou
520 2120 649 2160 quidem
667 2116 765 2158 liquet
783 2118 812 2148 in
830 2120 858 2148 d.
877 2118 895 2148 l.
921 2126 965 2149 12.
991 2116 1027 2152 ὃ)

161 2172 209 2200 14·
233 2163 284 2193 led
310 2171 351 2193 ex
367 2160 529 2201 inter-jetra
551 2161 580 2193 d.
606 2161 624 2190 l.
644 2168 689 2201 ¹3·
712 2158 908 2201 intelligitur.
954 2158 1027 2191 Bre-

160 2205 244 2235 viter
261 2203 302 2235 fic
324 2203 445 2235 Paulus.

201 2244 346 2276 Pluribus
372 2243 537 2276 Africanus
556 2244 585 2275 in
603 2244 622 2275 l.
639 2253 687 2285 33.
706 2241 742 2278 ὃ)
759 2243 779 2275 l.
796 2254 846 2285 35.
870 2243 911 2275 D.
934 2243 1026 2275 Loca-

161 2288 193 2317 τί.
239 2287 280 2318 ibi
312 2286 503 2327 proponitur
534 2285 649 2318 fundus
685 2286 852 2324 venditus,
887 2285 917 2317 ἀ
940 2293 1025 2316 ante-

161 2336 254 2367 quam
280 2337 397 2359 vacuus
421 2328 621 2365 traderetur,
652 2326 714 2358 esse
738 2327 914 2366 publicatus
939 2326 1028 2358 nullo

160 2369 333 2401 venditoris
359 2369 494 2407 merito,
518 2367 578 2400 sola
597 2368 672 2400 belli
697 2368 824 2408 injuria,
847 2369 896 2399 cui
914 2367 1028 2400 resiste·

161 2419 196 2440 re
224 2420 284 2442 non
313 2417 439 2451 poterat
465 2410 625 2441 venditor.
649 2410 681 2441 id
705 2409 785 2449 saepe
813 2410 968 2451 contigit:
990 2418 1027 2440 ac

161 2449 278 2482 factum
302 2451 471 2492 aliquando
496 2451 557 2482 fuit
582 2452 680 2492 gratia
703 2450 878 2490 Principis·,
901 2459 935 2482 ut
960 2459 1027 2482 tum

162 2500 237 2532 ager
258 2496 356 2525 veteri
372 2491 533 2534 poffeffori
556 2501 666 2531 totus,
691 2492 742 2523 vel
767 2501 827 2532 pro
849 2500 956 2532 parte,
980 2501 1027 2523 re-

161 2532 351 2576 stitueretur.
393 2534 586 2573 Exemplum
615 2534 634 2565 si
653 2533 720 2575 quis
737 2532 911 2572 desideret,
936 2532 980 2565 est
998 2543 1028 2564 a·

162 2574 230 2614 pud
255 2572 416 2613 Virgilium
441 2575 541 2617 Eclog.
568 2585 594 2608 1.
619 2576 656 2607 ad
683 2583 777 2616 quarn
798 2574 906 2614 potest
931 2575 1027 2606 etiarn

163 2614 236 2646 addi
263 2614 295 2645 in
331 2615 421 2646 Notis
445 2615 583 2648 Servius.
620 2617 702 2649 aliud
732 2617 915 2656 exemplum
946 2616 1029 2656 apud

164 2654 294 2688 Paulum
312 2655 331 2687 l.
351 2665 395 2687 11.
418 2658 458 2688 I).
474 2659 507 2689 de
522 2657 607 2690 ευῐὲἶ.
633 2658 663 2690 &
681 2657 850 2699 Ulpianum
873 2658 892 2689 l.
912 2667 960 2698 15.
985 2656 1029 2689 D.

809 2741 1168 2777 T1TULus

987 130 1249 167 Neon-r

1308 130 1518 177 Coxis.

1063 220 1096 250 cle
1118 220 1160 265 rei
1187 221 1295 253 vindic.
1337 221 1384 253 Sit
1412 221 1507 263 igitur
1531 222 1650 257 fundus
1667 224 1835 264 venditus,
1857 234 1930 260 ante

1064 262 1266 293 traditionem
1290 264 1469 303 publicatus
1501 265 1585 297 nulla
1616 266 1794 299 venditoris
1816 268 1907 308 culpa
1922 292 1931 308 ,

1065 311 1152 333 mera
1180 302 1255 334 belli
1275 303 1403 344 injiiria,
1427 306 1509 337 adeo
1536 305 1613 337 vi&
1628 307 1773 347 potentia
1790 308 1854 349 ejus
1879 311 1931 342 cui

1066 341 1205 388 resistere
1222 353 1285 375 non
1304 354 1430 385 poterat
1455 347 1616 379 venditor.
1640 349 1672 380 in
1698 358 1735 380 ea
1759 348 1865 389 specie
1888 351 1931 383 ait

1065 382 1234 415 Africanus
1250 408 1260 423 ,
1297 387 1437 419 ablatum
1471 389 1633 421 venditori
1656 389 1791 422 fundum
1808 413 1818 430 ,
1847 398 1934 422 ante-

1065 433 1160 465 quam
1182 426 1356 459 traderetur
1379 438 1518 469 vacuus,
1541 429 1679 471 spectare
1701 432 1739 463 ad
1758 432 1932 465 venditoris

1067 468 1233 512 damnumg
1256 469 1337 507 quasi
1360 470 1532 502 conveniat
1564 472 1652 503 bonae
1677 471 1753 504 fidei
1776 473 1815 504 ad
1837 482 1933 513 quam

1064 506 1136 553 {iaec
1152 508 1363 556 rediguntur,
1378 521 1405 556 *a
1434 513 1549 553 regulis
1572 514 1646 553 juris
1676 514 1784 545 recedi
1800 519 1932 554 propter

1065 557 1211 589 injuriam
1227 550 1386 582 venditori
1402 561 1436 583 re
1451 551 1533 585 salva
1549 554 1688 586 humano
1707 554 1793 586 facto
1809 556 1933 587 contin-

1064 597 1196 636 gentem
1212 599 1237 634 3-
1253 590 1338 635 nulla
1364 601 1418 623 aut
1442 596 1578 627 naturali
1603 605 1656 627 aut
1681 596 1766 628 civili
1789 598 1932 635 ratione,

1066 640 1122 677 cur
1149 639 1258 676 injuria
1286 640 1317 662 ei
1337 630 1421 665 fasta
1447 634 1513 674 ejus
1543 637 1709 676 personam
1742 638 1933 678 egrediatur.

1065 671 1118 702 Sic
1140 673 1276 711 cenleo,
1298 672 1331 703 ὅ(
1348 673 1411 705 ess'e
1433 675 1472 705 ab
1501 675 1560 707 hac
1576 678 1681 717 causa,
1707 680 1795 719 quod
1812 678 1934 710 Africa-

1065 721 1123 744 nus
1149 715 1288 753 emptori
1309 713 1456 746 adversus
1487 717 1686 750 venditorem
1716 721 1868 751 concedit
1891 729 1933 752 ex

1066 761 1175 793 empto
1190 752 1367 800 actionem,
1391 764 1457 788 non
1480 757 1518 788 ad
1542 756 1607 789 hoc
1624 761 1712 799 quod
1729 760 1779 792 sua
1794 760 1934 799 intersit,

1065 794 1199 826 fundum
1215 796 1365 828 traditum
1382 796 1460 829 esse:
1485 797 1536 829 sed
1552 806 1586 829 ut
1602 801 1739 839 pretium
1752 802 1780 833 ei
1797 801 1935 833 restitua-

1065 843 1124 867 tur.
1149 836 1178 867 ὅτ.
1197 837 1337 876 optime:
1359 847 1431 871 nam
1453 838 1475 870 fi
1493 848 1556 870 non
1574 840 1680 879 potest
1697 843 1857 874 venditori
1876 844 1934 874 im<

1065 885 1168 921 putari
1192 878 1305 918 culpa,
1336 888 1392 910 cur
1420 889 1485 911 non
1511 881 1615 913 tradat
1638 883 1776 923 emptori
1801 882 1934 916 fundum

1066 918 1251 950 venditum:
1283 929 1320 950 an
1345 921 1481 961 patiatur
1502 921 1588 953 bona
1613 923 1713 962 fides,
1746 932 1806 964 qua
1830 924 1936 956 finitur

1066 969 1106 1004 ex
1124 967 1236 1006 empto
1252 960 1354 1000 affin,
1378 971 1451 994 eum
1470 963 1608 1003 emptori
1637 964 1736 996 teneri
1760 965 1799 995 ad
1814 965 1937 1005 praestzi-

1066 1007 1187 1032 tionem
1209 1010 1275 1042 ejus
1296 1004 1383 1042 quod
1410 1005 1559 1042 interest,
1583 1012 1704 1037 tantum
1724 1006 1824 1046 cuipae
1847 1009 1937 1038 coer-

1065 1043 1177 1088 cendit.
1201 1044 1300 1084 gratia
1321 1046 1564 1084 comparatam?
1592 1046 1716 1086 potest,
1740 1046 1864 1086 fateor,
1887 1056 1937 1079 res

1065 1083 1195 1114 vendita
1212 1093 1241 1115 in
1255 1085 1425 1130 proposito
1442 1093 1573 1126 extans,
1598 1088 1734 1128 praestari
1757 1098 1814 1129 per
1832 1098 1937 1120 rerum

1065 1131 1218 1169 naturam.
1243 1125 1295 1157 led
1314 1136 1349 1157 ea
1367 1127 1526 1168 praestatio
1546 1129 1744 1161 extrinsecus
1768 1130 1940 1171 impeditur

1065 1173 1144 1196 citra
1167 1166 1292 1213 culpam
1319 1170 1505 1202 venditoris.
1531 1179 1593 1210 qua
1619 1171 1649 1202 in
1677 1170 1779 1211 specie
1811 1179 1939 1212 emptor

1065 1206 1187 1238 summo
1203 1209 1332 1249 quidem
1346 1210 1414 1249 jure
1431 1211 1528 1242 habet
1545 1210 1703 1244 actionem
1721 1222 1762 1244 ex
1778 1220 1887 1252 empto
1898 1212 1936 1243 ad

1065 1247 1298 1295 praestationem
1323 1251 1368 1282 rei
1398 1259 1537 1293 emptae:
1567 1253 1707 1294 alioquin
1730 1254 1769 1285 ad
1794 1254 1825 1285 id
1847 1254 1937 1294 quod

1066 1298 1130 1329 ejus
1159 1291 1308 1329 interest,
1332 1292 1394 1323 ess'e
1417 1293 1587 1334 praestitam
1607 1306 1615 1326 ε
1647 1293 1700 1326 sed
1726 1294 1935 1327 nihilominus

1066 1332 1221 1377 convenit
1246 1332 1356 1364 officio
1378 1333 1516 1373 Judicis,
1541 1345 1582 1367 ex
1601 1336 1685 1367 bona
1710 1335 1775 1367 fide
1794 1336 1935 1376 judican-

1067 1380 1127 1412 tis;
1150 1382 1190 1403 ne
1206 1373 1304 1405 stetur
1323 1374 1445 1406 summo
1466 1376 1552 1415 jure,
1576 1376 1629 1407 sed
1653 1386 1702 1408 res
1720 1377 1762 1408 fic
1780 1384 1939 1418 tempere—

1066 1421 1136 1460 tur,
1157 1421 1193 1445 ut
1209 1415 1376 1455 venditor,
1400 1415 1421 1447 fi
1439 1425 1564 1455 paratus
1588 1416 1625 1449 fit
1643 1419 1782 1458 emptori
1799 1419 1938 1459 pretium

1067 1454 1251 1494 restituere,
1275 1457 1338 1496 ejus
1361 1457 1565 1497 praestatione
1591 1458 1630 1489 ab
1654 1467 1802 1500 emptore
1821 1459 1937 1491 libere-

1068 1503 1134 1527 tur:
1157 1497 1290 1536 perinde
1307 1506 1344 1528 ac
1370 1498 1390 1529 si
1407 1499 1490 1529 nulla
1508 1498 1585 1529 esset
1603 1501 1736 1540 emptio.
1778 1502 1886 1541 Atque
1902 1508 1937 1532 ut

1067 1537 1246 1576 hujusmodi
1264 1539 1460 1578 publicatio,
1484 1538 1653 1583 Prin‘cipali
1671 1548 1835 1581 praecepto
1852 1541 1936 1572 facta

1068 1587 1142 1609 ante
1165 1579 1388 1618 traditionem,
1418 1580 1618 1611 venditorem
1642 1581 1751 1620 injuria
1774 1581 1889 1621 afficit;
1912 1581 1938 1613 i·

1067 1621 1195 1660 deoque
1226 1621 1364 1661 emptori
1393 1629 1513 1652 nocere
1537 1630 1601 1652 non
1627 1622 1741 1653 debet:
1773 1623 1817 1653 ita
1840 1622 1939 1664 longe

1067 1660 1132 1700 est3
1155 1668 1189 1691 ut
1213 1661 1275 1693 ulla
1300 1661 1377 1693 [inat
1401 1662 1550 1701 aequitas,
1573 1672 1591 1693 e
1613 1662 1738 1694 diverso
1761 1663 1858 1695 talem
1880 1672 1938 1704 pu-

1069 1702 1275 1734 blic-ationem
1293 1726 1303 1741 ,
1338 1703 1402 1743 jam
1427 1702 1498 1743 post
1521 1704 1720 1743 emptionem
1743 1706 1938 1736 consumma-

1069 1750 1153 1782 tam,
1178 1751 1212 1774 ut
1236 1753 1304 1776 tum
1326 1744 1359 1776 in
1385 1745 1541 1785 emptoris
1568 1745 1711 1785 injuriam
1730 1743 1786 1785 fit,
1809 1747 1848 1777 ad
1867 1754 1941 1777 ven·

1068 1785 1181 1817 ditoris
1195 1785 1343 1817 damnum
1359 1784 1501 1817 transire.
1543 1785 1647 1817 Mitto
1663 1787 1777 1819 verba:
1801 1786 1842 1819 fic
1859 1786 1940 1818 Pau-

1069 1826 1116 1857 lus
1132 1826 1152 1857 l.
1172 1835 1219 1859 11.
1239 1827 1282 1859 D.
1298 1828 1331 1857 de
1347 1826 1430 1858 eviii.
1456 1835 1528 1858 nam
1546 1827 1610 1858 huc
1626 1827 1778 1860 intendit:
1801 1827 1939 1868 futuros,

1069 1868 1232 1907 inquiens,
1255 1867 1343 1900 casus
1367 1867 1535 1900 evictionis
1558 1867 1630 1909 post
1649 1869 1847 1902 contractam
1873 1878 1939 1901 em-

1070 1910 1234 1949 ptionem,
1263 1910 1325 1950 (tu
1346 1918 1421 1949 puta
1446 1909 1696 1949 consummatam
1719 1911 1937 1952 emptionem:

1071 1960 1136 1982 non
1162 1951 1247 1982 enim
1272 1950 1425 1983 consensu
1449 1950 1592 1990 perfecta
1610 1952 1753 1992 emptio,
1777 1951 1828 1983 sed
1846 1952 1939 1983 tradi-

1073 1993 1162 2023 tione
1184 1992 1335 2032 i'mpleta,
1358 1992 1562 2032 intelligenda
1585 1991 1649 2033 est)
1670 1993 1709 2024 ad
1733 1993 1937 2024 venditorem

1071 2042 1135 2064 non
1153 2036 1323 2075 pertinere.
1346 2032 1485 2071 scilicet,
1508 2033 1580 2072 quia
1597 2034 1735 2074 emptori
1753 2032 1823 2074 post
1842 2033 1937 2064 tradi-

1071 2076 1193 2106 tionem
1217 2074 1463 2112 incumbentes,
1493 2075 1559 2114 ejus
1583 2073 1763 2106 infortunio
1787 2075 1937 2114 imputari

1071 2117 1209 2155 debent3
1235 2116 1393 2148 venditori
1418 2122 1526 2154 certe,
1550 2116 1638 2155 cujus
1663 2116 1748 2148 nulla
1764 2116 1855 2156 culpa
1874 2114 1938 2153 est,

1070 2167 1126 2189 cur
1142 2158 1239 2198 magis
1256 2165 1411 2196 noceant,
1435 2166 1528 2198 quam
1544 2157 1595 2189 alii
1610 2157 1822 2197 cuicumque,
1846 2155 1938 2187 causa

1069 2209 1134 2231 non
1160 2200 1204 2231 est
1231 2200 1250 2230 l.
1267 2209 1319 2240 51.
1341 2199 1383 2230 D.
1408 2198 1443 2233 ὅ)
1466 2197 1486 2229 l.
1504 2202 1534 2232 8.
1565 2198 1597 2229 C.
1621 2199 1653 2228 de
1681 2197 1767 2229 eviet.
1816 2197 1877 2229 Sed
1904 2197 1941 2229 li-

1069 2249 1164 2282 quet,
1187 2241 1226 2272 ab
1252 2240 1406 2272 Africano
1430 2239 1553 2271 tractari
1572 2238 1674 2270 casum
1700 2240 1794 2280 piane
1810 2238 1941 2279 singula-

1069 2293 1154 2322 rem,
1178 2291 1239 2314 nec
1254 2283 1293 2313 ad
1309 2280 1568 2321 consequentiam
1585 2280 1784 2312 trahendum.
1831 2280 1939 2319 Magis

1072 2333 1178 2357 tamen
1194 2323 1226 2355 id
1247 2324 1382 2365 liquebit
1403 2322 1575 2354 collatione
1596 2323 1624 2353 d.
1643 2322 1662 2352 l.
1679 2332 1727 2363 33.
1751 2330 1823 2353 cum
1847 2322 1866 2351 l.
1882 2330 1935 2360 39.

1072 2366 1113 2398 D.
1133 2366 1264 2406 desolat.
1290 2374 1360 2406 quae
1387 2363 1526 2396 similiter
1547 2362 1592 2394 est
1606 2362 1761 2401 Africani,
1785 2369 1880 2401 atque
1896 2370 1939 2392 ex

1072 2409 1185 2441 eodem
1208 2407 1276 2439 libro
1301 2415 1390 2438 v111.
1416 2403 1612 2449 Qgcoeftionum
1634 2413 1674 2435 ex
1697 2413 1761 2443 quo
1786 2402 1830 2433 est
1863 2403 1891 2434 d.
1914 2402 1936 2433 l.

1070 2459 1120 2491 23.
1144 2449 1218 2481 inde
1242 2449 1325 2480 enim
1350 2447 1557 2487 intelligitur,
1581 2444 1765 2476 Africanum
1791 2443 1864 2489 alias
1895 2441 1939 2473 se-

1070 2484 1206 2531 §nutum
1238 2498 1427 2522 communes
1463 2488 1539 2527 juris
1569 2487 1716 2527 regulas,
1753 2482 1938 2515 existimasse

1069 2541 1231 2571 mercem,
1255 2530 1398 2572 perfesta
1422 2529 1606 2568 emptione,
1628 2525 1689 2571 effe
1707 2526 1850 2571 periculo
1870 2533 1940 2571 *ern-

1071 2575 1193 2614 ptoris,
1217 2574 1256 2605 ab
1274 2580 1380 2613 eoque
1396 2571 1534 2612 pretium
1549 2568 1712 2600 venditori
1729 2566 1939 2600 nihilominus

1073 2615 1220 2656 persolvi.

1223 2739 1320 2775 VII.

391 2811 441 2846 De
458 2807 558 2857 fi'rvis
584 2814 792 2861 exportandis,
820 2814 910 2861 velfi
932 2814 979 2849 ita
1004 2813 1190 2860 mancipium
1216 2811 1364 2854 venierit,
1392 2817 1425 2845 ut
1451 2811 1709 2852 manumittatur,

949 2864 1000 2898 vel
1022 2870 1138 2899 contra.

165 2949 358 3027 Nescio,
381 2957 419 2980 an
438 2948 628 2996 ‘praestiterit
646 2972 656 2988 ,
690 2953 750 2996 boc
773 2952 888 2984 Titulo
912 2953 1029 2984 tradita

271 3000 366 3031 poni,
391 2991 443 3021 ubi
470 2989 628 3029 quaefitum
655 2989 716 3021 fuit
746 2993 913 3038 depactis
945 2995 1030 3025 inter

167 3040 347 3072 emptorem
371 3031 401 3063 ὅ(
425 3032 623 3062 venditorem
648 3034 836 3071 compositis.
879 3035 1029 3075 occupati

164 3076 248 3104 enim
268 3074 400 3112 proximi
420 3072 511 3104 fuere
527 3071 628 3104 Tituli
645 3074 675 3103 in
695 3075 889 3112 explicandis
908 3075 1028 3108 effecti-

164 3115 223 3145 bus
246 3114 393 3153 perfectae
419 3114 590 3153 emptionis
615 3113 644 3144 &
669 3113 873 3144 venditionis..
896 3118 1028 3154 praesens

163 3165 244 3185 vero
261 3159 333 3194 quii
358 3157 440 3194 argit,
466 3155 519 3186 nisi
544 3158 584 3186 de
610 3154 704 3194 paCtis
729 3156 757 3185 in
776 3153 935 3186 servorum
954 3168 1025 3189 ven-

165 3197 290 3228 ditione
306 3196 446 3227 adhibei·i
465 3196 584 3227 solitis?
611 3195 672 3227 Sed
689 3196 779 3227 aliter
796 3194 892 3226 visum
917 3196 1026 3228 Archi-

163 3238 254 3271 testis
277 3236 373 3277 Juris:
405 3247 526 3280 eosque
555 3236 643 3278 sequi
677 3246 736 3272 nos
760 3237 857 3271 duces
882 3244 1025 3278 oportet.

1072 2951 1120 2984 Sit
1134 2950 1231 2992 igitur
1247 2950 1429 2991 exemplum
1446 2949 1538 2989 hujus
1561 2946 1683 2985 Tituli,
1707 2945 1729 2978 fi
1750 2945 1943 2993 mancipium

1072 2994 1115 3024 ita
1131 2991 1284 3030 venierit,
1306 3000 1341 3022 ut
1365 3000 1453 3023 extra
1478 2990 1621 3028 Urbem,
1652 2988 1703 3019 vel
1727 2987 1865 3024 Italiam,
1889 2985 1942 3031 γει

1074 3033 1291 3071 Provinciam,
1314 3040 1523 3072 exportetur,
1546 3038 1623 3062 utve
1653 3029 1684 3060 ei
1711 3029 1815 3073 aliquo
1838 3028 1872 3058 sit
1894 3034 1942 3056 in-

1074 3074 1241 3106 terdittum
1266 3076 1423 3114 pomerio.
1457 3072 1574 3117 aliud,
1591 3080 1632 3102 ne
1654 3077 1843 3108 mancipium
1867 3075 1941 3107 pro-

1073 3116 1234 3148 stituatur:
1259 3117 1356 3152 item,
1381 3124 1415 3146 nt
1438 3119 1695 3150 manumittatur3
1717 3117 1788 3146 aut,
1811 3118 1851 3139 ne
1877 3116 1941 3139 ma-

1072 3159 1270 3189 numittatur.
1318 3156 1351 3187 In
1387 3157 1435 3188 his
1467 3165 1563 3196 pori-o
1593 3153 1670 3194 quid
1693 3150 1865 3195 ¹servetur,
1901 3148 1942 3196 sa-

1071 3198 1109 3231 tis
1132 3200 1193 3230 erit
1215 3197 1322 3239 legisse
1348 3198 1441 3237 loca,
1465 3206 1502 3229 ea
1529 3195 1729 3234 explicantia.
1780 3189 1853 3222 Nec
1877 3190 1941 3221 dis-

1068 3240 1212 3275 suadeain
1230 3248 1363 3279 tamen,
1386 3240 1426 3273 ad
1457 3238 1477 3271 l.
1495 3246 1522 3277 7.
1546 3235 1583 3273 {2⁹
1606 3237 1634 3267 6.
1665 3232 1694 3273 §.
1723 3239 1748 3263 1.
1780 3230 1942 3305 οοηΓυιῐῐῃὲ
