2036 3495
171 100 240 143 184
583 93 617 131 G
647 104 667 128 E
701 105 724 128 R
757 102 778 125 A
809 103 832 126 R
867 100 891 124 n
926 96 937 124 1·

165 189 291 229 panias,
317 196 352 218 ne
368 185 437 218 mile
453 183 566 225 quidem
578 181 725 223 judicium
734 178 778 218 sic
801 180 931 210 dandam
955 178 1045 210 dicit:

170 240 236 260 cum
248 228 330 269 poffit
346 229 396 269 qui
408 225 556 265 propriam
574 223 697 259 babeat,
719 222 765 252 vel
781 229 975 258 communem,
999 220 1046 251 vel

164 272 315 312 proprium
330 268 454 306 fundum
471 266 614 299 alienare,
632 262 714 301 &fic
731 263 864 302 experiri.
886 261 967 292 Haec
982 271 1043 302 ego

170 312 278 351 paucis
299 311 326 340 ἀ
339 317 431 348 quarn
447 305 677 346 simplicissime.
703 304 844 344 pluribus
856 303 885 334 δί
901 304 1045 340 erudite,

169 361 260 384 more
277 350 329 380 suo
341 373 350 387 ,
369 348 527 379 Dominus
547 345 693 386 Cujacius
708 346 755 376 libi
768 355 816 376 22.
829 344 949 381 Observ.
961 355 985 376 c.
996 349 1044 385 38.

208 392 315 433 Quid,
331 390 350 421 fi
368 389 501 420 fundum
512 387 722 419 alienaverint
736 387 811 417 socii
825 409 834 426 ,
850 395 902 417 aut
920 394 1046 431 egerint

168 433 331 464 communi
344 430 530 467 dividundO‚
542 429 707 468 postquam
719 428 840 459 vicinus
851 436 923 459 cum
936 429 970 459 iis
980 428 1045 468 egit

167 474 292 504 actione
310 473 421 504 finium
441 471 680 511 regundorum?
702 469 840 510 Julianus
857 469 875 500 l.
884 478 914 506 9.
931 468 972 500 D.
988 470 1045 500 Lm.

165 523 258 555 putat
279 537 287 552 ‚
323 514 475 554 judicium
506 512 615 543 finium
645 511 860 551 regundorum
892 519 1021 542 manere
1036 533 1045 546 ‚

168 556 312 596 quamvis
338 554 412 586 socii
438 553 600 585 communi
625 553 802 583 dividundo
828 552 971 592 egerint.
994 552 1045 582 vel

167 596 375 629 alienaverint
394 595 539 626 fundum.
571 594 611 624 Et
633 594 676 624 est
690 595 786 625 ratio:
810 593 896 633 quod
914 593 996 624 actio
1012 592 1042 624 fi-

165 639 252 671 nium
278 638 493 679 regundorum
523 636 619 676 magis
643 635 766 673 fundo,
791 643 883 674 quam
902 634 1044 673 personis

167 681 327 721 competit
344 679 362 709 l.
377 688 407 714 4.
423 678 451 720 §.
467 689 496 718 5.
516 678 543 708 b.
562 684 581 707 c.
608 678 758 716 quamdiu
783 676 877 716 igitur
899 675 1045 706 confines

167 730 299 753 manent
311 720 422 755 fundi,
441 719 653 750 tamdiuinter
673 717 819 748 confines
837 726 944 748 manet
960 718 1044 748 attio

164 763 276 795 finium
296 762 533 803 regundorum,
560 758 698 790 confusis
716 759 840 790 finibus.

212 804 313 835 Porro
329 812 371 833 ait
390 803 528 839 Praetor,
554 802 587 831 Si
604 806 716 841 agetur.
765 800 833 831 Lex
860 798 1043 831 Duodecim

168 845 366 878 Tabularum
382 843 482 881 dixit,
501 843 533 873 Si
544 843 685 884 jurgant.
711 842 832 873 Auctor
849 840 897 872 M.
916 840 1044 873 Tullius

167 888 215 919 lib.
230 898 258 926 4.
278 887 324 918 De
341 885 502 926 republica,
526 885 610 924 apud
631 882 774 915 Nonium
786 906 794 920 ,
810 883 885 914 loco
900 881 988 922 supra
1003 884 1044 914 al-

166 930 284 970 legato.
311 926 389 959 Inde
407 926 493 963 finale
505 926 641 966 jurgium
651 925 669 955 l.
680 933 746 965 pen.
769 925 802 955 C.
820 925 846 955 b.
865 930 885 954 t.
903 924 932 955 ἃ
946 926 1046 955 vicina

161 971 267 1013 jurgia
283 969 313 1000 iu
333 969 397 999 hoc
414 967 541 1000 Horatii
559 968 608 998 lib.
627 977 655 998 2.
676 963 767 1007 Epist.
784 976 811 998 2.
828 964 905 1004 vers?
924 975 989 1005 170.

207 1013 262 1042 Sed
279 1017 362 1041 vocat
382 1019 471 1050 usque
482 1012 591 1047 suum,
613 1017 671 1049 qua
683 1008 804 1048 populus
821 1006 914 1045 adfica
931 1009 1014 1039 cercis

207 1053 365 1084 Liminibus
380 1053 479 1083 vicina
500 1050 612 1091 refugit
623 1049 738 1091 jurgia.
846 1088 850 1093 ¹

166 1093 285 1126 Utrum
309 1103 415 1125 tamen
443 1091 562 1123 Praetor
584 1101 644 1129 e0,
666 1100 703 1122 an
723 1089 896 1127 consimili,
921 1088 991 1120 usus
1009 1088 1043 1120 fit

168 1138 288 1175 verbo,
305 1145 369 1167 non
388 1133 590 1166 affirmavero
601 1141 743 1171 temere,
760 1141 819 1163 nec
837 1131 954 1162 refert:
971 1140 1044 1162 cum

161 1179 295 1221 jurgium
312 1177 478 1218 &jurgare
495 1175 589 1206 etiam
607 1174 797 1215 generaliter
814 1175 853 1204 de
870 1173 1043 1212 qualicum-

167 1229 231 1260 que
249 1220 303 1250 lite
323 1219 464 1250 dicatur:
488 1224 522 1247 ut
536 1215 642 1247 multis
659 1215 773 1255 probat
792 1214 831 1245 V.
851 1214 910 1246 CL.
925 1213 1041 1253 Jolian-

166 1271 223 1294 nes
240 1260 358 1292 Savaro
378 1261 416 1291 ad
439 1259 564 1290 Sidonii
581 1257 773 1298 Apollinaris
789 1256 835 1287 lib.
855 1266 882 1287 2.
901 1253 995 1296 Epist·
1012 1265 1040 1296 7.

185 1314 202 1335 a
225 1327 232 1333 .
251 1312 263 1333 1
293 1312 317 1333 t.

161 1310 183 1345 p
201 1313 448 1381 inigiieximus,
466 1342 622 1374 aetionem
639 1339 747 1372 finium
766 1341 979 1385 regundorum
996 1340 1041 1371 in-

167 1394 216 1417 ter
232 1384 376 1416 confines
393 1394 408 1415 a
428 1384 569 1415 Praetore
585 1384 661 1414 dari.
688 1381 831 1423 Quaeris,
850 1383 885 1413 ad
902 1382 977 1421 quid
988 1382 1041 1412 de-

167 1427 245 1459 tur?
262 1427 386 1457 indicio
404 1434 496 1456 erunt
513 1422 674 1463 sequentia
695 1423 796 1454 Ediffi
818 1423 932 1454 verba:
954 1422 1041 1454 Arbi-

167 1476 246 1500 trum
262 1469 331 1499 dabo
348 1477 357 1503 ;
381 1473 413 1497 uz
431 1467 492 1506 ejus
507 1467 653 1496 arbitratu
672 1466 742 1501 fines
757 1472 908 1505 regantur.
954 1463 1041 1496 Tum

165 1510 241 1543 ista:
264 1509 356 1546 Item,
373 1507 400 1544 fi
416 1508 484 1548 quid
499 1508 599 1537 damni
617 1508 718 1537 datum
727 1506 885 1546 friRunzve
898 1507 969 1544 erit,
978 1504 1043 1544 five

165 1553 236 1593 quid
253 1561 281 1581 eo
298 1550 409 1580 nomine
421 1549 510 1579 aiz'cui
527 1549 634 1583 aberit,
650 1555 702 1578 aut
720 1550 758 1579 ad
773 1548 897 1579 alterum
907 1554 1041 1587 pervene-

164 1595 223 1630 rit,
239 1599 271 1622 ut
288 1592 317 1621 id
329 1587 487 1631 prestetur.
513 1588 713 1629 Conceptam
730 1599 747 1621 a
762 1598 812 1620 me
825 1589 928 1621 cernis
944 1589 1042 1620 actio·

165 1643 238 1666 nem
249 1631 355 1663 finium
368 1632 583 1672 regundorum
595 1655 604 1669 ‚
621 1640 779 1671 tamquam
790 1632 922 1662 mixtam
932 1630 961 1661 in
974 1640 1040 1662 rem

166 1676 235 1707 &in
250 1673 430 1713 personam:
454 1682 559 1712 eoque
578 1671 723 1703 constare
740 1682 780 1704 ex
796 1673 940 1709 duobus;
956 1672 1041 1703 idest

163 1727 204 1749 ex
222 1717 315 1748 rebus
336 1715 363 1746 ἃ
382 1714 637 1755 praestationibus
649 1713 874 1753 personalibus.
892 1712 991 1757 Quod
1003 1714 1041 1746 ad

162 1768 214 1791 res
231 1756 364 1795 attinet;
381 1756 439 1796 (ab
456 1755 503 1787 his
519 1754 652 1795 incipiet
668 1756 861 1796 explicatio)
878 1757 943 1796 ejus
962 1755 1040 1787 sum-

121 1822 126 1827 .
162 1809 247 1832 mam
259 1823 267 1836 ‚
277 1797 332 1830 etfi
344 1798 506 1829 obicurius
516 1821 525 1835 ,
537 1797 685 1828 continet
695 1797 759 1828 hoc
771 1796 898 1837 Ulpiani
910 1798 927 1828 l.
938 1802 963 1831 8.
975 1797 1001 1838 ἓ.
1016 1807 1040 1828 1.

163 1842 191 1874 h.
202 1841 281 1872 t.Aa
298 1838 421 1881 officinm
437 1838 586 1878 definibics
602 1841 793 1880 cognoscentis
806 1840 949 1878 pertinet,
966 1848 1039 1869 nien·

155 1883 238 1924 fhres
246 1883 376 1919 mittere,
394 1879 430 1915 &2⁹
436 1887 488 1920 per
497 1890 541 1911 eos
551 1881 681 1910 dirimere
690 1881 778 1920 ipsam
789 1879 898 1919 finium
914 1878 1040 1920 qaeestio-

164 1935 228 1956 nem
239 1947 249 1961 ,
271 1929 304 1954 uc
320 1932 433 1963 aequum
450 1920 488 1961 est
499 1944 507 1959 ,
526 1921 554 1959 fi
571 1923 613 1952 ita
630 1931 672 1952 res
689 1923 801 1963 exigit,
826 1922 968 1962 oculisque
978 1923 1043 1960 suis

153 1964 295 2007 stibjeffls
311 1964 387 1995 locis.
429 1963 481 1994 Sic
499 1963 603 1994 editui·
615 1986 624 2001 ,
647 1965 782 2001 mensores
805 1962 833 1994 ἃ
845 1969 897 2003 per
913 1973 966 1994 eos.
991 1962 1042 1995 sed

165 2006 309 2046 praestat,
320 2005 430 2044 scribi,
440 2004 592 2045 mensorem
603 2028 611 2041 ,
624 2004 791 2044 &pereum
808 2006 957 2045 primum,
971 2005 1043 2044 quia

164 2049 235 2080 haec
253 2047 347 2080 lectio
364 2047 520 2078 convenit
538 2045 616 2086 Legi
635 2045 800 2077 Maniiliae.
827 2044 862 2076 fit
879 2047 995 2077 deinde
1012 2047 1043 2077 in

162 2097 210 2131 pr.
220 2091 247 2120 d.
258 2089 276 2120 l.
295 2089 333 2119 ab
345 2087 483 2128 Ulpiano
500 2087 640 2118 [imiliter
657 2087 809 2118 mensoris
827 2089 959 2118 mentio.
982 2097 1042 2119 nec

164 2132 268 2164 minus
285 2128 512 2161 Constantinus
533 2128 551 2160 l.
571 2138 598 2167 53.
617 2128 648 2159 C.
665 2129 692 2160 d.
711 2134 732 2159 t.
752 2128 974 2170 Agrimensor.
996 2131 1041 2161 in-

164 2173 253 2213 quit,
269 2172 315 2203 ire
330 2172 541 2211 praecipiatur.
566 2170 647 2202 Haec
666 2180 734 2201 mea
751 2170 780 2199 in
799 2171 826 2200 d.
846 2170 872 2211 §.
890 2180 913 2201 1.
936 2170 1041 2202 obser-

165 2214 265 2246 vatio.
289 2212 344 2244 Est
361 2213 418 2243 alia
435 2212 502 2243 Viri
520 2211 724 2251 Ampliffimi,
747 2210 891 2243 Wilelmi
911 2211 1018 2244 Goefii
1032 2236 1041 2251 ,

166 2256 241 2289 Not.
266 2256 303 2286 ad
330 2252 384 2284 Rei
405 2263 504 2295 agrar.
522 2252 599 2284 auft.
615 2259 684 2294 pag.
714 2262 778 2293 197.
796 2252 832 2287 ἐξ
850 2264 873 2284 c.
890 2264 919 2293 4.
937 2254 1042 2294 Antiq.

163 2306 264 2338 agrar.
283 2303 349 2337 pag.
392 2305 418 2335 7.
435 2295 531 2326 verba
543 2318 552 2332 ,
578 2295 611 2325 Si
634 2296 676 2325 ita
694 2304 736 2325 res
752 2297 870 2336 exigat,
888 2306 904 2325 a
922 2294 1043 2327 Tribo—

165 2348 260 2370 niano
276 2337 337 2369 effe
356 2305 494 2377 Ulpiano
519 2335 616 2367 affata
643 2335 863 2375 supervacue:¹
879 2346 950 2368 nam
976 2346 1042 2369 rem

164 2380 287 2419 semper
303 2381 452 2420 exigere,
468 2379 540 2409 loca
551 2377 653 2409 oculis
667 2377 773 2417 iubjici
792 2377 830 2408 ab
849 2378 995 2409 Arbitro:
1012 2379 1040 2410 ὃ(

165 2422 294 2460 quidem
318 2430 419 2461 usque
442 2420 546 2458 adeo,
571 2427 604 2449 ut
626 2419 701 2450 hinc
715 2419 787 2450 alibi
809 2418 971 2460 Inspeetor
991 2430 1042 2460 ap-

165 2462 311 2502 pelletur.
343 2462 404 2492 Sed
424 2460 566 2502 ignoscat
583 2461 659 2491 mihi
680 2459 735 2492 Vir
750 2459 893 2492 Eximius
912 2471 977 2492 non
995 2471 1040 2492 as-

164 2502 323 2534 sentienti.
349 2502 423 2534 Non
436 2503 518 2533 enim
538 2501 678 2540 spectant
696 2511 731 2532 ea
745 2503 839 2533 verba
856 2503 894 2533 ad
912 2501 1040 2543 sequen-

166 2545 209 2575 tia
221 2568 229 2581 ,
248 2544 403 2584 Oculisqae
412 2543 627 2585 saissubjeftis
642 2543 725 2574 locis:
743 2542 794 2574 sed
805 2545 843 2574 ad
861 2546 1042 2583 praeceden·

169 2586 210 2617 tia
220 2609 229 2623 ‚
247 2584 286 2614 Ei
294 2592 344 2624 per
356 2595 418 2615 ezinz
434 2586 566 2616 dirimere
580 2584 670 2625 ipsam
673 2584 782 2623 finium
799 2583 978 2625 quaestionem
990 2609 997 2623 ,
1009 2592 1042 2616 ut

167 2636 283 2668 aequum
299 2622 347 2664 eft.
372 2625 416 2656 lia
434 2627 551 2664 nolim,
572 2636 608 2657 ea
625 2627 764 2666 expungi
783 2626 812 2657 in
833 2627 860 2657 d.
882 2626 910 2668 §.
934 2637 959 2659 1.
977 2628 1042 2658 imo

165 2677 271 2710 puto,
295 2665 432 2697 resistere
458 2677 605 2698 tenorem
628 2667 646 2698 l.
663 2677 689 2698 2.
719 2678 746 2708 3.
761 2677 790 2706 4.
814 2667 856 2698 D.
879 2673 904 2698 l).
923 2674 944 2699 t.
964 2667 991 2709 ἕ.
1011 2673 1041 2699 6.

166 2706 283 2749 lastae
293 2705 548 2749 offic.chdic.&§
571 2719 621 2740 20.
635 2706 749 2748 lii-siae
759 2708 814 2740 ιιὲἶ.
832 2718 891 2739 nec
908 2709 1021 2740 dubito
1033 2733 1042 2748 ,

168 2750 243 2791 quin
270 2750 387 2780 idonea
415 2747 449 2779 fit
473 2750 596 2789 Llpiani
615 2749 788 2788 sententia,
812 2749 882 2781 Effe
899 2750 1043 2782 officium

169 2791 308 2828 Arbitri,
333 2790 372 2821 de
392 2787 504 2819 finibus
528 2800 568 2820 tx
584 2791 733 2822 Praetoris
751 2792 882 2822 datione
898 2791 1043 2832 cognitu-

169 2834 215 2873 ri,
232 2830 565 2874 Mensoremmittere
584 2831 614 2862 in
635 2841 700 2863 rem
724 2832 931 2872 pl'aesentem,
956 2843 995 2864 ex
1013 2843 1043 2864 e-

166 2875 282 2916 jusque
304 2871 544 2904 renunciatione
568 2871 628 2910 (sic
653 2873 778 2905 solitum
804 2873 894 2905 fuisse
909 2897 919 2911 ‚
943 2875 1045 2914 liquet

171 2926 211 2948 ex
222 2916 242 2947 l.
259 2925 287 2956 3.
302 2913 329 2956 §.
347 2923 378 2953 4.
396 2912 437 2943 D.
454 2913 488 2943 Si
502 2913 668 2952 inensssfals.
680 2915 771 2954 mod.)
788 2916 988 2947 declarare&
999 2926 1045 2947 re-

170 2957 300 2990 stituere
315 2955 464 2994 antiquos
481 2952 559 2984 fines
570 2975 579 2991 ‚
595 2962 648 2998 aut
664 2955 857 2988 constituere
874 2966 978 2988 novos
990 2981 999 2996 ‚
1023 2957 1045 2989 s1

169 3000 213 3030 ita
232 3007 281 3029 res
306 2997 430 3038 exigat,
455 2994 486 3041 id
502 2993 565 3033 est,
583 2995 609 3040 *11
635 2996 726 3041 novi-s
752 3006 831 3036 opus
849 2997 885 3029 fit
907 2998 1043 3030 finibus:

173 3040 247 3080 quia
264 3046 392 3070 veteres
410 3045 496 3078 regi,
514 3043 566 3082 aut
581 3044 712 3065 inveniri
724 3046 894 3076 nequeunt.
910 3049 976 3080 quo
991 3050 1043 3071 ve-

170 3091 208 3113 ro
220 3080 285 3111 hoe
300 3080 412 3110 melius
430 3077 638 3118 expediatur,
654 3076 790 3115 postulat
803 3077 955 3117 Ulpianus
967 3105 976 3119 ,
991 3082 1043 3113 vel

170 3121 314 3163 Judicem
325 3119 427 3152 oculis
439 3119 497 3150 suis
509 3119 579 3150 loca
589 3116 751 3157 subjicere.
776 3117 913 3158 Estque,
930 3129 962 3152 ut
979 3122 1044 3153 hoc

171 3163 284 3194 addam
294 3162 346 3192 illa
356 3160 482 3201 Ulpiani
500 3160 623 3191 locutio
639 3168 703 3190 non
714 3159 862 3190 diffimilis
873 3160 947 3190 huic
960 3162 1041 3194 Livii

169 3205 218 3236 lib.
229 3212 277 3244 27.
294 3212 319 3234 c.
330 3206 379 3234 26.
399 3203 482 3245 Quin
492 3202 566 3233 imus
580 3199 633 3242 ipst
641 3210 706 3233 cum
720 3200 864 3242 equitibus
875 3202 979 3241 paucis
994 3212 1042 3235 ex-

996 90 1259 126 NoonT
1315 91 1536 126 comm.

1083 179 1237 220 ploratum.
1255 179 1387 221 suhjesta
1401 190 1446 211 res
1461 180 1548 210 oculis
1565 177 1668 217 nostris
1678 181 1785 212 certius
1801 182 1881 213 dabit
1896 190 1960 217 con·
1980 174 1982 181 Ι

1080 219 1188 258 filium.
1212 221 1258 253 Ita
1273 222 1366 262 plane
1385 222 1446 254 est:
1464 220 1617 261 Ulpianus
1630 221 1718 260 vult,
1736 230 1850 262 praeter
1865 225 1956 258 Men.

1089 261 1213 300 sorem,
1237 266 1330 294 etiam
1350 265 1510 294 Arbitrum
1534 264 1564 294 in
1586 272 1649 294 rein
1670 263 1854 302 ptaeleiitein
1874 267 1958 298 veni-

1091 312 1143 341 re,
1159 304 1189 335 ὅτ.
1205 304 1297 344 quale
1313 304 1347 336 iit
1359 307 1398 336 de
1417 314 1482 345 quo
1496 305 1654 345 jurgatur,
1672 303 1730 336 suis
1747 305 1847 336 oculis
1863 308 1957 340 confi·

1090 344 1216 376 derare:
1237 355 1343 385 eoque
1361 345 1575 386 inspectorem
1594 346 1744 384 appellari
1762 356 1779 376 a
1798 345 1958 387 Simplicio

1083 391 1153 425 pag.
1175 389 1225 422 88.
1241 388 1271 417 in
1282 386 1361 426 fine,
1387 388 1462 418 scire
1482 389 1566 418 lieet.
1595 385 1668 418 Nec
1686 395 1790 419 tamen
1810 397 1958 431 oportet;

1088 426 1233 465 judicem
1249 428 1278 459 iii
1290 429 1425 460 notione
1443 429 1520 460 stare
1530 429 1697 460 oculorum
1715 427 1796 460 fide:
1815 429 1866 461 sed
1883 439 1958 470 prae..

1090 474 1176 512 terea
1191 467 1275 508 sequi
1294 479 1402 500 vetera
1425 479 1651 509 monumenta3
1674 470 1703 500 <St
1727 469 1838 502 census
1855 472 1960 504 auclo-

1089 516 1214 540 ritatem
1238 518 1311 541 ante
1334 511 1421 542 litem
1444 511 1653 543 contestatam
1679 510 1839 543 ordinati:
1862 515 1959 553 modo

1090 549 1317 582 succeffionum
1343 556 1495 585 varietate
1524 553 1552 584 ἃ
1582 552 1788 591 possessorum
1812 553 1959 595 arbitrio,

1089 591 1204 626 additis
1231 592 1419 625 detraffisve
1446 596 1546 633 agris,
1571 593 1648 626 fines
1667 594 1775 634 postea
1793 598 1961 634 permutati

1089 642 1153 664 non
1171 633 1229 664 iint
1247 633 1264 663 l.
1288 642 1333 665 11.
1354 634 1395 667 D.
1414 635 1449 669 ἐπ’)
1465 637 1483 666 l.
1504 647 1530 667 2.
1551 636 1582 667 C,
1601 637 1628 666 h.
1647 644 1668 666 ι.
1700 635 1788 677 Quid
1807 638 1959 671 tandem?

1088 676 1261 705 secundum
1276 675 1344 705 haec
1361 676 1389 706 δι
1407 678 1462 707 alia
1480 676 1589 708 finium
1606 680 1818 715 documenta,
1837 678 1960 719 insuper

1089 716 1128 746 ab
1141 716 1274 756 Aggeno
1291 715 1415 748 Urbico
1433 719 1523 749 allata
1543 719 1696 749 commem.
1709 721 1739 749 in
1749 719 1815 758 Jul.
1828 718 1958 753 Frontin.

1089 756 1135 787 De
1151 758 1235 788 timii.
1254 767 1349 799 agror.
1363 766 1431 799 pag.
1453 770 1502 800 53.
1526 760 1716 798 declarabit,
1742 760 1900 793 Mensoris
1917 759 1961 793 iu-

1088 807 1255 836 terventu,
1279 799 1423 838 Arbiter,
1446 800 1466 831 fi
1487 802 1624 840 poterit,
1647 803 1793 842 antiquos
1811 802 1906 834 fines:
1923 812 1965 834 at·

1088 849 1151 880 que
1178 849 1212 871 ut
1235 842 1266 871 in
1293 841 1337 871 rei
1359 841 1595 881 vindicatione,
1619 843 1661 873 ita
1687 843 1717 874 in
1743 843 1801 874 hac
1818 844 1962 884 afflone,-

1089 891 1157 912 rem
1175 880 1450 919 restituijubebit:
1466 892 1502 913 ac
1517 883 1536 913 ii
1549 884 1597 914 vel
1615 884 1708 914 arbor
1727 884 1961 922 velvaedifieium

1089 921 1167 954 fines
1191 922 1388 963 confundat3
1412 925 1559 955 arborem
1581 924 1696 956 succidi
1722 926 1773 956 vel
1793 925 1963 959 aedificium

1089 964 1225 1004 deponi:
1249 965 1279 996 ὅ(
1298 965 1354 999 nisi
1372 974 1537 1006 pareatur,
1563 975 1787 998 contumacem
1805 968 1959 1000 condem-

1088 1005 1176 1037 nabit
1192 1005 1210 1036 l.
1228 1016 1256 1045 4.
1275 1006 1306 1048 §.
1323 1016 1352 1048 3.
1371 1008 1398 1038 h.
1417 1013 1438 1037 t.
1469 1006 1598 1047 Nempe
1615 1031 1625 1045 ‚
1649 1007 1719 1048 quia
1743 1008 1826 1039 aftio
1851 1008 1961 1042 finium

1087 1048 1302 1092 regundorum
1321 1049 1351 1079 in
1371 1057 1436 1079 rem
1455 1047 1518 1087 est,
1537 1058 1693 1088 quatenus
1711 1057 1845 1090 uterque
1863 1049 1962 1083 affinis

1088 1089 1176 1129 quod
1199 1088 1245 1120 est
1265 1098 1348 1120 intra
1374 1090 1472 1130 pedes
1499 1090 1658 1131 quinque,
1682 1088 1723 1121 sui
1750 1091 1882 1123 dominii
1900 1092 1962 1124 ess'e

1087 1129 1237 1162 vindicat.
1274 1131 1317 1161 At
1335 1140 1398 1162 non
1417 1141 1457 1162 eo
1475 1133 1577 1163 minus
1596 1131 1641 1163 est
1662 1131 1805 1164 officium
1824 1133 1961 1174 Arbitri,

1087 1171 1205 1202 habere
1216 1173 1373 1204 rationein
1384 1173 1448 1212 ejus
1460 1175 1545 1213 quod
1557 1172 1697 1205 interest.
1722 1182 1758 1204 ac
1774 1173 1962 1208 fundamen-

1088 1220 1122 1244 to
1140 1222 1231 1253 aeque
1249 1214 1337 1245 bono
1355 1224 1393 1246 ac
1410 1213 1521 1246 firmo:
1548 1214 1698 1246 videlicet
1711 1239 1721 1253 ,
1740 1217 1827 1256 quod
1844 1215 1913 1248 haec
1929 1226 1960 1249 a·

1084 1254 1149 1285 ctio
1167 1255 1211 1286 est
1228 1265 1291 1286 non
1303 1256 1332 1287 in
1345 1265 1411 1287 rem
1430 1265 1554 1287 tantum
1566 1280 1575 1295 ‚
1591 1256 1644 1288 sed
1662 1255 1692 1287 in
1705 1256 1870 1297 personam
1882 1267 1960 1298 quo·

1085 1305 1157 1335 que.
1191 1295 1359 1336 Respicis?
1383 1297 1435 1329 sed
1452 1297 1564 1330 Paulus
1582 1298 1602 1329 l.
1624 1307 1650 1329 1.
1670 1297 1709 1329 D.
1726 1300 1752 1328 b.
1771 1305 1793 1330 t.
1824 1299 1960 1340 Finium,

1084 1336 1204 1377 inquit,
1229 1342 1422 1379 regundorum
1439 1339 1512 1370 aetio
1534 1340 1565 1370 in
1582 1342 1730 1380 personam
1747 1337 1804 1380 est,
1828 1341 1892 1372 licet
1904 1348 1957 1382 pro

1084 1380 1280 1410 vindicatione
1296 1382 1337 1411 rei
1352 1379 1400 1420 est.
1426 1380 1539 1412 Sensus
1558 1380 1642 1412 Pauli
1668 1382 1739 1421 (me
1763 1384 1959 1423 interprete)

1086 1420 1147 1452 est:
1167 1419 1289 1453 Finium
1308 1422 1522 1463 regundorum
1537 1422 1618 1454 aelio
1630 1424 1723 1453 etiam
1741 1425 1771 1454 in
1790 1423 1957 1463 personam

1086 1461 1150 1500 est,
1169 1463 1243 1494 licet
1261 1463 1401 1503 alioquin
1413 1472 1471 1504 pro
1481 1463 1524 1495 rei
1537 1465 1752 1495 vindicatione
1768 1464 1829 1496 est:
1846 1465 1877 1496 id
1893 1465 1958 1505 est,

1087 1502 1180 1534 Licet
1196 1506 1226 1535 in
1238 1504 1336 1544 spatio
1349 1505 1618 1546 quinquepedum
1638 1505 1719 1536 suain
1738 1504 1873 1546 quisque
1891 1515 1959 1547 par-

1085 1552 1150 1576 tem
1170 1544 1279 1577 finium
1299 1547 1513 1587 regundorum
1538 1546 1663 1578 afflone
1682 1545 1845 1586 vindicet,
1860 1547 1961 1579 ideo-⁷

1085 1595 1147 1626 que
1166 1586 1236 1618 haec
1251 1587 1283 1618 in
1303 1597 1370 1619 rem
1384 1588 1466 1619 aetio
1482 1587 1538 1619 fit:
1555 1590 1626 1629 quia
1642 1596 1746 1619 tamen
1766 1588 1824 1623 hac
1840 1590 1959 1628 petitur

1085 1637 1215 1668 quoque
1240 1629 1328 1667 quod
1354 1629 1508 1668 debetur3
1532 1629 1636 1669 negari
1662 1629 1792 1667 nequit,
1815 1628 1910 1661 etiam
1927 1631 1959 1663 in

1084 1670 1249 1713 personam
1266 1670 1423 1702 astionem
1442 1669 1521 1707 effe,
1545 1678 1659 1712 utpote
1676 1670 1873 1712 obligatione
1893 1671 1963 1704 sub-

1084 1720 1200 1742 nixam.
1226 1711 1323 1752 Atqui
1343 1712 1476 1750 vocula,
1493 1713 1599 1752 eliani,
1616 1714 1698 1753 apud
1713 1713 1843 1744 Paulum
1856 1714 1884 1744 d.
1901 1713 1919 1744 l.
1935 1723 1962 1746 1.

1085 1762 1150 1784 non
1163 1752 1216 1784 est.
1239 1752 1368 1785 Fateor.
1394 1753 1446 1785 sed
1464 1753 1651 1795 frequentes
1667 1754 1748 1794 apud
1760 1753 1896 1787 Veteres
1912 1764 1963 1786 es.

1087 1793 1115 1824 se
1133 1794 1311 1835 hujusmodi
1330 1794 1528 1832 locutiones.
1544 1798 1573 1827 in
1588 1796 1702 1837 quibus
1716 1805 1752 1827 ea
1769 1795 1879 1828 deficit
1896 1806 1963 1837 par-

1086 1837 1180 1866 ticula
1193 1860 1202 1874 ‚
1219 1837 1246 1867 a&
1264 1837 1428 1869 intelletflu
1439 1836 1610 1878 supplenda
1622 1837 1684 1873 est.
1702 1836 1842 1877 pluribus
1853 1847 1961 1869 exem-

1086 1878 1144 1915 plis
1170 1878 1383 1909 demonstravi
1410 1880 1457 1909 lib.
1476 1878 1555 1920 sing.
1584 1879 1634 1909 Ad
1653 1878 1749 1909 Eciift.
1771 1878 1814 1909 De
1827 1879 1905 1919 ραέῐ.
1923 1880 1961 1914 &²

1085 1919 1222 1950 imma.
1239 1930 1299 1961 αῖς.
1326 1919 1359 1951 In
1379 1921 1541 1960 praesentia
1557 1929 1662 1951 autem
1682 1919 1880 1952 necessariam
1899 1921 1961 1952 effe

1087 1961 1168 1991 hanc
1191 1961 1508 2002 interpretationem,
1533 1972 1570 1993 an
1594 1961 1774 1999 ambigam?
1800 1963 1851 1992 ubi
1876 1962 1961 1994 actio

1086 2001 1196 2033 finium
1223 2005 1437 2044 regundorum
1465 2005 1495 2034 in
1520 2003 1548 2044 §.
1563 2013 1611 2034 20.
1631 2001 1702 2043 Inst.
1719 2005 1752 2033 (le
1768 2001 1927 2034 actionibus
1943 2013 1961 2035 a

1081 2043 1253 2085 Justiniano
1279 2043 1342 2075 fine
1367 2045 1502 2076 circuitu
1521 2044 1618 2076 mixta
1634 2044 1750 2076 dicitur
1766 2043 1828 2075 ess‘e
1846 2053 1907 2076 tam
1928 2046 1961 2077 in

1086 2094 1172 2123 rem,
1197 2095 1289 2126 quam
1315 2087 1345 2117 in
1368 2086 1544 2126 personam.
1569 2086 1635 2125 jain
1661 2086 1746 2117 illam
1771 2086 1864 2117 rebus
1886 2087 1962 2118 inde

1085 2126 1249 2165 constare,
1267 2136 1330 2158 tam
1347 2137 1395 2159 res
1412 2129 1509 2159 docet
1528 2128 1557 2158 ὅ(
1574 2136 1682 2158 natura
1699 2127 1849 2165 actionis,
1866 2137 1960 2167 quam

1087 2168 1336 2200 demonstratum
1354 2171 1453 2201 modo
1471 2168 1515 2200 est
1532 2179 1548 2199 a
1565 2169 1674 2201 Paulo.
1704 2169 1961 2200 Praestationibus

1085 2217 1190 2241 autem
1209 2209 1425 2250 personalibus
1451 2210 1545 2252 ipsam
1571 2220 1636 2242 non
1653 2209 1798 2247 destitui,
1823 2211 1958 2252 ignorari

1086 2261 1151 2282 non
1169 2251 1238 2282 sinit
1263 2251 1327 2282 hoc
1352 2252 1513 2291 justiniani
1530 2252 1558 2294 §.
1576 2256 1605 2283 6.
1623 2249 1694 2292 Inft.
1711 2253 1743 2282 de
1764 2251 1853 2292 officio
1868 2252 1960 2292 Judi-

1085 2294 1141 2331 cis,
1169 2292 1210 2323 Eo
1235 2302 1366 2334 quoque
1388 2295 1501 2324 nomine
1526 2295 1759 2324 condemnandas
1783 2293 1822 2332 est
1840 2295 1960 2334 quisque

1085 2336 1135 2365 hoc
1152 2336 1264 2376 jndicio
1278 2359 1286 2373 ,
1310 2336 1384 2376 quod
1398 2336 1481 2374 forte
1505 2336 1583 2366 circa
1599 2334 1676 2373 fines
1698 2335 1808 2375 aliquid
1824 2335 1959 2370 malitiose

1086 2374 1241 2414 coimnifit:
1262 2378 1344 2408 veihi
1361 2378 1476 2417 gratia,
1501 2378 1570 2417 quia
1590 2376 1698 2415 lapides
1715 2375 1822 2415 finales
1831 2376 1958 2414 furatus

1085 2416 1140 2456 est,
1156 2418 1202 2447 vei
1219 2419 1332 2448 arbores
1342 2418 1448 2457 finales
1465 2419 1582 2449 excidit.
1614 2417 1716 2448 Mitto
1733 2416 1958 2456 justinianum:

1086 2459 1150 2499 ipse
1171 2458 1282 2490 Paulus
1298 2460 1357 2498 l.4.
1374 2459 1402 2500 §.
1416 2469 1439 2490 1.
1453 2459 1480 2490 h.
1495 2466 1516 2490 t.
1539 2459 1653 2490 eodem
1674 2458 1767 2498 plane
1784 2459 1903 2496 modo,
1922 2458 1958 2489 In

1079 2501 1210 2541 judicio,
1227 2501 1469 2540 inquit,finium
1483 2501 1678 2541 regundorum
1695 2502 1789 2530 etiam
1807 2500 1868 2540 ejus
1883 2501 1959 2530 ratio

1081 2540 1120 2581 fit
1137 2543 1211 2583 quod
1227 2540 1351 2582 interest.
1376 2542 1423 2572 Ac
1441 2551 1482 2573 ne
1501 2541 1651 2581 exemplo
1668 2549 1791 2572 careret
1810 2540 1959 2572 observa-

1088 2583 1133 2614 tio
1161 2584 1228 2613 liaec
1254 2582 1426 2623 personalis
1452 2582 1679 2623 praestationis,
1703 2591 1800 2622 porro
1819 2582 1960 2623 subjicit:

1086 2624 1168 2666 Quid
1186 2625 1260 2655 enim
1269 2623 1299 2661 fi
1312 2626 1377 2666 quis
1394 2625 1522 2665 aliquam
1548 2624 1704 2654 utilitatem
1728 2633 1764 2655 ex
1780 2633 1808 2653 eo
1825 2623 1882 2654 Ioco
1899 2631 1961 2662 per-

1086 2667 1159 2706 cepit
1184 2675 1265 2706 quem
1283 2667 1377 2696 vicini
1400 2665 1450 2706 effe
1472 2665 1634 2705 appareat?
1657 2667 1755 2706 inique
1771 2667 1916 2698 damnatio
1931 2674 1960 2695 eo

1086 2707 1198 2737 nomine
1208 2706 1273 2746 fiet.
1297 2705 1349 2737 Sic
1367 2706 1536 2737 Florentiae
1557 2706 1690 2737 exbibet
1712 2706 1904 2737 Taurellius.
1929 2715 1958 2736 at

1085 2749 1117 2779 in
1136 2748 1261 2787 vulgata
1274 2748 1412 2779 Accurfii
1423 2749 1566 2779 editione
1577 2771 1586 2785 ,
1603 2748 1632 2779 δε
1646 2748 1874 2789 Marginalibus
1886 2747 1959 2779 Rus-

1086 2788 1165 2821 sardi
1176 2788 1271 2820 Notis
1287 2789 1432 2829 reperio,
1448 2799 1486 2820 an
1501 2791 1607 2831 inique.
1633 2789 1742 2821 Multo
1759 2790 1893 2820 melius:
1908 2788 1963 2820 nisi

1085 2830 1259 2863 Florentiae
1268 2829 1311 2862 fic
1322 2839 1457 2870 ponatur
1473 2831 1593 2872 signum
1612 2830 1872 2872 interrogationis
1890 2829 1959 2870 post

1088 2873 1177 2911 haec,
1191 2872 1291 2913 inique
1308 2873 1455 2904 damnatio
1471 2882 1500 2903 eo
1518 2874 1629 2903 nomine
1639 2870 1692 2912 fiet
1703 2871 1719 2903 ,9
1735 2882 1806 2904 narn
1823 2881 1889 2903 tum
1904 2881 1959 2902 eo-

1088 2915 1161 2945 dem
1178 2913 1260 2944 redit
1276 2913 1396 2945 sensus:
1422 2914 1450 2945 ἃ
1468 2915 1719 2954 interrogatione
1736 2914 1807 2952 illa,
1824 2913 1879 2944 etii
1897 2922 1961 2944 non

1089 2954 1235 2995 sequatur
1252 2954 1430 2995 responsio,
1450 2955 1512 2986 tale
1525 2955 1822 2995 confitexemplum
1839 2953 1962 2993 praesta-

1088 2996 1185 3028 tionis
1201 2996 1373 3036 personalis
1390 2996 1461 3029 satis
1479 2997 1621 3036 elegans:
1637 2995 1667 3027 Si
1686 2998 1754 3037 quis
1770 3006 1810 3027 ex
1827 2994 1961 3025 confini-

1087 3038 1145 3070 bus
1162 3037 1298 3078 aliquam
1318 3039 1463 3078 percepit
1474 3038 1646 3069 utilitatem
1664 3047 1704 3068 eo
1721 3046 1761 3068 ex
1776 3037 1852 3067 loco
1864 3043 1960 3075 quem

1088 3080 1186 3110 vicini
1203 3078 1265 3111 ess'e
1283 3088 1450 3120 appareat3
1465 3079 1608 3118 Judicetn
1619 3078 1727 3110 finium
1742 3077 1960 3117 regundorum

1087 3130 1152 3152 non
1180 3123 1280 3152 modo
1305 3130 1408 3152 rerum
1421 3144 1431 3160 ,
1456 3120 1506 3151 sed
1527 3123 1622 3151 etiarn
1642 3121 1706 3159 ejus
1722 3119 1812 3157 quod
1828 3116 1960 3148 interest

1087 3160 1268 3194 habiturum
1291 3163 1449 3194 rationem
1469 3171 1478 3200 ;
1510 3171 1570 3192 nec
1592 3161 1698 3199 inique
1720 3159 1960 3190 damnationem

1085 3213 1126 3235 eo
1141 3203 1271 3238 nomine
1283 3203 1452 3240 facturum.
1475 3201 1532 3234 Est
1548 3203 1577 3234 ὁ(
1592 3200 1674 3237 aliud
1691 3197 1958 3272 confimileeg'ggi
