2052 3487
378 141 456 184 Dr:
505 144 813 181 FOENORE
862 145 930 177 ET
981 139 1244 176 UsttRis.

50 247 108 276 re‘t.
133 241 178 274 est
201 241 285 272 enim
303 239 333 271 δι
354 239 407 270 hic
429 234 512 279 quali
537 235 604 281 alea
625 231 644 263 l.
660 236 688 267 8.
711 230 741 282 §5
762 240 788 263 1.
814 230 912 278 Dae

50 284 241 316 contrahenda
259 282 418 322 emptione:
441 278 507 318 spes
533 284 616 306 enlm
638 273 701 314 (ut
718 278 841 303 seneca
865 281 912 318 in-

48 326 85 358 fit
109 324 186 366 epist,
213 323 287 363 ιο.)
309 321 419 353 incerti
444 318 520 350 boni
545 324 663 348 nomen
694 313 749 359 est.
775 312 841 360 „est‚
868 320 912 360 in-

53 376 166 408 quam,
191 366 220 396 &
244 365 296 395 hic
318 362 401 403 quafi
424 362 506 396 alea,
533 358 674 404 sedqnon
697 364 818 402 inanis:
841 363 914 394 quia

51 419 126 441 meo
151 406 295 448 periculo
318 404 431 443 adjuvo
456 400 618 442 piscatoris
642 397 672 428 &
696 404 857 443 inopiam,
882 396 913 426 &

50 450 232 482 industriam
257 446 382 485 publice
406 444 524 475 utilem.
556 440 643 481 quod
673 447 755 484 ratio
786 442 913 483 patitur.

55 492 151 532 igitur
176 489 196 521 fi
214 488 289 529 quid
305 486 390 526 cepit
408 484 559 525 piscator;
584 482 614 512 ὅ(
638 487 806 520 pecuniam
833 487 914 524 reci-

51 542 134 572 piam
147 555 155 570 ‚
181 531 210 562 &
227 529 313 570 quod
330 534 481 568 praeterca
497 522 667 560 convenit,
691 520 772 559 quasi
792 528 915 560 pericu-

51 575 72 606 li
90 573 237 613 pretium.
262 570 344 601 idem
361 569 402 598 ait
418 565 580 601 Scaevola,
602 563 623 595 fi
640 563 768 594 athletae
793 561 915 592 dedero

52 614 237 655 pecuniam,
260 611 342 641 unde
363 607 392 639 se
418 607 603 644 exhiberet,
628 604 685 645 (id
704 603 767 642 est,
798 603 908 649 aleret,

53 656 185 686 exhibere
201 653 285 684 enim
301 650 344 682 est
360 650 468 689 alere)
492 654 723 685 exerceretque
738 668 747 683 ,
771 653 806 675 ut
825 644 846 675 [ι
872 652 916 673 vt·

53 696 158 733 efflet,
187 694 343 725 redderet.
368 691 460 722 recte.
487 688 588 721 solent
613 688 697 719 enim
721 685 850 717 athletae
876 684 915 715 ad

53 736 211 778 augendas
229 733 372 774 corporis
395 733 476 763 vires
495 732 523 762 &
545 730 629 761 vistu
648 736 760 765 certo,
778 727 807 759 ἃ
824 736 914 757 exer-

55 778 226 813 citatione,
249 775 304 807 uti.
330 773 545 817 Quintilianus
570 772 618 802 lib.
637 769 714 802 XII.
740 766 812 808 InJl.
840 768 914 799 Ora-

56 818 110 851 ior.
131 829 154 850 c.
185 827 228 849 10.
253 823 320 858 pag.
343 819 429 852 1096.
452 815 484 845 in
504 814 528 852 f.
554 813 638 844 Sicut
661 811 834 842 athletarum
856 817 916 839 cor-

53 868 122 903 pora
143 856 248 896 etiamfi
271 858 413 889 vttlidiora
435 854 514 895 fiant
537 853 740 885 exercitatione
754 874 764 890 ,
801 850 836 885 ὅ)
857 850 915 891 lege

59 902 181 944 quadam
202 901 337 932 ciborum.
379 897 474 930 Valet
492 896 585 938 igitur
604 895 800 931 conventio,
824 891 844 923 fi
862 901 916 932 pe·

58 944 181 975 cuniam
218 941 338 974 dedero
370 938 525 977 athletae,
556 937 639 969 unde
669 934 701 967 se
730 933 916 972 exhiberet,-

1296 135 1322 171 L
1343 143 1402 172 113.
1428 133 1479 170 ΙΙ.
1761 138 1830 181 185

955 236 1197 270 exerceretque.
1221 234 1292 261 nam
1317 227 1348 261 &
1364 221 1501 260 haecrree
1524 223 1616 259 stulta
1642 230 1740 267 atque
1763 225 1828 258 ina-⁴

954 272 1001 303 nis
1019 279 1087 302 eam
1110 271 1234 302 ratione
1260 269 1509 302 aestimantibus:
1533 268 1565 300 in
1588 267 1704 309 quibus
1728 266 1826 299 Anar-

956 311 1071 343 charsis
1094 312 1178 351 apud
1204 311 1403 351 Lucianum,
1434 310 1481 343 De
1503 308 1679 351 gymnasiis:
1708 307 1762 341 sed
1785 318 1828 341 ex

957 353 1148 385 Graecorum
1169 352 1324 384 sententia
1342 362 1435 393 quam
1461 351 1561 383 Solon
1587 358 1713 390 tuetur,
1735 351 1829 381 eodem

956 395 1028 432 loci,
1053 395 1082 426 δι
1102 394 1235 426 Romani
1260 395 1388 426 tandem
1417 394 1613 435 probarunt,
1636 399 1672 423 ut
1696 399 1829 433 apparet

959 446 999 467 ex
1017 436 1036 466 l.
1059 445 1087 475 7.
1110 435 1139 477 §.
1158 447 1187 474 4.
1211 435 1253 466 D.
1273 436 1323 467 Ad
1339 436 1425 477 legem
1442 435 1613 477 Aquiliam,
1635 433 1655 465 l.
1673 445 1701 472 4.
1727 432 1770 464 D.
1794 434 1828 464 de

959 478 1003 508 bis
1026 479 1077 518 qui
1107 482 1249 508 notantur
1269 477 1395 517 infamia
1410 499 1419 515 ,
1451 479 1489 508 ad
1515 476 1668 507 virtutem
1690 474 1824 516 spectat:

959 518 1014 550 etsi
1032 520 1061 549 ἅ
1078 519 1153 549 aleae
1170 518 1305 559 speciem
1323 518 1439 549 habeat
1453 539 1462 556 ,
1486 517 1508 549 fi
1532 524 1685 548 eventum
1706 515 1829 557 spectes

958 561 976 590 l.
996 570 1024 591 2.
1046 558 1075 600 §.
1098 570 1123 591 1.
1148 559 1189 590 D.
1208 562 1240 590 de
1256 560 1437 590 aleatoribus.
1462 559 1556 599 igitur
1570 558 1634 589 hoc
1652 567 1781 599 quoque
1796 558 1830 589 in

959 601 1029 632 casu
1045 602 1065 632 ii
1082 611 1154 632 meo
1177 601 1320 641 periculo
1333 601 1442 640 juvem
1460 599 1616 631 laudabile
1629 599 1829 640 propositum

959 642 1097 674 hominis
1117 643 1282 683 pauperis,
1307 643 1337 673 &
1362 641 1436 673 ideo
1453 650 1518 672 non
1545 639 1728 672 sufficientis
1752 639 1832 672 sum-

959 684 1060 720 tibus,
1084 684 1262 715 neceffariis
1277 684 1316 715 ad
1333 682 1459 714 virtutis
1474 682 1762 714 exercitationem:
1785 681 1832 713 ni-

960 725 1003 755 hil
1021 725 1065 755 est
1082 727 1169 765 quod
1187 734 1259 756 cum
1280 725 1404 756 ratione
1422 723 1687 764 reprehendatur.
1711 731 1742 753 at
1759 722 1779 754 ss
1798 723 1830 754 id

959 776 1022 797 non
1042 765 1076 797 fit
1093 790 1102 805 ,
1127 766 1178 797 sed
1196 766 1258 797 sola
1276 767 1354 798 lucri
1379 766 1448 805 spes
1474 775 1515 796 ex
1537 765 1661 796 incerto
1689 771 1830 802 eventu,

959 807 1023 839 line
1039 808 1316 848 contemplatione
1333 808 1435 839 civilis
1450 806 1591 848 negotii,
1615 813 1690 837 vera
1706 805 1832 836 dicetur

960 850 1027 880 alea
1045 858 1137 888 quam
1158 859 1221 881 nou
1237 850 1353 891 probat
1369 849 1472 881 civilis
1494 848 1575 881 ratio
1593 847 1614 879 l.
1634 856 1662 879 2.
1680 845 1717 881 ὅ)
1734 856 1764 888 3.
1788 844 1833 877 Da

959 892 992 922 de
1006 890 1187 923 aleatoribus.

732 1052 939 1089 CAPUT
992 1044 1141 1088 VIII.

113 1159 163 1194 De
183 1156 280 1206 usmis
306 1145 488 1204 specierum
514 1143 716 1190 creditarum:
740 1147 783 1190 ὃ
806 1162 872 1196 quae
900 1148 1084 1197 Justiniano
1106 1149 1234 1196 species
1261 1150 1413 1197 dicantur.
1443 1145 1463 1183 i.
1490 1150 1546 1184 26.
1574 1147 1603 1194 §.
1637 1157 1667 1184 1.
1695 1144 1727 1182 C.
1749 1141 1784 1183 (le

315 1204 423 1251 usuris.
476 1205 524 1240 De
540 1201 640 1249 usuris
661 1200 707 1236 rei
717 1199 888 1246 judicatae.
915 1200 1058 1234 notabilis
1077 1200 1189 1234 veteris
1209 1199 1382 1234 Marmor-is
1405 1196 1571 1244 inscriptib.

62 1310 184 1385 Dixi
202 1309 241 1340 de
257 1309 389 1349 pecunia
416 1305 596 1347 trajeetitia,
619 1303 651 1337 id
673 1303 737 1342 est,
761 1303 801 1336 de
818 1303 919 1345 prima

163 1350 365 1390 exceptione.
389 1349 483 1380 venio
499 1348 538 1379 ad
562 1347 691 1378 alteram
715 1354 808 1386 quam
830 1346 918 1386 Justi-

63 1393 189 1428 manus,
211 1391 231 1421 l.
248 1394 295 1422 26.
322 1390 350 1431 §.
377 1399 402 1421 1.
428 1389 460 1420 C.
478 1390 510 1420 de
526 1389 637 1427 usuris,
661 1387 741 1418 facit
766 1387 798 1418 in
818 1389 919 1429 specie-

63 1435 129 1464 bus:
151 1441 225 1469 quas
242 1430 348 1462 Graeci
363 1432 611 1472 interpretantur
621 1428 755 1469 fruetus.
772 1438 837 1461 non
856 1438 919 1461 ma·

63 1475 111 1506 le:
134 1482 167 1504 ut
184 1482 223 1504 ex
242 1472 442 1513 Hieronymo
459 1481 536 1506 mox
558 1470 733 1511 apparebit.
757 1469 802 1501 est
825 1472 921 1502 etiam

63 1514 189 1546 Titulus
213 1514 313 1545 xitvn.
335 1514 406 1545 libri
429 1523 459 1544 x.
483 1513 614 1546 Codicis
636 1511 680 1543 Ut
702 1512 811 1542 nemini
838 1511 922 1543 liceat

63 1560 95 1587 in
111 1557 243 1596 emptione
262 1555 434 1595 specierum
451 1555 485 1593 se
508 1555 660 1592 excusare,
685 1552 721 1588 &²
746 1554 779 1584 de
807 1562 925 1584 munere

59 1596 216 1636 fitocomiae.
241 1605 308 1636 quae
325 1604 429 1628 autem
449 1595 507 1627 sint
523 1596 715 1636 illaespecies,
739 1602 870 1635 apparet
884 1603 925 1626 ex

65 1639 84 1670 l.
103 1647 126 1669 1.
151 1636 368 1676 subsequente.
393 1637 489 1668 verba
513 1636 592 1677 legis
617 1635 704 1674 sunt,
729 1635 850 1682 Quoties
876 1645 924 1667 ur-

61 1684 144 1721 gente
179 1677 334 1719 neceffitate
367 1679 584 1719 comparationes
617 1676 770 1708 frumenti
793 1678 839 1708 vel
861 1677 926 1709 olei

63 1721 298 1761 alienarumque
321 1719 494 1760 specierum
518 1718 687 1759 quibuslibet
706 1719 868 1758 provinciis
883 1720 927 1749 irt-

64 1763 226 1799 dicuntur,
250 1760 334 1791 nulli.
361 1761 390 1791 ἃ
414 1760 544 1800 reliqua.
569 1759 620 1790 sed
646 1758 760 1799 &ipse
785 1759 927 1799 Justinia-

65 1807 124 1834 Iius
140 1803 157 1832 l.
181 1811 219 1833 20
253 1801 280 1843 §.
300 1807 327 1832 2.
354 1801 387 1832 C.
412 1802 444 1831 de
458 1800 590 1841 agricolis
611 1799 647 1834 ξεῖ)
662 1799 792 1839 confitis,
815 1800 863 1832 lib.
879 1811 925 1832 xr.

65 1845 112 1874 tit.
135 1853 185 1882 47.
207 1841 248 1873 fic
271 1842 410 1881 accipit3
430 1851 502 1873 curn
527 1842 592 1879 ait,
623 1841 677 1871 Sin
701 1847 796 1872 autent
820 1843 929 1872 reditus

65 1894 123 1916 non
137 1885 166 1915 in
185 1893 254 1914 auro
265 1906 274 1922 ,
290 1883 342 1922 sed
357 1884 386 1914 in
402 1882 565 1923 speciebus
581 1881 825 1921 inferuntur‚vel
841 1885 871 1913 in
888 1889 927 1913 to-

66 1933 129 1956 tum
143 1926 189 1956 vel
205 1926 236 1955 in
247 1930 378 1965 partem:
400 1925 504 1955 iterum
517 1931 568 1963 per
589 1921 714 1963 officium
730 1923 841 1964 judicis
863 1923 928 1955 fru-

67 1967 134 1998 &us
153 1967 327 1996 veridantnr.
371 1965 492 1997 Harum
509 1965 602 2004 igitur
618 1964 773 2005 specierum
796 1965 857 2004 (ut
880 1965 929 2004 Ju-

65 2008 216 2040 stinianus
239 2006 338 2038 refert
361 2007 388 2037 cl.
407 2007 424 2036 l.
443 2010 491 2038 26.
516 2006 543 2047 §.
564 2005 618 2045 1.)
641 2006 717 2037 olim
742 2006 841 2045 major
859 2015 928 2046 per·

65 2048 153 2081 miss'a
178 2048 240 2079 fuit
264 2047 368 2085 usura,
399 2057 492 2087 quarn
516 2049 670 2087 pecuniae.
705 2056 807 2086 eaque
830 2047 928 2088 gratia

64 2089 167 2121 solent
196 2090 279 2120 avari
302 2089 495 2127 creditores,
527 2088 661 2127 pecunia
686 2089 806 2118 credita
824 2111 832 2126 ,
863 2097 929 2119 non

66 2131 149 2162 hanc
166 2131 274 2169 reddi,
298 2130 327 2161 ἃ
344 2129 363 2160 fi
381 2139 445 2161 non
461 2130 629 2167 reddatur,
652 2129 715 2168 ejus
733 2128 835 2160 usuras
848 2152 857 2168 ,
880 2129 928 2160 sti-

66 2172 184 2212 putari:
208 2171 258 2202 sed
277 2179 394 2202 certam
413 2170 572 2202 fructuum
596 2171 829 2203 modiationem
852 2180 929 2210 prae-

67 2213 156 2251 stati,
179 2222 214 2244 ac
231 2211 285 2244 nifi
306 2212 330 2243 is
347 2213 458 2244 modus
474 2212 525 2243 sua
544 2212 595 2243 die
610 2210 782 2250 offeratur,
806 2211 928 2243 mensu·

67 2264 171 2286 :rarum
195 2254 414 2285 additamenta.
439 2263 509 2294 quae
526 2262 574 2284 res
594 2262 665 2284 cum
683 2252 718 2284 fit
736 2253 769 2284 in
783 2252 929 2284 fraudem

70 2295 279 2336 legitimarum
297 2294 471 2334 usurarum,
502 2305 518 2326 a
545 2293 713 2325 Gordiano
741 2295 931 2334 prohibetur

72 2336 91 2367 l.
112 2339 157 2367 16.
181 2335 213 2366 C.
231 2337 263 2366 de
278 2337 381 2372 usuris.
404 2335 455 2367 sed
473 2336 503 2367 ἃ
522 2335 654 2375 ipsarum
671 2335 799 2376 frugum
824 2336 930 2375 usura,

72 2384 145 2408 cum
162 2377 248 2408 nullo
265 2376 327 2407 fine
344 2380 566 2416 coerceretur,
589 2385 685 2417 atque
712 2379 793 2408 adeo
821 2387 931 2418 perge-

71 2426 120 2450 ret
137 2418 233 2453 ultra,
250 2427 341 2456 quam
359 2419 441 2449 ratio
460 2418 576 2456 vellet,
600 2419 715 2449 deinde
732 2419 863 2450 modum
881 2428 931 2450 ac-

72 2460 159 2500 cepit
173 2468 189 2490 a
212 2459 421 2491 Constantino
438 2460 494 2491 l.1.
513 2460 580 2491 Cod.
602 2459 703 2491 Tbeod.
719 2461 776 2490 eod.
798 2461 843 2492 tit.
864 2470 932 2492 ver-

72 2501 112 2532 ba
127 2499 334 2532 Constantini.
377 2501 559 2545 Quicumque
573 2501 680 2543 fruges
704 2502 866 2542 (humidas
887 2501 934 2533 vel

72 2543 205 2582 arentes)
220 2543 413 2583 indigentibus
428 2549 543 2573 mutuas
557 2544 702 2580 dederint,
718 2543 808 2580 usuroe
824 2541 937 2574 nomine

78 2583 193 2627 tertiani
204 2589 310 2624 partem
318 2582 497 2624 fiiperfluam
521 2584 752 2625 coiisequantur:
775 2585 804 2615 id
820 2583 876 2624 esi,
901 2590 935 2615 ut

71 2621 225 2661 fisumnta
253 2626 352 2655 crediti
371 2627 402 2656 in
426 2626 534 2656 duobus
557 2626 655 2656 modiis
671 2625 788 2664 fuerit,
819 2627 936 2656 tertium

80 2664 199 2709 inedium
222 2666 343 2705 amplius
365 2667 583 2708 consequantur.
626 2666 713 2710 ⁴Quod
727 2665 752 2704 fi
776 2672 935 2698 conventus

80 2704 213 2743 creditor,
231 2713 345 2749 propter
365 2709 536 2738 commodum
552 2708 725 2748 usurarum,
751 2709 877 2738 debitum
894 2717 936 2738 re-

81 2749 209 2791 cuperare
228 2747 367 2785 noluerit,
389 2758 446 2779 non
463 2749 558 2789 solunt
581 2750 694 2787 usuris,
710 2749 764 2788 sed
785 2750 871 2780 etiam
889 2750 935 2779 cle-

78 2788 132 2815 bitz
155 2787 311 2832 quantitate
325 2790 487 2828 privandus
506 2788 552 2830 eft.
579 2789 652 2834 Qpae
669 2791 715 2821 lex
729 2791 767 2821 ad
783 2791 855 2828 solas
864 2790 936 2830 frit·

78 2835 128 2866 ges
140 2832 271 2873 pertinet.
294 2838 361 2859 nam
372 2836 422 2869 pro
435 2833 557 2870 pecunia
579 2836 657 2865 ultra
672 2830 806 2872 singulas
826 2829 939 2868 centefi-

80 2876 142 2897 mas
169 2868 289 2913 creditor
309 2875 426 2901 vetatur
446 2874 578 2911 accipere.
628 2872 854 2904 Constantinus
877 2872 939 2912 pri-

78 2916 165 2954 murn
187 2908 299 2939 dividit
313 2908 419 2954 fruges
433 2912 462 2942 in
479 2911 639 2952 humidas,
663 2921 696 2944 ut
714 2913 937 2951 sunt,01eum,

77 2957 208 2994 vrnum3
232 2950 259 2980 ὃ(
278 2952 394 2996 aridas,
413 2961 445 2983 ut
461 2952 528 2984 sunt
543 2953 937 2992 fi-uinentum‚hordeum.

80 2990 196 3020 deinde
230 2990 340 3021 definit
365 2994 493 3024 modum
520 2995 675 3027 usurarum
693 3020 702 3034 ‚
733 2997 763 3027 in
795 2996 938 3035 utrisque

77 3031 332 3071 praeltandarum.
357 3033 425 3064 vult
449 3041 551 3066 autem
567 3059 575 3074 ,
599 3036 619 3068 fi
642 3037 690 3068 hae
715 3046 832 3069 mutuae
857 3038 938 3068 datae

78 3071 159 3118 sint,
176 3071 240 3103 five
259 3072 414 3111 humidae,
436 3074 498 3107 five
522 3077 632 3115 aridae,
661 3087 720 3118 pro
747 3078 844 3109 usuris
869 3087 940 3119 pro-

78 3121 160 3145 mitti
182 3113 270 3154 posse
297 3116 421 3161 tertiam
447 3123 574 3157 partem
595 3117 800 3158 superfluam:
826 3120 853 3150 &
873 3121 940 3151 haee

80 3155 245 3201 quomodo
269 3157 455 3196 accipienda
479 3157 534 3195 fit,
567 3161 715 3200 exemplo
732 3160 937 3193 demonstrat.

78 3196 111 3226 id
134 3197 312 3237 exemplum
339 3198 400 3237 est,
425 3206 478 3238 ut,
509 3199 530 3231 fi
555 3209 682 3232 mutuos
711 3202 835 3234 dederis
859 3203 938 3235 duos

77 3235 368 3311 frtffrelntilmodios
381 3263 390 3280 ‚
413 3240 528 3275 deinde
547 3243 627 3276 duos
646 3242 777 3284 recipias
797 3252 856 3285 pro
879 3243 939 3278 sor·

962 1310 1013 1342 te,
1038 1303 1068 1335 &
1085 1310 1238 1344 praeterea
1255 1303 1384 1335 tertium
1401 1311 1460 1342 pro
1478 1299 1584 1339 usura,
1608 1309 1679 1341 quae
1704 1299 1775 1331 sane
1791 1296 1839 1330 esi:

962 1346 1137 1386 graviffima
1161 1346 1268 1378 usura:
1292 1345 1364 1385 quia
1387 1345 1427 1375 ad
1450 1342 1616 1374 dimidium
1648 1341 1761 1378 sortis,
1785 1340 1838 1371 seu

963 1388 1103 1427 capitis,
1136 1386 1308 1418 adscendit.
1341 1386 1425 1416 unde
1458 1384 1488 1416 &
1511 1383 1642 1415 hemiolia
1666 1382 1837 1423 appellata.

964 1438 1056 1467 nam,
1081 1436 1115 1459 ut
1132 1429 1254 1467 optime
1278 1427 1312 1459 A.
1338 1426 1464 1458 Gellius
1482 1425 1529 1456 lib.
1553 1430 1600 1460 18.
1623 1423 1714 1456 Noa.
1740 1423 1837 1455 Attic.

964 1480 989 1501 c.
1010 1478 1056 1507 14.
1084 1468 1138 1509 Est
1156 1470 1298 1500 hemiolios
1315 1469 1366 1509 qui
1382 1476 1536 1499 numerum
1553 1467 1676 1507 aliquem
1694 1471 1786 1496 totum
1808 1465 1841 1495 in

955 1512 1016 1552 sese
1033 1512 1115 1542 babet
1131 1534 1140 1550 ,
1166 1512 1372 1551 dimidiumque
1385 1510 1466 1550 ejus:
1489 1513 1522 1539 ut
1538 1514 1594 1539 tres
1611 1509 1649 1538 ad
1664 1508 1740 1546 duo,
1752 1507 1840 1547 quin-

966 1554 1056 1584 decim
1073 1553 1110 1583 ad
1126 1553 1236 1583 decem:
1259 1552 1384 1592 triginta
1409 1551 1446 1581 ad
1461 1550 1581 1590 viginti.
1625 1548 1731 1588 Atque
1755 1548 1841 1578 hunc

967 1594 1122 1631 modum,
1144 1593 1234 1625 fimul
1252 1601 1308 1624 cur
1332 1593 1363 1623 in
1388 1590 1552 1632 frugibus,
1577 1589 1630 1621 seu
1655 1588 1842 1629 speciebus,

969 1644 1055 1667 tanta
1075 1635 1231 1675 placuerit
1254 1633 1363 1672 usura,
1387 1633 1471 1665 clare
1488 1631 1729 1672 Hieronymus,
1752 1630 1784 1660 in
1799 1628 1844 1660 E-

969 1677 1117 1708 zechielem
1150 1677 1197 1707 lib.
1222 1679 1252 1707 6.
1276 1685 1300 1705 c.
1329 1679 1375 1708 18.
1398 1682 1467 1715 pag.
1493 1676 1564 1706 206.
1597 1672 1629 1704 in
1656 1671 1703 1703 his
1729 1670 1843 1703 verbis.

970 1718 1067 1750 Solent
1093 1718 1125 1748 in
1147 1718 1226 1759 agris
1235 1716 1385 1756 frumenti
1401 1715 1437 1750 ὅ)
1452 1715 1544 1753 milii,
1566 1714 1632 1745 vini
1649 1712 1687 1747 δ’
1702 1712 1772 1752 olei,
1790 1721 1842 1743 cae-

971 1767 1153 1800 terarumque
1167 1759 1324 1799 specierum
1340 1757 1431 1797 usnrae
1447 1757 1545 1798 exigi,
1561 1754 1645 1794 five,
1669 1759 1703 1785 ut
1719 1753 1844 1795 appellat

962 1802 1058 1839 sermo
1083 1800 1223 1837 divinus,
1246 1800 1453 1830 abundantz'ae:
1476 1798 1557 1828 verbi
1577 1796 1695 1838 gratia,
1719 1801 1753 1826 ut
1775 1795 1842 1835 bye-

971 1843 1025 1872 mis
1043 1846 1164 1881 tempore
1179 1841 1275 1871 demus
1292 1841 1384 1870 decem
1400 1840 1522 1875 modion
1550 1838 1587 1872 ὃ)
1612 1839 1644 1868 in
1669 1836 1749 1877 meffe
1773 1836 1845 1867 reciss

970 1884 1085 1923 piamus
1120 1882 1302 1922 quindecim,
1327 1881 1377 1911 boc
1403 1878 1459 1921 est,
1483 1880 1607 1920 amplius
1628 1885 1743 1919 partem
1763 1878 1845 1909 dimi-

971 1924 1067 1958 diam3
1097 1925 1148 1964 qui
1166 1920 1241 1963 justi
1263 1931 1354 1952 imum
1372 1922 1402 1961 se
1419 1923 1588 1961 putaverit,
1621 1925 1759 1961 quartani
1777 1919 1846 1960 plus

972 1965 1094 2004 accipiat
1108 1965 1276 2004 portionem.
1318 1962 1361 1993 Et
1368 1962 1463 2003 solent
1480 1963 1682 2003 argumentari
1689 1985 1698 1999 ,
1721 1971 1756 1992 ac
1771 1962 1846 1991 dice-

972 2016 1010 2036 re.
1028 2006 1093 2035 dedi
1108 2014 1201 2036 unum
1222 2004 1349 2035 modium
1366 2006 1419 2045 qui
1429 2004 1515 2043 satus
1533 2004 1604 2042 fecit
1620 2004 1712 2033 decern
1725 2003 1844 2037 modios,

971 2056 1064 2077 nonne
1073 2044 1187 2088 justum
1204 2043 1261 2087 esi,
1285 2050 1318 2076 nt
1335 2047 1459 2076 medium
1483 2045 1610 2076 modium
1633 2042 1677 2083 [ἓν
1704 2043 1844 2083 ἡμιολίας]

972 2089 1004 2118 de
1025 2097 1082 2118 meo
1097 2088 1161 2128 plus
1181 2088 1340 2127 accipiam,
1364 2096 1428 2118 curn
1443 2086 1491 2117 ille
1516 2095 1577 2116 mea
1601 2084 1770 2115 liberalitate
1794 2093 1845 2114 no-

972 2139 1035 2175 veni
1065 2128 1101 2163 ὃ)
1118 2129 1204 2167 semis
1228 2130 1262 2160 cle
1285 2137 1343 2159 meo
1368 2129 1479 2160 babeat.
1521 2126 1633 2160 Habes
1649 2125 1847 2167 Hieronymi

971 2177 1140 2202 rationem.

1013 2211 1235 2252 Superioribus
1245 2209 1491 2251 exceptionibus
1508 2211 1621 2242 addam
1640 2208 1764 2241 tertiam
1776 2216 1848 2248 quae

974 2252 1018 2285 est
1041 2252 1142 2293 lmpp.
1169 2252 1333 2290 Gratiani,
1357 2252 1590 2290 Valentiniani,
1615 2251 1645 2282 &
1667 2249 1848 2282 Theodosii

973 2295 993 2325 l.
1017 2304 1042 2326 1.
1071 2295 1139 2325 Cori.
1169 2294 1270 2325 Theod‚
1296 2293 1343 2324 De
1366 2293 1462 2333 usuris
1486 2294 1528 2324 rei
1547 2294 1698 2335 judit-atre.
1739 2290 1848 2322 Verba

974 2336 1039 2376 ejus
1059 2336 1146 2376 legis.
1190 2335 1254 2381 Qui
1265 2333 1328 2376 posi
1339 2335 1449 2376 judicii
1458 2333 1570 2374 finem,
1594 2335 1717 2374 exceptis
1739 2333 1849 2363 duobus

974 2375 1112 2415 mensibus
1124 2400 1133 2412 ,
1157 2377 1288 2418 (quibus
1298 2383 1351 2417 per
1366 2375 1435 2416 legis
1444 2377 1615 2417 saltationem
1637 2382 1848 2414 nonnunquam

975 2417 1013 2458 est
1030 2418 1153 2459 conseffa
1175 2418 1301 2458 dilatio)
1323 2427 1429 2448 morant
1454 2416 1577 2457 afferent
1587 2416 1747 2455 solutioni,
1771 2424 1788 2445 a
1805 2414 1849 2445 die

971 2461 1083 2501 patrati
1093 2459 1221 2501 judicii,
1244 2469 1298 2500 quo
1320 2458 1434 2489 obnoxii
1457 2458 1563 2488 redditi
1580 2457 1672 2497 sunt,
1696 2457 1729 2487 in
1755 2455 1850 2496 dupli-

977 2503 1053 2532 cium
1071 2499 1289 2538 centefinzarum
1305 2501 1517 2530 conveniantur
1539 2500 1659 2539 usuras,
1683 2497 1700 2537 (
1709 2496 1849 2536 extrinstz-

978 2552 1032 2573 cus
1041 2542 1153 2582 scilicet
1169 2543 1346 2572 medietatem
1362 2541 1467 2579 debiti,
1492 2541 1524 2571 de
1538 2549 1593 2581 quo
1618 2540 1766 2582 litigatum
1790 2536 1849 2578 eft,

973 2582 1052 2621 ficut
1065 2585 1149 2624 prius
1173 2580 1362 2622 constitutum
1385 2579 1423 2621 est
1446 2581 1627 2621 inferentes)
1651 2589 1740 2622 usque
1764 2581 1795 2610 in
1819 2580 1851 2610 id

980 2631 1107 2664 tempus,
1130 2633 1184 2665 quo
1208 2624 1334 2654 debiturn
1349 2623 1493 2662 solutione
1518 2623 1665 2654 diluerint.
1719 2621 1807 2664 Quod
1831 2629 1851 2651 a

979 2667 1058 2696 nobis
1086 2666 1210 2705 exemplo
1232 2665 1365 2705 aeqnabili
1387 2673 1423 2695 ex
1439 2665 1519 2706 juris
1537 2665 1628 2705 prisci
1652 2662 1690 2703 est
1709 2661 1851 2703 forrnulis

978 2706 1194 2744 introduflnnt‚
1218 2712 1252 2736 ut
1273 2708 1342 2747 quia
1364 2706 1444 2737 rnalae
1461 2704 1534 2745 fidei
1548 2705 1708 2746 poffeffores
1729 2705 1760 2735 in
1775 2704 1849 2743 fru-

980 2747 1041 2778 cius
1057 2748 1155 2788 duplos
1181 2749 1411 2785 con-veniuntur,
1434 2756 1511 2788 teque
1534 2748 1613 2778 malae
1625 2746 1699 2786 fidei
1715 2746 1852 2777 debitores

973 2787 1066 2827 flatile
1084 2789 1183 2819 damni
1193 2788 1354 2829 periculum
1365 2791 1564 2830 persequatur.
1607 2789 1662 2819 Sed
1682 2793 1777 2818 tamen
1791 2794 1850 2816 cre-

982 2832 1056 2860 ditor
1086 2830 1174 2860 ternis
1204 2829 1361 2871 interjebiis
1390 2829 1531 2868 iriensibus
1549 2854 1558 2869 ‚
1585 2827 1648 2870 posi
1670 2828 1849 2870 flententiain

981 2868 1133 2910 contestari
1154 2881 1258 2902 moram
1282 2872 1388 2902 debebit
1411 2873 1545 2902 adbibitce
1571 2872 1738 2907 tarditatis,
1769 2873 1801 2898 ut
1824 2867 1849 2896 ei

983 2911 1197 2949 centesimarum
1215 2913 1373 2953 duplicium
1381 2913 1504 2953 srufbus
1516 2911 1600 2954 poffit
1625 2911 1749 2953 acquiri.
1793 2907 1849 2938 Ca-

981 2955 1105 2984 vendum
1132 2955 1233 2995 quippe
1254 2964 1290 2985 ex
1315 2955 1424 2989 diverso
1448 2953 1506 2994 esi,
1535 2956 1621 2985 etiam
1647 2958 1744 2983 contra
1769 2948 1849 2980 illam

981 2995 1122 3026 malitiam
1137 2996 1326 3034 creditorum,
1343 3005 1378 3026 ne
1388 2997 1532 3037 judicatis
1545 2997 1582 3026 ad
1589 2995 1762 3034 solutionem
1778 2999 1849 3020 cun-

982 3037 1141 3076 ciantibus,
1179 3037 1322 3078 incipiant
1346 3038 1398 3079 Jpe
1430 3038 1511 3078 dupli
1534 3036 1658 3076 foenoris
1693 3033 1849 3063 imminere.

983 3077 1170 3122 Quamquam
1180 3078 1368 3121 judicatum,
1385 3077 1414 3117 fi
1430 3080 1504 3109 banc
1514 3083 1630 3118 poenam
1648 3074 1707 3114 ase
1724 3081 1849 3105 remove-

981 3130 1011 3152 re
1026 3119 1164 3161 festinet,
1195 3119 1370 3152 contr-abbam
1393 3120 1546 3160 pecuniam
1569 3117 1615 3147 vei
1641 3116 1719 3156 apud
1736 3115 1850 3155 judices

981 3160 1156 3202 obsignatam
1173 3161 1264 3193 locare
1280 3168 1299 3200 ‚¹
1312 3163 1359 3192 vel
1370 3161 1481 3203 judicio
1498 3157 1652 3189 conveniat
1670 3155 1792 3197 offerre,
1815 3161 1850 3186 ut

977 3204 1139 3244 periculum
1158 3203 1317 3244 duplicium
1332 3207 1484 3237 usurarum
1500 3201 1647 3230 incurrere
1664 3207 1700 3229 ex
1723 3207 1755 3228 ea
1780 3198 1825 3227 die
1840 3215 1850 3235 ,

982 3255 1040 3287 qua
1055 3245 1194 3280 obnoxius
1207 3244 1259 3286 effe
1274 3244 1385 3315 coepgrgt
1401 3265 1410 3281 ‚
1434 3239 1557 3282 defislat.
1602 3237 1851 3309 Distinguendtgig
