<?xml version="1.0" encoding="UTF-8"?>
<!DOCTYPE html PUBLIC "-//W3C//DTD XHTML 1.0 Transitional//EN"
    "http://www.w3.org/TR/xhtml1/DTD/xhtml1-transitional.dtd">
<html xmlns="http://www.w3.org/1999/xhtml" xml:lang="en" lang="en">
 <head>
  <title>
</title>
<meta http-equiv="Content-Type" content="text/html;charset=utf-8" />
  <meta name='ocr-system' content='tesseract 3.04.00' />
  <meta name='ocr-capabilities' content='ocr_page ocr_carea ocr_par ocr_line ocrx_word'/>
</head>
<body>
  <div class='ocr_page' id='page_1' title='image "./gerardinoodtnovi00nood_0223.png"; bbox 0 0 2052 3487; ppageno 0'>
   <div class='ocr_carea' id='block_1_1' title="bbox 441 110 1317 150">
    <p class='ocr_par' dir='ltr' id='par_1_1' title="bbox 441 110 1317 150">
     <span class='ocr_line' id='line_1_1' title="bbox 441 110 1317 150; baseline 0.001 -1"><span class='ocrx_word' id='word_1_1' title='bbox 441 111 521 149; x_wconf 77' lang='lat' dir='ltr'>De</span> <span class='ocrx_word' id='word_1_2' title='bbox 571 110 881 148; x_wconf 47' lang='lat' dir='ltr'>Fortunae</span> <span class='ocrx_word' id='word_1_3' title='bbox 931 124 1002 149; x_wconf 79' lang='lat' dir='ltr'>ET</span> <span class='ocrx_word' id='word_1_4' title='bbox 1053 113 1317 150; x_wconf 77' lang='lat' dir='ltr'>UsURIS.</span> 
     </span>
    </p>
   </div>
   <div class='ocr_carea' id='block_1_2' title="bbox 92 199 966 1660">
    <p class='ocr_par' dir='ltr' id='par_1_2' title="bbox 92 199 966 1282">
     <span class='ocr_line' id='line_1_2' title="bbox 100 199 966 243; baseline 0.001 -8"><span class='ocrx_word' id='word_1_5' title='bbox 100 201 279 235; x_wconf 86' lang='lat' dir='ltr'>convertit:</span> <span class='ocrx_word' id='word_1_6' title='bbox 303 199 443 234; x_wconf 83' lang='lat' dir='ltr'>scribunt</span> <span class='ocrx_word' id='word_1_7' title='bbox 458 200 614 241; x_wconf 78' lang='lat' dir='ltr'><strong>Veteres,</strong></span> <span class='ocrx_word' id='word_1_8' title='bbox 637 210 709 233; x_wconf 85' lang='lat' dir='ltr'>cum</span> <span class='ocrx_word' id='word_1_9' title='bbox 728 202 767 232; x_wconf 85' lang='lat' dir='ltr'>ad</span> <span class='ocrx_word' id='word_1_10' title='bbox 788 202 966 243; x_wconf 81' lang='lat' dir='ltr'>legitimas,</span> 
     </span>
     <span class='ocr_line' id='line_1_3' title="bbox 98 242 966 283; baseline -0.001 -7"><span class='ocrx_word' id='word_1_11' title='bbox 98 244 162 276; x_wconf 82' lang='lat' dir='ltr'>five</span> <span class='ocrx_word' id='word_1_12' title='bbox 180 244 350 283; x_wconf 76' lang='lat' dir='ltr'>maximas,</span> <span class='ocrx_word' id='word_1_13' title='bbox 369 242 438 280; x_wconf 80' lang='lat' dir='ltr'>five</span> <span class='ocrx_word' id='word_1_14' title='bbox 460 242 667 283; x_wconf 77' lang='lat' dir='ltr'>gravfflimas,</span> <span class='ocrx_word' id='word_1_15' title='bbox 692 243 722 273; x_wconf 79' lang='lat' dir='ltr'>id</span> <span class='ocrx_word' id='word_1_16' title='bbox 749 244 811 281; x_wconf 83' lang='lat' dir='ltr'>est,</span> <span class='ocrx_word' id='word_1_17' title='bbox 835 244 966 277; x_wconf 83' lang='lat' dir='ltr'>centefi-</span> 
     </span>
     <span class='ocr_line' id='line_1_4' title="bbox 97 283 966 324; baseline 0.001 -7"><span class='ocrx_word' id='word_1_18' title='bbox 97 295 182 324; x_wconf 84' lang='lat' dir='ltr'>mas,</span> <span class='ocrx_word' id='word_1_19' title='bbox 207 284 308 316; x_wconf 87' lang='lat' dir='ltr'>usuras</span> <span class='ocrx_word' id='word_1_20' title='bbox 336 285 435 316; x_wconf 88' lang='lat' dir='ltr'>teneri</span> <span class='ocrx_word' id='word_1_21' title='bbox 455 284 633 324; x_wconf 74' lang='lat' dir='ltr'>Principum</span> <span class='ocrx_word' id='word_1_22' title='bbox 660 283 966 318; x_wconf 73' lang='lat' dir='ltr'>constitutionibus:</span> 
     </span>
     <span class='ocr_line' id='line_1_5' title="bbox 99 325 966 368; baseline 0.001 -10"><span class='ocrx_word' id='word_1_23' title='bbox 99 335 135 358; x_wconf 85' lang='lat' dir='ltr'>ut</span> <span class='ocrx_word' id='word_1_24' title='bbox 159 326 281 358; x_wconf 81' lang='lat' dir='ltr'>ostendi</span> <span class='ocrx_word' id='word_1_25' title='bbox 314 327 399 368; x_wconf 84' lang='lat' dir='ltr'>hujus</span> <span class='ocrx_word' id='word_1_26' title='bbox 423 325 490 356; x_wconf 81' lang='lat' dir='ltr'><em>libri</em></span> <span class='ocrx_word' id='word_1_27' title='bbox 521 327 613 365; x_wconf 75' lang='lat' dir='ltr'>capite</span> <span class='ocrx_word' id='word_1_28' title='bbox 631 335 668 365; x_wconf 79' lang='grc' dir='ltr'>Ιν.</span> <span class='ocrx_word' id='word_1_29' title='bbox 693 325 770 365; x_wconf 79' lang='lat' dir='ltr'>quid</span> <span class='ocrx_word' id='word_1_30' title='bbox 796 327 939 359; x_wconf 83' lang='lat' dir='ltr'>dicemus</span> <span class='ocrx_word' id='word_1_31' title='bbox 956 351 966 365; x_wconf 92' lang='lat'>‚</span> 
     </span>
     <span class='ocr_line' id='line_1_6' title="bbox 96 365 966 409; baseline 0.001 -10"><span class='ocrx_word' id='word_1_32' title='bbox 96 369 167 409; x_wconf 84' lang='lat' dir='ltr'>post</span> <span class='ocrx_word' id='word_1_33' title='bbox 182 368 341 408; x_wconf 70' lang='lat' dir='ltr'>justiniani</span> <span class='ocrx_word' id='word_1_34' title='bbox 362 365 632 398; x_wconf 87' lang='lat' dir='ltr'>Constitutionem</span> <span class='ocrx_word' id='word_1_35' title='bbox 641 366 667 398; x_wconf 69' lang='lat'>2</span> <span class='ocrx_word' id='word_1_36' title='bbox 682 375 754 398; x_wconf 89' lang='lat' dir='ltr'>eum</span> <span class='ocrx_word' id='word_1_37' title='bbox 773 370 811 398; x_wconf 81' lang='lat' dir='ltr'>ad</span> <span class='ocrx_word' id='word_1_38' title='bbox 834 368 966 400; x_wconf 79' lang='lat' dir='ltr'>centesi-</span> 
     </span>
     <span class='ocr_line' id='line_1_7' title="bbox 100 407 964 448; baseline 0 -7"><span class='ocrx_word' id='word_1_39' title='bbox 100 419 182 448; x_wconf 84' lang='lat' dir='ltr'>mas,</span> <span class='ocrx_word' id='word_1_40' title='bbox 206 419 242 440; x_wconf 86' lang='lat' dir='ltr'>an</span> <span class='ocrx_word' id='word_1_41' title='bbox 268 409 306 439; x_wconf 83' lang='lat' dir='ltr'>ad</span> <span class='ocrx_word' id='word_1_42' title='bbox 332 407 483 446; x_wconf 78' lang='lat' dir='ltr'>semiss&#39;es,</span> <span class='ocrx_word' id='word_1_43' title='bbox 507 409 633 444; x_wconf 67' lang='lat' dir='ltr'>teneri?</span> <span class='ocrx_word' id='word_1_44' title='bbox 655 407 709 439; x_wconf 88' lang='lat' dir='ltr'>sed</span> <span class='ocrx_word' id='word_1_45' title='bbox 733 416 833 448; x_wconf 89' lang='lat' dir='ltr'>puto,</span> <span class='ocrx_word' id='word_1_46' title='bbox 855 410 896 441; x_wconf 83' lang='lat' dir='ltr'>ad</span> <span class='ocrx_word' id='word_1_47' title='bbox 919 409 964 441; x_wconf 90' lang='lat' dir='ltr'>se·</span> 
     </span>
     <span class='ocr_line' id='line_1_8' title="bbox 99 448 961 492; baseline 0.001 -10"><span class='ocrx_word' id='word_1_48' title='bbox 99 450 216 483; x_wconf 77' lang='lat' dir='ltr'>milles:</span> <span class='ocrx_word' id='word_1_49' title='bbox 242 457 372 490; x_wconf 85' lang='lat' dir='ltr'>propter</span> <span class='ocrx_word' id='word_1_50' title='bbox 389 448 546 490; x_wconf 68' lang='lat' dir='ltr'>superiora</span> <span class='ocrx_word' id='word_1_51' title='bbox 567 448 727 489; x_wconf 86' lang='lat' dir='ltr'>Justiniani</span> <span class='ocrx_word' id='word_1_52' title='bbox 754 450 862 482; x_wconf 82' lang='lat' dir='ltr'>verba.</span> <span class='ocrx_word' id='word_1_53' title='bbox 891 460 961 492; x_wconf 85' lang='lat' dir='ltr'>quae</span> 
     </span>
     <span class='ocr_line' id='line_1_9' title="bbox 100 490 961 533; baseline 0.001 -10"><span class='ocrx_word' id='word_1_54' title='bbox 100 501 173 523; x_wconf 87' lang='lat' dir='ltr'>cum</span> <span class='ocrx_word' id='word_1_55' title='bbox 202 491 390 532; x_wconf 82' lang='lat' dir='ltr'>generaliter</span> <span class='ocrx_word' id='word_1_56' title='bbox 426 498 522 530; x_wconf 83' lang='lat' dir='ltr'>atque</span> <span class='ocrx_word' id='word_1_57' title='bbox 553 490 730 525; x_wconf 71' lang='lat' dir='ltr'>indistincte.</span> <span class='ocrx_word' id='word_1_58' title='bbox 764 491 961 533; x_wconf 82' lang='lat' dir='ltr'>loquantur,</span> 
     </span>
     <span class='ocr_line' id='line_1_10' title="bbox 100 531 961 573; baseline 0.002 -9"><span class='ocrx_word' id='word_1_59' title='bbox 100 543 172 564; x_wconf 86' lang='lat' dir='ltr'>cum</span> <span class='ocrx_word' id='word_1_60' title='bbox 196 536 254 563; x_wconf 84' lang='lat' dir='ltr'>nac</span> <span class='ocrx_word' id='word_1_61' title='bbox 269 533 338 572; x_wconf 82' lang='lat' dir='ltr'>lege</span> <span class='ocrx_word' id='word_1_62' title='bbox 359 541 376 562; x_wconf 93' lang='lat' dir='ltr'>a</span> <span class='ocrx_word' id='word_1_63' title='bbox 402 534 508 572; x_wconf 92' lang='lat' dir='ltr'>priore</span> <span class='ocrx_word' id='word_1_64' title='bbox 528 534 597 573; x_wconf 77' lang='lat' dir='ltr'>Jure</span> <span class='ocrx_word' id='word_1_65' title='bbox 622 531 792 572; x_wconf 84' lang='lat' dir='ltr'>receffiffe,</span> <span class='ocrx_word' id='word_1_66' title='bbox 823 534 908 565; x_wconf 84' lang='lat' dir='ltr'>clare</span> <span class='ocrx_word' id='word_1_67' title='bbox 930 545 961 566; x_wconf 91' lang='lat' dir='ltr'>e-</span> 
     </span>
     <span class='ocr_line' id='line_1_11' title="bbox 101 572 962 616; baseline 0.003 -12"><span class='ocrx_word' id='word_1_68' title='bbox 101 576 241 611; x_wconf 78' lang='lat' dir='ltr'>vincunt.</span> <span class='ocrx_word' id='word_1_69' title='bbox 281 573 342 607; x_wconf 72' lang='lat' dir='ltr'>Sed</span> <span class='ocrx_word' id='word_1_70' title='bbox 361 573 393 605; x_wconf 92' lang='lat' dir='ltr'>id</span> <span class='ocrx_word' id='word_1_71' title='bbox 415 574 527 606; x_wconf 87' lang='lat' dir='ltr'>clarius</span> <span class='ocrx_word' id='word_1_72' title='bbox 544 572 580 605; x_wconf 89' lang='lat' dir='ltr'>fit</span> <span class='ocrx_word' id='word_1_73' title='bbox 597 585 638 607; x_wconf 83' lang='lat' dir='ltr'>ex</span> <span class='ocrx_word' id='word_1_74' title='bbox 659 575 681 607; x_wconf 80' lang='lat' dir='ltr'>l.</span> <span class='ocrx_word' id='word_1_75' title='bbox 696 584 728 616; x_wconf 84' lang='lat'>3.</span> <span class='ocrx_word' id='word_1_76' title='bbox 751 573 784 605; x_wconf 91' lang='lat' dir='ltr'>C.</span> <span class='ocrx_word' id='word_1_77' title='bbox 809 576 843 606; x_wconf 84' lang='lat' dir='ltr'>de</span> <span class='ocrx_word' id='word_1_78' title='bbox 865 577 962 616; x_wconf 79' lang='lat' dir='ltr'>usuris</span> 
     </span>
     <span class='ocr_line' id='line_1_12' title="bbox 100 615 962 657; baseline 0.003 -11"><span class='ocrx_word' id='word_1_79' title='bbox 100 618 140 647; x_wconf 82' lang='lat' dir='ltr'>rei</span> <span class='ocrx_word' id='word_1_80' title='bbox 147 616 312 657; x_wconf 76' lang='lat' dir='ltr'>judicatae:</span> <span class='ocrx_word' id='word_1_81' title='bbox 322 615 351 646; x_wconf 90' lang='lat' dir='ltr'>in</span> <span class='ocrx_word' id='word_1_82' title='bbox 362 624 422 655; x_wconf 89' lang='lat' dir='ltr'>qua</span> <span class='ocrx_word' id='word_1_83' title='bbox 432 615 473 647; x_wconf 87' lang='lat' dir='ltr'>sic</span> <span class='ocrx_word' id='word_1_84' title='bbox 490 615 609 648; x_wconf 83' lang='lat' dir='ltr'>diss&#39;erit</span> <span class='ocrx_word' id='word_1_85' title='bbox 622 616 810 657; x_wconf 76' lang='lat' dir='ltr'>justinianus</span> <span class='ocrx_word' id='word_1_86' title='bbox 820 640 829 655; x_wconf 95' lang='lat'>,</span> <span class='ocrx_word' id='word_1_87' title='bbox 839 617 873 649; x_wconf 88' lang='lat' dir='ltr'>Si</span> <span class='ocrx_word' id='word_1_88' title='bbox 886 620 962 649; x_wconf 83' lang='lat' dir='ltr'>enim</span> 
     </span>
     <span class='ocr_line' id='line_1_13' title="bbox 98 655 960 699; baseline 0.002 -11"><span class='ocrx_word' id='word_1_89' title='bbox 98 667 134 688; x_wconf 73' lang='lat' dir='ltr'>ex</span> <span class='ocrx_word' id='word_1_90' title='bbox 155 657 283 699; x_wconf 72' lang='lat' dir='ltr'>judicati</span> <span class='ocrx_word' id='word_1_91' title='bbox 313 655 423 690; x_wconf 69' lang='lat' dir='ltr'>aeliane</span> <span class='ocrx_word' id='word_1_92' title='bbox 448 657 615 696; x_wconf 77' lang='lat' dir='ltr'><em>centesimae</em></span> <span class='ocrx_word' id='word_1_93' title='bbox 647 660 804 692; x_wconf 80' lang='lat' dir='ltr'>omnimodo</span> <span class='ocrx_word' id='word_1_94' title='bbox 835 665 960 690; x_wconf 75' lang='lat' dir='ltr'>currunt</span> 
     </span>
     <span class='ocr_line' id='line_1_14' title="bbox 98 698 960 742; baseline 0.002 -13"><span class='ocrx_word' id='word_1_95' title='bbox 98 698 205 738; x_wconf 81' lang='lat' dir='ltr'>usurae</span> <span class='ocrx_word' id='word_1_96' title='bbox 217 721 225 736; x_wconf 90' lang='lat'>‚</span> <span class='ocrx_word' id='word_1_97' title='bbox 240 707 276 728; x_wconf 85' lang='lat' dir='ltr'>ex</span> <span class='ocrx_word' id='word_1_98' title='bbox 290 700 480 731; x_wconf 63' lang='lat' dir='ltr'>contractibus</span> <span class='ocrx_word' id='word_1_99' title='bbox 495 707 591 733; x_wconf 84' lang='lat' dir='ltr'>autem</span> <span class='ocrx_word' id='word_1_100' title='bbox 606 701 657 732; x_wconf 82' lang='lat' dir='ltr'>hoc</span> <span class='ocrx_word' id='word_1_101' title='bbox 672 711 738 732; x_wconf 77' lang='lat' dir='ltr'>raro</span> <span class='ocrx_word' id='word_1_102' title='bbox 748 702 907 742; x_wconf 78' lang='lat' dir='ltr'>contingit:</span> <span class='ocrx_word' id='word_1_103' title='bbox 928 703 960 731; x_wconf 84' lang='lat' dir='ltr'>in</span> 
     </span>
     <span class='ocr_line' id='line_1_15' title="bbox 97 739 959 784; baseline 0.002 -13"><span class='ocrx_word' id='word_1_104' title='bbox 97 740 228 781; x_wconf 66' lang='lat' dir='ltr'>capitulis</span> <span class='ocrx_word' id='word_1_105' title='bbox 244 740 301 781; x_wconf 82' lang='lat' dir='ltr'>lege</span> <span class='ocrx_word' id='word_1_106' title='bbox 318 739 414 780; x_wconf 78' lang='lat' dir='ltr'>nostra</span> <span class='ocrx_word' id='word_1_107' title='bbox 431 743 626 773; x_wconf 78' lang='lat' dir='ltr'>tantummodo</span> <span class='ocrx_word' id='word_1_108' title='bbox 648 745 792 784; x_wconf 80' lang='lat' dir='ltr'>exceptis,</span> <span class='ocrx_word' id='word_1_109' title='bbox 815 742 959 784; x_wconf 80' lang='lat' dir='ltr'>hujusmo-</span> 
     </span>
     <span class='ocr_line' id='line_1_16' title="bbox 99 782 958 825; baseline 0.003 -13"><span class='ocrx_word' id='word_1_110' title='bbox 99 784 129 814; x_wconf 82' lang='lat' dir='ltr'>di</span> <span class='ocrx_word' id='word_1_111' title='bbox 156 782 336 822; x_wconf 76' lang='lat' dir='ltr'>iniquitatem</span> <span class='ocrx_word' id='word_1_112' title='bbox 365 784 425 824; x_wconf 67' lang='lat' dir='ltr'>ipsu</span> <span class='ocrx_word' id='word_1_113' title='bbox 453 792 547 814; x_wconf 83' lang='lat' dir='ltr'>rerum</span> <span class='ocrx_word' id='word_1_114' title='bbox 577 783 721 825; x_wconf 72' lang='lat' dir='ltr'>neceffieas</span> <span class='ocrx_word' id='word_1_115' title='bbox 750 786 958 816; x_wconf 74' lang='lat' dir='ltr'><strong><em>introducebat.</em></strong></span> 
     </span>
     <span class='ocr_line' id='line_1_17' title="bbox 98 822 958 866; baseline 0.001 -11"><span class='ocrx_word' id='word_1_116' title='bbox 98 825 192 864; x_wconf 85' lang='lat' dir='ltr'>idque</span> <span class='ocrx_word' id='word_1_117' title='bbox 216 824 244 854; x_wconf 73' lang='lat' dir='ltr'>i&amp;</span> <span class='ocrx_word' id='word_1_118' title='bbox 270 822 390 857; x_wconf 85' lang='lat' dir='ltr'>Graecis</span> <span class='ocrx_word' id='word_1_119' title='bbox 413 825 519 864; x_wconf 87' lang='lat' dir='ltr'>sedit,</span> <span class='ocrx_word' id='word_1_120' title='bbox 550 824 666 863; x_wconf 76' lang='lat' dir='ltr'>Bafilic.</span> <span class='ocrx_word' id='word_1_121' title='bbox 690 826 740 857; x_wconf 82' lang='lat' dir='ltr'>lib.</span> <span class='ocrx_word' id='word_1_122' title='bbox 762 828 810 866; x_wconf 77' lang='lat'>38.</span> <span class='ocrx_word' id='word_1_123' title='bbox 834 827 882 857; x_wconf 78' lang='lat' dir='ltr'>tit.</span> <span class='ocrx_word' id='word_1_124' title='bbox 913 835 958 865; x_wconf 86' lang='lat'>17-</span> 
     </span>
     <span class='ocr_line' id='line_1_18' title="bbox 97 867 959 909; baseline 0 -12"><span class='ocrx_word' id='word_1_125' title='bbox 97 872 161 899; x_wconf 77' lang='lat' dir='ltr'>zvm.</span> <span class='ocrx_word' id='word_1_126' title='bbox 187 878 216 908; x_wconf 90' lang='lat'>5.</span> <span class='ocrx_word' id='word_1_127' title='bbox 237 876 305 909; x_wconf 84' lang='lat' dir='ltr'>pag.</span> <span class='ocrx_word' id='word_1_128' title='bbox 334 869 400 899; x_wconf 80' lang='lat'>188.</span> <span class='ocrx_word' id='word_1_129' title='bbox 425 868 458 898; x_wconf 91' lang='lat' dir='ltr'>in</span> <span class='ocrx_word' id='word_1_130' title='bbox 479 869 679 899; x_wconf 82' lang='lat' dir='ltr'>enarratione</span> <span class='ocrx_word' id='word_1_131' title='bbox 705 868 725 898; x_wconf 86' lang='lat' dir='ltr'>l.</span> <span class='ocrx_word' id='word_1_132' title='bbox 747 876 770 898; x_wconf 82' lang='lat'>1.</span> <span class='ocrx_word' id='word_1_133' title='bbox 797 867 830 899; x_wconf 90' lang='lat' dir='ltr'>C.</span> <span class='ocrx_word' id='word_1_134' title='bbox 853 868 886 898; x_wconf 80' lang='lat' dir='ltr'>de</span> <span class='ocrx_word' id='word_1_135' title='bbox 905 873 959 908; x_wconf 79' lang='lat' dir='ltr'>pu-</span> 
     </span>
     <span class='ocr_line' id='line_1_19' title="bbox 92 907 961 952; baseline -0.001 -12"><span class='ocrx_word' id='word_1_136' title='bbox 92 910 243 952; x_wconf 80' lang='lat' dir='ltr'>pillaribus</span> <span class='ocrx_word' id='word_1_137' title='bbox 264 909 371 949; x_wconf 80' lang='lat' dir='ltr'>usuris.</span> <span class='ocrx_word' id='word_1_138' title='bbox 395 909 425 940; x_wconf 91' lang='lat' dir='ltr'>in</span> <span class='ocrx_word' id='word_1_139' title='bbox 449 917 510 950; x_wconf 90' lang='lat' dir='ltr'>qua</span> <span class='ocrx_word' id='word_1_140' title='bbox 533 907 612 949; x_wconf 89' lang='lat' dir='ltr'>Imp.</span> <span class='ocrx_word' id='word_1_141' title='bbox 641 909 821 941; x_wconf 83' lang='lat' dir='ltr'>Alexander</span> <span class='ocrx_word' id='word_1_142' title='bbox 845 910 888 940; x_wconf 86' lang='lat' dir='ltr'>ita</span> <span class='ocrx_word' id='word_1_143' title='bbox 916 918 961 939; x_wconf 91' lang='lat' dir='ltr'>re-</span> 
     </span>
     <span class='ocr_line' id='line_1_20' title="bbox 99 950 961 991; baseline -0.005 -8"><span class='ocrx_word' id='word_1_144' title='bbox 99 951 221 989; x_wconf 86' lang='lat' dir='ltr'>scribit,</span> <span class='ocrx_word' id='word_1_145' title='bbox 247 950 379 983; x_wconf 79' lang='lat' dir='ltr'>Tutorem</span> <span class='ocrx_word' id='word_1_146' title='bbox 392 950 438 982; x_wconf 85' lang='lat' dir='ltr'>vel</span> <span class='ocrx_word' id='word_1_147' title='bbox 459 956 619 981; x_wconf 77' lang='lat' dir='ltr'><em>curatorem</em></span> <span class='ocrx_word' id='word_1_148' title='bbox 636 951 775 991; x_wconf 77' lang='lat' dir='ltr'>pecuniae</span> <span class='ocrx_word' id='word_1_149' title='bbox 791 973 800 988; x_wconf 88' lang='lat'>‚</span> <span class='ocrx_word' id='word_1_150' title='bbox 823 959 912 991; x_wconf 79' lang='lat' dir='ltr'>quam</span> <span class='ocrx_word' id='word_1_151' title='bbox 928 951 961 980; x_wconf 79' lang='lat' dir='ltr'>in</span> 
     </span>
     <span class='ocr_line' id='line_1_21' title="bbox 100 990 959 1034; baseline -0.007 -8"><span class='ocrx_word' id='word_1_152' title='bbox 100 995 170 1032; x_wconf 76' lang='lat' dir='ltr'>usus</span> <span class='ocrx_word' id='word_1_153' title='bbox 180 994 204 1034; x_wconf 94' lang='lat' dir='ltr'><em>s</em></span> <span class='ocrx_word' id='word_1_154' title='bbox 204 1004 251 1025; x_wconf 84' lang='lat' dir='ltr'>uos</span> <span class='ocrx_word' id='word_1_155' title='bbox 265 993 405 1024; x_wconf 75' lang='lat' dir='ltr'>convenit</span> <span class='ocrx_word' id='word_1_156' title='bbox 415 1015 425 1031; x_wconf 90' lang='lat'>‚</span> <span class='ocrx_word' id='word_1_157' title='bbox 447 991 587 1033; x_wconf 76' lang='lat' dir='ltr'>legitimas</span> <span class='ocrx_word' id='word_1_158' title='bbox 600 992 703 1031; x_wconf 79' lang='lat' dir='ltr'>usuras</span> <span class='ocrx_word' id='word_1_159' title='bbox 713 990 860 1032; x_wconf 78' lang='lat' dir='ltr'>praestare</span> <span class='ocrx_word' id='word_1_160' title='bbox 882 993 959 1022; x_wconf 77' lang='lat' dir='ltr'>debe-</span> 
     </span>
     <span class='ocr_line' id='line_1_22' title="bbox 98 1033 957 1076; baseline -0.006 -9"><span class='ocrx_word' id='word_1_161' title='bbox 98 1045 146 1075; x_wconf 75' lang='lat' dir='ltr'>re,</span> <span class='ocrx_word' id='word_1_162' title='bbox 168 1036 231 1067; x_wconf 86' lang='lat' dir='ltr'>olim</span> <span class='ocrx_word' id='word_1_163' title='bbox 249 1036 369 1076; x_wconf 76' lang='lat' dir='ltr'><em>placuit.</em></span> <span class='ocrx_word' id='word_1_164' title='bbox 393 1042 469 1074; x_wconf 82' lang='lat' dir='ltr'>quas</span> <span class='ocrx_word' id='word_1_165' title='bbox 485 1042 563 1064; x_wconf 89' lang='lat' dir='ltr'>vero</span> <span class='ocrx_word' id='word_1_166' title='bbox 580 1033 760 1066; x_wconf 84' lang='lat' dir='ltr'>Alexander</span> <span class='ocrx_word' id='word_1_167' title='bbox 777 1041 874 1064; x_wconf 81' lang='lat' dir='ltr'>vocat</span> <span class='ocrx_word' id='word_1_168' title='bbox 891 1033 957 1073; x_wconf 75' lang='lat' dir='ltr'>legi-</span> 
     </span>
     <span class='ocr_line' id='line_1_23' title="bbox 101 1071 958 1117; baseline -0.005 -8"><span class='ocrx_word' id='word_1_169' title='bbox 101 1079 183 1109; x_wconf 72' lang='lat' dir='ltr'>timas</span> <span class='ocrx_word' id='word_1_170' title='bbox 198 1080 298 1116; x_wconf 74' lang='lat' dir='ltr'>usuras</span> <span class='ocrx_word' id='word_1_171' title='bbox 309 1100 318 1115; x_wconf 90' lang='lat'>,</span> <span class='ocrx_word' id='word_1_172' title='bbox 335 1075 440 1107; x_wconf 81' lang='lat' dir='ltr'>Graeci</span> <span class='ocrx_word' id='word_1_173' title='bbox 454 1073 571 1115; x_wconf 81' lang='lat' dir='ltr'>semzffes</span> <span class='ocrx_word' id='word_1_174' title='bbox 587 1075 834 1117; x_wconf 83' lang='lat' dir='ltr'>interpretantur</span> <span class='ocrx_word' id='word_1_175' title='bbox 851 1084 891 1106; x_wconf 80' lang='lat' dir='ltr'>ex</span> <span class='ocrx_word' id='word_1_176' title='bbox 908 1071 958 1114; x_wconf 83' lang='lat' dir='ltr'>Ju-</span> 
     </span>
     <span class='ocr_line' id='line_1_24' title="bbox 103 1116 958 1157; baseline -0.005 -6"><span class='ocrx_word' id='word_1_177' title='bbox 103 1119 222 1151; x_wconf 84' lang='lat' dir='ltr'>stiniani</span> <span class='ocrx_word' id='word_1_178' title='bbox 239 1117 411 1150; x_wconf 88' lang='lat' dir='ltr'>sententia:</span> <span class='ocrx_word' id='word_1_179' title='bbox 435 1116 464 1148; x_wconf 86' lang='lat'>&amp;</span> <span class='ocrx_word' id='word_1_180' title='bbox 482 1124 586 1148; x_wconf 83' lang='lat' dir='ltr'>tamen</span> <span class='ocrx_word' id='word_1_181' title='bbox 602 1126 643 1148; x_wconf 85' lang='lat' dir='ltr'>ex</span> <span class='ocrx_word' id='word_1_182' title='bbox 661 1116 714 1149; x_wconf 81' lang='lat' dir='ltr'>usu</span> <span class='ocrx_word' id='word_1_183' title='bbox 739 1117 892 1157; x_wconf 83' lang='lat' dir='ltr'>temporis</span> <span class='ocrx_word' id='word_1_184' title='bbox 917 1116 958 1147; x_wconf 90' lang='lat' dir='ltr'>A·</span> 
     </span>
     <span class='ocr_line' id='line_1_25' title="bbox 104 1158 955 1200; baseline -0.006 -8"><span class='ocrx_word' id='word_1_185' title='bbox 104 1161 243 1193; x_wconf 80' lang='lat' dir='ltr'>lexandri</span> <span class='ocrx_word' id='word_1_186' title='bbox 266 1160 305 1191; x_wconf 87' lang='lat' dir='ltr'>de</span> <span class='ocrx_word' id='word_1_187' title='bbox 322 1168 385 1200; x_wconf 87' lang='lat' dir='ltr'>quo</span> <span class='ocrx_word' id='word_1_188' title='bbox 401 1158 450 1199; x_wconf 84' lang='lat' dir='ltr'>egi</span> <span class='ocrx_word' id='word_1_189' title='bbox 471 1159 560 1198; x_wconf 80' lang='lat' dir='ltr'>capite</span> <span class='ocrx_word' id='word_1_190' title='bbox 581 1167 610 1188; x_wconf 91' lang='lat' dir='ltr'>v.</span> <span class='ocrx_word' id='word_1_191' title='bbox 635 1158 674 1190; x_wconf 84' lang='lat' dir='ltr'>hu</span> <span class='ocrx_word' id='word_1_192' title='bbox 683 1159 723 1190; x_wconf 85' lang='lat' dir='ltr'>&#39;us</span> <span class='ocrx_word' id='word_1_193' title='bbox 744 1159 834 1197; x_wconf 78' lang='lat' dir='ltr'>libri,</span> <span class='ocrx_word' id='word_1_194' title='bbox 863 1166 955 1197; x_wconf 79' lang='lat' dir='ltr'>appa-</span> 
     </span>
     <span class='ocr_line' id='line_1_26' title="bbox 103 1169 958 1242; baseline -0.004 -9"><span class='ocrx_word' id='word_1_195' title='bbox 103 1211 170 1242; x_wconf 88' lang='lat' dir='ltr'>ret,</span> <span class='ocrx_word' id='word_1_196' title='bbox 192 1211 262 1233; x_wconf 92' lang='lat' dir='ltr'>eum</span> <span class='ocrx_word' id='word_1_197' title='bbox 281 1201 458 1241; x_wconf 83' lang='lat' dir='ltr'>Principem</span> <span class='ocrx_word' id='word_1_198' title='bbox 483 1208 548 1231; x_wconf 91' lang='lat' dir='ltr'>non</span> <span class='ocrx_word' id='word_1_199' title='bbox 564 1169 718 1240; x_wconf 62' lang='lat' dir='ltr'>semiss&#39;gs,</span> <span class='ocrx_word' id='word_1_200' title='bbox 749 1199 802 1232; x_wconf 83' lang='lat' dir='ltr'>sed</span> <span class='ocrx_word' id='word_1_201' title='bbox 826 1198 958 1231; x_wconf 78' lang='lat' dir='ltr'>centesi-</span> 
     </span>
     <span class='ocr_line' id='line_1_27' title="bbox 103 1242 397 1282; baseline -0.01 -6"><span class='ocrx_word' id='word_1_202' title='bbox 103 1253 182 1282; x_wconf 89' lang='lat' dir='ltr'>mas,</span> <span class='ocrx_word' id='word_1_203' title='bbox 206 1242 397 1275; x_wconf 75' lang='lat' dir='ltr'>intellexisse.</span> 
     </span>
    </p>

    <p class='ocr_par' dir='ltr' id='par_1_3' title="bbox 94 1282 963 1660">
     <span class='ocr_line' id='line_1_28' title="bbox 143 1282 959 1324; baseline -0.002 -8"><span class='ocrx_word' id='word_1_204' title='bbox 143 1286 192 1316; x_wconf 88' lang='lat' dir='ltr'>Ab</span> <span class='ocrx_word' id='word_1_205' title='bbox 214 1285 271 1315; x_wconf 82' lang='lat' dir='ltr'>hac</span> <span class='ocrx_word' id='word_1_206' title='bbox 300 1292 404 1315; x_wconf 83' lang='lat' dir='ltr'>tamen</span> <span class='ocrx_word' id='word_1_207' title='bbox 428 1290 517 1323; x_wconf 80' lang='lat' dir='ltr'>parte</span> <span class='ocrx_word' id='word_1_208' title='bbox 539 1283 656 1324; x_wconf 83' lang='lat' dir='ltr'>excipe</span> <span class='ocrx_word' id='word_1_209' title='bbox 680 1284 849 1324; x_wconf 87' lang='lat' dir='ltr'>pecuniam</span> <span class='ocrx_word' id='word_1_210' title='bbox 872 1282 959 1314; x_wconf 86' lang='lat' dir='ltr'>debi-</span> 
     </span>
     <span class='ocr_line' id='line_1_29' title="bbox 101 1324 961 1366; baseline -0.003 -8"><span class='ocrx_word' id='word_1_211' title='bbox 101 1334 161 1359; x_wconf 83' lang='lat' dir='ltr'>tam</span> <span class='ocrx_word' id='word_1_212' title='bbox 179 1336 219 1358; x_wconf 82' lang='lat' dir='ltr'>ex</span> <span class='ocrx_word' id='word_1_213' title='bbox 235 1325 321 1357; x_wconf 81' lang='lat' dir='ltr'>causa</span> <span class='ocrx_word' id='word_1_214' title='bbox 340 1325 479 1365; x_wconf 88' lang='lat' dir='ltr'>judicati.</span> <span class='ocrx_word' id='word_1_215' title='bbox 502 1334 571 1366; x_wconf 85' lang='lat' dir='ltr'>quae</span> <span class='ocrx_word' id='word_1_216' title='bbox 589 1325 611 1357; x_wconf 85' lang='lat' dir='ltr'>ss</span> <span class='ocrx_word' id='word_1_217' title='bbox 627 1325 728 1356; x_wconf 88' lang='lat' dir='ltr'>soluta</span> <span class='ocrx_word' id='word_1_218' title='bbox 743 1334 807 1356; x_wconf 90' lang='lat' dir='ltr'>non</span> <span class='ocrx_word' id='word_1_219' title='bbox 827 1324 863 1356; x_wconf 87' lang='lat' dir='ltr'>fit</span> <span class='ocrx_word' id='word_1_220' title='bbox 880 1326 961 1355; x_wconf 89' lang='lat' dir='ltr'>intra</span> 
     </span>
     <span class='ocr_line' id='line_1_30' title="bbox 100 1365 962 1408; baseline -0.001 -10"><span class='ocrx_word' id='word_1_221' title='bbox 100 1366 321 1408; x_wconf 80' lang='lat' dir='ltr'>quadrimestre</span> <span class='ocrx_word' id='word_1_222' title='bbox 336 1367 464 1407; x_wconf 84' lang='lat' dir='ltr'>spatium</span> <span class='ocrx_word' id='word_1_223' title='bbox 481 1376 498 1399; x_wconf 88' lang='lat' dir='ltr'>a</span> <span class='ocrx_word' id='word_1_224' title='bbox 514 1369 576 1399; x_wconf 82' lang='lat' dir='ltr'>lata</span> <span class='ocrx_word' id='word_1_225' title='bbox 589 1366 760 1399; x_wconf 88' lang='lat' dir='ltr'>sententia:</span> <span class='ocrx_word' id='word_1_226' title='bbox 791 1366 893 1398; x_wconf 86' lang='lat' dir='ltr'>voluit</span> <span class='ocrx_word' id='word_1_227' title='bbox 909 1365 962 1406; x_wconf 83' lang='lat' dir='ltr'>Ju-</span> 
     </span>
     <span class='ocr_line' id='line_1_31' title="bbox 100 1409 960 1451; baseline -0.005 -9"><span class='ocrx_word' id='word_1_228' title='bbox 100 1410 249 1442; x_wconf 83' lang='lat' dir='ltr'>stinianus</span> <span class='ocrx_word' id='word_1_229' title='bbox 271 1410 290 1440; x_wconf 76' lang='lat' dir='ltr'>l.</span> <span class='ocrx_word' id='word_1_230' title='bbox 315 1418 341 1441; x_wconf 86' lang='lat'>2.</span> <span class='ocrx_word' id='word_1_231' title='bbox 365 1409 397 1440; x_wconf 91' lang='lat' dir='ltr'>C.</span> <span class='ocrx_word' id='word_1_232' title='bbox 422 1409 455 1440; x_wconf 81' lang='lat' dir='ltr'>de</span> <span class='ocrx_word' id='word_1_233' title='bbox 482 1409 576 1449; x_wconf 74' lang='lat' dir='ltr'>usuris</span> <span class='ocrx_word' id='word_1_234' title='bbox 600 1410 642 1440; x_wconf 82' lang='lat' dir='ltr'>rei</span> <span class='ocrx_word' id='word_1_235' title='bbox 652 1410 802 1451; x_wconf 79' lang='lat' dir='ltr'>judicatae</span> <span class='ocrx_word' id='word_1_236' title='bbox 818 1432 827 1447; x_wconf 92' lang='lat'>‚</span> <span class='ocrx_word' id='word_1_237' title='bbox 860 1417 901 1438; x_wconf 81' lang='lat' dir='ltr'>ex</span> <span class='ocrx_word' id='word_1_238' title='bbox 924 1416 960 1438; x_wconf 89' lang='lat' dir='ltr'>ea</span> 
     </span>
     <span class='ocr_line' id='line_1_32' title="bbox 97 1450 961 1492; baseline -0.002 -9"><span class='ocrx_word' id='word_1_239' title='bbox 97 1452 280 1484; x_wconf 80' lang='lat' dir='ltr'>centesimas</span> <span class='ocrx_word' id='word_1_240' title='bbox 306 1450 409 1482; x_wconf 84' lang='lat' dir='ltr'>usuras</span> <span class='ocrx_word' id='word_1_241' title='bbox 440 1451 537 1492; x_wconf 83' lang='lat' dir='ltr'>exigi.</span> <span class='ocrx_word' id='word_1_242' title='bbox 570 1460 646 1491; x_wconf 84' lang='lat' dir='ltr'>quas</span> <span class='ocrx_word' id='word_1_243' title='bbox 674 1451 752 1482; x_wconf 89' lang='lat' dir='ltr'>olim</span> <span class='ocrx_word' id='word_1_244' title='bbox 779 1450 961 1481; x_wconf 82' lang='lat' dir='ltr'>Antoninus</span> 
     </span>
     <span class='ocr_line' id='line_1_33' title="bbox 97 1489 961 1533; baseline -0.006 -7"><span class='ocrx_word' id='word_1_245' title='bbox 97 1494 118 1526; x_wconf 77' lang='lat' dir='ltr'>l.</span> <span class='ocrx_word' id='word_1_246' title='bbox 140 1502 162 1525; x_wconf 95' lang='lat'>1.</span> <span class='ocrx_word' id='word_1_247' title='bbox 189 1493 221 1524; x_wconf 91' lang='lat' dir='ltr'>C.</span> <span class='ocrx_word' id='word_1_248' title='bbox 239 1493 296 1524; x_wconf 84' lang='lat' dir='ltr'>eod.</span> <span class='ocrx_word' id='word_1_249' title='bbox 318 1495 362 1523; x_wconf 67' lang='grc' dir='ltr'>ιη.</span> <span class='ocrx_word' id='word_1_250' title='bbox 387 1492 458 1532; x_wconf 89' lang='lat' dir='ltr'>post</span> <span class='ocrx_word' id='word_1_251' title='bbox 483 1493 659 1533; x_wconf 86' lang='lat' dir='ltr'>legitimum</span> <span class='ocrx_word' id='word_1_252' title='bbox 678 1499 806 1533; x_wconf 83' lang='lat' dir='ltr'>tempus</span> <span class='ocrx_word' id='word_1_253' title='bbox 831 1489 961 1522; x_wconf 87' lang='lat' dir='ltr'>definie-</span> 
     </span>
     <span class='ocr_line' id='line_1_34' title="bbox 98 1531 960 1575; baseline -0.003 -9"><span class='ocrx_word' id='word_1_254' title='bbox 98 1543 144 1567; x_wconf 83' lang='lat' dir='ltr'>rat</span> <span class='ocrx_word' id='word_1_255' title='bbox 159 1535 189 1566; x_wconf 90' lang='lat' dir='ltr'>in</span> <span class='ocrx_word' id='word_1_256' title='bbox 207 1534 334 1575; x_wconf 76' lang='lat' dir='ltr'>gratiam</span> <span class='ocrx_word' id='word_1_257' title='bbox 353 1533 441 1565; x_wconf 86' lang='lat' dir='ltr'>fisci:</span> <span class='ocrx_word' id='word_1_258' title='bbox 465 1543 498 1565; x_wconf 90' lang='lat' dir='ltr'>ut</span> <span class='ocrx_word' id='word_1_259' title='bbox 515 1544 555 1565; x_wconf 82' lang='lat' dir='ltr'>ex</span> <span class='ocrx_word' id='word_1_260' title='bbox 574 1532 731 1572; x_wconf 82' lang='lat' dir='ltr'>Bafilicis,</span> <span class='ocrx_word' id='word_1_261' title='bbox 755 1531 893 1570; x_wconf 74' lang='lat' dir='ltr'>&amp;ipsius</span> <span class='ocrx_word' id='word_1_262' title='bbox 919 1532 960 1563; x_wconf 85' lang='lat' dir='ltr'>le·</span> 
     </span>
     <span class='ocr_line' id='line_1_35' title="bbox 94 1574 961 1618; baseline -0.002 -11"><span class='ocrx_word' id='word_1_263' title='bbox 94 1578 144 1618; x_wconf 75' lang='lat' dir='ltr'>gis</span> <span class='ocrx_word' id='word_1_264' title='bbox 163 1575 382 1615; x_wconf 80' lang='lat' dir='ltr'>inscriptione,</span> <span class='ocrx_word' id='word_1_265' title='bbox 404 1576 465 1614; x_wconf 84' lang='lat' dir='ltr'>jam</span> <span class='ocrx_word' id='word_1_266' title='bbox 480 1575 603 1607; x_wconf 87' lang='lat' dir='ltr'>ostendi</span> <span class='ocrx_word' id='word_1_267' title='bbox 619 1576 711 1617; x_wconf 75' lang='lat' dir='ltr'>capite</span> <span class='ocrx_word' id='word_1_268' title='bbox 727 1585 757 1606; x_wconf 85' lang='lat' dir='ltr'>x.</span> <span class='ocrx_word' id='word_1_269' title='bbox 800 1574 961 1606; x_wconf 84' lang='lat' dir='ltr'>Caeterurn</span> 
     </span>
     <span class='ocr_line' id='line_1_36' title="bbox 96 1615 963 1660; baseline -0.003 -10"><span class='ocrx_word' id='word_1_270' title='bbox 96 1617 166 1660; x_wconf 88' lang='lat' dir='ltr'>post</span> <span class='ocrx_word' id='word_1_271' title='bbox 180 1618 380 1651; x_wconf 87' lang='lat' dir='ltr'>Antoninum</span> <span class='ocrx_word' id='word_1_272' title='bbox 397 1617 498 1658; x_wconf 84' lang='lat' dir='ltr'>coepit</span> <span class='ocrx_word' id='word_1_273' title='bbox 513 1627 603 1658; x_wconf 86' lang='lat' dir='ltr'>reus,</span> <span class='ocrx_word' id='word_1_274' title='bbox 626 1616 698 1659; x_wconf 89' lang='lat' dir='ltr'>post</span> <span class='ocrx_word' id='word_1_275' title='bbox 713 1624 776 1649; x_wconf 84' lang='lat' dir='ltr'>tres</span> <span class='ocrx_word' id='word_1_276' title='bbox 800 1615 924 1649; x_wconf 88' lang='lat' dir='ltr'>menses</span> <span class='ocrx_word' id='word_1_277' title='bbox 945 1624 963 1648; x_wconf 84' lang='lat' dir='ltr'>a</span> 
     </span>
    </p>
   </div>
   <div class='ocr_carea' id='block_1_3' title="bbox 1001 111 1889 1656">
    <p class='ocr_par' dir='ltr' id='par_1_4' title="bbox 1002 111 1889 785">
     <span class='ocr_line' id='line_1_37' title="bbox 1368 111 1889 159; baseline 0.002 -11"><span class='ocrx_word' id='word_1_278' title='bbox 1368 113 1397 148; x_wconf 96' lang='lat' dir='ltr'>L</span> <span class='ocrx_word' id='word_1_279' title='bbox 1413 124 1426 149; x_wconf 91' lang='lat'>1</span> <span class='ocrx_word' id='word_1_280' title='bbox 1440 125 1472 149; x_wconf 72' lang='lat' dir='ltr'>n.</span> <span class='ocrx_word' id='word_1_281' title='bbox 1507 111 1556 148; x_wconf 87' lang='lat'>11.</span> <span class='ocrx_word' id='word_1_282' title='bbox 1821 120 1889 159; x_wconf 66' lang='grc' dir='ltr'>κρῖ</span> 
     </span>
     <span class='ocr_line' id='line_1_38' title="bbox 1011 199 1882 246; baseline -0.001 -12"><span class='ocrx_word' id='word_1_283' title='bbox 1011 203 1072 234; x_wconf 82' lang='lat' dir='ltr'>lata</span> <span class='ocrx_word' id='word_1_284' title='bbox 1090 202 1244 234; x_wconf 83' lang='lat' dir='ltr'>sententia</span> <span class='ocrx_word' id='word_1_285' title='bbox 1267 203 1504 244; x_wconf 81' lang='lat' dir='ltr'>interpellatus,</span> <span class='ocrx_word' id='word_1_286' title='bbox 1527 202 1567 234; x_wconf 82' lang='lat' dir='ltr'>ad</span> <span class='ocrx_word' id='word_1_287' title='bbox 1584 199 1727 241; x_wconf 82' lang='lat' dir='ltr'>duplices</span> <span class='ocrx_word' id='word_1_288' title='bbox 1750 200 1882 246; x_wconf 77' lang='lat' dir='ltr'>centeii·</span> 
     </span>
     <span class='ocr_line' id='line_1_39' title="bbox 1009 239 1882 286; baseline -0.002 -11"><span class='ocrx_word' id='word_1_289' title='bbox 1009 253 1075 276; x_wconf 86' lang='lat' dir='ltr'>mas</span> <span class='ocrx_word' id='word_1_290' title='bbox 1101 245 1211 276; x_wconf 91' lang='lat' dir='ltr'>teneri.</span> <span class='ocrx_word' id='word_1_291' title='bbox 1235 244 1276 275; x_wconf 83' lang='lat' dir='ltr'>fic</span> <span class='ocrx_word' id='word_1_292' title='bbox 1299 247 1384 276; x_wconf 85' lang='lat' dir='ltr'>enim</span> <span class='ocrx_word' id='word_1_293' title='bbox 1408 246 1527 286; x_wconf 81' lang='lat' dir='ltr'>placuit</span> <span class='ocrx_word' id='word_1_294' title='bbox 1555 243 1680 283; x_wconf 84' lang='lat' dir='ltr'>Imppp.</span> <span class='ocrx_word' id='word_1_295' title='bbox 1705 239 1882 281; x_wconf 74' lang='lat' dir='ltr'>Gratiano,</span> 
     </span>
     <span class='ocr_line' id='line_1_40' title="bbox 1011 282 1881 318; baseline 0.002 -2"><span class='ocrx_word' id='word_1_296' title='bbox 1011 285 1238 317; x_wconf 87' lang='lat' dir='ltr'>Valentiniano</span> <span class='ocrx_word' id='word_1_297' title='bbox 1255 285 1286 316; x_wconf 87' lang='lat'>&amp;</span> <span class='ocrx_word' id='word_1_298' title='bbox 1303 284 1502 318; x_wconf 80' lang='lat' dir='ltr'>Theodosio</span> <span class='ocrx_word' id='word_1_299' title='bbox 1511 287 1530 318; x_wconf 84' lang='lat' dir='ltr'>l.</span> <span class='ocrx_word' id='word_1_300' title='bbox 1548 286 1626 316; x_wconf 73' lang='lat' dir='ltr'>unic.</span> <span class='ocrx_word' id='word_1_301' title='bbox 1642 283 1712 314; x_wconf 83' lang='lat' dir='ltr'><strong><em>Cod·</em></strong></span> <span class='ocrx_word' id='word_1_302' title='bbox 1733 282 1833 314; x_wconf 63' lang='lat' dir='ltr'>Theou.</span> <span class='ocrx_word' id='word_1_303' title='bbox 1846 287 1881 314; x_wconf 73' lang='lat' dir='ltr'>de</span> 
     </span>
     <span class='ocr_line' id='line_1_41' title="bbox 1009 325 1882 370; baseline -0.001 -12"><span class='ocrx_word' id='word_1_304' title='bbox 1009 328 1105 367; x_wconf 75' lang='lat' dir='ltr'>usuris</span> <span class='ocrx_word' id='word_1_305' title='bbox 1122 329 1164 358; x_wconf 83' lang='lat' dir='ltr'>rei</span> <span class='ocrx_word' id='word_1_306' title='bbox 1174 328 1344 368; x_wconf 78' lang='lat' dir='ltr'>judicatae.-</span> <span class='ocrx_word' id='word_1_307' title='bbox 1367 336 1482 368; x_wconf 88' lang='lat' dir='ltr'>atque,</span> <span class='ocrx_word' id='word_1_308' title='bbox 1507 336 1541 359; x_wconf 89' lang='lat' dir='ltr'>ut</span> <span class='ocrx_word' id='word_1_309' title='bbox 1565 325 1620 367; x_wconf 84' lang='lat' dir='ltr'>ipfi</span> <span class='ocrx_word' id='word_1_310' title='bbox 1641 326 1747 370; x_wconf 77' lang='lat' dir='ltr'>ajunt,</span> <span class='ocrx_word' id='word_1_311' title='bbox 1775 334 1882 357; x_wconf 65' lang='lat' dir='ltr'>exem-</span> 
     </span>
     <span class='ocr_line' id='line_1_42' title="bbox 1009 366 1881 415; baseline -0.003 -15"><span class='ocrx_word' id='word_1_312' title='bbox 1009 369 1064 408; x_wconf 89' lang='lat' dir='ltr'>plo</span> <span class='ocrx_word' id='word_1_313' title='bbox 1089 368 1294 415; x_wconf 75' lang='lat' dir='ltr'>possessorum</span> <span class='ocrx_word' id='word_1_314' title='bbox 1327 370 1416 401; x_wconf 82' lang='lat' dir='ltr'>malae</span> <span class='ocrx_word' id='word_1_315' title='bbox 1441 368 1514 401; x_wconf 87' lang='lat' dir='ltr'>fidei</span> <span class='ocrx_word' id='word_1_316' title='bbox 1539 380 1548 408; x_wconf 72' lang='grc' dir='ltr'>ς</span> <span class='ocrx_word' id='word_1_317' title='bbox 1581 367 1634 409; x_wconf 90' lang='lat' dir='ltr'>qui</span> <span class='ocrx_word' id='word_1_318' title='bbox 1665 366 1810 398; x_wconf 79' lang='lat' dir='ltr'>iolebanc</span> <span class='ocrx_word' id='word_1_319' title='bbox 1831 376 1881 414; x_wconf 74' lang='lat' dir='ltr'>ex</span> 
     </span>
     <span class='ocr_line' id='line_1_43' title="bbox 1007 409 1878 451; baseline -0.001 -11"><span class='ocrx_word' id='word_1_320' title='bbox 1007 409 1100 450; x_wconf 80' lang='lat' dir='ltr'>prisci</span> <span class='ocrx_word' id='word_1_321' title='bbox 1116 410 1191 450; x_wconf 88' lang='lat' dir='ltr'>juris</span> <span class='ocrx_word' id='word_1_322' title='bbox 1208 410 1356 443; x_wconf 86' lang='lat' dir='ltr'>formulis</span> <span class='ocrx_word' id='word_1_323' title='bbox 1371 412 1403 443; x_wconf 93' lang='lat' dir='ltr'>in</span> <span class='ocrx_word' id='word_1_324' title='bbox 1420 411 1535 451; x_wconf 85' lang='lat' dir='ltr'>duplos</span> <span class='ocrx_word' id='word_1_325' title='bbox 1552 409 1672 441; x_wconf 70' lang='lat' dir='ltr'>fruetus</span> <span class='ocrx_word' id='word_1_326' title='bbox 1698 417 1878 440; x_wconf 84' lang='lat' dir='ltr'>conveniri.</span> 
     </span>
     <span class='ocr_line' id='line_1_44' title="bbox 1007 450 1874 494; baseline -0.001 -12"><span class='ocrx_word' id='word_1_327' title='bbox 1007 451 1070 482; x_wconf 76' lang='lat' dir='ltr'>Sed</span> <span class='ocrx_word' id='word_1_328' title='bbox 1088 452 1118 482; x_wconf 76' lang='lat' dir='ltr'>id</span> <span class='ocrx_word' id='word_1_329' title='bbox 1132 452 1181 492; x_wconf 89' lang='lat' dir='ltr'>jus</span> <span class='ocrx_word' id='word_1_330' title='bbox 1198 451 1318 484; x_wconf 82' lang='lat' dir='ltr'>sustulit</span> <span class='ocrx_word' id='word_1_331' title='bbox 1337 453 1415 494; x_wconf 87' lang='lat' dir='ltr'>Imp.</span> <span class='ocrx_word' id='word_1_332' title='bbox 1433 452 1620 492; x_wconf 76' lang='lat' dir='ltr'>Justinianus</span> <span class='ocrx_word' id='word_1_333' title='bbox 1637 450 1656 481; x_wconf 86' lang='lat' dir='ltr'>l.</span> <span class='ocrx_word' id='word_1_334' title='bbox 1674 453 1722 482; x_wconf 79' lang='lat'>26.</span> <span class='ocrx_word' id='word_1_335' title='bbox 1747 450 1775 491; x_wconf 84' lang='lat'>§-</span> <span class='ocrx_word' id='word_1_336' title='bbox 1797 458 1822 483; x_wconf 90' lang='lat'>1.</span> <span class='ocrx_word' id='word_1_337' title='bbox 1841 450 1874 481; x_wconf 90' lang='lat' dir='ltr'>C.</span> 
     </span>
     <span class='ocr_line' id='line_1_45' title="bbox 1005 491 1878 535; baseline -0.001 -11"><span class='ocrx_word' id='word_1_338' title='bbox 1005 494 1040 524; x_wconf 83' lang='lat' dir='ltr'>de</span> <span class='ocrx_word' id='word_1_339' title='bbox 1058 492 1163 532; x_wconf 80' lang='lat' dir='ltr'>usuris.</span> <span class='ocrx_word' id='word_1_340' title='bbox 1187 503 1258 525; x_wconf 84' lang='lat' dir='ltr'>nam</span> <span class='ocrx_word' id='word_1_341' title='bbox 1287 504 1346 535; x_wconf 89' lang='lat' dir='ltr'>pro</span> <span class='ocrx_word' id='word_1_342' title='bbox 1372 495 1492 526; x_wconf 83' lang='lat' dir='ltr'>duabus</span> <span class='ocrx_word' id='word_1_343' title='bbox 1515 491 1694 525; x_wconf 73' lang='lat' dir='ltr'>centesimis</span> <span class='ocrx_word' id='word_1_344' title='bbox 1714 502 1783 533; x_wconf 86' lang='lat' dir='ltr'>quae</span> <span class='ocrx_word' id='word_1_345' title='bbox 1801 500 1878 523; x_wconf 87' lang='lat' dir='ltr'>ante</span> 
     </span>
     <span class='ocr_line' id='line_1_46' title="bbox 1006 533 1877 576; baseline 0.001 -12"><span class='ocrx_word' id='word_1_346' title='bbox 1006 534 1197 567; x_wconf 81' lang='lat' dir='ltr'>obtinebant</span> <span class='ocrx_word' id='word_1_347' title='bbox 1222 535 1283 566; x_wconf 86' lang='lat' dir='ltr'>hac</span> <span class='ocrx_word' id='word_1_348' title='bbox 1304 537 1335 567; x_wconf 91' lang='lat' dir='ltr'>in</span> <span class='ocrx_word' id='word_1_349' title='bbox 1360 536 1484 576; x_wconf 82' lang='lat' dir='ltr'>specie,</span> <span class='ocrx_word' id='word_1_350' title='bbox 1509 536 1672 567; x_wconf 81' lang='lat' dir='ltr'>dimidiam</span> <span class='ocrx_word' id='word_1_351' title='bbox 1695 533 1877 565; x_wconf 64' lang='lat' dir='ltr'>centesimae</span> 
     </span>
     <span class='ocr_line' id='line_1_47' title="bbox 1005 574 1879 617; baseline 0.002 -11"><span class='ocrx_word' id='word_1_352' title='bbox 1005 574 1174 608; x_wconf 81' lang='lat' dir='ltr'>substituit.</span> <span class='ocrx_word' id='word_1_353' title='bbox 1198 577 1251 612; x_wconf 83' lang='lat' dir='ltr'>sed</span> <span class='ocrx_word' id='word_1_354' title='bbox 1266 578 1430 617; x_wconf 85' lang='lat' dir='ltr'>postremo</span> <span class='ocrx_word' id='word_1_355' title='bbox 1450 576 1515 608; x_wconf 90' lang='lat' dir='ltr'>hoc</span> <span class='ocrx_word' id='word_1_356' title='bbox 1530 585 1663 617; x_wconf 81' lang='lat' dir='ltr'>quoque</span> <span class='ocrx_word' id='word_1_357' title='bbox 1676 576 1724 615; x_wconf 72' lang='lat' dir='ltr'>ius</span> <span class='ocrx_word' id='word_1_358' title='bbox 1741 576 1879 609; x_wconf 76' lang='lat' dir='ltr'>mutavit</span> 
     </span>
     <span class='ocr_line' id='line_1_48' title="bbox 1003 615 1880 660; baseline 0.003 -14"><span class='ocrx_word' id='word_1_359' title='bbox 1003 618 1031 647; x_wconf 79' lang='lat' dir='ltr'>d.</span> <span class='ocrx_word' id='word_1_360' title='bbox 1048 617 1067 648; x_wconf 83' lang='lat' dir='ltr'>l.</span> <span class='ocrx_word' id='word_1_361' title='bbox 1086 615 1114 649; x_wconf 64' lang='lat' dir='ltr'>2ss</span> <span class='ocrx_word' id='word_1_362' title='bbox 1135 618 1167 650; x_wconf 86' lang='lat' dir='ltr'>C.</span> <span class='ocrx_word' id='word_1_363' title='bbox 1186 620 1220 650; x_wconf 79' lang='lat' dir='ltr'>de</span> <span class='ocrx_word' id='word_1_364' title='bbox 1236 619 1334 660; x_wconf 57' lang='lat' dir='ltr'>afim}</span> <span class='ocrx_word' id='word_1_365' title='bbox 1351 620 1392 650; x_wconf 85' lang='lat' dir='ltr'>rei</span> <span class='ocrx_word' id='word_1_366' title='bbox 1403 619 1574 659; x_wconf 79' lang='lat' dir='ltr'>judicatae,</span> <span class='ocrx_word' id='word_1_367' title='bbox 1586 617 1729 650; x_wconf 86' lang='lat' dir='ltr'>restituta</span> <span class='ocrx_word' id='word_1_368' title='bbox 1746 616 1880 650; x_wconf 77' lang='lat' dir='ltr'>centesi-</span> 
     </span>
     <span class='ocr_line' id='line_1_49' title="bbox 1002 657 1876 701; baseline 0.005 -12"><span class='ocrx_word' id='word_1_369' title='bbox 1002 668 1072 696; x_wconf 74' lang='lat' dir='ltr'>ma,</span> <span class='ocrx_word' id='word_1_370' title='bbox 1096 659 1127 692; x_wconf 72' lang='grc' dir='ltr'>ἂ</span> <span class='ocrx_word' id='word_1_371' title='bbox 1152 659 1292 694; x_wconf 86' lang='lat' dir='ltr'>definitis</span> <span class='ocrx_word' id='word_1_372' title='bbox 1316 661 1452 693; x_wconf 86' lang='lat' dir='ltr'>induciis</span> <span class='ocrx_word' id='word_1_373' title='bbox 1476 658 1767 701; x_wconf 53' lang='lat' dir='ltr'>quadrimestrilius.</span> <span class='ocrx_word' id='word_1_374' title='bbox 1793 657 1876 694; x_wconf 79' lang='lat' dir='ltr'>adeo</span> 
     </span>
     <span class='ocr_line' id='line_1_50' title="bbox 1004 700 1877 743; baseline 0.007 -13"><span class='ocrx_word' id='word_1_375' title='bbox 1004 700 1086 731; x_wconf 81' lang='lat' dir='ltr'>lianc</span> <span class='ocrx_word' id='word_1_376' title='bbox 1109 700 1130 732; x_wconf 86' lang='lat' dir='ltr'>l.</span> <span class='ocrx_word' id='word_1_377' title='bbox 1155 712 1182 733; x_wconf 88' lang='lat'>2.</span> <span class='ocrx_word' id='word_1_378' title='bbox 1206 701 1269 732; x_wconf 77' lang='lat' dir='ltr'>effe</span> <span class='ocrx_word' id='word_1_379' title='bbox 1293 702 1387 733; x_wconf 82' lang='lat' dir='ltr'>latam</span> <span class='ocrx_word' id='word_1_380' title='bbox 1411 701 1483 743; x_wconf 88' lang='lat' dir='ltr'>post</span> <span class='ocrx_word' id='word_1_381' title='bbox 1506 703 1533 733; x_wconf 86' lang='lat' dir='ltr'>d.</span> <span class='ocrx_word' id='word_1_382' title='bbox 1553 701 1573 733; x_wconf 87' lang='lat' dir='ltr'>l.</span> <span class='ocrx_word' id='word_1_383' title='bbox 1599 705 1648 733; x_wconf 86' lang='lat'>26.</span> <span class='ocrx_word' id='word_1_384' title='bbox 1677 702 1706 742; x_wconf 88' lang='lat'>§.</span> <span class='ocrx_word' id='word_1_385' title='bbox 1727 712 1753 733; x_wconf 86' lang='lat'>1.</span> <span class='ocrx_word' id='word_1_386' title='bbox 1776 712 1817 734; x_wconf 87' lang='lat' dir='ltr'>ex</span> <span class='ocrx_word' id='word_1_387' title='bbox 1842 713 1877 736; x_wconf 87' lang='lat' dir='ltr'>u-</span> 
     </span>
     <span class='ocr_line' id='line_1_51' title="bbox 1003 742 1839 785; baseline 0.005 -13"><span class='ocrx_word' id='word_1_388' title='bbox 1003 743 1147 779; x_wconf 78' lang='lat' dir='ltr'>triusque</span> <span class='ocrx_word' id='word_1_389' title='bbox 1164 742 1413 784; x_wconf 83' lang='lat' dir='ltr'>subscriptione,</span> <span class='ocrx_word' id='word_1_390' title='bbox 1438 745 1468 775; x_wconf 72' lang='lat' dir='ltr'>(St</span> <span class='ocrx_word' id='word_1_391' title='bbox 1486 751 1618 782; x_wconf 86' lang='lat' dir='ltr'>tenore,</span> <span class='ocrx_word' id='word_1_392' title='bbox 1641 744 1839 785; x_wconf 83' lang='lat' dir='ltr'>intelligitur.</span> 
     </span>
    </p>

    <p class='ocr_par' dir='ltr' id='par_1_5' title="bbox 1001 782 1880 1368">
     <span class='ocr_line' id='line_1_52' title="bbox 1041 782 1876 826; baseline 0.005 -12"><span class='ocrx_word' id='word_1_393' title='bbox 1041 782 1121 815; x_wconf 82' lang='lat' dir='ltr'>lllud</span> <span class='ocrx_word' id='word_1_394' title='bbox 1146 786 1458 826; x_wconf 61' lang='lat' dir='ltr'>quoquepraeteriri</span> <span class='ocrx_word' id='word_1_395' title='bbox 1475 786 1593 824; x_wconf 78' lang='lat' dir='ltr'>nolim,</span> <span class='ocrx_word' id='word_1_396' title='bbox 1620 786 1708 826; x_wconf 84' lang='lat' dir='ltr'>quod</span> <span class='ocrx_word' id='word_1_397' title='bbox 1732 785 1876 825; x_wconf 79' lang='lat' dir='ltr'>justinia-</span> 
     </span>
     <span class='ocr_line' id='line_1_53' title="bbox 1004 824 1876 869; baseline 0.008 -15"><span class='ocrx_word' id='word_1_398' title='bbox 1004 833 1061 855; x_wconf 89' lang='lat' dir='ltr'>nus</span> <span class='ocrx_word' id='word_1_399' title='bbox 1079 824 1097 854; x_wconf 86' lang='lat' dir='ltr'>l.</span> <span class='ocrx_word' id='word_1_400' title='bbox 1118 825 1171 856; x_wconf 80' lang='lat' dir='ltr'>ult.</span> <span class='ocrx_word' id='word_1_401' title='bbox 1190 825 1221 867; x_wconf 82' lang='lat'>§.</span> <span class='ocrx_word' id='word_1_402' title='bbox 1238 826 1292 857; x_wconf 76' lang='lat' dir='ltr'>uli.</span> <span class='ocrx_word' id='word_1_403' title='bbox 1313 827 1347 858; x_wconf 87' lang='lat' dir='ltr'>C.</span> <span class='ocrx_word' id='word_1_404' title='bbox 1362 828 1476 869; x_wconf 82' lang='lat' dir='ltr'>dejure</span> <span class='ocrx_word' id='word_1_405' title='bbox 1493 828 1600 859; x_wconf 72' lang='lat' dir='ltr'>dotium</span> <span class='ocrx_word' id='word_1_406' title='bbox 1618 827 1785 859; x_wconf 79' lang='lat' dir='ltr'>constituit</span> <span class='ocrx_word' id='word_1_407' title='bbox 1797 852 1806 867; x_wconf 90' lang='lat'>,</span> <span class='ocrx_word' id='word_1_408' title='bbox 1822 839 1876 861; x_wconf 84' lang='lat' dir='ltr'>ex-</span> 
     </span>
     <span class='ocr_line' id='line_1_54' title="bbox 1003 868 1877 909; baseline 0.007 -13"><span class='ocrx_word' id='word_1_409' title='bbox 1003 873 1149 897; x_wconf 85' lang='lat' dir='ltr'>traneum</span> <span class='ocrx_word' id='word_1_410' title='bbox 1174 868 1227 907; x_wconf 90' lang='lat' dir='ltr'>qui</span> <span class='ocrx_word' id='word_1_411' title='bbox 1253 877 1310 908; x_wconf 87' lang='lat' dir='ltr'>pro</span> <span class='ocrx_word' id='word_1_412' title='bbox 1336 869 1469 900; x_wconf 86' lang='lat' dir='ltr'>muliere</span> <span class='ocrx_word' id='word_1_413' title='bbox 1498 878 1592 909; x_wconf 79' lang='lat' dir='ltr'>quam</span> <span class='ocrx_word' id='word_1_414' title='bbox 1621 879 1686 900; x_wconf 89' lang='lat' dir='ltr'>non</span> <span class='ocrx_word' id='word_1_415' title='bbox 1722 868 1819 901; x_wconf 80' lang='lat' dir='ltr'>habet</span> <span class='ocrx_word' id='word_1_416' title='bbox 1843 872 1877 904; x_wconf 92' lang='lat' dir='ltr'>in</span> 
     </span>
     <span class='ocr_line' id='line_1_55' title="bbox 1002 907 1878 951; baseline 0.009 -14"><span class='ocrx_word' id='word_1_417' title='bbox 1002 907 1179 947; x_wconf 82' lang='lat' dir='ltr'>potestate,</span> <span class='ocrx_word' id='word_1_418' title='bbox 1204 910 1314 941; x_wconf 74' lang='lat' dir='ltr'>dorem</span> <span class='ocrx_word' id='word_1_419' title='bbox 1331 910 1492 951; x_wconf 87' lang='lat' dir='ltr'>promifit,</span> <span class='ocrx_word' id='word_1_420' title='bbox 1517 920 1577 942; x_wconf 92' lang='lat' dir='ltr'>nec</span> <span class='ocrx_word' id='word_1_421' title='bbox 1595 920 1663 943; x_wconf 89' lang='lat' dir='ltr'>eam</span> <span class='ocrx_word' id='word_1_422' title='bbox 1681 911 1776 943; x_wconf 90' lang='lat' dir='ltr'>solvit</span> <span class='ocrx_word' id='word_1_423' title='bbox 1795 913 1878 944; x_wconf 88' lang='lat' dir='ltr'>intra</span> 
     </span>
     <span class='ocr_line' id='line_1_56' title="bbox 1003 948 1877 992; baseline 0.01 -14"><span class='ocrx_word' id='word_1_424' title='bbox 1003 948 1186 988; x_wconf 86' lang='lat' dir='ltr'>biennium,</span> <span class='ocrx_word' id='word_1_425' title='bbox 1212 951 1328 982; x_wconf 86' lang='lat' dir='ltr'>deinde</span> <span class='ocrx_word' id='word_1_426' title='bbox 1343 954 1382 982; x_wconf 82' lang='lat' dir='ltr'>ad</span> <span class='ocrx_word' id='word_1_427' title='bbox 1399 951 1502 983; x_wconf 82' lang='lat' dir='ltr'>usuras</span> <span class='ocrx_word' id='word_1_428' title='bbox 1521 954 1644 992; x_wconf 88' lang='lat' dir='ltr'>teneri;</span> <span class='ocrx_word' id='word_1_429' title='bbox 1666 951 1720 984; x_wconf 88' lang='lat' dir='ltr'>sed</span> <span class='ocrx_word' id='word_1_430' title='bbox 1743 962 1808 984; x_wconf 92' lang='lat' dir='ltr'>non</span> <span class='ocrx_word' id='word_1_431' title='bbox 1827 964 1877 987; x_wconf 90' lang='lat' dir='ltr'>us·</span> 
     </span>
     <span class='ocr_line' id='line_1_57' title="bbox 1003 990 1879 1035; baseline 0.011 -16"><span class='ocrx_word' id='word_1_432' title='bbox 1003 998 1066 1029; x_wconf 85' lang='lat' dir='ltr'>que</span> <span class='ocrx_word' id='word_1_433' title='bbox 1083 991 1123 1021; x_wconf 88' lang='lat' dir='ltr'>ad</span> <span class='ocrx_word' id='word_1_434' title='bbox 1139 990 1293 1031; x_wconf 79' lang='lat' dir='ltr'>semiss&#39;es3</span> <span class='ocrx_word' id='word_1_435' title='bbox 1316 992 1368 1024; x_wconf 83' lang='lat' dir='ltr'>sed</span> <span class='ocrx_word' id='word_1_436' title='bbox 1384 994 1546 1030; x_wconf 71' lang='lat' dir='ltr'>dumtaxat</span> <span class='ocrx_word' id='word_1_437' title='bbox 1565 1004 1664 1035; x_wconf 86' lang='lat' dir='ltr'>usque</span> <span class='ocrx_word' id='word_1_438' title='bbox 1685 995 1725 1026; x_wconf 82' lang='lat' dir='ltr'>ad</span> <span class='ocrx_word' id='word_1_439' title='bbox 1751 995 1879 1029; x_wconf 83' lang='lat' dir='ltr'>tertiam</span> 
     </span>
     <span class='ocr_line' id='line_1_58' title="bbox 1002 1031 1877 1078; baseline 0.009 -17"><span class='ocrx_word' id='word_1_440' title='bbox 1002 1031 1183 1063; x_wconf 86' lang='lat' dir='ltr'>centesimae</span> <span class='ocrx_word' id='word_1_441' title='bbox 1198 1041 1332 1073; x_wconf 84' lang='lat' dir='ltr'>partem.</span> <span class='ocrx_word' id='word_1_442' title='bbox 1376 1034 1454 1066; x_wconf 87' lang='lat' dir='ltr'>Item</span> <span class='ocrx_word' id='word_1_443' title='bbox 1479 1037 1510 1067; x_wconf 90' lang='lat' dir='ltr'>in</span> <span class='ocrx_word' id='word_1_444' title='bbox 1536 1036 1555 1069; x_wconf 87' lang='lat' dir='ltr'>l,</span> <span class='ocrx_word' id='word_1_445' title='bbox 1580 1037 1659 1068; x_wconf 76' lang='lat' dir='ltr'>unic.</span> <span class='ocrx_word' id='word_1_446' title='bbox 1685 1036 1714 1078; x_wconf 86' lang='lat'>§.</span> <span class='ocrx_word' id='word_1_447' title='bbox 1732 1044 1759 1077; x_wconf 85' lang='lat'>7.</span> <span class='ocrx_word' id='word_1_448' title='bbox 1784 1037 1817 1069; x_wconf 91' lang='lat' dir='ltr'>C.</span> <span class='ocrx_word' id='word_1_449' title='bbox 1842 1040 1877 1069; x_wconf 83' lang='lat' dir='ltr'>de</span> 
     </span>
     <span class='ocr_line' id='line_1_59' title="bbox 1001 1073 1879 1119; baseline 0.009 -17"><span class='ocrx_word' id='word_1_450' title='bbox 1001 1073 1043 1103; x_wconf 77' lang='lat' dir='ltr'>rei</span> <span class='ocrx_word' id='word_1_451' title='bbox 1057 1075 1177 1119; x_wconf 64' lang='lat' dir='ltr'>uxoriae</span> <span class='ocrx_word' id='word_1_452' title='bbox 1201 1073 1311 1106; x_wconf 63' lang='lat' dir='ltr'>actione</span> <span class='ocrx_word' id='word_1_453' title='bbox 1327 1076 1448 1116; x_wconf 86' lang='lat' dir='ltr'>voluit,</span> <span class='ocrx_word' id='word_1_454' title='bbox 1473 1085 1507 1108; x_wconf 88' lang='lat' dir='ltr'>ut</span> <span class='ocrx_word' id='word_1_455' title='bbox 1525 1079 1670 1116; x_wconf 80' lang='lat' dir='ltr'>maritus,</span> <span class='ocrx_word' id='word_1_456' title='bbox 1695 1078 1716 1110; x_wconf 82' lang='lat' dir='ltr'>ii</span> <span class='ocrx_word' id='word_1_457' title='bbox 1742 1077 1879 1117; x_wconf 82' lang='lat' dir='ltr'>superse-</span> 
     </span>
     <span class='ocr_line' id='line_1_60' title="bbox 1002 1114 1878 1155; baseline 0.013 -11"><span class='ocrx_word' id='word_1_458' title='bbox 1002 1114 1107 1152; x_wconf 87' lang='lat' dir='ltr'>derit,</span> <span class='ocrx_word' id='word_1_459' title='bbox 1139 1125 1187 1147; x_wconf 86' lang='lat' dir='ltr'>res</span> <span class='ocrx_word' id='word_1_460' title='bbox 1211 1117 1348 1148; x_wconf 85' lang='lat' dir='ltr'>mobiles</span> <span class='ocrx_word' id='word_1_461' title='bbox 1375 1119 1425 1150; x_wconf 87' lang='lat' dir='ltr'>vel</span> <span class='ocrx_word' id='word_1_462' title='bbox 1451 1117 1482 1150; x_wconf 89' lang='lat' dir='ltr'>se</span> <span class='ocrx_word' id='word_1_463' title='bbox 1506 1122 1675 1152; x_wconf 84' lang='lat' dir='ltr'>moventes</span> <span class='ocrx_word' id='word_1_464' title='bbox 1698 1120 1749 1151; x_wconf 90' lang='lat' dir='ltr'>vel</span> <span class='ocrx_word' id='word_1_465' title='bbox 1771 1120 1878 1155; x_wconf 85' lang='lat' dir='ltr'>incor-</span> 
     </span>
     <span class='ocr_line' id='line_1_61' title="bbox 1002 1156 1880 1200; baseline 0.009 -14"><span class='ocrx_word' id='word_1_466' title='bbox 1002 1157 1128 1195; x_wconf 84' lang='lat' dir='ltr'>porales</span> <span class='ocrx_word' id='word_1_467' title='bbox 1147 1156 1216 1198; x_wconf 87' lang='lat' dir='ltr'>post</span> <span class='ocrx_word' id='word_1_468' title='bbox 1242 1159 1354 1190; x_wconf 85' lang='lat' dir='ltr'>annale</span> <span class='ocrx_word' id='word_1_469' title='bbox 1373 1165 1499 1200; x_wconf 84' lang='lat' dir='ltr'>tempus</span> <span class='ocrx_word' id='word_1_470' title='bbox 1524 1160 1709 1200; x_wconf 85' lang='lat' dir='ltr'>restituere,</span> <span class='ocrx_word' id='word_1_471' title='bbox 1732 1161 1783 1193; x_wconf 88' lang='lat' dir='ltr'>vel</span> <span class='ocrx_word' id='word_1_472' title='bbox 1818 1172 1880 1194; x_wconf 84' lang='lat' dir='ltr'>cae-</span> 
     </span>
     <span class='ocr_line' id='line_1_62' title="bbox 1002 1198 1879 1244; baseline 0.009 -16"><span class='ocrx_word' id='word_1_473' title='bbox 1002 1205 1085 1228; x_wconf 82' lang='lat' dir='ltr'>teras</span> <span class='ocrx_word' id='word_1_474' title='bbox 1113 1207 1161 1231; x_wconf 87' lang='lat' dir='ltr'>res</span> <span class='ocrx_word' id='word_1_475' title='bbox 1184 1198 1287 1231; x_wconf 83' lang='lat' dir='ltr'>statim</span> <span class='ocrx_word' id='word_1_476' title='bbox 1314 1200 1384 1238; x_wconf 89' lang='lat' dir='ltr'>post</span> <span class='ocrx_word' id='word_1_477' title='bbox 1413 1200 1595 1233; x_wconf 84' lang='lat' dir='ltr'>dissolutum</span> <span class='ocrx_word' id='word_1_478' title='bbox 1619 1203 1879 1244; x_wconf 83' lang='lat' dir='ltr'>matrimonium,</span> 
     </span>
     <span class='ocr_line' id='line_1_63' title="bbox 1002 1238 1878 1283; baseline 0.009 -14"><span class='ocrx_word' id='word_1_479' title='bbox 1002 1238 1218 1271; x_wconf 66' lang='lat' dir='ltr'>aestimationis</span> <span class='ocrx_word' id='word_1_480' title='bbox 1235 1242 1378 1273; x_wconf 87' lang='lat' dir='ltr'>omnium</span> <span class='ocrx_word' id='word_1_481' title='bbox 1401 1252 1505 1274; x_wconf 87' lang='lat' dir='ltr'>rerum</span> <span class='ocrx_word' id='word_1_482' title='bbox 1522 1252 1590 1283; x_wconf 82' lang='lat' dir='ltr'>quae</span> <span class='ocrx_word' id='word_1_483' title='bbox 1615 1252 1705 1275; x_wconf 82' lang='lat' dir='ltr'>extra</span> <span class='ocrx_word' id='word_1_484' title='bbox 1729 1245 1878 1277; x_wconf 88' lang='lat' dir='ltr'>immobi-</span> 
     </span>
     <span class='ocr_line' id='line_1_64' title="bbox 1002 1280 1879 1325; baseline 0.009 -14"><span class='ocrx_word' id='word_1_485' title='bbox 1002 1281 1048 1312; x_wconf 88' lang='lat' dir='ltr'>les</span> <span class='ocrx_word' id='word_1_486' title='bbox 1065 1280 1144 1319; x_wconf 83' lang='lat' dir='ltr'>finc,</span> <span class='ocrx_word' id='word_1_487' title='bbox 1167 1280 1290 1320; x_wconf 84' lang='lat' dir='ltr'>usuras,</span> <span class='ocrx_word' id='word_1_488' title='bbox 1310 1291 1410 1323; x_wconf 79' lang='lat' dir='ltr'>usque</span> <span class='ocrx_word' id='word_1_489' title='bbox 1428 1285 1467 1316; x_wconf 88' lang='lat' dir='ltr'>ad</span> <span class='ocrx_word' id='word_1_490' title='bbox 1486 1286 1611 1317; x_wconf 86' lang='lat' dir='ltr'>tertiam</span> <span class='ocrx_word' id='word_1_491' title='bbox 1631 1294 1753 1325; x_wconf 81' lang='lat' dir='ltr'>partem</span> <span class='ocrx_word' id='word_1_492' title='bbox 1769 1295 1879 1319; x_wconf 89' lang='lat' dir='ltr'>cente·</span> 
     </span>
     <span class='ocr_line' id='line_1_65' title="bbox 1003 1321 1772 1368; baseline 0.009 -15"><span class='ocrx_word' id='word_1_493' title='bbox 1003 1321 1085 1354; x_wconf 86' lang='lat' dir='ltr'>fimae</span> <span class='ocrx_word' id='word_1_494' title='bbox 1103 1333 1142 1354; x_wconf 81' lang='lat' dir='ltr'>ex</span> <span class='ocrx_word' id='word_1_495' title='bbox 1160 1323 1243 1355; x_wconf 84' lang='lat' dir='ltr'>bona</span> <span class='ocrx_word' id='word_1_496' title='bbox 1259 1323 1322 1355; x_wconf 88' lang='lat' dir='ltr'>fide</span> <span class='ocrx_word' id='word_1_497' title='bbox 1339 1325 1609 1365; x_wconf 81' lang='lat' dir='ltr'>introducendas,</span> <span class='ocrx_word' id='word_1_498' title='bbox 1633 1327 1772 1368; x_wconf 77' lang='lat' dir='ltr'>praestet.</span> 
     </span>
    </p>

    <p class='ocr_par' dir='ltr' id='par_1_6' title="bbox 1003 1364 1882 1656">
     <span class='ocr_line' id='line_1_66' title="bbox 1045 1364 1878 1407; baseline 0.01 -13"><span class='ocrx_word' id='word_1_499' title='bbox 1045 1364 1107 1395; x_wconf 85' lang='lat' dir='ltr'>Sed</span> <span class='ocrx_word' id='word_1_500' title='bbox 1126 1374 1190 1396; x_wconf 89' lang='lat' dir='ltr'>non</span> <span class='ocrx_word' id='word_1_501' title='bbox 1214 1372 1336 1398; x_wconf 87' lang='lat' dir='ltr'>tantum</span> <span class='ocrx_word' id='word_1_502' title='bbox 1356 1367 1424 1398; x_wconf 85' lang='lat' dir='ltr'>haec</span> <span class='ocrx_word' id='word_1_503' title='bbox 1442 1376 1512 1407; x_wconf 80' lang='lat' dir='ltr'>quae</span> <span class='ocrx_word' id='word_1_504' title='bbox 1540 1369 1623 1407; x_wconf 80' lang='lat' dir='ltr'>dixi,</span> <span class='ocrx_word' id='word_1_505' title='bbox 1647 1369 1776 1401; x_wconf 87' lang='lat' dir='ltr'>noviter</span> <span class='ocrx_word' id='word_1_506' title='bbox 1799 1378 1878 1402; x_wconf 92' lang='lat' dir='ltr'>con-</span> 
     </span>
     <span class='ocr_line' id='line_1_67' title="bbox 1003 1404 1879 1450; baseline 0.01 -15"><span class='ocrx_word' id='word_1_507' title='bbox 1003 1404 1105 1436; x_wconf 84' lang='lat' dir='ltr'>stituit</span> <span class='ocrx_word' id='word_1_508' title='bbox 1119 1406 1329 1446; x_wconf 78' lang='lat' dir='ltr'>justinianus:</span> <span class='ocrx_word' id='word_1_509' title='bbox 1353 1418 1462 1440; x_wconf 88' lang='lat' dir='ltr'>verum</span> <span class='ocrx_word' id='word_1_510' title='bbox 1488 1417 1642 1450; x_wconf 84' lang='lat' dir='ltr'>praeterea</span> <span class='ocrx_word' id='word_1_511' title='bbox 1665 1412 1766 1442; x_wconf 87' lang='lat' dir='ltr'>vetuit</span> <span class='ocrx_word' id='word_1_512' title='bbox 1789 1412 1808 1443; x_wconf 80' lang='grc' dir='ltr'>Ζ.</span> <span class='ocrx_word' id='word_1_513' title='bbox 1827 1415 1879 1445; x_wconf 78' lang='lat'>28.</span> 
     </span>
     <span class='ocr_line' id='line_1_68' title="bbox 1004 1447 1879 1494; baseline 0.008 -17"><span class='ocrx_word' id='word_1_514' title='bbox 1004 1447 1043 1492; x_wconf 73' lang='lat' dir='ltr'>C.</span> <span class='ocrx_word' id='word_1_515' title='bbox 1059 1449 1094 1478; x_wconf 85' lang='lat' dir='ltr'>de</span> <span class='ocrx_word' id='word_1_516' title='bbox 1109 1449 1224 1487; x_wconf 79' lang='lat' dir='ltr'>usuris,</span> <span class='ocrx_word' id='word_1_517' title='bbox 1248 1449 1279 1480; x_wconf 83' lang='lat'>&amp;</span> <span class='ocrx_word' id='word_1_518' title='bbox 1303 1449 1323 1480; x_wconf 84' lang='lat' dir='ltr'>l.</span> <span class='ocrx_word' id='word_1_519' title='bbox 1351 1459 1378 1489; x_wconf 77' lang='lat'>3.</span> <span class='ocrx_word' id='word_1_520' title='bbox 1404 1451 1435 1481; x_wconf 89' lang='lat' dir='ltr'>C.</span> <span class='ocrx_word' id='word_1_521' title='bbox 1462 1453 1496 1482; x_wconf 83' lang='lat' dir='ltr'>de</span> <span class='ocrx_word' id='word_1_522' title='bbox 1524 1452 1622 1492; x_wconf 75' lang='lat' dir='ltr'>usuris</span> <span class='ocrx_word' id='word_1_523' title='bbox 1643 1453 1684 1483; x_wconf 80' lang='lat' dir='ltr'>rei</span> <span class='ocrx_word' id='word_1_524' title='bbox 1701 1453 1852 1494; x_wconf 78' lang='lat' dir='ltr'>judicatae</span> <span class='ocrx_word' id='word_1_525' title='bbox 1868 1475 1879 1492; x_wconf 88' lang='lat'>,</span> 
     </span>
     <span class='ocr_line' id='line_1_69' title="bbox 1004 1488 1882 1533; baseline 0.009 -15"><span class='ocrx_word' id='word_1_526' title='bbox 1004 1489 1108 1521; x_wconf 73' lang='lat' dir='ltr'>usuras</span> <span class='ocrx_word' id='word_1_527' title='bbox 1124 1488 1282 1522; x_wconf 84' lang='lat' dir='ltr'>usurarum</span> <span class='ocrx_word' id='word_1_528' title='bbox 1302 1492 1408 1533; x_wconf 75' lang='lat' dir='ltr'>exigi,</span> <span class='ocrx_word' id='word_1_529' title='bbox 1431 1493 1526 1524; x_wconf 81' lang='lat' dir='ltr'>etiam</span> <span class='ocrx_word' id='word_1_530' title='bbox 1542 1494 1572 1524; x_wconf 90' lang='lat' dir='ltr'>in</span> <span class='ocrx_word' id='word_1_531' title='bbox 1598 1492 1714 1526; x_wconf 85' lang='lat' dir='ltr'>sortem</span> <span class='ocrx_word' id='word_1_532' title='bbox 1740 1494 1882 1526; x_wconf 69' lang='lat' dir='ltr'>redaCta-</span> 
     </span>
     <span class='ocr_line' id='line_1_70' title="bbox 1003 1530 1879 1576; baseline 0.007 -15"><span class='ocrx_word' id='word_1_533' title='bbox 1003 1540 1091 1569; x_wconf 85' lang='lat' dir='ltr'>rum,</span> <span class='ocrx_word' id='word_1_534' title='bbox 1114 1530 1177 1562; x_wconf 87' lang='lat' dir='ltr'>five</span> <span class='ocrx_word' id='word_1_535' title='bbox 1197 1531 1364 1572; x_wconf 80' lang='lat' dir='ltr'>stipulatu,</span> <span class='ocrx_word' id='word_1_536' title='bbox 1388 1532 1452 1564; x_wconf 83' lang='lat' dir='ltr'>five</span> <span class='ocrx_word' id='word_1_537' title='bbox 1465 1534 1618 1574; x_wconf 84' lang='lat' dir='ltr'>judicato.</span> <span class='ocrx_word' id='word_1_538' title='bbox 1662 1533 1725 1568; x_wconf 86' lang='lat' dir='ltr'>Sed</span> <span class='ocrx_word' id='word_1_539' title='bbox 1747 1538 1820 1576; x_wconf 85' lang='lat' dir='ltr'>quia</span> <span class='ocrx_word' id='word_1_540' title='bbox 1846 1537 1879 1567; x_wconf 90' lang='lat' dir='ltr'>in</span> 
     </span>
     <span class='ocr_line' id='line_1_71' title="bbox 1004 1571 1876 1617; baseline 0.009 -15"><span class='ocrx_word' id='word_1_541' title='bbox 1004 1571 1197 1604; x_wconf 86' lang='lat' dir='ltr'>antecessum</span> <span class='ocrx_word' id='word_1_542' title='bbox 1216 1575 1257 1605; x_wconf 86' lang='lat' dir='ltr'>de</span> <span class='ocrx_word' id='word_1_543' title='bbox 1280 1574 1327 1605; x_wconf 89' lang='lat' dir='ltr'>his</span> <span class='ocrx_word' id='word_1_544' title='bbox 1347 1575 1398 1617; x_wconf 87' lang='lat' dir='ltr'>egi</span> <span class='ocrx_word' id='word_1_545' title='bbox 1421 1584 1451 1607; x_wconf 92' lang='lat' dir='ltr'>c.</span> <span class='ocrx_word' id='word_1_546' title='bbox 1471 1585 1516 1610; x_wconf 82' lang='lat' dir='ltr'>xi.</span> <span class='ocrx_word' id='word_1_547' title='bbox 1540 1576 1631 1616; x_wconf 84' lang='lat' dir='ltr'>hujus</span> <span class='ocrx_word' id='word_1_548' title='bbox 1655 1577 1744 1616; x_wconf 84' lang='lat' dir='ltr'>libri,</span> <span class='ocrx_word' id='word_1_549' title='bbox 1773 1577 1876 1610; x_wconf 65' lang='lat' dir='ltr'>aetum</span> 
     </span>
     <span class='ocr_line' id='line_1_72' title="bbox 1004 1623 1186 1656; baseline -0.005 -9"><span class='ocrx_word' id='word_1_550' title='bbox 1004 1623 1071 1647; x_wconf 91' lang='lat' dir='ltr'>non</span> <span class='ocrx_word' id='word_1_551' title='bbox 1084 1623 1186 1656; x_wconf 85' lang='lat' dir='ltr'>agam.</span> 
     </span>
    </p>
   </div>
   <div class='ocr_carea' id='block_1_4' title="bbox 566 1841 1401 2538">
    <p class='ocr_par' dir='ltr' id='par_1_7' title="bbox 566 1841 1401 2538">
     <span class='ocr_line' id='line_1_73' title="bbox 566 1841 1401 2538; baseline 0 949"><span class='ocrx_word' id='word_1_552' title='bbox 566 1841 1401 2538; x_wconf 95' lang='lat' dir='ltr'> </span> 
     </span>
    </p>
   </div>
   <div class='ocr_carea' id='block_1_5' title="bbox 1303 3253 1879 3298">
    <p class='ocr_par' dir='ltr' id='par_1_8' title="bbox 1303 3253 1879 3298">
     <span class='ocr_line' id='line_1_74' title="bbox 1303 3253 1879 3298; baseline -0.005 -9"><span class='ocrx_word' id='word_1_553' title='bbox 1303 3257 1358 3289; x_wconf 76' lang='lat' dir='ltr'>nb</span> <span class='ocrx_word' id='word_1_554' title='bbox 1381 3266 1401 3298; x_wconf 72' lang='lat'>:³</span> <span class='ocrx_word' id='word_1_555' title='bbox 1693 3253 1879 3288; x_wconf 74' lang='lat' dir='ltr'><strong>GERAR·</strong></span> 
     </span>
    </p>
   </div>
  </div>
 </body>
</html>
