2052 3487
367 100 899 135 DiocLaT1ANUS
950 102 1021 129 ar
1068 92 1547 129 'MAXIMIANUS.

51 198 115 229 rem
150 197 256 224 certam
289 188 341 225 ξδ’
359 189 553 220 indubitatam
590 182 761 215 liberalitate
796 185 930 215 rerizz'ztz‘o.

56 234 219 278 Significat
237 231 412 272 Ulpianus,
432 228 549 273 patiam
571 226 700 271 qui-dem
716 225 748 270 in
765 223 873 270 »specie
890 224 933 257 fic

57 279 120 310 dici
142 287 152 316 ·,
183 284 255 306 cum
276 283 328 305 res
352 280 439 303 certa
464 270 496 301 δέ
519 267 694 312 indubitata
716 265 931 314 liberalitate,

55 319 122 353 five
145 318 206 359 (ut
236 315 474 356 imperatores,
507 308 731 354 Diocletianus
762 308 794 338 &
827 307 931 354 Μυη-

57 363 201 397 mianum
224 359 397 390 locuuntur
418 354 437 384 l.
455 362 504 391 25.
524 350 556 381 C.
573 351 631 380 eod.
650 349 724 394 tit.)
747 348 931 381 donationis

57 401 152 434 causa
176 400 239 432 line
267 391 368 438 aliqua
391 393 579 426 conditione
604 397 803 421 remittitur:
834 397 932 421 trans-

58 444 218 476 actionem
237 435 498 478 veroappellari3
522 441 596 463 cum
613 433 773 463 incertum
794 431 838 462 rci
856 432 932 463 litis—

57 495 100 517 νε
121 483 312 523 finitur(.ut
339 477 480 510 Scaevola
510 475 553 505 ait
575 474 595 505 l.
624 482 670 509 ιιι.
699 471 744 503 D.
771 475 830 503 eod.
857 474 930 513 tit.)

58 535 148 560 certa
165 526 256 566 lege;
277 522 343 553 sive«
362 520 424 559 (ut
440 518 534 548 iidem
553 516 729 554 loquuntur
753 513 929 554 Imperato—

45 577 111 602 “res
134 568 161 598 cl.
186 567 205 597 l.
221 563 309 606 3310.
325 563 358 592 de
373 559 550 600 repudianda
566 557 614 587 vel
632 554 799 596 abstinenda
821 557 929 587 heredi-

59 615 135 649 μισ,
157 607 244 647 cujus
261 613 330 645 pars
350 600 399 632 est
421 600 440 631 l.
461 603 510 640 38.
535 598 571 628 C.
598 599 634 628 de
655 592 930 643 trecasastionilias)

59 652 167 690 aliquo
189 650 289 682 dato,
319 650 447 675 retento
464 664 474 679 ,
505 648 558 670 aut
583 638 746 679 promiffo.
791 639 832 669 At
860 640 930 670 haec

60 692 231 724 vei-borum
258 684 425 726 Tranfigere
453 682 500 713 vel
526 680 636 723 pacisci
668 688 745 712 nota
778 681 929 712 omnibus

58 730 242 775 significatio
259 727 314 759 est.
672 764 678 772 ⁹
908 763 914 769 ³

63 801 66 803 .
97 772 173 807 Non
190 780 280 810 aeque
303 767 420 805 claret,
442 772 513 805 quae
534 773 648 795 eorum
670 773 701 795 iri
724 760 789 794 hoc
809 762 929 794 Rescri-

59 823 118 858 pto
136 815 182 844 vis
200 811 244 843 sit.
288 810 347 840 Sed
365 817 429 839 non
445 815 613 843 erravero,
637 804 657 836 si
683 814 719 836 ea
737 814 795 845 pro
815 806 929 836 iisdem

59 863 234 896 acceper03
256 859 425 890 totumque
451 848 533 879 adeo
556 848 790 886 Imperatorum
815 846 929 877 sermo-

3 910 5 913 ·
59 907 133 931 nem
152 897 248 935 magis
268 893 307 925 ad
331 889 558 922 transactiones
574 911 583 927 ‚
607 897 700 928 quani
722 888 759 919 ad
776 888 929 927 gratuitas

59 938 222 980 pactiones
240 958 250 973 ‚
280 932 391 965 referri
417 933 540 962 dixero.
585 928 663 961 Non
699 929 795 970 longe
819 937 927 968 petam

61 989 138 1014 meae
161 977 256 1009 fidem
284 973 471 1006 sententiae:
502 968 662 1003 suffecerit
686 970 844 1011 posterior
868 970 928 1002 Re-

62 1020 168 1061 scripti
191 1017 321 1050 versus:
355 1016 384 1046 in
411 1024 476 1055 quo
500 1013 555 1045 etii
586 1014 697 1043 eadem
723 1013 930 1043 continuetur

62 1061 192 1104 quaestio
215 1068 282 1099 quae
309 1059 339 1089 in
370 1057 474 1097 priore
497 1054 646 1086 traantur
675 1053 790 1092 vei-su;
821 1062 928 1085 tamen

63 1109 186 1142 tantum
202 1098 404 1132 transactionis
419 1120 429 1135 ‚
452 1106 517 1129 non
541 1097 636 1128 etiam
654 1094 817 1136 parrionis,
841 1104 928 1126 men-

63 1147 111 1177 tio
131 1144 177 1176 fit.
220 1143 266 1173 [rc
290 1151 329 1172 ne
353 1140 422 1179 quis
446 1138 510 1169 hoe
526 1161 536 1177 ,
554 1138 677 1178 pacisci,
700 1136 878 1177 posteriore
894 1137 927 1167 in

65 1185 156 1218 versu
172 1193 212 1215 ex
235 1183 340 1223 priore
357 1180 510 1212 subaudiri
528 1178 688 1219 postulet,
712 1186 746 1209 ut
764 1178 837 1209 alibi
858 1177 927 1209 fieri

66 1220 216 1263 memini3
238 1226 267 1256 iu
290 1224 355 1263 ejus
379 1223 534 1253 honorem
560 1220 693 1258 addam,
716 1220 804 1260 quod
821 1220 852 1251 in
871 1229 929 1260 po·

65 1269 194 1302 steriore
217 1264 304 1297 versu
321 1272 409 1300 reus,
431 1263 522 1302 (nam
540 1262 580 1292 de
598 1271 661 1300 eo,
684 1271 749 1292 non
773 1262 813 1292 de
836 1270 929 1292 accu-

65 1311 190 1345 satore,
220 1305 437 1346 accipiendum
459 1303 520 1334 effe
544 1302 745 1344 Rescriptum
763 1325 772 1340 ‚
796 1304 825 1334 in
851 1302 930 1334 infe-

63 1350 197 1384 rioribus
217 1346 405 1387 apparebit)
427 1344 448 1376 fl
471 1343 620 1385 transigat
644 1346 684 1375 de
702 1344 837 1376 crimine
863 1350 929 1376 non

64 1390 215 1433 capitali,
244 1389 358 1421 dicitur
386 1385 451 1418 falsi
485 1387 686 1418 accusatione
717 1386 831 1417 teneri.
884 1385 930 1416 Ea

60 1441 166 1467 autem
189 1429 345 1460 accusatio
368 1427 472 1468 potest
496 1428 582 1459 circa
608 1428 854 1459 transactionem
881 1436 931 1458 ca-

60 1473 155 1512 dere,
178 1479 331 1510 corrupto
354 1470 488 1510 pecunia
509 1469 714 1501 adversario:
746 1468 799 1500 sed
821 1470 852 1500 in
877 1478 930 1509 pa-

63 1515 187 1549 trione,
209 1513 304 1553 gratis
324 1510 446 1543 remissa
464 1509 694 1549 accusatione;
724 1519 819 1550 quem
843 1510 930 1542 usum

61 1554 185 1593 habet?
216 1553 314 1586 Dabo
338 1561 444 1585 tamen
467 1552 632 1593 elegantiae
657 1552 838 1594 quaestioni's
855 1575 866 1592 ,
897 1559 931 1584 ui:

1787 100 1857 136 229

969 188 1042 215 non
1065 182 1165 214 modo
1181 183 1258 224 quid
1276 183 1306 214 i'n
1325 181 1559 219 transaaione,
1584 179 1636 212 sed
1655 180 1730 223 quid
1749 181 1780 213 iri
1798 191 1850 222 pa-

970 225 1082 255 :stione
1102 230 1255 266 quoque,
1279 225 1319 256 de
1342 225 1529 256 criminibus
1550 224 1598 263 jus
1622 221 1677 263 fit,
1701 222 1757 254 suo
1774 224 1850 255 loco

975 265 1201 298 demonstrem.
1486 270 1489 273 '

1017 306 1112 338 Nunc
1136 308 1261 339 interim
1286 306 1449 348 sequentia
1474 305 1627 346 Rescripti
1653 305 1749 337 verba
1773 315 1847 337 exa·

973 348 1116 379 minabo.
1161 351 1255 388 Ajuut
1281 349 1514 389 Imperatoch
1540 347 1706 390 Tranfigere
1727 347 1775 379 vel
1793 355 1847 388 pa·

974 391 1041 429 cisti
1060 391 1093 420 de
1109 390 1230 421 crimine
1246 392 1365 431 capitali
1380 392 1556 431 prohibitum
1572 399 1629 420 non
1652 389 1718 430 effe:
1744 390 1774 420 ὅς
1791 390 1843 420 ad-

974 433 1075 469 dunt,
1098 433 1129 462 in
1152 432 1217 462 aliis
1239 439 1335 463 amem
1350 431 1473 472 puhlicis
1505 432 1675 462 criminibus
1695 440 1757 473 quse
1772 432 1846 471 san·

970 474 1073 513 guinis
1092 480 1207 513 poenam
1230 481 1287 504 nori
1312 477 1466 514 ingerunt,
1491 471 1648 514 transigere
1670 483 1726 504 non
1743 473 1845 512 licere,

973 516 1046 545 eitra
1060 513 1134 552 falfi
1153 517 1371 555 accusationem.
1412 513 1576 545 Veriffime
1593 515 1705 555 procul
1725 514 1843 546 dubio&

973 554 1027 586 sed
1049 563 1117 594 quo
1142 556 1228 587 sensu
1246 579 1256 594 ,
1287 560 1417 596 quoque
1441 555 1577 593 effectu3
1609 557 1640 586 id
1662 555 1732 594 est,
1756 555 1845 597 quod

972 598 1133 636 quaeritur.
1179 598 1307 629 Pactum
1332 598 1416 628 enim
1433 596 1498 628 sive
1521 598 1686 636 donandi,
1710 598 1773 629 sive
1791 598 1847 628 de·

972 638 1122 677 cidendi,
1145 639 1233 670 causa
1250 638 1323 676 fiat,
1347 640 1419 678 quia
1439 639 1483 670 nil
1498 639 1646 679 indigitat
1661 661 1670 676 ‚
1693 638 1746 670 nifi
1766 640 1845 670 duo-

970 689 1041 710 rum
1058 680 1239 720 pluriumve
1260 678 1446 711 consensum
1465 681 1505 710 de
1527 679 1603 719 juris
1620 680 1698 711 certi
1717 681 1767 711 vcl
1783 690 1847 712 am-

972 721 1057 762 bigui
1076 722 1256 753 remissione
1270 724 1300 753 in
1316 729 1423 752 totuin
1440 722 1491 752 vel
1507 729 1567 760 pro
1584 728 1691 760 parte,
1714 721 1843 754 demum

972 766 1083 799 valct;
1108 772 1179 794 cum
1199 765 1239 794 de
1264 772 1297 794 re
1321 764 1443 801 privata
1460 763 1489 793 &
1514 761 1659 794 familiari
1679 761 1723 793 fit.
1751 772 1845 794 caete-

972 814 1040 835 rum
1058 804 1077 835 si
1094 805 1133 835 dc
1158 815 1191 835 re
1208 805 1308 835 aliena
1332 813 1385 834 aut
1402 805 1529 844 publica
1554 802 1627 842 fiat,
1651 813 1715 835 non
1735 805 1819 836 valet
1835 812 1844 835 ε

972 846 1107 876 alterum
1127 848 1256 885 privatae
1281 845 1508 885 paciscentium
1524 868 1534 883 ,
1557 846 1690 876 alterum
1709 846 1846 887 publicae

972 888 1116 918 omnium
1133 910 1142 925 ,
1174 888 1302 919 utilitati
1327 888 1504 918 convenii-e
1521 910 1530 925 ,
1561 887 1590 917 δι
1618 888 1699 918 ratio
1724 888 1846 919 evincit

972 928 1043 968 post
1067 927 1209 960 distincta
1233 929 1372 960 dominia
1389 952 1398 966 ,
1423 928 1453 959 &
1477 927 1633 969 Ulpianus
1656 928 1676 958 l.
1696 938 1724 969 7.
1747 929 1775 971 §.
1796 938 1844 968 14.

972 970 1016 1000 D.
1038 970 1072 1000 de
1088 970 1183 1009 patris
1199 993 1208 1009 ,
1239 979 1276 1001 ac
1301 969 1414 1001 Paulus
1436 971 1455 1000 l.
1473 979 1521 1010 27.
1546 970 1574 1009 ἓ.
1590 979 1622 1009 4.
1646 968 1688 1001 D.
1712 975 1770 1003 eoa.
1796 973 1845 1005 rit,

971 1011 1170 1042 attestantur.

1008 1053 1074 1083 Sed
1095 1062 1154 1083 nec
1171 1051 1248 1082 illud
1267 1052 1479 1083 omittendum
1493 1073 1502 1090 ‚
1520 1052 1628 1092 quod,
1647 1059 1720 1084 curn
1738 1052 1846 1085 valere

972 1094 1089 1125 dicitur
1110 1093 1234 1134 pactum
1253 1116 1263 1132 ,
1286 1094 1359 1133 jure
1381 1094 1489 1124 nostro
1517 1094 1595 1124 nihil
1620 1094 1703 1125 aliud
1729 1093 1845 1136 fignifi-

971 1144 1079 1173 catur,
1104 1144 1198 1176 quam
1226 1135 1372 1175 pactum,
1396 1143 1469 1165 cum
1495 1135 1598 1176 pergit
1616 1135 1654 1166 ad
1674 1137 1844 1177 gratuitam

972 1177 1035 1208 litis
1060 1185 1156 1208 certae
1176 1176 1206 1207 &
1228 1176 1412 1207 indubitatae
1436 1176 1649 1208 remiffionem
1668 1201 1677 1215 ,
1709 1175 1846 1217 plerum-

972 1227 1035 1258 que
1056 1217 1135 1258 pasti
1154 1218 1369 1257 exceptione,
1393 1217 1553 1248 interdum
1573 1217 1639 1256 ipso
1656 1218 1725 1257 jure
1741 1242 1750 1257 ‚
1783 1217 1844 1249 ser⁴

972 1260 1037 1290 vari
1057 1270 1066 1290 :
1091 1261 1240 1299 idemque
1264 1260 1296 1290 in
1323 1258 1536 1289 transactione
1558 1257 1619 1289 effe
1638 1281 1647 1296 ‚
1678 1259 1732 1290 etsi
1756 1268 1845 1291 certa

972 1302 1044 1342 iege
1066 1299 1146 1339 fiat:,
1175 1300 1275 1332 modo
1298 1299 1320 1331 si
1343 1299 1505 1340 stipulatio
1528 1309 1596 1330 earn
1623 1298 1753 1340 sequuta
1779 1310 1846 1332 non

971 1342 1027 1381 fit,
1051 1351 1156 1382 neque
1181 1343 1268 1373 datio
1293 1349 1345 1372 aut
1364 1341 1481 1372 factum
1506 1341 1537 1372 in
1556 1348 1592 1372 ea
1615 1341 1844 1373 intervenerit:

971 1384 993 1416 fi
1016 1393 1093 1415 vero
1118 1383 1253 1424 subjetta
1271 1384 1300 1417 ei
1319 1381 1477 1423 stipulatio
1500 1382 1556 1420 fit,
1580 1390 1634 1413 aut
1657 1383 1687 1413 in
1713 1391 1749 1413 ea
1768 1384 1846 1422 quid

972 1427 1081 1458 datum
1097 1425 1260 1457 faetumve
1276 1431 1495 1465 proponatur,
1518 1423 1677 1455 actionem
1694 1434 1733 1455 ex
1751 1423 1849 1465 stipu-

973 1468 1037 1498 latu
1057 1490 1066 1506 ,
1095 1474 1149 1497 aut
1177 1465 1366 1507 praescriptis
1396 1465 1522 1503 verbm,
1553 1471 1743 1504 competere
1771 1466 1790 1495 l.
1812 1469 1846 1497 6.

972 1510 992 1541 l.
1008 1519 1037 1548 7.
1060 1508 1089 1550 ἓ.
1105 1517 1135 1548 4.
1158 1508 1178 1539 l.
1197 1517 1243 1547 17.
1267 1507 1296 1548 §.
1319 1516 1343 1538 1.
1369 1505 1411 1537 D.
1441 1505 1478 1539 ἐξ
1501 1500 1520 1536 l.
1548 1515 1597 1537 21.
1625 1507 1658 1538 C.
1685 1507 1719 1538 de
1734 1506 1854 1550 patiis.a

973 1549 993 1582 l.
1009 1554 1041 1582 6.
1063 1554 1084 1582 ι.
1104 1555 1153 1585 28.
1177 1550 1196 1581 l.
1213 1557 1263 1591 33.
1288 1548 1321 1580 C.
1344 1548 1378 1579 de
1401 1545 1659 1579 transatiionihus.

778 1680 998 1719 CAPUT
1047 1680 1125 1720 IV.

63 1782 174 1820 civiles
197 1783 330 1818 afflones
353 1790 417 1826 qzice
436 1789 493 1827 pro
518 1778 622 1819 delmi
643 1781 762 1828 privati
782 1781 954 1816 executione
974 1787 1146 1827 competunt
1169 1778 1244 1826 jure
1268 1779 1424 1816 ordinario
1439 1806 1450 1824 ‚
1483 1788 1557 1816 ante
1586 1770 1774 1826 commistam
1796 1779 1849 1815 tle*

136 1832 315 1874 liminaea
331 1831 460 1876 recipere
482 1831 596 1865 afforis
621 1830 662 1870 ὅ)
679 1831 723 1865 rei
740 1831 936 1877 pastionem:
958 1829 1027 1877 post
1048 1828 1235 1874 cominifflim
1252 1830 1394 1865 delielunz
1411 1831 1555 1876 accipere.
1607 1830 1653 1866 Et
1670 1829 1811 1875 quomodo
1826 1828 1855 1881 ‘3-

62 1926 163 2003 Sed
180 1926 257 1967 quid
273 1925 344 1958 est?
367 1934 465 1957 omne
487 1926 680 1958 maleficium
704 1924 819 1966 <paulo
846 1924 930 1956 enim

137 1969 229 2000 altius
245 1969 418 2008 repetenda
438 1976 486 1998 res
505 1967 571 2007 est)
594 1968 682 2008 quod
700 1967 823 2008 legibus
840 1969 930 1997 coer-

63 2019 173 2048 cetur,
193 2009 336 2041 bifariam
355 2009 519 2040 dividitur.
545 2018 616 2040 nam
635 2015 688 2039 aut
702 2016 860 2048 privatum
876 2009 930 2038 de-

63 2052 196 2089 lictum,
230 2059 282 2081 aut
307 2050 469 2089 publicum
493 2050 634 2087 crimen,
657 2049 842 2089 appellatur.
869 2049 929 2088 pri·

61 2093 129 2124 vati
160 2098 266 2123 autem
291 2091 395 2123 deliCti
419 2092 566 2122 conditio
583 2114 593 2128 ‚
624 2090 646 2122 fi
671 2092 739 2131 jure
763 2091 792 2121 &
817 2091 930 2120 ordine

63 2141 190 2175 agatur,
214 2142 251 2164 ea
274 2133 318 2164 est
342 2141 435 2173 quam
463 2132 581 2164 Cicero
607 2132 661 2162 suo
685 2141 833 2171 tempore
850 2131 936 2174 obti7

62 2174 162 2207 nuiffe
185 2175 302 2206 indicat
319 2194 329 2212 ,
362 2173 503 2204 Divinae.
522 2175 553 2204 in
578 2174 696 2204 Verrem
714 2180 777 2213 cap.
796 2183 827 2213 5.
853 2172 933 2202 Civi-

65 2218 137 2255 bas,
158 2216 324 2256 inquienS,
348 2218 504 2253 cunisam
527 2222 636 2255 ereptae
657 2216 795 2255 pecuniae
810 2238 820 2253 ‚
851 2214 934 2244 civili

59 2259 129 2298 fere
145 2257 253 2288 afflone
275 2255 442 2297 &privato
452 2257 522 2298 jure
543 2262 721 2296 repetuntur.
764 2256 826 2287 Sed
850 2255 934 2286 utili-

65 2306 115 2330 tas
136 2298 334 2329 vindicandae
364 2296 537 2336 disciplinae
564 2298 680 2329 deinde
706 2297 823 2329 affioni
848 2296 935 2327 civili

67 2339 100 2371 &
121 2339 288 2370 ordinariae
321 2339 603 2370 extraordinariam
628 2339 768 2370 criminis
795 2338 934 2369 animad-

69 2379 247 2412 vei-sionem
270 2379 397 2420 adJecit.
440 2379 518 2411 Inde
543 2381 642 2420 coepit
667 2389 707 2411 ex
731 2380 857 2419 privato
882 2380 935 2410 de-

21 2458 24 2461 4
65 2421 143 2454 licto
165 2430 237 2452 cum
261 2421 400 2451 civiliter
425 2423 508 2460 apud
525 2421 698 2453 Praetorem
720 2421 789 2461 jure
811 2421 937 2452 ordina-

65 2464 142 2501 rio,
173 2470 240 2493 turn
272 2462 479 2493 criminaliter
509 2463 593 2503 apud
617 2462 807 2494 Praefectum
840 2461 937 2493 Urbis

22 2500 29 2505 ’
67 2513 157 2538 extra
177 2503 344 2542 ordinem,
366 2504 415 2544 agi
438 2503 457 2534 l.
474 2504 528 2535 ult.
553 2503 594 2535 D.
616 2505 648 2534 a'e
666 2505 795 2545 privatis
819 2503 938 2535 deutris.

67 2545 88 2575 l.
114 2545 168 2576 ult.
192 2544 233 2575 D.
257 2546 290 2575 cle
304 2545 413 2584 fariis.
452 2545 542 2576 alteri
567 2546 652 2576 enim
679 2546 816 2576 mixtum
843 2545 940 2584 impe-

68 2586 149 2618 rium
172 2585 191 2616 l.
215 2595 241 2617 1.
265 2585 297 2627 §.
319 2587 372 2617 alt.
398 2585 416 2616 l.
443 2595 470 2617 2.
496 2586 538 2618 D.
562 2588 595 2618 de
608 2585 748 2628 suspetiz's
772 2588 938 2624 tutoribus,

71 2626 158 2657 alteri
180 2634 301 2659 merum
319 2651 329 2666 ‚
360 2628 550 2668 competitl.
571 2637 597 2659 1.
619 2635 662 2668 pr.
682 2627 718 2662 ὅ)
737 2628 765 2670 §.
782 2637 812 2667 4.
836 2627 879 2658 D.
905 2629 939 2658 cle

74 2663 162 2705 officio
183 2667 316 2707 l-’raefee'tz'
336 2668 418 2699 Urbi.
442 2669 564 2708 Porro,
589 2669 641 2701 ubi
666 2670 803 2700 civiliter
817 2669 937 2710 agitur,

76 2707 103 2737 is
117 2707 172 2752 qui
194 2709 293 2747 petit,
317 2719 381 2741 non
404 2710 444 2741 de
466 2710 595 2751 publica
621 2712 763 2748 omnium
780 2734 790 2748 ,
821 2710 873 2741 sed
898 2711 938 2741 de

75 2753 215 2787 privata,
237 2750 373 2782 utilitate
390 2752 552 2791 experitur
566 2775 575 2791 ‚
600 2752 738 2792 denique
761 2752 814 2783 fibi
833 2774 843 2790 ,
873 2760 940 2783 non

74 2788 276 2835 reipublicae,
299 2792 390 2830 petit.
434 2793 553 2824 Auctor
570 2793 682 2824 Paulus
705 2794 724 2824 l.
741 2804 770 2830 9-
794 2793 823 2834 §.
843 2803 871 2831 5.
896 2792 938 2823 D.

75 2831 109 2860 de
127 2829 299 2868 publicanis.
324 2833 419 2864 etiam
443 2833 580 2870 Cicero,
605 2834 744 2866 Divinat.
764 2835 796 2865 in
822 2834 942 2864 Verrem

75 2872 103 2903 d.
120 2870 170 2900 loe.
195 2868 352 2909 Proinde,
372 2873 394 2904 fi
414 2874 453 2905 de
470 2874 574 2911 civili,
599 2876 629 2906 ἃ
646 2876 828 2916 pecuniaria
844 2875 940 2906 astio-

75 2921 117 2943 ne
135 2920 206 2951 quae
227 2921 272 2957 ‘ex
297 2912 413 2957 delifto
437 2915 466 2945 ei
493 2924 675 2956 competat,
698 2917 761 2948 five
782 2916 940 2953 donandi,

74 2952 140 2987 five
162 2953 360 2999 decidendi,
389 2955 477 2985 causa
501 2956 697 2996 paciscatur,
730 2958 799 2998 jure
824 2956 941 2997 pacisci

76 2994 284 3034 intelligitur:
307 3003 379 3034 quia
398 3004 462 3026 non
481 2997 520 3027 de
535 3007 568 3029 re
584 2999 727 3038 publica,
745 2999 797 3030 sed
813 2998 941 3037 desua,

75 3034 252 3075 paciscitur.
277 3036 365 3075 quod
383 3036 529 3068 omnibus
551 3040 587 3070 ad
607 3048 687 3079 quos
710 3049 760 3071 res
781 3040 941 3079 pertinet,

73 3077 194 3114 licere,
216 3077 248 3108 ὅτ.
262 3077 426 3115 dominio,
449 3078 479 3109 ἀ
496 3078 653 3119 libertati,
673 3080 871 3119 consequens
886 3080 941 3112 est.

114 3116 187 3154 Nec
212 3127 263 3150 me
290 3117 478 3157 confundit,
503 3121 588 3159 quod
612 3122 665 3162 qui
691 3123 730 3153 de
751 3122 877 3153 afflone
901 3131 943 3154 ex

79 3159 214 3197 deusto,
239 3159 315 3190 licet
329 3161 434 3199 civili,
458 3161 642 3201 paciscitur,
666 3162 813 3194 adversus
837 3164 946 3206 legem

76 3208 138 3241 qua
159 3209 196 3232 ca
221 3200 301 3233 attio
327 3203 542 3243 proponitur,
578 3203 700 3245 pacisci
720 3204 874 3245 videtui-3
909 3205 944 3238 ὦ

974 1924 1061 1966 quod
1079 1924 1202 1957 Praetor
1218 1924 1238 1956 l.
1254 1933 1282 1965 7.
1306 1925 1335 1967 §.
1353 1933 1382 1966 7.
1406 1921 1448 1958 D.
1473 1920 1508 1956 de·
1524 1925 1620 1967 pastis·
1635 1926 1851 1968 promittens,

973 1968 1097 1998 servare
1124 1967 1214 2006 pasta
1236 1974 1398 1998 conventa
1414 1990 1424 2006 ,
1448 1976 1543 2007 negat
1560 1991 1570 2006 ‚
1599 1968 1629 1999 se
1646 1968 1849 2007 ,servaturum

973 2018 1010 2038 ea
1029 2017 1099 2048 quze
1116 2008 1174 2039 sint
1197 2007 1345 2040 adversus
1368 2009 1455 2050 leges
1480 2009 1573 2040 facta.
1616 2008 1698 2040 Nam
1717 2010 1759 2040 ita
1778 2009 1851 2048 est,-

970 2047 994 2080 -si
1019 2048 1167 2081 Praetoris
1190 2049 1288 2080 verba
1305 2072 1315 2088 ‚
1341 2059 1405 2081 non
1430 2050 1450 2081 si
1473 2051 1538 2090 ejus
1563 2050 1772 2090 sententiam,
1797 2058 1846 2081 te-

975 2099 1114 2122 neamus.
1138 2091 1258 2131 placuit
1275 2098 1363 2122 certe
1390 2091 1586 2130 Veteribus,
1610 2093 1742 2131 pei-inde
1764 2092 1848 2123 acci-

975 2141 1051 2172 pere
1076 2131 1248 2162 Praetorem
1265 2154 1275 2174 ‚
1306 2141 1341 2162 ac
1365 2131 1385 2163 si
1416 2134 1579 2173 improbet
1604 2134 1732 2165 demum
1757 2133 1850 2174 pacta·

975 2179 1047 2213 qua:
1070 2172 1111 2204 fic
1135 2172 1485 2213 legibus'adversantu‘i·
1501 2197 1511 2213 ,
1544 2182 1578 2205 ut
1595 2174 1683 2206 simui
1708 2175 1850 2215 pubiicae

976 2215 1104 2246 utilitati
1121 2214 1282 2245 officiant:
1306 2224 1414 2246 verum
1432 2226 1467 2246 ea
1486 2225 1556 2255 quae
1571 2216 1693 2257 legibus
1715 2217 1848 2257 quidem

977 2258 1135 2287 contraria
1161 2255 1218 2287 sint
1236 2278 1246 2295 ,
1279 2255 1331 2287 sed
1356 2264 1479 2288 tantum
1505 2258 1663 2296 privatum
1690 2257 1852 2297 paciscen-

978 2297 1056 2328 tium
1075 2297 1282 2328 commodum
1307 2298 1484 2339 attingant,
1508 2307 1574 2329 non
1594 2299 1758 2339 improbet
1781 2301 1808 2330 d.
1828 2299 1849 2330 l.

978 2348 1006 2379 7.
1029 2338 1057 2379 §.
1078 2348 1124 2376 14.
1147 2340 1244 2379 idque
1260 2347 1493 2371 convenienter
1508 2341 1607 2371 menti
1633 2341 1757 2381 legum:
1781 2341 1851 2380 qui-

978 2381 1035 2411 bus
1055 2380 1273 2419 jurisdictione
1296 2380 1346 2411 sua
1369 2389 1464 2422 atque
1487 2381 1624 2420 imperio
1649 2382 1746 2413 servit
1768 2381 1850 2413 Prae-

980 2430 1043 2452 tor.
1067 2421 1193 2453 student
1210 2423 1294 2452 enim
1319 2422 1407 2462 leges
1435 2421 1579 2453 societati
1604 2422 1732 2454 humani
1753 2424 1849 2463 juris:

980 2472 1040 2494 nec
1058 2463 1160 2494 minus
1186 2465 1349 2494 communi
1374 2465 1518 2495 omnium
1540 2464 1689 2495 libertati.
1714 2465 1852 2498 itatfere

980 2511 1115 2542 cavent,
1139 2513 1179 2535 nc
1203 2505 1329 2535 alterius
1355 2505 1454 2535 causae
1471 2505 1599 2537 alterius
1625 2506 1774 2545 pactione
1792 2516 1852 2539 no-

981 2554 1102 2577 ceatur.
1125 2554 1277 2576 caeterum
1293 2545 1415 2583 sinunt,
1438 2545 1494 2577 suo
1507 2546 1594 2586 jure,
1611 2546 1735 2588 suisque
1754 2548 1852 2581 bene-

982 2586 1081 2624 ficiis,
1107 2587 1151 2617 uti
1169 2596 1282 2618 ornnes
1303 2588 1357 2626 qui
1382 2588 1502 2626 velint;
1525 2589 1686 2621 neminem
1708 2598 1852 2631 cogunt,

982 2629 1026 2660 eis
1044 2629 1089 2659 uti
1107 2628 1160 2668 qui
1178 2629 1269 2659 nolit.
1312 2628 1390 2660 Eam
1407 2629 1513 2669 legum
1532 2639 1632 2669 Viam,
1656 2630 1678 2662 fi
1694 2633 1744 2662 cui
1768 2642 1853 2673 quae-

981 2669 1075 2701 stioni
1098 2669 1152 2707 sit,
1175 2671 1349 2700 commode
1366 2669 1512 2701 observat
1529 2669 1766 2714 Quintilianus,
1790 2673 1852 2705 De·

982 2711 1065 2742 clam.
1083 2719 1110 2751 7.
1128 2717 1188 2749 cap.
1204 2720 1233 2748 4.
1248 2710 1336 2743 fimul
1352 2713 1506 2752 exemplis
1525 2713 1676 2753 iliustrat,
1687 2714 1850 2753 Omnium,

983 2753 1151 2792 inquiens,
1176 2751 1374 2791 beneficiorum
1397 2751 1452 2792 ista
1473 2760 1585 2792 ‚naczira
1604 2753 1643 2795 est
1658 2778 1668 2794 ‚
1696 2761 1729 2786 ut
1744 2766 1800 2787 non
1810 2756 1852 2794 fii:

981 2792 1144 2833 neceffitas,
1159 2793 1214 2833 sed
1224 2791 1356 2834 potestas.
1378 2796 1521 2836 quidquid
1538 2798 1569 2828 in
1583 2798 1714 2829 honorem
1728 2798 1853 2838 alicujus

982 2836 1136 2865 inventam
1158 2832 1199 2875 est·
1213 2857 1224 2872 ‚
1254 2832 1364 2874 desinet·
1371 2835 1563 2878 priivzlegz'um
1581 2840 1684 2870 vocari
1699 2838 1773 2880 poffe
1787 2861 1797 2875 ,
1823 2834 1852 2877 Ji

984 2885 1077 2917 cogas.
1101 2876 1220 2915 cunti-a,
1232 2875 1266 2914 fi·
1276 2878 1414 2916 videtur,
1423 2879 1498 2920 jura
1509 2881 1690 2920 percurrize3
1706 2890 1851 2920 nusquam

984 2920 1051 2948 adeo
1065 2924 1117 2958 pro
1134 2918 1347 2960 nohisjbllz'cita
1363 2919 1411 2950 lex
1426 2918 1482 2960 est,
1507 2927 1541 2951 ut
1557 2924 1630 2962 quod
1640 2920 1785 2962 praestat,
1801 2927 1852 2951 ex-

985 2964 1120 3000 torqueat.
1162 2955 1253 2990 Dedit
1268 2961 1642 2999 coecoitalissoeiimfflomm,
1666 2971 1723 2992 non
1746 2972 1852 2994 manus

985 2999 1144 3039 recusantis
1159 3001 1286 3041 impellit.
1328 3002 1532 3045 lajariarum,
1557 3005 1666 3040 caedis,
1690 3012 1773 3043 agere
1781 3010 1850 3044 per-

984 3039 1078 3080 miste,
1094 3041 1224 3082 seci'mm
1239 3045 1315 3083 cogit
1329 3045 1446 3075 invitos.
1492 3046 1569 3076 Adeo
1587 3051 1659 3084 pene
1678 3043 1770 3075 levius
1791 3043 1853 3085 est,

985 3083 1120 3124 ultionem
1129 3085 1223 3124 perire
1231 3107 1246 3123 ‚‚
1265 3093 1352 3127 quam
1363 3082 1540 3127 potestatem.
1586 3086 1851 3125 Genus-servitutis

983 3121 1023 3164 ist
1042 3124 1284 3165 coaetalibertas,
1308 3127 1455 3161 &eadem
1477 3127 1635 3166 iniqnitas,
1659 3129 1801 3169 quidquid
1817 3131 1851 3161 de

982 3167 1074 3197 invito
1106 3167 1217 3198 homine
1233 3169 1343 3208 facias.
1388 3168 1439 3199 Sic
1462 3167 1675 3207 Quintilianus
1692 3191 1701 3207 ,
1726 3171 1852 3211 optime

981 3208 1118 3248 probans
1144 3208 1269 3249 paetum
1287 3234 1298 3249 ,
1328 3208 1387 3241 Ne¹
1409 3212 1516 3279 agaliufr
1539 3209 1656 3248 injuriae
1679 3219 1731 3243 aut
1752 3214 1853 3244 caedis'

1527 3259 1546 3290 3
1778 3262 1848 3291 ,lam
