2036 3495
288 105 318 140 A
330 115 353 139 D
387 104 437 138 Lt
450 113 479 137 Β.
510 99 638 136 XVIII.
672 98 727 134 Ti
739 109 772 133 τ.
799 98 825 133 Ι.
863 98 912 133 De
931 99 1132 134 contrahentia
1148 102 1294 147 emptione
1311 101 1352 144 ξεῖ
1368 105 1403 140 (le
1417 108 1515 152 panis
1528 103 1596 147 &a

39 195 87 231 De
99 195 192 238 panis
209 194 246 230 &³
265 192 527 229 transactionibus,
551 195 610 229 cap.
629 197 671 219 XI.
690 187 726 222 ἐξ
743 196 814 233 xii..
828 187 900 219 Fuit

39 241 101 273 hoc
127 238 338 273 monendum·⁷
361 244 400 266 ne
425 242 517 274 quem
541 231 651 262 fallant
675 228 834 277 sequentia
852 230 901 268 Ju-

37 281 159 314 stiniani
177 279 270 310 verba
286 278 315 308 in
334 277 361 308 cl.
380 277 397 306 t.
419 285 464 315 17.
508 270 678 304 Commotus
702 273 903 319 venditionum

40 323 86 354 vel
108 320 350 361 permutationum
379 317 425 348 vel
456 315 645 359 donationum·
669 321 740 352 quas
771 319 902 343 intimari

41 363 128 404 [non]
152 360 190 402 efl
215 359 418 399 necessarimm,
451 357 572 387 dationis
607 359 692 384 ettam
727 354 902 400 arrharum,

37 406 83 436 vel
110 403 228 434 alterius
255 402 448 442 citjtiscnnqite
471 395 580 442 cataste,
614 394 708 442 [queis
732 395 847 436 tomen]
872 404 903 442 tn

28 446 149 485 scriptis
164 443 232 483 fieri
247 442 360 483 placuit
369 452 379 470 .·
401 437 626 469 ammonianum
648 443 751 473 etiam,
776 446 848 477 qztns
872 445 902 466 tri

41 486 227 523 instrumento
248 484 336 523 recipi
350 480 500 516 convenit,
517 487 580 524 'non
598 478 682 508 (iliter
705 480 784 508 vires
800 478 901 508 babere

34 528 182 567 sancimus
224 524 277 562 nist
303 521 491 559 instrumenta
512 529 544 549 tn
566 522 671 549 mundo
686 524 814 559 recepta,
829 518 900 558 sub-

30 549 287 610 scriptionilinique
300 558 429 604 plinium
450 559 641 607 confirmatur
659 560 694 594 ὃ)
710 559 732 595 st'
744 568 795 601 per
813 560 899 591 tabel-

39 611 140 640 lionem
167 607 396 647 conscribant-tir,
427 604 510 633 ettam
536 603 571 633 ab
593 606 648 642 zplo
673 601 807 648 completa
822 624 837 648 ,Ι
863 600 900 635 &²

33 649 170 692 postremo
202 657 219 679 α
240 647 373 687 partibus
403 644 530 677 absoluta
548 641 633 681 fint:
663 650 697 674 ut
718 643 793 673 nulii
817 643 900 690 liceat

33 694 202 733 priusquam
219 687 274 718 haec
289 688 330 717 ita
342 685 549 727 praecefferint,
567 685 613 715 vel
628 694 646 715 tt
656 685 763 724 scheda
778 687 899 723 conscri-

33 740 86 773 pta
108 733 188 771 (ticet
206 729 303 760 literas
320 728 408 759 unius
419 728 513 767 partis
536 726 582 757 vel
606 728 754 757 ambarum
775 725 896 765 habeat)

38 774 84 805 vel
106 773 140 803 ab
163 770 219 810 t'psb
241 771 363 806 inundo,
388 770 462 810 quod
486 769 605 798 necdum
628 766 666 807 effi
689 767 835 804 impletum
849 766 896 797 vel

35 814 211 849 alixolutnnz,
235 811 349 852 aliquod
367 810 419 851 jus
435 808 492 847 fibi
511 818 546 840 ex
570 809 664 856 eodem¹
681 806 898 856 eontracfittjvel

35 854 227 888 transactione
249 853 416 883 vindicare:
437 852 503 882 adeo
526 856 559 881 ut
581 859 632 881 nec
654 850 728 880 iliud
751 859 782 896 in
797 849 897 889 hujus-

34 898 109 928 modi
133 895 344 926 venditionibus
360 893 444 923 liceat
463 893 571 929 dicere,
593 892 668 932 quod
681 897 773 931 pretio
781 887 896 937 statuto

34 936 175 977 neceffitns
201 935 344 965 verzditori
366 935 528 973 imponatur
543 932 588 963 vet
601 931 780 966 contraitum
796 933 898 980 vendi-

34 981 118 1010 tionis
140 976 290 1017 perficere,
313 977 358 1006 vel
383 977 412 1006 id
432 976 507 1016 qnod
531 976 660 1014 emptoris
689 970 805 1020 interes}
821 996 830 1011 ,
872 982 897 1003 et

27 1020 193 1061 persolvere.
238 1017 312 1061 Quto
335 1024 394 1048 taint
421 1018 452 1047 in
470 1013 768 1059 poflenrconficz'endts
789 1012 897 1053 instru-

33 1063 154 1098 mentis,
177 1069 264 1100 quam
287 1059 317 1089 in
341 1059 384 1089 bis
398 1067 460 1097 (μιιε
471 1057 536 1098 jam
555 1057 681 1097 scripta,
701 1056 828 1103 nondum
844 1064 896 1086 au-

34 1109 89 1134 tem
105 1101 233 1140 absoluta.
249 1105 341 1139 sunt,
364 1099 455 1129 iocum
477 1099 575 1128 habere
586 1098 779 1141 praecipimur.
822 1095 896 1127 Huc

31 1152 133 1182 usque
150 1142 227 1173 nihil
248 1139 338 1172 novi:
362 1140 412 1171 sed
435 1140 522 1179 quod
545 1141 585 1170 de
602 1139 700 1170 arrhis
715 1137 831 1169 deinde
852 1136 895 1185 se-

32 1185 156 1225 quitur,
182 1181 349 1214 Veteribus
373 1180 547 1212 inauditum
572 1179 644 1212 fuit.
688 1179 793 1211 Verba
809 1177 897 1218 Justi-

32 1227 139 1258 niani:
172 1224 250 1255 Illud
271 1224 357 1254 etiam
381 1223 564 1264 adjicientes,
595 1227 629 1252 ut
662 1223 693 1268 in
711 1218 852 1261 posterum
867 1219 897 1256 Ji

30 1277 93 1308 qnae
112 1265 202 1298 arrhae
218 1268 306 1306 snper
321 1265 461 1304 facienda
484 1264 621 1303 emptione
643 1270 894 1309 cujuscunque-rei

31 1312 103 1339 dritae
128 1308 212 1344 sont,
229 1306 293 1344 stne
315 1308 345 1336 in
366 1305 498 1344 scriptis,
515 1303 580 1342 five
590 1301 655 1341 fine
671 1305 809 1350 seriptis:
830 1302 895 1350 licet

30 1359 87 1379 non
105 1347 145 1386 fit
165 1347 323 1388 specialiter
338 1346 480 1386 adjectum
498 1346 568 1386 qnid
589 1345 672 1384 snper
687 1345 784 1374 iisdem
800 1344 895 1391 arrhis

30 1400 86 1421 non
101 1391 263 1428 procedente
278 1386 429 1417 contractu
441 1386 510 1426 fieri
524 1390 664 1426 oporteat,
688 1384 833 1432 tamen&³
846 1394 895 1425 qut

31 1433 151 1462 vendere
170 1430 313 1470 pollicitus
335 1426 391 1468 est,
414 1428 606 1459 ‘venditionem
635 1426 768 1463 recusans
786 1435 818 1456 tn
840 1430 894 1456 (tit-

27 1473 109 1513 plunt
131 1481 175 1502 eas
200 1472 312 1502 reddere
327 1475 465 1509 cogatur,
489 1468 525 1502 δέ’
543 1468 594 1513 qni
610 1476 697 1514 eiicere
716 1466 820 1507 panus
835 1465 894 1506 eft,

31 1515 67 1544 ab
90 1514 225 1553 emptione
247 1511 393 1549 recedens,
415 1511 489 1541 datis
505 1519 523 1540 a
542 1512 568 1546 le
581 1509 679 1554 orrhzs
696 1510 799 1554 cadat,
821 1514 893 1549 repe-

33 1555 132 1584 titione
146 1563 241 1584 corum
258 1553 434 1591 deneganda.
479 1549 665 1590 justinianus
685 1549 744 1580 hac
759 1557 789 1580 in
805 1557 895 1590 parte

32 1594 174 1634 loquitur
197 1594 236 1623 de
258 1592 354 1623 arrhis
372 1591 471 1630 datis,
493 1592 634 1622 nondum
657 1590 799 1631 perfeeto
829 1600 894 1637 em-

31 1644 145 1676 ptione
162 1634 192 1665 in
211 1633 329 1673 scriptis
345 1640 396 1664 aut
411 1632 473 1664 fine
491 1631 622 1673 scriptis.
645 1632 732 1673 quod
747 1638 894 1663 autemin

35 1676 133 1708 arrhis
164 1674 322 1706 observari
343 1675 451 1714 iubet,
474 1673 566 1714 plane
587 1672 792 1719 novum-est:
823 1681 895 1705 nam

31 1717 121 1749 arrha
141 1717 217 1747 olim
242 1716 428 1756 plerumque
456 1722 522 1746 erat
541 1723 609 1755 pars
631 1722 742 1754 pretii,
772 1714 802 1745 δε
826 1714 896 1746 fere

33 1758 127 1790 instar
150 1758 291 1798 pignoris
317 1756 517 1795 habebatur3
547 1757 648 1787 donec
665 1758 786 1797 integra
804 1755 897 1788 fieret

33 1800 125 1840 pretii
153 1799 277 1830 solutio.
303 1798 362 1829 hac
387 1797 487 1836 facta,
511 1805 636 1838 poterat
656 1797 746 1829 arrha
769 1796 817 1843 ab·
832 1805 895 1842 em-

32 1849 125 1881 ptore
135 1841 235 1880 repeti
252 1840 300 1870 vel
317 1839 441 1870 afflone
452 1848 491 1870 ex
507 1847 637 1879 empto,
660 1838 710 1869 vel
721 1838 898 1870 condictio-

32 1892 72 1914 ne
89 1883 107 1911 l.
128 1890 172 1912 ii.
192 1881 221 1921 §.
241 1891 270 1921 5.
289 1880 331 1912 D.
347 1882 380 1911 cle
394 1879 449 1912 αὲῐ.
467 1886 551 1920 empt.
592 1880 661 1912 Sic:
687 1879 706 1911 fi
725 1878 820 1911 fidem
839 1879 897 1924 sei·-

30 1931 118 1953 vai-et
144 1930 279 1961 emptor.
303 1921 399 1961 quid,
423 1921 444 1953 fi
467 1931 538 1952 eum
565 1923 738 1962 poeniteret
761 1928 896 1967 emptio-

30 1964 104 1994 nis?
124 1964 184 2003 jam
203 1962 332 1994 fallebat
357 1963 483 2001 quidem
509 1962 622 1994 fidem:
645 1962 697 1994 sed
715 1962 836 2008 arrham
852 1963 896 1994 id-

32 2005 119 2035 circo
139 2013 203 2036 non
227 2004 401 2044 perdebat3
425 2003 478 2034 nifi
497 2003 574 2034 esset
593 2003 655 2035 hoc
679 2005 828 2035 venditor
847 2013 897 2044 pa-

32 2046 98 2076 ctus
126 2045 144 2076 l.
171 2045 223 2076 ult.
252 2044 291 2075 D.
317 2046 349 2075 de
371 2044 422 2086 leg.
446 2044 576 2085 connniff
618 2053 738 2076 tantum
771 2052 898 2084 poterat.

31 2094 158 2126 emptor
174 2086 298 2116 actione
315 2095 355 2117 ex
374 2087 505 2117 vendito
529 2088 567 2117 ad
593 2086 684 2126 pretii
704 2085 895 2118 solutionem

31 2127 214 2165 conveniri3
237 2136 336 2167 eaque
361 2126 462 2166 facta,
486 2128 513 2158 ei
539 2127 653 2158 licebat
672 2127 793 2158 arrham
811 2136 897 2168 repe·

31 2177 100 2199 tere
123 2167 246 2199 afflone
270 2176 309 2198 ex
328 2177 438 2207 empto
456 2169 506 2199 vel
524 2168 730 2200 condictione
745 2168 896 2215 sinetcau·

30 2209 70 2242 sa,
94 2219 111 2240 e
129 2209 291 2240 contrario
311 2218 440 2249 quoque
465 2218 526 2240 non
544 2209 711 2241 tenebatur
728 2211 895 2249 venditor,

30 2252 73 2281 ob
89 2260 153 2282 non
173 2251 325 2281 servatam
343 2250 437 2281 fidem
449 2249 589 2288 ‚arrham
607 2251 736 2291 duplam
754 2251 895 2283 restitue-

27 2300 78 2330 re,
101 2299 222 2323 tantum
242 2299 369 2330 poterat
385 2292 423 2322 ab
446 2299 592 2331 emptore
615 2291 739 2323 afflone
764 2301 805 2323 ex
833 2302 896 2324 em·

31 2340 90 2372 pto
108 2334 146 2363 ad
163 2333 193 2364 id
210 2332 434 2372 quodinterest
443 2333 628 2371 conveniri3
644 2341 748 2373 eoque
759 2333 895 2372 praestito

30 2373 150 2405 arrham
168 2374 270 2405 (latam
290 2374 444 2415 recipere.
487 2373 567 2405 Haec
586 2375 775 2405 obtinebant
792 2374 895 2414 perfe-

32 2415 80 2446 cta
91 2416 264 2456 emptione.
289 2415 516 2454 atJustinianus
532 2416 673 2455 loquitur
690 2416 729 2446 de
748 2415 895 2460 imperfe-

30 2455 76 2486 &a
86 2466 95 2494 3
105 2457 134 2487 in
147 2457 424 2496 eaquejubetjam,
435 2465 614 2497 emptorem
626 2456 664 2487 ab
674 2465 838 2497 emptione
849 2467 894 2503 re«

31 2498 211 2534 cedentem,
222 2497 342 2529 arrham
352 2498 496 2529 amittere
507 2521 516 2536 ,
527 2499 682 2538 denegata
692 2499 718 2528 ei
730 2506 892 2538 repetitio-

29 2546 80 2567 ne:
94 2538 291 2569 venditorem
304 2548 380 2570 vero
390 2539 482 2580 cogi,
494 2540 624 2579 duplum
637 2539 779 2578 reddere3
789 2539 843 2571 etsi
854 2541 894 2571 de

31 2576 96 2608 hoc
117 2578 193 2608 nihil
220 2579 340 2617 pastum
366 2588 563 2612 conventum
586 2579 631 2611 fit.
654 2589 894 2626 praeterea—,em-

29 2619 112 2657 ptori
128 2619 165 2649 ad
183 2618 246 2650 hoc
263 2620 314 2650 dat
339 2621 511 2653 actionem:
535 2631 628 2662 quam
653 2631 715 2653 non
736 2630 890 2654 nominat.

28 2660 71 2690 ita
93 2659 259 2691 verifimilc
285 2660 328 2692 est
344 2684 352 2699 ‚
385 2664 457 2694 dare
479 2663 718 2695 condictionem
744 2673 784 2695 ex
810 2665 891 2704 lege.

28 2700 111 2732 aetio
134 2709 221 2732 certe
242 2710 416 2742 exempto
439 2713 502 2736 non
521 2705 580 2736 est:
603 2714 665 2736 non
685 2704 826 2746 perfetta
841 2706 892 2737 ad-

28 2742 94 2773 huc
113 2744 287 2783 emptione.

72 2783 152 2815 Satis
177 2786 216 2814 de
238 2782 400 2815 consensu.
422 2785 517 2817 venio
541 2787 580 2818 ad
599 2788 744 2827 pretium.
768 2788 812 2819 est
829 2787 892 2819 hoc

29 2826 85 2863 (ut
103 2823 202 2855 Varro
218 2824 265 2855 lib.
285 2835 313 2864 5.
333 2825 383 2855 De
399 2825 471 2867 ling.
492 2826 592 2858 Latin.
613 2836 642 2868 p.
661 2839 708 2865 29.
733 2830 795 2868 ait)
817 2832 892 2870 qnod

29 2865 223 2906 :estimationis
239 2866 421 2906 emptionisve
436 2867 520 2903 causa
537 2868 733 2909 constituitur:
748 2870 855 2902 attium
873 2881 892 2901 a

22 2908 242 2947 peritez's,quod
250 2907 279 2937 bi
288 2907 380 2946 solum
401 2907 511 2948 poffitnt
527 2909 622 2945 facere
638 2911 709 2942 reete
725 2913 762 2943 id.
788 2911 891 2942 Varro

26 2948 163 2985 indicat,
188 2947 322 2988 pretium
347 2947 408 2979 esse
433 2959 495 2989 quo
519 2959 567 2981 res
583 2953 747 2984 vendenda
763 2952 891 2984 aestima-

26 2997 94 3024 tur,
117 2988 213 3029 idque
236 2989 266 3019 in
293 2991 457 3029 emptione
481 2989 542 3022 effe
566 2993 781 3026 neceffarium.
803 2994 892 3026 nimi·

25 3039 113 3069 rum,
138 3030 210 3071 quia
226 3040 290 3061 non
308 3030 352 3061 est
370 3030 528 3062 venditori
546 3035 727 3074 negotium,
752 3044 892 3067 mercem

26 3071 180 3112 abjicere,
210 3071 261 3102 scd
286 3081 355 3102 eam
379 3080 500 3103 mutare
527 3082 629 3111 pretio
657 3085 723 3116 quo
749 3076 892 3117 indiget:

24 3112 178 3152 juvandus
194 3112 235 3144 fic
252 3113 399 3152 aequitate
415 3113 488 3152 juris
504 3116 655 3155 gentium.
698 3115 770 3147 Nec
787 3118 849 3148 alio
869 3117 893 3148 it

24 3152 211 3193 Justinlanus
238 3153 266 3195 §.
291 3162 316 3185 i.
342 3152 413 3195 Inst.
436 3156 464 3186 h.
488 3161 507 3186 t.
542 3156 691 3194 Pretium,
722 3157 889 3197 iuquiens,

25 3192 160 3236 conflittti
176 3201 290 3236 oportet.
314 3196 342 3228 ἃ
365 3195 407 3228 fic
424 3196 591 3237 praefatur:
615 3198 699 3231 Nom
721 3200 803 3232 nulla
834 3210 887 3232 em-

1754 122 1821 158 303

939 189 999 227 ptio
1010 186 1074 224 fine
1087 192 1176 230 pretio
1192 191 1243 231 effe
1255 191 1354 234 potest.
1396 195 1521 229 Eodem
1533 195 1619 228 sensu
1638 195 1817 231 Dioc'etiaa

944 229 974 259 ἃ
996 228 1209 263 Maximianus
1234 234 1252 264 l.
1279 244 1307 271 ς).
1335 236 1367 267 C.
1384 237 1411 268 h.
1431 244 1453 269 t.
1479 238 1634 270 scribunt:
1659 240 1761 281 Empti
1775 241 1816 280 fi-

945 270 990 299 des
1008 273 1173 313 tic-venditi
1188 272 1252 310 sine
1268 279 1432 314 qzmntz'tote
1447 279 1528 311 nulla
1547 277 1594 321 esb.
1639 281 1735 322 Ajunt
1754 283 1817 314 sine

946 319 1147 355 quantitate,
1178 322 1236 352 pro
1265 315 1328 348 sine
1359 320 1486 358 pretio,
1529 322 1614 362 quod
1639 323 1817 363 quantitate

946 354 1100 384 ccnletur.
1150 353 1219 386 Hac
1242 358 1366 389 ratione
1391 362 1536 393 venditio
1560 364 1590 394 in
1610 373 1671 405 qua
1688 374 1752 396 non
1769 365 1816 397 est

946 400 1083 431 pretium
1096 417 1104 432 ,
1129 394 1243 427 dicitur
1263 396 1346 429 tituli
1366 399 1430 432 falsi
1448 401 1634 443 figmentum
1651 406 1669 437 l.
1689 415 1717 447 7.
1735 406 1767 437 C.
1785 408 1816 440 h.

946 439 967 478 εἲ
992 432 1091 464 Paulo
1109 435 1126 465 l.
1143 446 1193 476 55.
1212 437 1251 467 D.
1267 441 1325 469 eoa'.
1349 442 1433 472 nuda
1458 444 1487 474 ὅι
1507 445 1686 485 imaginaria
1705 448 1817 480 vendi-

944 481 1008 505 tio:
1031 476 1184 516 additque
1203 478 1337 519 Paulus,
1361 491 1419 522 pro
1438 493 1502 515 non
1524 485 1606 517 facta
1627 487 1708 527 esse,
1732 490 1762 520 ὅ(
1789 491 1813 521 i-

944 516 1007 560 deo
1022 525 1082 547 nec
1099 518 1324 552 alienationem
1352 524 1417 562 ejus
1441 525 1485 556 rei
1508 525 1651 568 intelligi.
1696 530 1816 562 Mode-

944 555 1039 587 stinus
1056 559 1074 588 t.
1090 568 1140 598 54.
1160 559 1200 591 D.
1220 562 1253 591 de
1268 563 1352 604 obltg.
1369 564 1406 599 ὅ)
1421 566 1477 597 aet.
1501 567 1542 598 fic
1558 570 1724 608 exprimit:
1743 571 1816 602 Con·

944 597 1055 629 iratius
1072 600 1243 641 imaginarii
1260 605 1345 635 etiam
1361 607 1392 637 in
1414 609 1630 640 venditionibus
1646 612 1726 651 juris
1746 615 1814 644 vin—

943 639 1041 670 culum
1056 649 1113 670 non
1129 643 1277 682 obtinent,
1300 655 1365 677 cuin
1374 646 1450 687 fides
1461 649 1545 688 faeti
1554 649 1732 691 firmemur,
1755 663 1814 686 non

943 681 1132 725 intercedente
1146 686 1278 716 veritate.
1319 687 1472 721 Putemus
1488 691 1601 730 igitur,
1624 694 1717 732 pretii
1734 703 1814 727 con-

943 730 1130 769 ventionem
1160 726 1321 766 pertinere
1351 730 1390 762 ad
1428 731 1661 770 pei-festionem
1699 733 1814 767 formae

939 765 1129 803 emptionis:
1156 767 1184 798 δι
1210 768 1273 799 hoc
1298 779 1314 800 a
1331 769 1504 812 Papiiiiano
1530 773 1716 815 fignificari3
1740 786 1816 810 cum

939 806 982 835 ait
993 828 1003 843 ,
1027 805 1188 845 Emptionis
1197 809 1391 849 substantiam
1406 815 1492 845 etiam
1515 824 1550 847 ex
1560 818 1653 857 pretio
1668 816 1815 858 consistere

937 844 958 875 t.
982 855 1038 893 72..
1056 846 1097 892 D.-
1116 848 1143 878 h.
1162 855 1182 880 t.
1232 851 1392 885 Caetei-um
1409 878 1419 893 ‚
1449 855 1505 887 ctfi
1535 858 1671 897 pretium
1697 861 1815 891 debeat

939 887 1109 927 constitm3
1133 899 1198 922 non
1216 892 1339 924 idcirco
1363 905 1562 930 numeratum
1589 898 1651 930 esse
1667 909 1812 940 oportet.

940 928 1033 959 Clare
1063 928 1216 970 Ulpianus
1242 934 1260 964 l.
1278 943 1305 965 2.
1323 934 1352 975 §.
1373 945 1398 967 1.
1422 939 1448 968 cl.
1465 944 1485 969 t.
1528 941 1598 971 Sine
1617 943 1710 981 pretio
1729 942 1812 974 nulla

939 971 1065 1001 venditio
1089 970 1138 1012 est.
1161 983 1218 1004 non
1239 983 1335 1006 autem
1354 979 1444 1018 pretii
1469 983 1647 1020 numeratio,
1670 983 1725 1021 secl
1746 992 1813 1014 con-

938 1012 1036 1042 ventio
1047 1012 1162 1053 perficit
1177 1013 1241 1052 fine
1254 1017 1370 1058 scriptis
1390 1019 1518 1052 bibitam
1534 1024 1710 1063 emptionem.
1736 1023 1811 1056 Nec

939 1053 1020 1084 male
1049 1055 1133 1098 idem
1166 1056 1318 1097 Ulpianus
1351 1060 1368 1090 t.
1389 1065 1435 1092 16.
1462 1064 1558 1093 [λάε
1577 1074 1637 1105 reg.
1650 1065 1713 1105 jur.
1739 1072 1811 1106 quae

939 1095 984 1126 cst
1007 1103 1046 1125 ex
1064 1095 1114 1127 lib.
1135 1106 1184 1128 21.
1209 1099 1258 1130 Ad
1276 1099 1436 1133 Sabinum.
1480 1104 1663 1145 Iniaginnrict
1679 1108 1809 1138 venditio

938 1145 995 1167 non
1017 1134 1054 1176 ⁶st
1073 1139 1162 1177 pretio
1184 1142 1357 1174 accedente:
1388 1143 1419 1175 id
1442 1145 1506 1183 est,
1532 1146 1553 1178 li
1577 1147 1616 1178 de
1642 1147 1748 1187 pretio
1773 1148 1812 1179 fit

938 1186 1155 1218 conventum,
1167 1189 1230 1211 non
1246 1181 1290 1213 est
1307 1184 1487 1225 imaginaria
1505 1188 1630 1227 emptio
1643 1211 1652 1227 ,
1668 1188 1723 1220 etss
1739 1199 1811 1229 pre-

938 1219 1018 1250 tium
1036 1221 1176 1252 nondum
1194 1221 1230 1253 fit
1245 1223 1391 1256 solutum.
1417 1226 1554 1266 speciem
1574 1229 1649 1260 licet
1666 1230 1812 1262 confice-

938 1268 971 1290 re
988 1270 1028 1291 ex
1042 1261 1118 1305 ·l.39
1132 1258 1160 1303 §
1173 1272 1201 1294 2.
1221 1262 1259 1295 D.
1276 1266 1308 1295 de
1325 1265 1484 1307 legatislt'b.
1499 1277 1524 1299 1.
1549 1279 1618 1310 quae
1635 1271 1680 1302 est
1698 1281 1738 1303 ex
1756 1281 1812 1304 eo·

938 1302 1011 1333 dem
1030 1302 1081 1333 lib.
1101 1313 1149 1335 21.
1173 1304 1223 1336 Ad
1247 1305 1406 1339 Sabinum.
1453 1309 1590 1349 Ulpiano
1617 1314 1812 1346 convenIen·

939 1349 987 1374 ter
1015 1342 1238 1378 Diocletianus
1275 1347 1305 1378 &
1330 1347 1545 1383 Maximianus
1574 1352 1593 1382 l.
1614 1361 1642 1388 9-
1671 1353 1705 1385 C.
1729 1354 1755 1385 h.
1787 1359 1812 1385 t.

938 1384 1051 1416 Placito
1064 1387 1172 1426 pretio,
1195 1397 1252 1419 non
1267 1397 1434 1430 numerato,
1452 1391 1606 1433 fied-solnm
1622 1396 1731 1426 tradita
1746 1402 1814 1435 pos-

927 1424 1066 1466 seffione,
1089 1425 1247 1467 istiusmodi
1271 1430 1436 1463 contractus
1466 1443 1523 1464 non
1546 1435 1666 1466 habetur
1690 1437 1812 1468 irritus:

940 1476 989 1496 nec
1005 1469 1108 1499 idcirco
1128 1470 1153 1499 ir
1174 1472 1224 1510 qui
1248 1473 1447 1512 comparavit,
1471 1476 1568 1506 minus
1587 1475 1660 1507 rene
1674 1476 1812 1518 poffidet,

939 1510 1013 1548 quod
1021 1510 1119 1549 soluta
1128 1511 1248 1549 summa
1263 1522 1349 1553 quant
1365 1515 1431 1544 dari
1453 1523 1648 1556 convenerat,
1675 1525 1813 1559 negatur.

938 1549 1031 1582 Hoc:
1055 1550 1074 1581 fi
1092 1552 1230 1592 pretium
1251 1554 1282 1584 in
1308 1554 1495 1587 venditione
1520 1556 1556 1589 fit
1580 1558 1812 1600 constitutum3

938 1600 999 1622 nec
1016 1592 1178 1632 additum,
1199 1603 1239 1625 ne
1261 1594 1415 1636 exigatur.
1440 1598 1516 1638 quid
1538 1599 1560 1630 fi
1583 1598 1726 1639 posuerit
1741 1603 1813 1642 quis

938 1632 1068 1673 aliquod
1084 1657 1094 1672 ,
1125 1634 1305 1667 donationis
1336 1637 1426 1668 causa
1449 1648 1513 1671 non
1537 1641 1704 1673 exacturus
1721 1643 1738 1675 *ἓ
1769 1643 1815 1675 ait

942 1672 1096 1715 Ulpianus
1113 1675 1132 1706 l.
1152 1680 1202 1717 36.
1221 1677 1266 1708 D.
1283 1678 1310 1708 h.
1327 1683 1347 1709 t.
1371 1688 1435 1710 non
1453 1680 1554 1713 videri
1571 1683 1721 1715 vendere.
1745 1684 1813 1724 pla-

939 1724 979 1747 ne
995 1715 1014 1747 fi
1033 1716 1164 1749 minoris
1189 1718 1306 1750 vendat
1329 1720 1509 1754 donationis
1533 1723 1640 1763 causa,
1663 1724 1735 1765 quia
1752 1726 1813 1758 uti-

939 1765 1002 1798 que
1015 1757 1152 1798 pretium
1169 1759 1233 1798 est,
1258 1760 1313 1791 etfi
1338 1771 1403 1793 non
1428 1772 1560 1804 verum,
1584 1765 1614 1796 δι
1630 1766 1761 1798 domino
1777 1768 1815 1800 li-

941 1807 995 1829 cet
1021 1808 1087 1831 rem
1113 1799 1196 1832 suam
1221 1801 1317 1842 pluris
1339 1810 1392 1834 aut
1409 1803 1540 1838 minoris
1557 1806 1728 1840 aestimare:
1753 1817 1812 1848 pu·

940 1846 987 1870 tat
1012 1839 1167 1881 Ulpianus
1189 1843 1209 1873 l.
1226 1847 1276 1881 38.
1301 1844 1328 1874 h.
1346 1849 1366 1875 t.
1391 1846 1496 1878 valere
1520 1848 1757 1880 venditionem:
1780 1850 1811 1882 δε

938 1882 1046 1920 addit,
1070 1884 1165 1914 toties
1189 1885 1220 1914 in
1245 1891 1349 1916 totum
1369 1887 1588 1921 venditionem
1604 1898 1669 1921 non
1687 1891 1811 1930 valere,

941 1924 1069 1964 quoties
1093 1925 1235 1956 universa
1258 1927 1405 1958 venditio
1423 1929 1603 1962 donationis
1621 1930 1711 1962 causa
1728 1931 1811 1964 faeta

940 1963 1002 1995 est:
1040 1974 1104 1997 non
1128 1965 1149 1997 fi
1171 1975 1221 1998 res
1246 1967 1428 2001 donationis
1451 1971 1539 2002 causa
1565 1972 1679 2004 viliore
1703 1973 1809 2013 pretio

940 2005 1137 2038 dIstiahatur.
1169 2007 1245 2039 Hoc
1259 2008 1342 2040 inter
1361 2018 1513 2043 caeteros:
1538 2013 1621 2045 inter
1636 2014 1738 2046 virum
1756 2025 1812 2047 ve-

939 2056 976 2078 ro
994 2048 1022 2078 o't
1041 2057 1194 2087 uxorem,
1220 2050 1302 2081 inter
1319 2059 1399 2090 quos
1418 2052 1581 2093 prohibita
1598 2054 1642 2086 est
1660 2055 1810 2096 donatio,

941 2089 1085 2120 venditio
1112 2090 1294 2122 donationi-s
1317 2092 1409 2124 causa
1443 2096 1548 2138 pretio
1572 2096 1686 2128 viliore
1708 2096 1810 2135 faeta,

939 2130 1052 2162 nullius
1077 2133 1233 2163 momenti
1259 2132 1313 2163 est.
1353 2134 1469 2167 Similis
1492 2136 1675 2169 observatio
1700 2138 1763 2178 est,
1787 2138 1811 2171 fi

940 2173 1010 2211 quis
1035 2172 1169 2206 fundum
1191 2174 1259 2211 jure
1284 2174 1477 2209 hereditario
1501 2177 1555 2209 fibi
1583 2179 1742 2218 delatum,
1766 2179 1811 2212 ita

939 2213 1146 2245 vendidilset:
1170 2214 1238 2245 Erit
1261 2216 1314 2246 tihi
1335 2223 1446 2258 emptas
1467 2221 1570 2258 tanti,
1598 2222 1704 2261 quanti
1723 2228 1745 2252 'a
1770 2226 1809 2252 te-

931 2251 1042 2294 statore
1056 2262 1165 2295 emptus
1180 2254 1236 2295 est:
1259 2256 1288 2288 ὅ(
1307 2266 1384 2289 mox
1399 2268 1465 2291 non
1482 2269 1626 2301 emptus,
1650 2261 1700 2293 sed
1719 2261 1811 2294 testa·

941 2296 1001 2326 tori
1030 2296 1186 2336 donatus;
1221 2299 1405 2336 reperiatur.
1429 2301 1533 2339 placet
1557 2304 1641 2334 enim
1660 2327 1669 2340 ‚
1701 2304 1730 2335 &
1754 2303 1809 2336 hic

940 2337 1159 2368 venditionem
1185 2338 1284 2370 videri
1309 2340 1394 2380 quasi
1421 2342 1484 2373 fine
1501 2344 1606 2382 pretio
1628 2343 1762 2384 factam,
1785 2346 1810 2377 i-

938 2378 1067 2417 deoque
1091 2378 1219 2410 simIlem
1246 2380 1308 2411 effe
1334 2383 1510 2415 venditioni
1536 2384 1590 2415 sub
1620 2386 1809 2419 conditi0ne

937 2418 1045 2449 faftae:
1069 2429 1138 2460 quae
1157 2421 1240 2451 nulla
1258 2421 1320 2459 est,
1345 2422 1365 2454 fi
1383 2425 1529 2455 conditio
1546 2426 1706 2459 defecerit
1720 2428 1738 2459 l.
1753 2437 1807 2469 37.

936 2460 963 2490 h.
982 2466 1003 2490 t.
1049 2461 1091 2491 Ut
1114 2460 1206 2500 igitur
1223 2464 1346 2502 emptio
1371 2464 1400 2495 &
1429 2465 1572 2498 venditio
1597 2468 1651 2506 fit,
1673 2478 1808 2508 oportet

937 2501 1072 2541 pretium
1097 2503 1158 2532 effe
1194 2504 1425 2537 constitutum:
1457 2507 1597 2547 alioquin
1626 2510 1808 2551 imaginaria

936 2542 1058 2580 emptio
1077 2565 1087 2581 ‚
1117 2543 1180 2574 five
1210 2543 1371 2577 simulatus
1400 2549 1582 2581 contractus
1606 2553 1803 2592 appellaturg

936 2592 1042 2622 eoque
1064 2585 1176 2617 nullius
1199 2588 1354 2618 momenti
1379 2588 1442 2620 est.-
1465 2589 1519 2622 nisi
1543 2591 1639 2623 fuerit
1663 2594 1805 2625 donandi

935 2626 1067 2656 animus.
1092 2634 1157 2664 quo
1176 2626 1245 2657 casu
1262 2629 1395 2660 donatio
1411 2631 1488 2670 erit;
1513 2641 1584 2664 cum
1602 2635 1724 2675 emptio
1739 2644 1804 2667 non

935 2666 970 2697 sit
993 2666 1014 2697 l.
1032 2676 1062 2707 3.
1083 2666 1119 2700 ὅ)
1144 2667 1162 2697 Ζ,
1182 2677 1211 2704 9.
1237 2669 1268 2699 C.
1288 2669 1314 2700 h.
1331 2676 1351 2701 t.
1396 2671 1430 2703 In
1451 2673 1557 2713 primis
1581 2684 1657 2706 vero
1685 2677 1715 2707 id
1739 2675 1802 2719 esp,

936 2707 1121 2739 venditione
1146 2718 1278 2741 nummo
1304 2720 1368 2743 uno
1390 2711 1482 2744 facta.
1505 2723 1574 2747 nam
1601 2716 1630 2747 ὅ(
1648 2716 1688 2748 fic
1703 2716 1802 2746 credi-

937 2756 987 2779 tur
1003 2750 1101 2789 magis
1118 2750 1210 2789 pretii
1234 2752 1345 2791 color,
1368 2762 1461 2793 quam
1484 2757 1640 2796 pretium,
1664 2758 1803 2787 interve-

935 2789 1022 2823 niffe.
1054 2791 1164 2830 utique
1196 2790 1351 2833 Ulpianus
1380 2797 1411 2827 in
1441 2796 1605 2829 locatione
1638 2806 1802 2828 nummum

936 2840 1031 2861 unum
1050 2840 1127 2862 vero
1147 2832 1250 2872 pretio
1266 2836 1421 2875 opponit,
1446 2839 1626 2879 nullamque
1644 2837 1705 2869 effe
1720 2838 1801 2877 ejus-

935 2873 1021 2902 modi
1039 2871 1234 2906 locationem
1259 2883 1358 2916 putat.
1382 2878 1448 2910 imo
1463 2880 1526 2918 ait,
1552 2880 1572 2910 fi
1589 2879 1656 2918 quis
1674 2878 1702 2908 &
1720 2887 1800 2909 con-

935 2913 1061 2944 duxerit
1084 2913 1114 2944 ὅ(
1136 2918 1295 2956 rogaverit
1317 2919 1481 2958 precario,
1506 2920 1549 2951 uti
1568 2919 1754 2958 possideret,
1778 2918 1801 2951 ss

935 2955 1063 2993 quidem
1081 2963 1210 2987 nummo
1227 2966 1289 2989 uno
1310 2962 1516 2999 conduxerit,
1534 2960 1649 2991 nullam
1666 2958 1727 2990 effe
1745 2962 1803 2992 du-

935 2995 1139 3035 bitationem,
1164 2999 1237 3038 quin
1268 2999 1295 3031 ei
1319 3003 1493 3041 precarium
1523 3000 1620 3031 solum
1651 3008 1758 3032 teneat
1781 3002 1802 3035 14

939 3046 982 3068 10.
1006 3036 1035 3078 §.
1055 3037 1108 3068 ult.
1133 3038 1175 3069 D.
1193 3042 1226 3070 de
1248 3043 1313 3082 adq.
1334 3049 1368 3083 po
1393 3042 1439 3081 iffi
1476 3041 1626 3072 Similiter
1650 3040 1680 3072 in
1703 3042 1722 3073 l.
1747 3047 1798 3082 46.

936 3078 975 3109 D.
993 3079 1104 3110 Locatt'.
1146 3080 1274 3121 Siquis,
1299 3084 1419 3122 inquit,
1443 3083 1611 3112 conduxerit
1630 3091 1744 3114 nummo
1762 3094 1799 3116 u-

933 3128 989 3158 no,
1013 3119 1159 3152 condufflo
1185 3123 1267 3154 milla
1285 3123 1342 3164 ist.-
1365 3124 1432 3162 quia
1450 3122 1486 3155 δὲ’
1504 3123 1552 3153 hoc
1570 3124 1733 3155 donationis
1755 3127 1800 3157 in-

925 3159 991 3200 star
1003 3161 1126 3195 inducit.
1150 3165 1280 3203 utique,
1299 3164 1317 3194 si
1337 3163 1399 3193 hoc
1417 3163 1517 3195 astum
1536 3163 1588 3195 est.
1613 3167 1797 3206 exemplum

932 3211 971 3234 ne
993 3202 1129 3244 deess‘et,
1151 3204 1280 3246 apposui
1298 3205 1360 3235 hoc
1379 3213 1418 3235 ex
1443 3203 1568 3237 Valerio
1587 3205 1733 3238 Maximo
1750 3208 1796 3239 lib.

1660 3258 1690 3288 5.
1714 3258 1739 3279 c.
1763 3258 1791 3280 2.
