2052 3487
338 133 421 171 Di:
470 128 783 178 rexnam
834 138 903 166 er
956 131 1221 171 Usunrs,

1275 138 1386 174 Ltss.
1424 138 1477 174 ΙΙ.

721 260 933 298 CAPUT
983 262 1098 301 XIV.

237 356 384 400 Danova
400 350 560 400 ufiiraru‘in
574 348 745 410 definitione
761 361 781 383 a
797 351 1098 403 Justinianofaita.
1122 356 1141 389 l.
1172 359 1225 394 26.
1254 358 1282 407 §.
1315 371 1345 396 1.
1374 359 1406 395 C.
1433 362 1468 396 ale
1483 374 1500 396 o
1519 363 1584 397 aris

584 408 587 410 ·
633 448 635 451 Ι
660 399 877 444 diligenter&
896 402 984 447 plene
1002 405 1158 450 explicita.

91 513 143 538 um
162 501 237 535 ess'et
256 489 314 533 hic*
331 492 604 536 statususuraruna¹
619 497 715 535 quem
731 494 884 535 exposui,
927 497 1065 539 pensari:
1091 499 1143 533 sed
1160 496 1222 534 sine
1238 498 1457 536 illiberalitatis
1474 512 1526 537 aut
1552 505 1688 538 avaritiae
1706 504 1800 546 suspii

111 553 216 586 eoque
234 543 349 582 magis,
373 547 465 580 quam
488 547 506 569 e
525 547 559 568 re
577 532 706 577 publica
722 535 817 582 estet,
842 537 882 567 la-

17 589 85 619 xari
109 588 266 619 videretur
288 580 469 621 disciplina:
500 578 591 618 redte
606 585 702 622 atque
719 578 833 609 ordine
851 577 881 608 se

18 629 190 665 facturum,
222 623 410 657 existimavit
435 621 514 661 lmp.
547 619 753 664 justinianus,
785 618 881 664 fiper

19 670 47 701 se
63 671 92 704 ei
116 667 292 709 diligentius
315 662 550 694 consulereturz
575 660 604 692 ἃ
628 669 701 691 cum
721 660 878 706 intellige-

17 720 65 743 ret
88 720 150 742 non
162 709 292 740 eandem
301 704 446 737 omnibus
457 702 518 734 effe
534 710 678 743 pecuniae
689 702 858 746 utilitatem
867 724 877 739 ‚

16 735 222 784 sed’aliorum
247 748 342 788 magis
360 769 370 784 ,
399 746 531 776 aliorum
554 744 676 785 minus,
707 741 853 788 interesse
869 765 878 780 ,

17 796 178 836 pecuniam
196 791 329 827 habere,
353 794 459 818 autea
476 793 606 823 carere3
630 792 688 829 pro
713 793 795 814 varia
820 785 876 814 ho-

14 838 130 871 minum
147 833 352 868 conditione,
375 829 460 860 varie
474 825 620 859 definivit
638 828 795 870 ulutatum
807 834 874 856 mo-

15 881 87 911 dum
128 877 197 908 aliis
216 873 369 913 majores,
391 870 458 902 aliis
484 869 645 905 minores,
670 874 874 906 permittens:

13 902 143 960 nemp’e,
168 925 201 948 ut
216 923 319 947 earum
337 911 450 943 solutio
467 920 532 941 non
554 910 593 940 ad
611 910 801 948 explendam
819 907 873 954 flie-

17 960 168 994 neratoris
186 957 345 989 avaritiam
363 977 373 994 ‚
395 952 447 984 sed
460 952 499 998 ad
517 951 666 982 damnum
684 951 769 995 quod
788 957 874 989 pati,

16 1004 66 1035 vel
84 1004 199 1034 lucrum
218 1008 282 1041 quo
292 1004 416 1034 carere,
440 995 619 1030 Videretur‚
642 992 874 1039 i·elai*cientium

15 1045 204 1086 pertineret:
228 1041 381 1080 denique,
404 1043 438 1067 ut
454 1044 543 1075 aeque
561 1034 592 1065 in
610 1032 705 1064 usui-is
728 1035 757 1063 ot
776 1032 874 1063 foeno-

18 1096 50 1118 re
92 1092 186 1125 atque
203 1083 232 1114 in
243 1088 361 1113 caeteris
377 1077 530 1119 negotiis,
547 1076 630 1106 inter
646 1072 876 1119 contrahentes

20 1110 177 1168 aeq’ualitas
193 1123 263 1164 Jure
281 1121 432 1153 Gentium
449 1117 633 1163 servaretur.
657 1125 693 1146 ea
716 1115 875 1160 Constitu-

24 1170 70 1201 tio
95 1166 194 1199 exstat
212 1166 232 1196 l.
256 1167 302 1196 26.
326 1163 354 1205 §.
381 1171 406 1193 1.
429 1160 460 1191 C.
485 1160 517 1190 de
531 1158 645 1198 usuris,
670 1156 787 1204 serem
806 1158 875 1187 ncec

21 1210 127 1241 verba.
150 1209 237 1241 Super
253 1205 402 1247 usurarum
420 1211 484 1233 vero
500 1201 664 1240 quantitate
687 1206 873 1244 ettam-gene-

22 1252 108 1283 ratem
124 1248 293 1288 [unitionem
308 1246 408 1286 facere
421 1241 613 1282 ‘necessarimm
636 1239 687 1280 effe
707 1242 847 1271 duximus
864 1262 874 1277 ‚

21 1298 140 1324 veterem
154 1292 254 1322 duram
271 1287 306 1320 &⁹
325 1283 522 1328 graviffimcim
536 1292 636 1314 earum
653 1282 749 1312 molem
763 1284 799 1311 wi
818 1291 871 1312 me-

20 1333 191 1364 diocritatem
206 1331 377 1361 deducentes.
406 1328 519 1367 ideoque
529 1324 682 1366 jubemus,
711 1322 874 1370 illustribus

20 1375 128 1416 quidem
138 1371 279 1414 personis,
295 1368 360 1408 sive
374 1377 421 1399 eas
437 1367 679 1409 precedentibus,
703 1374 818 1395 minime
839 1366 871 1412 lz'⁴

18 1425 75 1447 cere
90 1415 165 1446 ultra
185 1414 295 1444 tertiam
306 1417 419 1452 partem
434 1407 586 1446 centestmae
608 1411 762 1447 usurarum
785 1416 872 1436 nomi·

15 1465 51 1488 ne
65 1457 94 1488 in
110 1463 283 1496 quocumque
305 1451 454 1485 contrastu
477 1451 532 1480 vili
547 1473 557 1487 ‚
581 1450 626 1480 vel
649 1450 773 1479 maximo
790 1446 874 1494 (lipti-

18 1498 83 1529 lari.
105 1497 125 1537 †
148 1497 212 1528 Illos
227 1505 311 1533 vero,
334 1494 385 1535 qui
400 1490 560 1534 ergasterz‘is
579 1498 730 1531 praesunc,
752 1491 797 1519 vel
820 1488 873 1519 ali-

14 1549 102 1581 quam
117 1539 221 1569 licitam
237 1536 452 1578 negotiationem
464 1538 591 1575 gerunt,
616 1540 706 1573 usque
726 1532 762 1561 ad
778 1530 874 1570 beffem

17 1579 167 1618 centesimae
184 1578 361 1620 [usurarum
379 1577 490 1607 nomine
513 1576 544 1605 in
560 1582 737 1616 quocumque
760 1579 873 1619 eontra-

16 1621 87 1664 ἂν]
106 1621 187 1660 suam
196 1615 414 1662 stipulationem
434 1617 584 1648 moderari.
609 1615 629 1655 †
654 1615 689 1646 liz
709 1612 875 1660 trajectitiis

13 1656 107 1694 autem'
122 1661 331 1699 contraitilius,
354 1660 400 1690 vel
405 1659 558 1699 specierum
566 1657 676 1696 foenori
684 1656 849 1702 ‹iatzonzlrur
861 1678 872 1694 ‚

13 1713 102 1745 usque
130 1705 167 1735 acl
189 1700 364 1739 centesimam
389 1700 582 1742 tantummodo
607 1699 688 1728 licere
704 1695 844 1737 stipulari
862 1719 872 1734 ,

13 1755 65 1776 nec
79 1755 141 1776 eam
155 1745 303 1781 excedere3
326 1737 389 1772 lic'et
404 1741 543 1771 veteribus
556 1739 663 1780 legibus
675 1744 725 1769 lior:
739 1744 798 1768 erat
808 1747 870 1768 con-

13 1786 124 1826 ceffum.
140 1785 161 1825 †
177 1785 295 1815 Caeteros
310 1789 405 1813 autem
429 1781 566 1822 [omnes]
583 1782 705 1810 homines
723 1781 872 1810 dimidiam

11 1827 204 1859 tantummodo
218 1823 540 1862 centesimoe‘usurarum
558 1820 716 1863 [nomine]
736 1818 872 1861 poſjejli

8 1869 110 1909 pzrlari
124 1878 133 1899 ε
155 1867 191 1902 &³
202 1877 262 1898 eam
280 1866 472 1907 quantitatem
485 1863 638 1903 usurarum
653 1868 737 1893 etium
761 1871 791 1908 in
808 1864 874 1908 altis

16 1911 146 1940 omnibus
167 1907 276 1946 casibus
300 1906 378 1937 nullo
401 1906 478 1936 modo
494 1904 644 1945 ampliari,
667 1904 698 1933 in
716 1904 819 1949 quibus
836 1912 874 1948 ci·-

14 1956 61 1981 tra
65 1945 281 1991 stipulationem
297 1948 376 1989 exigi
385 1948 476 1985 usirrae
484 1947 586 1986 solent.
602 1944 668 1991 Nec
685 1944 768 1974 liceat
777 1945 873 1989 judici

12 1998 195 2024 memoratam
217 1999 321 2032 augere
346 1988 541 2025 taxationem,
564 1984 702 2024 oceafione
724 1988 873 2032 consuetu-

14 2035 106 2070 dinis,
129 2033 161 2063 in
177 2033 287 2072 regione
303 2030 464 2061 obtinentis.
482 2028 502 2069 †
526 2029 559 2060 Si
572 2029 636 2069 quis
651 2033 747 2057 autem
764 2027 874 2068 aliquid

14 2081 112 2105 contra
136 2075 248 2105 modum
268 2072 353 2113 hujus
367 2072 472 2111 fecerit
499 2067 708 2111 constitutionis
722 2092 731 2106 ,
761 2070 873 2099 nullan

7 2117 124 2156 penitus
141 2116 174 2145 cie
198 2113 337 2155 superfluo
359 2113 461 2144 habeat
485 2111 641 2143 aaionem:
661 2112 716 2149 ,led
734 2109 770 2144 ὅ)
782 2108 811 2147 fi
825 2119 870 2140 ac-

14 2158 131 2194 ceperit,
142 2155 173 2186 in
189 2157 290 2193 sortem
307 2155 357 2185 hoc
374 2156 516 2195 imputare
532 2153 722 2193 compelletur.
741 2151 770 2198 .†
781 2151 873 2199 luter-

14 2197 90 2228 dista
105 2198 219 2228 licentia
239 2197 421 2228 creditoribus
441 2205 478 2226 ex
490 2196 619 2236 pecuniis
634 2193 745 2233 foenori
769 2195 873 2224 aanrlzs

13 2239 122 2279 aliquid
143 2239 287 2269 detrahere
302 2260 311 2276 ‚
334 2237 379 2268 vel
400 2239 519 2267 retinere
535 2235 712 2278 filiquarum
736 2237 848 2265 nomine
863 2258 872 2273 ,

13 2279 59 2310 vet
64 2279 273 2320 sportularum,
296 2278 349 2309 vei
356 2275 473 2309 alterius
481 2278 684 2319 cujuscumque
701 2283 790 2315 causae
802 2286 871 2318 gra·

14 2321 65 2351 tiu.
89 2318 193 2357 namsi
207 2322 276 2362 quid
295 2320 455 2361 hujusmodi
468 2321 580 2358 facium
590 2321 685 2358 fuerit
697 2341 706 2356 ,
721 2319 867 2358 principa-

13 2362 37 2392 te
53 2363 175 2392 debitum
196 2364 230 2392 ab
244 2361 326 2392 initio
342 2371 375 2392 ea
390 2363 553 2401 quantitate
576 2363 740 2398 minuetur,
764 2367 795 2390 ut
812 2367 871 2405 tam

11 2403 72 2442 ipsa
87 2403 241 2434 minuenda
254 2409 341 2443 pars,
363 2412 451 2444 quom
466 2404 558 2443 usurae
572 2404 633 2444 ejus
648 2402 728 2442 exigi
743 2402 870 2442 prohibe-

13 2450 110 2474 antur.
135 2443 156 2484 †
180 2443 410 2475 Machinationes
435 2445 521 2475 etiam
541 2446 728 2481 creditorum,
758 2444 809 2484 qui
834 2453 870 2474 ex

13 2485 130 2526 hoclege
139 2485 276 2525 prohibiti
291 2485 410 2526 majores
426 2483 669 2525 usurasstipulari
683 2485 752 2516 alios
767 2486 869 2515 medios

10 2525 182 2566 subjiciunt,
204 2528 304 2568 quibus
325 2528 374 2558 hoc
388 2537 444 2557 non
467 2528 510 2558 ita
524 2526 706 2558 interdic‘ium
722 2525 779 2564 eli,
801 2526 870 2566 rese-

16 2573 108 2597 cantes
119 2568 268 2608 jobemus,
285 2567 315 2606 fi
331 2569 401 2609 quid
414 2568 469 2599 tale
485 2570 583 2609 fuerit
606 2574 804 2605 attentatum,
828 2569 871 2599 ita

17 2606 116 2650 usuras
136 2612 310 2648 computari,
330 2616 362 2640 ut
378 2609 478 2649 neceffe
494 2609 576 2650 efflet,
600 2616 739 2651 tanquam
753 2609 781 2647 fi
798 2611 870 2650 ipse,

17 2655 68 2690 qm
83 2647 168 2678 alium
184 2650 369 2690 interposuit,
385 2651 488 2690 fuiſjet
498 2650 676 2692 stipulatus.-
691 2653 722 2682 iiz
738 2661 792 2692 quo
802 2657 870 2687 c-zsu

12 2690 182 2726 sacramenti
204 2692 287 2721 etiam
309 2691 461 2724 illationem
485 2693 577 2724 locum
599 2694 867 2731 haberesancimus.

16 2727 120 2759 Prima
143 2728 341 2769 Imperatoris
362 2734 561 2772 providentia
579 2734 623 2766 est
639 2736 721 2765 circa
736 2740 870 2775 perjurias

15 2767 142 2808 Illustres
154 2770 234 2801 &eas
242 2776 430 2809 precedentes.
448 2775 487 2806 de
502 2777 634 2816 quibus,
644 2775 663 2806 fi
681 2775 766 2806 luber
777 2799 786 2814 ,
798 2776 870 2806 vide

13 2808 55 2840 V·
72 2809 130 2841 CL·
148 2809 298 2849 Jacobum
314 2812 505 2847 Gutherium
519 2817 566 2848 lili.
595 2826 621 2848 1.
644 2816 690 2847 De
706 2817 804 2857 officiis
823 2818 870 2847 αό-

13 2849 223 2892 musAl‘gustae
238 2862 262 2884 ⁶·
278 2863 306 2891 4·
326 2855 400 2887 item
416 2866 440 2887 c.
462 2866 504 2889 10.
521 2858 557 2892 &³
577 2868 623 2890 ii.
640 2858 800 2889 Permittit
819 2868 870 2889 au·

14 2900 77 2923 tem
97 2891 271 2931 Imperator
287 2894 332 2925 his
348 2896 486 2935 personis
496 2900 526 2929 in
535 2909 709 2941 quocumque
718 2898 868 2930 contractu

14 2933 83 2971 vili,
103 2934 151 2964 vel
166 2935 308 2972 maxim,
333 2936 433 2968 usuras
443 2937 575 2979 stipulari
588 2941 750 2971 dumtaxat
769 2950 867 2981 usque

14 2974 50 3005 ad
67 2976 180 3006 leniam
196 2974 346 3013 cemefimae
354 2983 483 3016 Partem.
499 2980 530 3011 id
547 2981 589 3012 est
602 2991 700 3021 usque
718 2983 755 3013 ad
774 2983 867 3013 trien-

15 3024 57 3046 tes
76 3016 194 3047 Usfflssss‘
216 3024 312 3056 atque
334 3026 367 3048 ut
385 3018 438 3050 lias
463 3021 492 3050 <St
510 3030 573 3052 non
599 3024 731 3062 majores
756 3024 804 3054 liis
822 3024 866 3054 in-

15 3057 172 3097 :ungerem
196 3057 364 3096 praesertim
383 3060 514 3092 nioviffe
532 3071 602 3093 eum
622 3066 763 3104 Videtur,
780 3065 867 3104 quod

15 3097 143 3129 Veteres
161 3098 214 3129 has
225 3098 327 3131 usuras
345 3100 507 3133 leviffimas
516 3103 741 3143 opinabantur:
759 3106 844 3137 fimul
856 3128 866 3144 2

16 3140 94 3178 quod
111 3139 175 3171 illas
187 3139 357 3180 personasa
375 3140 514 3174 sordibus
529 3151 622 3184 atque
634 3147 786 3177 aviditate
796 3148 871 3178 alie·

17 3189 60 3210 ias
80 3179 140 3211 esse
163 3190 338 3221 oporteret.
370 3184 471 3215 voluit
494 3185 604 3225 igitur,
636 3196 690 3225 per
715 3188 768 3218 lias
793 3189 870 3220 ahos

18 3220 165 3295 uliqlevar}
180 3223 334 3264 pecuni33
365 3224 394 3257 &
413 3224 459 3258 liis
484 3224 603 3260 fructus
625 3227 689 3268 ejus
718 3228 805 3262 usura
824 3240 869 3263 re·

70 3272 121 3295 om.
163 3287 171 3295 .

926 548 1034 586 cion-e.
1060 552 1128 583 quae
1147 553 1220 576 cum
1238 547 1267 576 in
1290 549 1422 578 trientes
1440 546 1542 578 uiui-as
1561 549 1689 578 minime
1706 549 1799 578 eadee

924 590 959 612 re
978 584 1158 622 meleretum
1180 587 1210 616 ὅ(
1226 587 1407 618 Antoninus
1426 588 1497 619 Pius
1512 611 1521 625 ,
1543 591 1625 627 apud
1643 586 1800 629 Capitoli-

924 631 1021 661 num,
1044 626 1105 666 ejus
1129 629 1193 658 vita
1218 638 1242 658 c.
1269 639 1296 660 2.
1323 628 1427 660 Foenus
1449 630 1653 668 trientarium,
1677 633 1726 660 boc
1740 624 1797 669 est,

923 666 1049 695 minimis
1068 668 1165 707 usuris
1181 671 1326 708 exercuit,
1351 677 1383 701 ut
1400 672 1572 710 patrimonio
1586 674 1641 711 Juo
1652 672 1797 711 plurimos

921 706 1087 746 adjuvaret.
1121 710 1303 742 Alexander
1343 721 1472 752 quoque
1503 710 1668 750 Severus,
1713 712 1797 752 apud

930 746 1144 788 Lampridium
1163 773 1172 788 ‚
1196 752 1226 782 in
1241 753 1303 793 ejus
1316 755 1381 783 vita
1404 764 1426 783 c.
1453 762 1501 783 21.
1531 752 1634 784 Faenus
1649 753 1800 793 publicum

920 790 1107 821 trientarium
1122 795 1261 823 exercuit.
1308 794 1360 825 Sic
1376 793 1562 834 Justinianus
1582 793 1796 826 inlllustribus

920 830 994 861 viris
1012 831 1041 861 &
1058 841 1114 862 eos
1133 835 1398 872 praecedentibus.

960 870 1027 902 Illos
1050 882 1114 903 vero
1133 876 1183 914 qui
1200 873 1361 916 ergasteriis
1381 877 1527 917 praesunt,
1549 876 1597 906 vel
1619 877 1748 919 aliquam
1764 877 1799 908 ti-

919 913 1007 943 citam
1024 916 1240 954 negotiationem
1260 926 1367 959 gerzmt
1384 942 1393 955 ‚
1426 921 1510 958 vult,
1536 926 1626 958 usque
1644 923 1681 950 aa
1697 918 1795 958 heffena

919 952 1071 991 centesima
1090 959 1245 995 usurarum
1265 961 1377 990 nomine
1400 961 1431 991 in
1448 969 1625 1002 quocumque
1642 959 1795 992 contrnfm

909 999 998 1034 suam
1013 993 1231 1036 stipulationem
1253 1002 1404 1032 rizoderuri.
1451 1000 1622 1044 Ergasteria
1644 1012 1722 1033 vero
1748 1002 1792 1033 illi

918 1034 989 1068 stitit
1018 1037 1153 1070 officinae
1170 1063 1180 1077 ‚
1213 1039 1263 1071 seu
1288 1041 1359 1072 loca
1383 1045 1599 1075 mercimoniis
1623 1044 1793 1084 deputata:

918 1086 953 1108 ut
978 1079 1009 1109 in
1035 1079 1054 1109 l.
1082 1089 1106 1110 1.
1134 1081 1166 1111 C.
1190 1082 1222 1111 de
1246 1086 1379 1121 metatis,
1412 1084 1457 1115 lib.
1482 1095 1539 1117 xii.
1564 1087 1609 1116 tit.
1632 1093 1681 1124 41·
1707 1087 1794 1116 deni-

918 1127 996 1157 que,
1025 1130 1209 1153 mercaturae
1230 1126 1418 1156 exercendae
1436 1128 1585 1158 tabernae.
1611 1128 1693 1158 unde
1710 1132 1812 1168 erga—‘

910 1159 1002 1201 steria
1019 1161 1053 1196 ἐξ]
1069 1165 1190 1194 tubernce
1205 1165 1443 1207 conjunguntur
1467 1169 1485 1198 l.
1498 1178 1525 1199 2.
1546 1168 1579 1198 C.
1596 1170 1628 1199 de
1646 1168 1794 1209 Epist-opis

919 1202 954 1236 ὃ*
973 1202 1091 1234 Clericis
1110 1227 1119 1242 ,
1150 1205 1186 1239 ὃ)
1203 1206 1221 1237 l.
1262 1216 1308 1237 10.
1333 1208 1400 1239 Ceti.
1436 1208 1538 1240 Themi,
1562 1210 1596 1239 cie
1620 1209 1766 1251 Episcopis
1782 1232 1794 1248 ‚

917 1243 1051 1282 Ecclesiis
1070 1244 1106 1290 ἐξ
1124 1246 1251 1278 Clericis.
1285 1248 1385 1289 Quod
1410 1249 1431 1281 fi
1454 1250 1497 1281 est
1516 1260 1525 1289 ;
1556 1250 1763 1292 intelligimus
1781 1273 1791 1290 ,

918 1284 1018 1316 besses
1045 1288 1149 1319 uiui-as
1172 1290 1364 1330 cuicumque
1388 1291 1544 1333 indulgeri
1568 1293 1790 1333 negotiatori:

917 1335 970 1367 qui
994 1328 1114 1359 licitam
1139 1339 1288 1361 exerceat
1313 1334 1592 1372 negotiationem:
1625 1334 1720 1365 etiam
1744 1343 1792 1365 tn·-

916 1370 1075 1409 gentariis.
1108 1380 1179 1402 nam
1205 1373 1234 1403 δε
1260 1373 1319 1404 hos
1341 1377 1552 1415 negotiatorum
1575 1376 1792 1416 appellatione

917 1411 1096 1450 contineri,
1123 1412 1152 1443 <Sc
1169 1411 1330 1454 ergasteriis
1341 1414 1454 1456 praeeffe
1470 1415 1610 1448 ostendit
1624 1418 1743 1448 rubrica
1760 1417 1790 1448 δί

917 1451 936 1482 l.
962 1453 1049 1482 unica
1068 1452 1100 1483 C.
1126 1453 1327 1495 Negotiatores
1350 1466 1384 1486 ne
1401 1457 1544 1498 militent,
1569 1459 1607 1489 lib
1642 1465 1716 1490 XII.
1742 1459 1791 1490 tit.

915 1502 965 1533 35.
988 1493 1039 1524 cui
1059 1494 1138 1525 adde
1161 1496 1197 1527 iis
1214 1496 1233 1526 l.
1259 1501 1302 1530 18.
1327 1497 1394 1528 Coa.
1421 1498 1525 1530 Theoti.
1551 1501 1583 1530 de
1598 1498 1712 1540 lustrali
1728 1510 1793 1531 cort·

917 1535 1037 1568 latiori&
1061 1536 1107 1568 lib.
1137 1546 1183 1578 13.
1208 1538 1254 1567 tit.
1285 1547 1309 1569 1.
1334 1538 1364 1570 &
1384 1540 1479 1571 recte.
1507 1540 1551 1571 est
1568 1542 1653 1572 enim
1677 1550 1792 1573 eorum

917 1575 1070 1616 profeffio
1091 1600 1100 1614 ‚
1125 1577 1248 1609 lucrum
1266 1577 1372 1619 sequi,
1396 1581 1424 1611 δι
1441 1581 1526 1612 hunc
1542 1582 1572 1613 in
1593 1582 1691 1613 finem
1707 1583 1792 1613 otio-

918 1617 977 1648 iam
995 1618 1116 1649 lei-vare
1133 1622 1300 1659 pecuniam
1316 1644 1324 1659 ,
1350 1631 1403 1653 aut
1419 1623 1458 1653 ab
1481 1623 1548 1654 aliis
1571 1622 1690 1655 foenori
1707 1624 1791 1655 acci-

917 1667 1014 1703 pere:
1040 1661 1183 1701 iniquum
1207 1671 1285 1693 vero
1309 1663 1490 1704 videi-etur,
1515 1665 1574 1696 illis
1594 1665 1647 1705 qui
1671 1665 1794 1705 impen-

915 1702 960 1732 ias
986 1699 1127 1740 faciunt,
1151 1710 1186 1733 ut
1208 1704 1286 1735 alios
1311 1706 1446 1745 pecunia
1464 1706 1633 1746 adjuvent,
1656 1716 1707 1738 eas
1724 1714 1792 1738 non

915 1740 1002 1772 refici
1033 1742 1152 1774 Novetl.
1186 1748 1253 1785 136.
1278 1755 1301 1776 c.
1327 1757 1355 1785 4.
1381 1746 1584 1779 centesimam
1610 1756 1715 1779 tamen
1741 1748 1790 1780 his

915 1791 980 1813 non
998 1785 1151 1815 concessit
1173 1784 1379 1824 Juitinianus:
1410 1790 1497 1828 quod
1520 1789 1709 1828 centesima,
1732 1787 1789 1821 etsi

916 1824 1058 1864 legitima
1076 1833 1163 1864 erat,
1188 1833 1315 1865 tamen,
1338 1827 1358 1859 fi
1374 1828 1699 1869 Senecamaudimus,
1725 1830 1792 1862 san-

915 1866 1101 1905 guinolenta
1126 1866 1319 1901 habebatur:
1345 1879 1404 1901 nec
1426 1871 1558 1903 aliorum
1583 1880 1669 1910 erat,
1693 1881 1791 1912 quam

916 1907 1186 1939 acerbiffimorum
1199 1918 1251 1940 aut
1263 1918 1351 1940 certe
1362 1912 1512 1944 durorum
1535 1912 1788 1946 foeneratorum:

918 1954 952 1978 ut
967 1956 1008 1979 ex
1028 1948 1187 1980 Cicerone
1203 1951 1251 1981 lib.
1275 1954 1304 1983 6.
1329 1951 1378 1982 Aa
1392 1951 1524 1984 Atticum
1539 1953 1615 1994 episi.
1638 1964 1661 1985 1.
1688 1955 1717 1985 ἃ
1734 1955 1788 1987 Se-

917 1997 995 2034 neca
1011 1987 1087 2030 epist.
1118 1996 1182 2026 118.
1206 2000 1346 2032 apparet.
1371 2003 1434 2025 non
1454 2003 1558 2026 autem
1579 1996 1680 2026 voluit
1695 1995 1787 2036 justi-

917 2038 1051 2069 nianus,
1083 2030 1314 2064 foeneratorum
1347 2036 1532 2068 aviditatem
1555 2036 1669 2068 fovere
1693 2048 1703 2077 ;
1735 2037 1787 2070 sed

916 2080 1122 2104 communem
1139 2073 1286 2114 adjuvare
1305 2077 1485 2109 utilitatem.

958 2114 1059 2145 Porro
1087 2115 1188 2146 voluit
1212 2115 1411 2155 justinianus.
1442 2125 1552 2150 caeteros
1576 2118 1715 2159 [omnes]
1739 2121 1787 2152 ho-

916 2156 1004 2186 mines
1015 2157 1163 2187 dimidiam
1174 2160 1369 2189 tantummodo
1379 2159 1531 2194 centesimae
1541 2160 1728 2203 usurarum]
1739 2173 1788 2193 rio·

916 2197 1014 2238 mine]
1039 2197 1109 2237 poffe
1121 2196 1277 2238 Jiipuiari:
1300 2201 1331 2231 id
1348 2199 1392 2231 est
1419 2201 1551 2233 semiffes
1578 2201 1691 2234 usuras.
1716 2215 1786 2245 quae

916 2237 1011 2269 usurae
1032 2238 1201 2270 Veteribus
1222 2240 1291 2271 vil'ae
1315 2241 1381 2272 sunt
1400 2243 1508 2274 civiles
1528 2252 1565 2274 ac
1581 2246 1734 2278 modicae:
1750 2255 1787 2278 un

915 2280 990 2311 alibi
1009 2278 1255 2313 demonstratum
1282 2283 1326 2313 est
1342 2293 1382 2314 ex
1399 2283 1500 2315 Plinio
1519 2284 1564 2315 lib.
1597 2295 1643 2321 11.
1667 2287 1786 2319 Natur.

914 2318 978 2361 hist.
1003 2331 1027 2352 c.
1046 2333 1074 2359 4.
1093 2323 1225 2362 amplius
1239 2324 1320 2363 juffit
1340 2323 1532 2365 Imperator,
1552 2326 1636 2358 hunc
1653 2331 1786 2362 modum

912 2363 1008 2401 ajiJCo
1034 2362 1214 2395 observari:
1239 2366 1302 2396 live
1331 2366 1358 2396 ei
1384 2367 1602 2406 principaliter
1625 2367 1784 2409 stipulanti

912 2404 1075 2436 debitores
1087 2404 1189 2438 usuras
1207 2406 1426 2446 promiserint;
1445 2407 1655 2441 siveattiones
1672 2421 1688 2441 a
1700 2413 1786 2449 prio·

897 2446 997 2485 ¹ribus
1013 2447 1225 2478 creditoribus
1244 2449 1282 2478 ad
1298 2457 1370 2479 eum
1388 2447 1444 2479 lint
1460 2457 1665 2491 quocumque
1684 2453 1784 2484 modo

913 2487 1073 2518 devolutae
1100 2488 1119 2518 l.
1150 2489 1203 2519 ult.
1228 2489 1262 2519 C.
1286 2491 1318 2519 ile
1341 2492 1436 2526 usuris
1452 2490 1600 2529 fiscalibus
1618 2515 1627 2530 ,
1658 2492 1705 2524 lib.
1733 2503 1783 2526 10.

913 2529 961 2561 tit.
986 2533 1014 2563 8.
1039 2530 1127 2569 quod
1144 2530 1173 2560 ὃς
1190 2539 1261 2561 aute
1278 2529 1449 2561 obtinuisse
1462 2554 1471 2571 ,
1502 2532 1589 2573 hujus
1611 2533 1678 2565 libri
1691 2538 1784 2576 capite

912 2580 943 2602 x.
966 2571 1111 2610 probavi.

954 2611 1020 2651 jain
1036 2611 1202 2650 omnibus,
1224 2609 1286 2642 five
1303 2611 1360 2643 sint
1377 2614 1616 2655 negotiatores,
1635 2612 1698 2648 five
1716 2627 1783 2650 non

913 2652 992 2691 sint,
1019 2654 1173 2684 concedit
1198 2652 1385 2690 JustInianus
1410 2655 1588 2688 centelimae
1608 2658 1783 2699 stipulatio·

912 2704 983 2725 nem
995 2705 1003 2733 ;
1014 2702 1044 2724 at
1054 2703 1117 2725 non
1132 2694 1235 2733 paffim
1247 2717 1255 2732 ,
1267 2696 1316 2726 sed
1328 2697 1422 2727 certis
1432 2698 1595 2730 dumtaxat
1606 2700 1635 2731 in
1646 2700 1779 2733 Calibus.

915 2734 1005 2768 Unus
1022 2735 1113 2766 estin
1132 2735 1294 2776 trajetiiiiis
1310 2736 1522 2770 contrnttious:
1547 2741 1576 2771 in
1596 2742 1711 2780 quibus
1730 2752 1783 2782 pe·

913 2779 1005 2808 cunia
1028 2777 1119 2807 datur
1143 2784 1225 2807 trans
1248 2787 1333 2808 mare
1350 2779 1493 2810 velienda
1513 2783 1657 2820 periculo
1678 2785 1779 2815 credi-

913 2820 1002 2850 toris.
1027 2827 1097 2849 nam
1113 2826 1184 2849 cum
1200 2820 1492 2860 creditorpecuniae
1503 2823 1677 2862 periculum
1693 2826 1780 2864 quod

911 2860 949 2890 ad
969 2859 1148 2893 debitorem
1162 2862 1355 2899 pertineret,
1380 2872 1419 2893 cx
1439 2863 1531 2901 pat‘to
1547 2867 1576 2895 in
1589 2864 1619 2895 se
1637 2865 1778 2906 suscipit:

910 2910 975 2932 non
992 2901 1134 2941 iniquum
1151 2898 1267 2938 fuerit,
1292 2901 1534 2936 aestimationem
1553 2906 1641 2946 hujus
1658 2916 1781 2947 pericu-

910 2942 930 2973 li
949 2943 976 2973 ei
1002 2952 1018 2973 a
1042 2942 1189 2973 debitore
1212 2942 1329 2983 majore
1356 2944 1442 2976 usui-:i
1469 2951 1613 2987 raparari.
1657 2948 1716 2978 Sed
1741 2956 1778 2977 ca

910 2984 991 3014 ratio
1010 2980 1129 3022 efficit,
1154 2993 1193 3014 ne
1211 2983 1291 3015 infra
1314 2985 1515 3018 centefimani
1535 2987 1671 3019 subsistat
1688 2988 1776 3018 usura

911 3026 1053 3056 nautica:
1075 3034 1138 3056 non
1155 3025 1308 3064 impedit,
1325 3037 1363 3058 ne
1374 3037 1442 3059 eain
1453 3030 1650 3069 egrediatur:
1668 3038 1777 3068 quain-

911 3075 1002 3105 quam
1024 3067 1086 3097 hoc
1103 3075 1232 3107 quoque
1254 3077 1342 3099 vetet
1359 3065 1565 3108 Jiiitiniamis,
1589 3079 1661 3100 cum
1688 3078 1777 3101 vetu-

909 3107 968 3139 stas
987 3115 1158 3148 pateretur.
1181 3117 1278 3148 arque
1294 3109 1367 3141 ideo
1380 3111 1497 3150 placuit
1509 3110 1598 3140 seculi
1611 3111 1774 3150 moribus,

912 3150 978 3190 (de
995 3150 1108 3190 quibus
1127 3147 1166 3180 V.
1191 3149 1250 3181 CL.
1274 3149 1371 3191 Hugo
1389 3150 1522 3181 Grotius
1541 3151 1587 3181 lib.
1608 3161 1636 3191 3-
1662 3151 1774 3185 Introd.

911 3193 948 3222 ad
962 3192 1086 3232 jurispr.
1111 3189 1218 3221 Batai).
1243 3201 1266 3221 c.
1292 3189 1364 3231 itis)
1395 3192 1498 3222 rt-iztta
1520 3192 1679 3230 justiniani
1698 3194 1775 3225 defi-

912 3232 1054 3273 nitione,
1077 3233 1180 3304 rgegre
1199 3233 1236 3263 ad
1250 3232 1300 3271 jus
1316 3233 1498 3272 antiquum,
1525 3242 1589 3273 quo
1612 3234 1672 3275 (ut
1689 3238 1774 3276 capi<

1170 3283 1186 3304 2
1740 3287 1772 3308 re
