2036 3495
541 95 607 131 An
634 93 724 128 Liii.
749 89 811 127 XI.
848 90 948 127 Tir.

63 193 171 226 servus
189 191 304 224 fecerit
322 196 468 229 tempore
484 186 586 228 fugae:
608 183 717 230 (more
735 181 789 229 qui
807 189 937 212 notatur

60 235 82 268 1.
98 239 148 277 36.
166 235 194 276 ᾗ.
211 236 265 266 ult.
284 231 322 263 D.
339 233 372 262 de
381 231 461 271 furt.
477 230 506 260 ἃ
522 228 561 259 ab
578 226 717 259 Horatio
733 223 780 255 lib.
804 232 827 254 i.
846 223 935 254 Semi.

53 277 113 316 fizt.
130 277 238 313 1.ver].'
250 274 319 315 77.)
341 273 424 304 furta
442 279 520 302 vero
539 268 647 313 postea
662 264 745 314 fasta
763 273 827 296 non
844 273 935 304 aeque

64 319 174 349 venire
191 318 220 348 in
234 315 471 348 aestimationem
490 311 578 351 liujus
590 308 733 354 actionis.
758 305 859 337 [ioca
871 305 933 337 Ne-

63 360 164 398 ratio,
187 367 228 389 ex
244 364 349 395 eoque
366 355 405 385 ab
424 354 577 394 Ulpium,
602 358 670 390 agi,
694 357 753 389 pro
771 355 862 378 certo
882 347 931 377 lia·

65 402 138 431 beo.
160 398 270 431 itane?
285 397 305 428 fi
322 405 386 427 non
408 394 507 426 voluit
519 392 667 424 Neratius
679 412 688 428 ,
706 388 790 421 furta
807 397 931 428 tempo-

63 451 97 472 re
113 441 198 482 fuga:
216 439 298 470 facia
322 438 350 468 in
375 438 438 467 hoc
459 433 610 475 judicium
628 431 754 462 venire:
776 440 814 476 an
835 429 932 474 Nera·

64 483 111 514 tio
133 482 194 514 fuit
218 479 307 511 caulii
328 478 366 508 ab
390 475 597 508 aestimatione
616 472 705 512 hujus
720 471 828 512 judicii
848 480 933 501 exci-

62 524 168 564 piendi
187 522 268 553 furta
286 518 392 560 postea
412 516 520 549 facta?
534 524 564 546 at
582 523 643 546 nec
662 513 800 554 Ulpiano
817 512 857 544 fic
873 512 934 543 fuit

61 565 151 596 causa
168 561 360 604 approbandi
387 558 508 590 Neratii
534 556 732 588 sententiam.
777 554 865 586 liiaec
881 563 931 584 res

60 606 122 638 est:
138 604 290 646 Ulpianus
308 601 473 633 Neratium
491 598 657 639 sequutus,
674 595 800 633 censet,
819 596 849 626 in
869 595 932 640 lioe

60 646 179 687 iudicio
195 653 256 677 tam
273 641 416 674 aestimari
436 642 585 673 damnum
603 637 773 684 occasi‘one
788 643 932 676 corrupti

61 688 160 726 servi,
184 695 276 726 quam
293 685 323 715 in
341 684 406 724 ejus
424 691 564 723 corpore
585 688 638 712 aut
656 688 761 711 animo
773 701 782 717 ,
806 679 932 722 datum:

58 730 198 768 ideoque
215 734 329 767 praeter
352 727 502 756 damnum
527 724 621 754 animi
639 729 692 752 aut
711 729 854 765 corporis
870 718 930 749 ser-

59 770 109 809 vi,
133 771 163 801 in
188 769 251 800 lioc
271 765 434 807 judicium*
449 766 546 797 etiam
565 765 673 795 venire
690 761 929 805 aestimationem

57 820 161 843 rerum
189 818 264 849 quas
287 809 342 840 ille
371 807 475 839 secum
501 805 641 837 abstulit:
664 813 737 835 cum
759 801 929 847 praesertim

58 862 153 884 omne
176 852 325 882 damnum
351 849 502 890 dupletur
523 857 563 878 cx
581 845 682 878 Edisti
701 852 829 882 mente3
854 844 930 873 licet

57 893 153 925 verba
171 893 256 925 aliud
275 891 432 922 suadeant.
458 888 609 929 Ulpianus
624 887 653 919 in
671 888 698 918 ei.
711 886 729 917 Ι.
746 894 790 917 11.
804 894 871 917 rem
886 882 928 915 fit:

56 935 223 976 exprimit:
248 933 331 965 Num
348 932 384 967 ξύ)
402 934 490 962 verba
506 930 623 969 Eiliffl,
640 927 758 970 Quanti
777 936 814 958 ea
831 935 879 957 res
895 935 926 971 e-

55 977 117 1015 rit,
139 985 218 1007 omne
233 975 435 1006 detrimentum
451 974 603 1012 recipiunt.
642 968 816 1014 Manifesta
833 966 876 998 est
895 975 924 997 in

49 1017 124 1056 ‚hoc
139 1016 227 1048 versu
243 1014 430 1057 Syncliulis;
448 1023 511 1045 non
523 1012 607 1045 enim
624 1011 767 1055 coliaeret
786 1010 838 1041 hic
852 1017 925 1039 cum

54 1058 147 1090 versu
164 1059 309 1098 proxime
326 1058 547 1097 praecedente;
573 1053 623 1085 secl
646 1051 808 1085 intellectu
828 1050 925 1096 depe:

55 1099 170 1132 referri
187 1101 225 1131 ad
242 1100 356 1130 tradita
374 1099 404 1129 in
423 1097 486 1129 fine
501 1099 527 1127 ιί.
540 1096 567 1138 §.
576 1105 603 1136 3.
622 1095 639 1126 l.
651 1104 678 1130 9.
701 1103 737 1125 ac
754 1092 809 1125 nifi
826 1094 926 1123 delint

54 1142 98 1174 ibi
123 1141 266 1182 quaedam
289 1163 298 1178 ,
328 1140 443 1180 (quod
468 1147 570 1179 prope
593 1135 766 1181 eititiimo)
790 1142 925 1171 vocem,

54 1182 160 1222 Num,
184 1182 360 1222 acceperim
388 1189 453 1211 non
479 1189 536 1219 pro
552 1178 685 1215 causal13
710 1177 760 1207 sed
778 1185 837 1216 pro
852 1182 922 1215 prae-

53 1231 132 1256 refeci
157 1232 209 1255 aut
230 1223 328 1255 simili.
373 1222 423 1253 Sic
440 1220 496 1253 fiet
515 1218 640 1260 Ulpiani
661 1217 782 1249 sensus:
808 1216 926 1263 Praetor

54 1266 183 1304 quidem
209 1265 239 1295 in
266 1263 380 1295 Editio
406 1263 485 1294 dixit
503 1284 512 1300 ,
546 1262 575 1292 le
599 1261 743 1291 daturum
768 1258 924 1290 actionem

54 1306 174 1350 Quanti
190 1315 225 1336 ea
244 1315 291 1336 res
312 1304 375 1343 est3
394 1303 443 1334 sed
461 1313 497 1333 ea
515 1303 609 1334 verba
628 1300 670 1332 fic
684 1308 819 1341 accepta
835 1299 924 1337 sunt,

53 1347 139 1388 quasi
150 1345 272 1379 dixiss'et
285 1368 294 1383 ,
311 1345 341 1377 se
351 1347 496 1377 daturum
513 1344 670 1375 astionem
681 1343 719 1389 ad
729 1350 826 1373 omne
837 1341 925 1381 quod

50 1389 171 1421 domini
184 1387 322 1426 interfit,
335 1387 422 1418 illum
439 1386 560 1418 servum
574 1394 637 1415 non
648 1383 710 1414 esse
725 1392 922 1422 corruptum.

51 1428 151 1462 Venit
174 1430 270 1470 igitur
288 1438 328 1460 ex
352 1427 499 1459 Praetoris
518 1434 625 1471 mente
643 1434 673 1456 in
690 1425 756 1456 hoc
768 1425 923 1464 judicium

50 1481 116 1504 non
135 1473 234 1503 modo
250 1469 413 1501 aestimatio
431 1476 574 1507 corrupti
590 1466 667 1511 feriri
681 1489 690 1504 ,
706 1475 862 1512 quatenus
879 1474 923 1510 at·

51 1514 134 1545 tinet
149 1513 186 1545 ad
204 1513 352 1544 damnum
369 1510 463 1542 animi
482 1511 511 1541 ἃ
528 1518 672 1550 corporis
690 1509 777 1548 ejus3
794 1508 844 1538 led
862 1516 921 1538 eti-

49 1563 103 1586 am
122 1563 224 1585 rerum
243 1562 320 1593 quas
346 1552 450 1583 secum
468 1551 612 1583 abstulit:
637 1549 708 1590 quia
725 1558 821 1580 onine
839 1549 923 1579 dam-

51 1604 128 1627 iium
148 1594 302 1635 duplatui·.
333 1592 488 1625 Neratius
507 1601 612 1623 tamen
631 1593 693 1629 ait,
716 1590 824 1630 postea
840 1589 924 1623 furta

53 1634 138 1667 faeta
155 1636 185 1666 in
202 1633 440 1666 aestimationem
458 1643 521 1665 non
539 1633 666 1664 venire:
691 1641 860 1673 vei-amque
878 1641 924 1663 es-

51 1676 84 1708 se
95 1686 164 1708 eam
176 1675 380 1712 sententiam,
397 1676 426 1707 &
438 1674 502 1716 ipse
512 1682 600 1715 puto.
623 1672 724 1714 fitque
740 1673 924 1714 exemplum

51 1718 84 1750 in
103 1717 132 1759 §.
150 1727 173 1748 i.
196 1717 296 1748 Servo
307 1715 455 1757 persuafi,
470 1724 504 1747 ut
521 1715 728 1757 chirographa
745 1714 925 1747 debitorum

50 1767 245 1799 corrumpat.
269 1757 419 1790 videlicet
438 1758 584 1789 tenebor.
629 1756 693 1789 Sed
711 1756 731 1788 fi
750 1756 920 1788 consuetu·

52 1801 127 1832 dine
145 1800 298 1840 peccandi
315 1799 424 1840 postea
441 1799 470 1830 &
487 1799 625 1830 rationes
642 1806 820 1839 caeteraque
843 1797 923 1829 simi-

53 1841 97 1873 lia
113 1839 316 1873 instrumenta
335 1839 539 1878 subtraxerit,
565 1840 615 1871 vel
633 1840 847 1879 interleverit,
870 1839 923 1870 de·

54 1882 170 1915 leverit
180 1894 188 1915 ε
199 1883 365 1914 dicendum
377 1883 438 1914 erit
447 1905 455 1921 ‚
468 1889 688 1921 corruptorem
698 1881 812 1913 horum
825 1879 924 1912 nomi-

51 1933 94 1955 ne
111 1933 174 1955 non
194 1925 306 1955 teneri.
331 1923 408 1966 Quo
419 1924 518 1955 modo
534 1921 865 1963 exposuiUlpianurn:
881 1931 922 1953 eo

50 1964 214 2006 aggrediar
239 1964 381 1996 Paulum.
403 1965 529 2005 jungam
546 1972 634 1995 certe
652 1964 670 1995 l.
691 1973 734 2002 ¹4·
751 1963 778 2006 §.
796 1968 824 1999 8.
849 1973 922 1995 cum

49 2005 70 2036 1.
90 2015 136 2037 10.
155 2005 182 2037 h.
199 2012 219 2037 t.
243 2014 277 2037 ut
295 2005 364 2037 sunt
379 2015 419 2037 ex
434 2007 549 2037 eodem
570 2005 655 2036 Pauli
673 2006 726 2036 lib.
748 2014 792 2042 19.
817 2005 865 2037 Ad
883 2004 924 2036 E-

53 2046 181 2078 diGum.
205 2047 301 2079 verba
316 2047 342 2077 d.
362 2046 390 2088 §.
409 2051 438 2081 8.
462 2044 629 2087 AEflimati'o
646 2054 740 2077 autem
755 2047 873 2077 hahetur
889 2047 920 2077 in

51 2088 105 2118 hac
120 2087 247 2126 afflone,
270 2095 373 2129 quami
387 2089 491 2126 servus
505 2089 591 2119 vilior
605 2086 771 2127 fastusfit,
787 2089 862 2130 quod
879 2088 921 2128 os-

44 2127 115 2169 ficio
129 2128 249 2168 Judz'cis
264 2131 441 2169 expedietur.
464 2128 516 2161 Sic
531 2129 644 2161 Paulus
654 2152 662 2167 ,
681 2138 776 2169 atque
791 2139 832 2160 ex
853 2138 918 2160 vei·-

54 2167 102 2215 bis
127 2169 249 2208 Eciicu,
274 2170 390 2215 Quanti
409 2181 442 2202 ea
465 2180 510 2202 res
536 2172 599 2202 erit.
624 2170 686 2212 ipsa
710 2170 876 2208 servanda;
899 2170 919 2202 fi

50 2211 127 2243 nihil
146 2220 298 2252 praeterea
320 2211 457 2249 intersit,
480 2212 551 2252 quia
575 2210 653 2243 nihil
673 2212 777 2243 secum
794 2211 921 2244 abstulit

50 2251 169 2284 servus.
193 2253 333 2291 alioquin
362 2262 403 2283 ex
427 2254 490 2293 ejus
508 2261 615 2285 mente
635 2253 805 2285 aestimatur
822 2263 920 2285 omne

51 2294 139 2334 quod
157 2295 277 2325 domini
294 2293 431 2325 interest.
463 2293 539 2326 Non
556 2294 600 2325 est
617 2295 703 2335 quod
720 2294 855 2327 dubites.
878 2296 922 2336 ip-

48 2334 114 2366 sum
130 2336 201 2367 audi
220 2334 350 2367 Paulum
366 2336 393 2366 d.
410 2335 429 2367 l.
453 2344 498 2367 iot
521 2334 562 2367 fic
580 2336 638 2366 ait:
658 2335 695 2366 In
713 2336 921 2378 hot-judicium

48 2377 135 2408 etiam
159 2386 254 2408 rerum
269 2374 415 2416 ‹eflz‘maiio
432 2379 531 2416 venit,
554 2386 627 2417 quas
635 2377 737 2417 secum
745 2378 852 2418 servus
870 2380 918 2409 ab·

39 2415 149 2459 stulit:
170 2419 240 2459 quia
255 2427 335 2450 omne
350 2418 488 2450 damnum
497 2419 647 2460 duplatur.
662 2427 752 2460 neque
767 2419 900 2451 intererit
910 2443 919 2459 ,

697 2502 1053 2542 T1TuLus

978 90 1036 128 111.
1069 90 1221 138 Deservo
1232 101 1381 140 corrupto.
1793 104 1861 133 201

979 182 1017 212 ad
1033 190 1096 212 eum
1108 182 1227 222 perlaiae
1234 184 1355 223 fuerint
1371 193 1414 216 res
1425 207 1434 221 ,
1451 193 1491 216 cm
1506 184 1544 215 ad
1562 183 1671 215 cilium:
1686 182 1753 220 sive
1768 185 1857 216 etiam

979 228 1149 269 cousumpta:
1164 228 1242 260 siim.
1266 227 1370 257 etenim
1382 224 1492 268 justius
1510 224 1566 266 est,
1590 235 1654 257 eum
1671 227 1779 264 teneri,
1802 227 1856 267 qni

973 269 1107 305 princeps
1115 266 1214 310 suerit
1231 266 1327 298 delicti·
1335 291 1344 307 ,
1362 278 1449 309 quum
1463 278 1525 299 eum
1541 268 1648 309 quatri,
1664 269 1702 298 tid
1716 277 1798 309 quem
1809 277 1855 298 res

971 305 1184 345 perlcicae'sum.
1208 306 1284 339 Non
1305 311 1342 339 ad
1364 314 1431 340 neec
1448 309 1578 342 subfistit
1600 309 1726 341 Paulus:
1750 308 1801 340 sed
1820 310 1853 340 in

975 346 1004 376 cl.
1030 345 1048 375 l.
1069 355 1112 385 14.
1139 348 1166 388 §.
1187 352 1215 379 6.
1241 349 1299 379 His
1324 354 1544 391 consequenter,
1568 351 1689 390 inquit,
1714 349 1750 385 ὃ)
1778 350 1853 381 illud.

968 387 1127 434 probatum
1145 389 1209 430 [ut]
1220 389 1343 429 fijervo
1359 401 1416 422 meo
1430 391 1601 433 persuaseris
1612 416 1620 430 ,
1638 398 1671 422 uc
1693 391 1852 430 'I‘itivsiir-

975 435 1037 473 tuin
1052 431 1171 467 jactat,
1195 441 1252 461 iiim
1275 432 1365 466 solum
1389 434 1419 463 iri
1446 436 1475 463 id
1494 434 1634 471 tenearis,
1658 443 1711 474 quo
1729 435 1852 464 deterior

965 472 1074 510 servus
1099 470 1216 509 effabilis
1241 470 1297 511 eft,
1314 473 1365 512 Je'cl
1382 473 1418 507 &²
1435 476 1465 504 in
1481 474 1528 513 ici,
1552 476 1626 515 quod
1647 475 1723 505 'silio
1737 473 1854 515 praesta-

974 517 1060 540 turus
1070 509 1134 547 fiiri.
1165 511 1270 553 Pergit
1295 514 1325 543 in
1350 513 1378 555 §.
1396 523 1424 553 7.
1450 514 1522 546 liem
1541 516 1720 555 ramsolam,
1738 515 1766 554 fi
1781 516 1852 547 mibi

975 552 1111 582 damnum
1122 554 1228 583 deflerit
1245 552 1356 591 confilio
1373 561 1439 593 trio,
1449 558 1502 595 secl
1517 558 1602 586 eiiam
1610 555 1638 594 fi
1653 563 1785 588 extraneo
1796 581 1805 595 ,
1820 567 1850 588 eo

975 602 1085 634 qnoque
1107 595 1221 625 nomine
1241 595 1313 625 mibi
1329 597 1451 633 teneris,
1475 599 1550 637 quod
1568 606 1616 637 ego
1636 597 1711 639 Lege
1728 599 1852 639 Aquilia

974 635 1113 665 obnoxius
1123 634 1204 673 fimi
1220 643 1271 667 auc
1281 635 1311 674 fi
1325 647 1362 668 ex
1379 638 1514 669 conducio
1538 644 1630 669 teneor
1646 639 1752 678 alictii,
1775 642 1852 681 quod

973 676 1000 706 ei
1013 677 1131 713 servum
1148 677 1257 713 locavi,
1275 677 1433 720 &propter
1449 685 1476 709 te
1493 681 1614 710 deterior
1622 679 1796 721 submisit,
1809 688 1850 712 ιε-

974 719 1084 748 neberis
1102 717 1138 752 δὲ)
1156 719 1205 748 boc
1221 721 1343 750 nomine.
1390 721 1431 752 Et
1440 720 1469 758 fi
1480 731 1538 762 qim
1554 721 1625 752 talia
1635 719 1707 758 fint.

1014 757 1060 789 Ut
1078 758 1193 791 faciani
1217 759 1314 792 finem
1331 763 1512 803 explicandi
1531 761 1652 800 Edisti,
1678 762 1850 795 subducam

973 798 1122 845 summarii
1147 802 1370 834 demonstratae
1396 813 1516 835 naturae
1533 803 1664 836 astionis
1680 803 1758 835 servi
1776 814 1848 835 cor-

972 850 1067 882 rupti.
1102 841 1260 888 Vix-opus
1279 844 1383 876 liabeo
1400 845 1593 884 admonere,
1615 854 1684 876 earn
1703 845 1765 876 effe
1782 855 1852 887 poe·

971 884 1093 928 nalem,
1118 893 1187 924 quia
1213 884 1254 915 fic
1279 884 1434 926 Ulpianus
1457 888 1476 919 l,
1506 896 1550 927 13·
1570 887 1597 918 h.
1617 893 1638 918 ι.
1663 887 1766 918 Mitto
1793 886 1850 919 Ul·

970 932 1116 964 pianum:
1139 927 1267 965 quando
1292 936 1333 958 ex
1357 927 1473 959 Edit-io
1492 928 1638 966 constet,
1664 929 1728 959 diii-i
1745 929 1775 959 in
1792 929 1850 960 du-

969 965 1055 1011 plum
1069 966 1091 1011 fl.
1117 974 1140 997 i.
1156 967 1225 1012 huz.
1250 968 1279 999 ὅ(
1302 969 1366 1000 sine
1392 970 1593 1008 discrimine3
1616 979 1688 1002 cuin
1710 971 1739 1002 in
1757 968 1848 1011 Lege

968 1007 1111 1051 Aquilia,
1136 1016 1169 1038 ut
1187 1018 1216 1039 in
1235 1008 1366 1049 duplum
1384 1011 1437 1042 fiat
1452 1011 1703 1051 condemnatio,
1727 1010 1850 1044 inficia-

968 1056 1014 1079 tio
1033 1048 1236 1096 desideretur.
1282 1051 1339 1091 Estr
1358 1051 1455 1092 igitur
1479 1054 1631 1093 poenalis,
1657 1062 1720 1085 non
1740 1061 1849 1086 tamen

967 1099 1072 1129 mere,
1100 1099 1133 1122 ut
1148 1091 1230 1122 aetio
1248 1091 1344 1124 furti:
1368 1094 1411 1126 lic
1428 1095 1512 1126 enim
1534 1095 1667 1135 duplum
1687 1094 1774 1126 soret
1794 1104 1850 1126 ex-

969 1140 1015 1163 tra
1031 1141 1106 1164 rem.
1130 1142 1213 1164 nunc
1231 1135 1313 1174 petit
1324 1137 1473 1176 duplum,
1492 1138 1602 1177 quanti
1621 1136 1770 1175 interest,
1785 1136 1799 1166 l,
1815 1146 1845 1173 9.

967 1173 997 1214 ὃ.
1015 1174 1086 1220 ²1²²·
1104 1179 1125 1206 t.
1151 1175 1181 1206 ὅ(
1205 1175 1251 1207 est
1278 1176 1393 1217 mixta,
1417 1177 1531 1219 partim
1550 1177 1764 1216 persecutoria
1778 1179 1847 1217 rei,

970 1224 1082 1261 partim
1101 1217 1242 1255 poenalis.
1265 1217 1296 1249 id
1312 1218 1424 1251 Paulus
1442 1219 1459 1250 l.
1479 1229 1523 1258 14.
1543 1219 1611 1261 §.5
1629 1222 1657 1251 d.
1679 1226 1700 1251 t.
1726 1219 1774 1250 liis
1791 1229 1845 1251 ex-

969 1258 1075 1298 pri-mit
1094 1259 1216 1291 verbis:
1239 1261 1270 1291 z'n
1282 1260 1335 1292 bac
1351 1260 1462 1292 afflone
1478 1271 1535 1292 non
1552 1267 1634 1292 extra
1652 1270 1711 1292 rem
1726 1262 1846 1302 duplum

967 1296 1016 1339 est.
1043 1301 1072 1343 ξεί
1088 1302 1162 1331 enim
1173 1303 1248 1343 quod
1257 1303 1358 1333 damni
1373 1305 1474 1334 datum
1491 1302 1528 1344 est
1544 1304 1689 1343 dupletur.
1712 1302 1763 1334 Sic
1776 1301 1848 1334 Flo·

968 1348 1077 1372 rentiae
1103 1343 1216 1374 editur.
1240 1344 1324 1384 apud
1350 1344 1569 1376 Haloandrum
1597 1343 1661 1382 est,
1686 1343 1722 1375 In
1745 1345 1799 1375 bac
1816 1354 1848 1376 a·

968 1381 1058 1429 tironi
1068 1391 1151 1414 extra
1165 1394 1223 1415 rem
1239 1386 1359 1425 duplum
1377 1384 1425 1427 eft.
1448 1386 1511 1418 Sed
1528 1386 1694 1417 retinenda
1710 1385 1755 1416 est
1771 1385 1848 1417 Flo-

965 1432 1088 1455 rentina
1113 1425 1220 1457 lestio.
1245 1428 1334 1466 quoti
1358 1428 1584 1459 animadvertit
1606 1427 1764 1459 Antonius
1783 1427 1847 1457 Au-

965 1464 1105 1510 gustinus
1122 1468 1170 1498 lib.
1192 1466 1351 1499 i.Emend.
1372 1479 1435 1500 c.2.
1451 1477 1482 1510 p.
1505 1478 1551 1508 14.
1577 1468 1632 1500 Est
1650 1469 1746 1509 igitur
1761 1468 1847 1500 aetio

967 1508 1046 1538 lervi
1071 1510 1214 1548 corrupti
1241 1510 1285 1541 rei
1311 1509 1524 1550 persecutoria
1546 1520 1586 1541 ex
1603 1519 1692 1551 parte
1709 1509 1847 1549 atim-is,

967 1547 1024 1579 etfi
1047 1550 1180 1589 poenalis
1209 1549 1245 1582 fit
1264 1560 1305 1582 ex
1321 1560 1409 1592 parte
1428 1553 1483 1583 rei.
1530 1551 1608 1583 Inde
1628 1553 1671 1582 ait
1689 1550 1847 1592 Ulpianus

966 1590 984 1621 l.
1007 1592 1098 1636 131³.
1119 1596 1139 1622 t.
1163 1594 1251 1632 quod
1277 1593 1385 1624 hei-edi
1411 1594 1540 1633 quidem
1565 1595 1756 1632 caeterisque
1780 1592 1850 1623 suc-

967 1631 1140 1663 cessoribus
1153 1634 1263 1671 datur,
1280 1634 1333 1666 sed
1348 1635 1386 1666 ad
1394 1634 1496 1666 versus
1516 1634 1648 1666 heredes
1659 1642 1724 1665 non
1742 1634 1849 1665 datur.

967 1673 1090 1714 Aliquis
1114 1683 1224 1714 putet,
1249 1675 1324 1707 hinc
1347 1676 1442 1707 etiam
1466 1675 1555 1715 fieri,
1579 1683 1694 1706 utnon
1712 1674 1749 1706 sit
1766 1682 1850 1707 tem-

967 1717 1111 1755 poraria,
1137 1715 1188 1748 sed
1215 1726 1387 1757 perpetua,
1415 1718 1491 1749 licet
1514 1716 1550 1749 fit
1575 1716 1736 1748 Praetoria.
1777 1716 1845 1749 Sed

966 1765 1032 1789 non
1049 1756 1094 1788 est
1111 1758 1171 1790 ita:
1188 1767 1257 1789 nam
1272 1760 1302 1790 in
1321 1759 1367 1791 his
1383 1768 1451 1800 quae
1466 1768 1507 1790 ex
1525 1767 1614 1800 parte
1631 1756 1759 1789 rei'sunt
1776 1766 1849 1798 poe·

965 1799 1070 1844 miles,
1089 1799 1144 1830 etsi
1165 1809 1205 1831 ex
1225 1809 1316 1841 parte
1333 1801 1449 1832 astoris
1465 1800 1523 1832 [int
1540 1799 1582 1831 rei
1602 1799 1848 1839 persecutoriae‚

966 1840 1060 1871 aliter
1071 1839 1229 1873 observari
1242 1865 1252 1881 ,
1276 1841 1322 1874 est
1339 1842 1489 1874 traditum
1508 1841 1561 1873 sub
1578 1840 1713 1879 Tituio,
1741 1841 1793 1872 De
1811 1850 1847 1873 ci-

966 1881 1119 1913 uenatione
1130 1883 1239 1924 judicii
1248 1886 1384 1915 mutandi
1397 1890 1493 1921 caiisa.
1521 1883 1669 1915 Putemus
1683 1883 1795 1923 igitur,
1812 1891 1848 1913 a·

967 1923 1040 1954 liam
1067 1922 1130 1954 esse
1152 1924 1292 1956 causam:
1315 1935 1371 1956 cur
1388 1926 1542 1965 Ulpianus
1561 1926 1589 1956 d.
1606 1925 1626 1956 l.
1647 1933 1694 1965 13.
1719 1924 1800 1954 hanc
1815 1933 1848 1955 a·

967 1964 1108 1996 cuonem
1127 1964 1189 1996 ess'e
1201 1967 1285 1997 dicat
1302 1976 1488 2007 perpetuam
1499 1990 1507 2005 ‚
1522 1976 1586 1997 non
1606 1965 1843 2005 temporariam.

967 2005 1072 2047 Quam
1084 2030 1093 2044 ,
1118 2006 1281 2039 obsecro?
1305 2007 1393 2039 forte
1411 2009 1499 2048 quod
1516 2008 1561 2039 est
1580 2007 1662 2038 facta
1679 2007 1717 2037 ad
1734 2016 1845 2038 exem-

963 2049 1049 2086 plum
1068 2049 1198 2088 alicujus
1215 2048 1317 2081 civilis
1335 2050 1488 2088 actionis,
1511 2058 1606 2090 puta,
1632 2047 1676 2079 Le
1704 2049 1728 2079 is
1747 2048 1844 2086 Aqui-

962 2090 1029 2126 liae,
1053 2089 1151 2127 fui-ti,
1176 2098 1228 2121 aut
1254 2090 1377 2123 similis:
1401 2091 1478 2123 ficut
1493 2093 1522 2122 in
1541 2090 1666 2121 actione
1700 2089 1759 2120 urti
1777 2098 1841 2121 ma-

963 2130 1089 2169 nifesti,
1107 2132 1240 2171 aliisque
1257 2133 1442 2164 observatur
1455 2139 1503 2174 pr.
1522 2131 1593 2173 Insb.
1618 2132 1667 2162 De
1679 2136 1788 2171 perpet.
1804 2130 1844 2165 &⁹

963 2179 1075 2213 tempor.
1101 2172 1155 2203 αᾶ.
1181 2173 1199 2202 l.
1223 2182 1251 2213 7.
1277 2173 1305 2215 §.
1325 2174 1379 2206 ult.
1402 2175 1447 2205 D.
1469 2174 1569 2205 Num.
1586 2179 1668 2212 caup⁴
1678 2170 1755 2212 stab.
1779 2171 1845 2203 Sed

964 2214 1027 2245 hoc
1041 2214 1102 2254 jam
1120 2214 1232 2245 incidit
1244 2213 1427 2246 Theodoro
1447 2215 1596 2248 Marcilio
1612 2217 1700 2253 adpr.
1714 2211 1783 2254 Inft.
1796 2212 1844 2244 De

958 2261 1065 2296 perpet.
1085 2255 1121 2289 ἐξ
1139 2262 1221 2295 temp.
1241 2255 1294 2288 αὲἶ.
1314 2255 1354 2288 D.
1378 2257 1473 2288 etiam
1498 2256 1632 2288 Vinnius
1656 2256 1694 2285 ad
1713 2263 1777 2286 eum
1801 2255 1843 2285 lo-

964 2307 1029 2327 cum
1043 2299 1074 2327 in
1086 2296 1149 2336 fine
1168 2297 1334 2336 observat,
1359 2298 1516 2329 actionem
1537 2296 1683 2329 adversus
1700 2296 1843 2336 publica-

963 2348 1042 2377 ηοε,
1060 2339 1205 2378 quamvis
1224 2338 1411 2378 praetoria&
1423 2339 1556 2380 poenalis
1574 2338 1629 2377 fit,
1646 2346 1752 2368 tamen
1767 2346 1841 2378 per·

963 2388 1063 2421 petuo
1080 2389 1271 2421 competere
1287 2380 1306 2413 l.
1331 2390 1376 2423 ¹3·
1397 2380 1425 2422 §.
1443 2381 1497 2413 ult.
1518 2381 1562 2412 J).
1582 2380 1615 2411 de
1627 2379 1777 2421 publicari.

1111 2506 1126 2540 1
1138 2503 1183 2541 V.

823 2580 874 2616 Dc
882 2580 1050 2628 fugiti'vi‘s.

67 2665 82 2740 Ι
117 2663 130 2740 Ι
146 2672 188 2698 oc
203 2665 232 2697 δι
249 2662 398 2706 sequente
411 2665 527 2700 Titulo
551 2676 715 2709 ponuntur
731 2669 796 2701 duo
814 2678 922 2701 exem-

158 2707 209 2747 pla
234 2711 455 2749 corrumpendi
479 2711 576 2742 lervi:
602 2720 699 2742 unum
717 2710 761 2742 est
779 2711 921 2742 hortatio

53 2749 91 2779 ad
109 2747 234 2788 fugam,
259 2757 310 2779 aut
329 2751 473 2788 receptio
490 2751 518 2781 Gt
534 2752 693 2791 praestatio
722 2751 856 2793 refugii,
880 2753 921 2784 al-

55 2798 159 2820 terum
176 2787 220 2820 est
237 2789 379 2820 hortatio
398 2792 435 2821 ad
453 2790 549 2823 lusum
565 2793 650 2824 aleae.
674 2793 810 2824 Praesens
826 2792 919 2824 Titu-

53 2830 163 2862 lus-est
182 2831 393 2876 Defugiiivis.
426 2831 621 2872 distinguitur
646 2843 750 2866 autem
767 2834 921 2874 fugitivus

51 2872 92 2902 ab
110 2880 225 2902 ertone
243 2880 273 2901 in
288 2879 332 2911 pr.
352 2871 388 2905 ἑὸ)
405 2871 433 2913 §.
458 2882 502 2912 17.
517 2875 537 2903 t.
562 2883 606 2913 17.
625 2876 671 2906 D.
689 2877 721 2906 de
739 2875 856 2907 AEdz'lit.
880 2875 920 2906 E-

52 2912 121 2944 aia.
145 2921 216 2943 narn
233 2911 386 2952 fugitivus
403 2915 530 2951 quidem
547 2915 660 2947 dicitur
682 2917 734 2957 qui
755 2925 845 2948 extra
865 2918 922 2947 do-

54 2954 131 2986 mini
147 2955 278 2984 domum
298 2952 380 2994 fugae
398 2954 507 2993 caula,
529 2964 593 2995 quo
613 2956 642 2987 se
661 2967 676 2988 a
693 2958 826 2989 domino
843 2958 922 2988 cela·

52 3003 120 3033 ret,
144 2993 272 3026 mansit:
297 3005 369 3025 erro
393 3005 490 3033 vero,
514 2997 566 3036 qui
591 3006 654 3030 non
672 3000 800 3037 quidem
820 2998 921 3039 fugit,

53 3033 108 3068 sed
123 3035 308 3076 frequenter
324 3035 388 3067 sine
404 3036 493 3067 causa
510 3046 658 3077 vagatur,
676 3041 705 3071 (St
724 3042 921 3080 temporibus

52 3077 85 3109 in
109 3087 159 3109 res
182 3078 363 3117 nugatorias
380 3078 591 3118 consumptis,
617 3079 708 3112 serius
726 3082 857 3113 domum
875 3090 922 3112 re-

53 3119 109 3149 dit.
136 3116 189 3149 Sic
205 3118 287 3149 alias.
315 3118 364 3150 sed
382 3118 445 3149 hoc
464 3118 578 3151 Titulo
598 3118 751 3160 Ulpianus
767 3122 786 3152 l.
806 3131 830 3153 i.
846 3122 874 3163 §.
892 3132 922 3162 5.

53 3158 223 3200 fugitivum
237 3159 265 3190 ἀ
282 3168 430 3191 erronem
449 3160 565 3200 accipit
584 3169 643 3201 pro
659 3162 779 3194 iisdem.
805 3164 849 3194 ait
865 3168 921 3194 eti-

52 3208 122 3274 ams
143 3209 184 3231 ex
192 3199 335 3274 Isti-gniva
350 3209 458 3234 natum
473 3211 533 3244 pto
548 3200 689 3245 fugitivo
704 3212 770 3237 non
786 3202 904 3237 haberi.

116 3251 173 3276 om.
235 3266 242 3276 0

1007 2667 1123 2710 Nunc,
1140 2671 1227 2711 quod
1246 2668 1310 2701 hoc
1321 2669 1565 2714 Tituloagitui·‚
1585 2673 1762 2710 indicemus
1772 2679 1841 2709 obi·

965 2721 1023 2743 ter.
1049 2711 1118 2743 fere
1143 2713 1205 2758 linc
1221 2711 1419 2760 spectatpne
1435 2716 1504 2755 quis
1521 2715 1646 2748 servum
1664 2717 1837 2761 fugitivum

963 2753 1068 2792 celet,
1092 2761 1282 2792 reeipiatve:
1304 2755 1403 2793 polita
1420 2764 1532 2795 poena,
1550 2756 1570 2788 fi
1588 2767 1700 2791 contra
1719 2760 1838 2791 factum

964 2795 1008 2841 sit.
1035 2802 1186 2840 praeterea
1204 2795 1334 2841 traditur
1351 2795 1490 2828 officium
1511 2797 1751 2840 magistratuum
1771 2810 1838 2831 mu·

963 2836 1147 2880 nicipalium
1165 2836 1427 2880 in'inquireiidis,
1443 2838 1674 2877 custodiendis,
1695 2842 1724 2872 &
1740 2850 1838 2871 trans-

966 2877 1131 2908 mittendis
1144 2876 1297 2923 fugitivis.
1343 2877 1421 2910 Haec
1441 2879 1557 2911 summa
1575 2882 1592 2911 l.
1612 2891 1637 2912 i.
1662 2881 1834 2922 desumptae

965 2927 1006 2948 ex
1031 2915 1157 2963 Ulpiani
1177 2918 1228 2950 lib.
1250 2927 1276 2950 1.
1306 2919 1356 2951 Ad
1382 2920 1548 2953 Edictum:
1572 2923 1600 2952 in
1620 2931 1684 2961 quo
1701 2931 1771 2953 eum
1789 2923 1836 2962 ju-

964 2958 1180 2990 risdictionem
1195 2968 1291 3001 atque
1303 2961 1407 2993 officia
1423 2962 1659 3003 municipalium
1671 2962 1836 3005 Magistra-

965 3007 1052 3031 tuum
1069 2999 1259 3041 exposuisse,
1282 3003 1354 3034 alibi
1374 3004 1490 3035 monui.

1006 3039 1104 3114 guod
1121 3042 1158 3073 ad
1177 3042 1258 3081 ipsos
1280 3045 1396 3076 attinet
1421 3044 1593 3085 fugitivos,
1616 3045 1659 3074 ait
1677 3045 1833 3077 Callistra-

966 3089 1014 3114 tus
1037 3107 1044 3114 .
1057 3092 1084 3114 2.
1097 3083 1122 3114 h.
1143 3089 1165 3114 t.
1182 3082 1202 3115 si
1221 3093 1279 3123 pro
1295 3086 1401 3117 liberis
1412 3092 1522 3126 gerant
1534 3084 1581 3122 sc,
1599 3089 1725 3125 gravius
1740 3090 1834 3120 coer-

965 3125 1094 3155 cendos:
1116 3123 1272 3165 simplices
1299 3126 1456 3167 fugitivos
1481 3125 1617 3157 dominis
1641 3129 1832 3162 reddendos.

963 3166 1059 3205 quid,
1074 3164 1094 3196 fi
1113 3166 1260 3198 dederint
1277 3167 1307 3199 se
1325 3170 1354 3198 in
1373 3166 1524 3198 arenarii?
1540 3167 1624 3198 idem
1643 3168 1831 3202 dicendum:

959 3213 1024 3240 non
1051 3208 1152 3279 mondo
1175 3216 1250 3242 ante
1266 3216 1422 3250 pugnam,
1445 3207 1497 3240 sed
1515 3206 1585 3249 post
1603 3217 1672 3244 eam
1688 3220 1830 3253 quoque.

1106 3257 1121 3279 c
1769 3260 1830 3284 nec
