2036 3495
193 99 260 132 152

233 177 379 219 Tempus
397 177 442 209 est
464 178 593 214 videre,
617 177 764 208 adversus
790 187 885 217 quem
903 186 1067 219 competat

195 221 240 250 rei
258 219 443 250 vindicatio.
471 218 566 249 Hunc
577 217 715 257 designat
733 219 874 258 Praetor;
892 220 1065 259 pollicitus,

192 261 346 300 judicium
364 261 437 289 dare
459 259 608 293 Adversus
622 269 685 289 eum
701 260 754 299 qiiz·
769 269 830 290 eam
844 260 977 301 poffidere
993 263 1064 292 dice-

195 308 253 331 zur.
271 300 499 331 Auctoritatem
512 299 586 330 huic
602 301 679 340 pai-ti
692 301 812 340 praebet
827 302 978 342 Ulpianus
988 303 1005 334 l.
1020 313 1066 344 25.

195 342 242 372 D.
259 343 291 371 de
301 341 384 381 oblzg.
402 340 439 374 δ’
454 340 509 371 1th.
526 350 585 371 nec
602 340 702 372 minus
722 340 942 374 Diocletianus
955 345 983 375 ἃ
997 344 1052 374 Ma

193 381 349 413 ximianus
366 383 383 413 t.
403 384 480 412 unic.
503 382 535 412 C.
557 384 589 412 cie
605 383 689 412 alien.
702 383 795 424 judic.
813 391 883 415 mut.
901 394 977 421 caus.
992 385 1065 423 fast.

192 421 222 453 in
241 430 301 461 qua
320 423 488 461 legendum
511 423 584 453 Cum
600 424 631 454 in
646 434 702 454 rem
721 424 1066 467 astionipoffeffiopcirz'ctc

191 463 406 504 adversarium:
424 473 456 495 ut
474 464 545 496 alibi
563 466 683 496 monui.
714 466 815 497 Datur
832 469 927 508 igitur
943 467 987 498 rei
1003 469 1065 498 vin·

190 505 311 536 dicatio
334 506 468 537 domino
493 515 558 537 rem
585 505 668 537 suani
691 507 839 538 adversus
864 508 1067 548 posseil'orem

190 546 374 579 vindicanti.
400 548 511 585 utique
523 571 531 585 ,
548 546 569 578 fi
586 547 765 579 hioconti·a
782 549 923 580 vindicet
941 560 1005 581 rem
1024 550 1068 581 su-

190 597 239 619 am
256 588 327 619 effe.
346 589 411 620 imo
423 613 431 624 ,
448 588 502 620 etfi
521 598 583 619 non
604 588 643 619 sic
660 598 772 621 contra
790 591 939 621 vindicet.
954 590 1069 632 simpli-

190 630 272 660 citer
297 631 381 661 enim
407 630 546 664 Praetor.
571 631 741 669 judicium,
766 632 888 672 inquit,
913 633 996 663 dabo
1015 635 1065 664 ad·

190 670 297 702 versus
316 681 387 702 eum
405 672 456 710 qui
475 672 632 712 poffidere
645 673 786 703 dicetur:
810 682 870 704 nec
886 675 978 714 huJ'us
991 683 1065 705 con·

188 713 491 744 travindicationem
503 712 664 744 desiderat.
675 714 751 744 olim
763 713 823 744 fuit
836 715 938 746 aliter:
950 717 978 747 ἃ
988 725 1062 747 con-

191 754 466 785 travindicationis
478 755 623 786 meminit
637 754 911 794 Imp.Justinianus
921 757 948 798 §.
960 767 980 788 i.
995 756 1064 797 Iiift.

189 796 222 826 cie
239 795 417 833 afflovzibus,
442 804 542 835 puto,
566 805 603 826 ex
628 797 744 835 regulis
760 797 854 836 juris:
882 808 951 829 nam
964 803 1004 830 de
1020 801 1062 830 ci·

188 837 242 867 vili
260 836 385 868 actione
401 846 441 868 ex
459 836 643 868 Duodecim
664 836 798 870 Tabulis
812 838 974 879 profecta,
992 851 1063 872 cum

185 877 298 918 loqui,
316 886 446 917 apparet
462 888 501 910 ex
520 878 547 920 §.
567 889 595 919 3.
616 888 693 910 mox
711 878 872 919 sequente.
898 890 959 912 nec
976 883 1062 923 igno-

186 928 224 951 ro
242 920 409 960 vestigium
429 920 493 959 ejus
505 929 582 952 ritus
597 923 679 959 apud
698 920 843 953 Plautum
863 921 990 954 Rudent.
1007 923 1061 955 aet.

185 961 384 1000 4.sc.53.vers.
398 964 445 992 86.
457 962 487 992 ἀ
505 962 696 993 Ciceronem
714 962 772 993 Pro
788 964 923 994 Almana
940 971 1001 1005 cap.
1017 974 1063 996 12.

185 1001 239 1033 sed
258 1002 341 1033 hunc
358 1002 452 1034 riturn
469 1002 508 1034 ab
525 1011 681 1042 utroque,
699 1012 858 1043 tamquam
877 1004 1062 1044 supervacu-

185 1053 237 1075 um
248 1067 256 1081 ,
269 1052 303 1074 ut
313 1053 346 1075 re
357 1054 430 1075 vera
441 1043 501 1075 fuit
512 1068 521 1083 ,
538 1045 673 1076 derideri
687 1045 760 1076 mihi
773 1045 957 1085 persuadeo
983 1047 1062 1078 Prae-

186 1093 239 1116 tor
255 1094 344 1116 certe
355 1095 427 1117 eum
441 1086 582 1127 neglexit
599 1085 664 1117 hoc
683 1086 814 1118 Edicto:
830 1089 996 1127 quomodo
1015 1089 1060 1119 fa·

185 1127 280 1158 rniliae
308 1128 598 1167 emancipationem
623 1126 653 1159 in
679 1127 872 1159 testamentis
888 1130 956 1169 jure
973 1131 1060 1162 civili

184 1177 368 1209 receptam,
395 1178 453 1210 pro
473 1179 552 1200 vana
570 1168 723 1208 explofit:
747 1178 919 1201 contentus
940 1172 968 1201 in
992 1171 1062 1204 Edi-

183 1209 238 1241 tto
261 1211 301 1241 de
332 1210 491 1242 bonorum
520 1210 709 1250 poffeffione
732 1210 903 1242 secundum
923 1213 1061 1252 tabulas,

185 1251 409 1283 testamentum
429 1252 491 1283 effe
506 1252 657 1293 fignatuin
683 1252 802 1292 septem
829 1253 955 1285 testium
971 1254 1062 1295 signis

183 1292 212 1334 §.
232 1303 260 1324 2.
281 1292 354 1334 Inst.
372 1294 405 1324 cle
424 1291 531 1334 tesiam.
549 1295 640 1324 ordin.
669 1293 712 1325 Ita
730 1303 812 1325 nunc
825 1294 955 1334 sufficit,
971 1305 1060 1328 reum

183 1343 275 1375 aquo
292 1345 341 1367 res
359 1335 554 1372 vindicatur,
580 1334 642 1366 ess'e
653 1334 875 1374 possess'urem3
899 1338 938 1367 ab
955 1347 1061 1377 eoque

181 1377 308 1417 negari,
325 1377 498 1416 petitorem
516 1376 577 1407 effe
595 1377 778 1407 dominum:
796 1376 938 1416 prorsus,
956 1387 990 1409 ut
1008 1389 1060 1417 pe-

181 1417 280 1448 titore
297 1427 361 1448 non
381 1418 554 1457 probante,
572 1416 601 1447 se
618 1418 783 1449 domitium
795 1419 875 1457 ess'e,
893 1419 1060 1460 poffessor,

183 1458 239 1490 etfi
255 1459 331 1490 nihil
350 1459 482 1498 probet,
499 1458 700 1498 absolvatur3
718 1460 814 1500 inque
832 1459 885 1492 suo
903 1462 978 1493 loco
996 1472 1057 1493 ma-

182 1508 257 1531 neat
275 1499 429 1537 poffeffio.
466 1500 528 1531 Sed
545 1500 608 1530 hoc
626 1500 710 1531 clare
727 1501 746 1531 l.
765 1511 793 1533 2.
814 1502 846 1532 C.
863 1504 895 1533 de
906 1505 1018 1543 probat.
1037 1505 1058 1536 l.

180 1541 235 1572 ult.
254 1541 285 1572 C.
303 1542 329 1572 b.
349 1548 369 1572 ι.
385 1541 412 1582 §.
429 1550 458 1580 4.
480 1539 596 1581 lastae
613 1541 757 1573 rizzardi&
787 1542 851 1574 Dat
867 1545 961 1585 igitur
980 1546 1058 1577 Prae-

178 1589 232 1614 tor
248 1581 383 1614 domino
407 1582 450 1614 rei
475 1582 726 1614 vindicationem
742 1585 889 1616 adversus
909 1585 1056 1625 poffeffo-

177 1632 266 1656 rem:
291 1625 321 1655 ἂ
344 1624 418 1662 quia
441 1623 519 1655 nihil
543 1625 675 1665 adjecit,
701 1624 761 1656 erit
779 1626 920 1658 officium
937 1627 1057 1667 Judicis

177 1666 210 1696 iri
229 1665 288 1696 hac
306 1665 449 1704 actione,
466 1665 639 1706 inspicere,
655 1675 692 1697 an
713 1676 782 1698 reus
802 1668 975 1708 poilideat,
996 1680 1056 1701 nec

179 1707 218 1738 ad
246 1717 312 1739 rem
337 1707 529 1747 pertinebit,
553 1717 594 1738 ex
619 1716 680 1747 qua
698 1707 788 1739 causa
806 1710 976 1748 poffideat:
1002 1712 1053 1742 ubi

178 1748 265 1780 enim
281 1747 437 1789 probavi,
459 1758 525 1780 rem
543 1747 605 1780 ess'e
621 1758 742 1787 meam,
768 1749 820 1781 nisi
837 1752 961 1792 objecta
978 1754 1055 1784 mihi

177 1788 281 1830 aliqua
296 1789 333 1821 fit
349 1789 522 1830 exceptio,
540 1790 647 1831 (cujus
665 1793 848 1831 exemplum
865 1794 909 1824 est
926 1796 955 1825 in
974 1795 992 1825 l.
1004 1804 1052 1835 72.

176 1830 222 1863 D.
239 1832 267 1862 h.
286 1837 306 1862 t.
327 1833 344 1862 l.
361 1841 389 1869 4.
407 1830 435 1872 §.
452 1841 500 1871 32.
520 1832 565 1862 l).
593 1834 626 1862 de
642 1832 694 1862 civi.
712 1833 779 1863 mal.
799 1833 836 1868 &'
852 1835 916 1866 iiz'et.
943 1842 1053 1875 except.

178 1872 198 1904 l.
214 1882 263 1912 17.
283 1873 330 1904 D.
348 1874 381 1903 de
399 1873 605 1913 evictionibus)
622 1873 746 1905 neceffe
764 1875 1055 1916 habebitpoffcffor

177 1923 248 1945 eain
267 1908 432 1945 restituere
447 1914 466 1945 l.
486 1923 514 1950 9.
532 1915 579 1944 D.
597 1915 623 1945 h.
640 1920 660 1944 t.
682 1913 714 1946 iii
734 1925 839 1956 eoque
856 1917 899 1948 rei
917 1920 1054 1950 vindica-

177 1954 226 1987 tio
249 1954 450 1996 distinguitui·
469 1965 483 1986 a
507 1957 666 1995 petitione
690 1956 891 1990 hereditatis:
913 1959 1055 1993 similiter

178 1998 309 2036 quidem
321 1998 493 2028 obtinente
510 1996 656 2028 adversus
675 1998 864 2038 poilessbres
882 2011 985 2033 rerum
1005 2003 1056 2034 he-

177 2039 397 2070 reditariarum
410 2062 418 2076 ‚
438 2038 490 2069 scd
507 2039 634 2070 demum
646 2062 655 2077 ‚
680 2038 699 2070 fi
717 2049 774 2079 pro
795 2042 912 2073 herede
928 2052 980 2074 aut
998 2054 1057 2084 pro

176 2078 351 2120 possess'ore
369 2080 564 2121 poffideant;
581 2089 645 2111 non
663 2080 683 2112 fi
700 2083 859 2121 gaudeant
877 2084 999 2124 speciali
1019 2087 1055 2116 ti-

179 2121 250 2152 tulo
268 2121 287 2152 l.
312 2130 357 2152 11.
384 2121 417 2152 C.
435 2123 467 2152 de
483 2122 573 2152 [iered.
587 2124 669 2162 petit.
693 2124 813 2162 optima
839 2125 1055 2158 distinctione:

177 2163 254 2201 quia
270 2163 368 2193 altera
385 2164 476 2194 datur
496 2165 649 2202 domino,
674 2164 770 2195 altera
788 2165 909 2198 heredi.
927 2178 1053 2209 aequum

176 2213 257 2235 vero
275 2203 338 2241 est,
357 2214 422 2235 rem
442 2203 496 2234 suo
514 2205 648 2236 domino
668 2205 810 2246 restitui,
826 2209 966 2250 quisquis
984 2220 1053 2242 eam

175 2255 385 2286 quocumque
404 2246 499 2276 titulo
517 2246 632 2278 habeat
648 2247 687 2278 ab
705 2247 786 2287 alio,
806 2258 899 2289 quarn
917 2261 933 2282 a
952 2253 1053 2284 domi·

174 2296 229 2319 no.
253 2294 285 2318 at
301 2288 354 2326 qui
374 2286 465 2318 heres
483 2287 546 2325 est,
564 2297 628 2319 non
646 2291 756 2329 utique
772 2289 817 2322 est
834 2293 1000 2325 dominus:
1024 2294 1053 2325 &

173 2328 283 2369 poiest
308 2327 374 2360 fieri
388 2352 396 2367 ,
423 2337 455 2359 ut
478 2330 548 2369 quis
571 2330 636 2370 pai-i
655 2338 709 2360 aut
725 2332 821 2362 etiam
838 2334 971 2365 meliore
986 2334 1054 2375 jure

174 2370 331 2410 poffideat
347 2369 476 2410 exjusto
495 2372 609 2408 titulo,
627 2380 721 2411 quarn
733 2373 773 2404 ab
789 2383 830 2404 eo
849 2384 936 2414 petat
953 2377 1053 2408 heres.

175 2411 220 2442 est
235 2412 328 2453 igitur
345 2412 452 2443 titulus
470 2412 567 2443 altera
579 2415 609 2443 in
622 2412 725 2454 specie
735 2415 877 2446 edendus
889 2440 899 2455 ‚
916 2417 945 2448 in
957 2418 1053 2449 altera

175 2462 241 2484 non
260 2453 323 2492 est;
348 2455 417 2493 quia
436 2452 466 2484 iii
484 2454 581 2484 altera
605 2463 638 2485 ut
663 2456 793 2496 edatur,
813 2456 913 2490 refert
935 2461 1052 2499 petito—

174 2493 236 2529 ris;
259 2495 288 2525 in
306 2496 402 2526 altera
422 2505 486 2525 non
506 2495 615 2526 refert.

218 2536 379 2567 Succurrit
404 2536 498 2576 igitur
517 2536 638 2568 Praetor
656 2536 699 2568 rei
717 2538 933 2571 vindicatione
951 2541 1047 2572 domi-

172 2586 217 2608 no
235 2577 381 2608 adversus
398 2578 666 2618 qualemcumque
685 2578 899 2618 possefforem.
925 2581 1052 2614 Dicitur

175 2626 282 2648 autem
301 2618 450 2656 possess'or
467 2621 594 2659 proprie
606 2621 630 2651 is
643 2621 693 2659 qui
709 2630 773 2651 rem
793 2630 881 2653 tenet
899 2623 1006 2654 animo
1018 2624 1050 2656 si-

173 2659 207 2691 bi
236 2659 381 2690 habendi.
415 2670 484 2691 nain
509 2660 529 2692 fi
546 2671 615 2692 eam
642 2671 707 2693 non
726 2661 790 2693 hoc
816 2671 904 2695 tenet
921 2666 1049 2705 animo,

172 2708 208 2732 ut
225 2700 302 2731 velit
322 2709 390 2731 earn
408 2701 460 2732 fibi
481 2702 619 2741 habere;
637 2704 661 2735 is
680 2704 808 2743 proprie
820 2714 883 2736 non
904 2707 1049 2745 poffider.

172 2743 273 2783 magis
284 2741 417 2779 dicitur,
434 2743 463 2772 in
482 2743 669 2782 poss'effione
687 2744 767 2783 effe,
782 2746 811 2776 ἃ
829 2747 981 2779 detinere.
1008 2758 1048 2779 eo

171 2784 205 2815 in
221 2791 354 2815 numero
371 2782 436 2812 sunt
454 2785 607 2822 colonus,
626 2787 911 2826 commodatarius,
929 2790 1049 2830 deposi-

173 2825 290 2862 tarius,
307 2824 335 2855 &
352 2823 496 2856 similest.
517 2835 560 2856 10.
580 2827 608 2867 §.
631 2837 655 2859 1.
675 2828 694 2859 l.
717 2832 763 2862 18.
784 2829 828 2860 D.
850 2831 882 2860 de
897 2832 961 2871 (idq.
977 2831 1047 2871 ptiff.

172 2867 205 2898 hi
224 2874 336 2897 tenent
353 2874 438 2897 rem:
456 2875 519 2896 non
537 2875 568 2896 ut
585 2868 721 2900 habeant
739 2869 812 2908 sibi,
830 2881 939 2903 verum
957 2881 988 2902 ut
1007 2874 1034 2904 al

171 2908 271 2939 terius
297 2906 475 2948 posseffioni
502 2907 551 2937 sua
568 2910 755 2942 detentione
780 2913 943 2951 praebeant
961 2915 1048 2945 mini-

171 2949 308 2981 sterium.
335 2957 436 2986 eaque
460 2949 582 2981 ratione
608 2959 800 2985 nutaverunt
826 2955 973 2993 quidam,
996 2957 1047 2997 (in

172 2991 287 3033 quibus
299 2989 448 3031 Pegasum
460 2989 549 3021 fuiffe
566 2989 664 3021 refert
683 2991 863 3032 Ulpianusl.
875 3005 903 3032 9.
919 2996 955 3026 D.
970 2997 1047 3037 lm.)

169 3033 250 3064 tales
268 3031 327 3062 hac
345 3032 470 3063 actione
490 3040 554 3063 non
586 3033 704 3070 teneri,
728 3035 804 3064 licut
824 3046 931 3068 necin
950 3039 1045 3070 inter-

634 91 985 126 GERAnni
1036 90 1293 130 NoonT
1350 95 1563 131 CortM.

1110 180 1154 211 ob
1178 181 1411 216 similitudinem
1438 186 1591 226 rationis3
1614 186 1669 218 etsi
1695 188 1784 218 verbi
1809 188 1978 227 subtilitate

1109 221 1297 267 refragante.
1320 225 1371 256 Sic
1390 226 1463 258 mihi
1485 226 1627 261 videtur:
1645 231 1673 259 (St
1694 228 1900 262 differt-nciam
1918 234 1978 268 effe

1109 272 1189 294 inter
1210 264 1273 297 hoc
1295 265 1437 299 Edictum
1450 269 1692 302 &interdictum
1708 270 1759 301 Uti
1774 273 1930 309 poffidetis
1947 277 1976 309 6:

1110 302 1235 336 Utrubi.
1262 317 1332 339 nani
1350 309 1496 341 Edictum
1515 320 1558 342 rei
1580 311 1828 343 vindicationem
1848 316 1976 349 domino

1109 346 1161 376 dat
1187 348 1331 380 adversus
1356 351 1578 387 poss'essorem:
1602 353 1803 385 interdictum
1829 365 1906 386 vero
1927 356 1978 390 Uti

1109 387 1270 429 poffidetis
1295 390 1323 421 &
1350 391 1463 423 Utrubi
1491 393 1693 432 possessorem
1712 402 1818 426 tuetur
1835 398 1983 432 adversus

1109 438 1181 459 euin
1199 431 1252 469 qui
1273 440 1337 462 non
1357 434 1493 473 poffidet
1510 435 1528 465 l.
1550 444 1575 466 1.
1595 435 1614 476 §
1642 440 1670 466 6.
1692 436 1738 466 D.
1761 435 1818 466 tm·
1828 436 1977 477 poffidetis.

1110 470 1241 502 alterum
1259 473 1364 504 aufert
1382 474 1559 513 poss'essori,
1583 480 1716 508 alterum
1737 480 1897 510 concedit.
1919 480 1978 520 jam

1111 511 1162 541 cui
1179 511 1320 543 aufertur
1331 516 1397 554 plus
1409 540 1417 554 ,
1434 517 1461 548 ei
1481 517 1575 549 facile
1590 518 1733 549 aufertur
1750 519 1869 550 minus:
1884 529 1915 551 at
1930 523 1993 555 cui‘

1112 552 1213 583 minus
1238 556 1444 595 conceditur,
1468 558 1496 589 ci
1522 569 1585 591 non
1609 569 1699 599 aeque
1717 561 1814 600 majus
1831 564 1978 595 concedi-

1112 601 1171 624 tur.
1204 594 1272 634 plus
1301 595 1345 627 est
1362 620 1372 635 ,
1404 598 1566 638 possessori
1592 600 1717 639 auferre
1742 601 1977 644 poffeffionem,

1110 644 1203 671 quam
1229 636 1350 668 colono
1377 639 1607 673 detentionem.
1635 644 1735 674 minus
1765 643 1828 682 est,
1853 646 1977 677 interdi-

1110 676 1410 725 ctumperrnittere
1430 682 1457 711 ei
1477 684 1528 721 qui
1549 683 1702 724 poffidet3
1727 693 1820 723 quam
1839 686 1868 716 id
1886 687 1978 720 etiam

1109 725 1296 757 permittere
1313 729 1341 750 ei
1359 729 1412 760 qui
1431 730 1551 754 tantum
1579 733 1688 764 teiiet3
1713 735 1776 757 non
1795 728 1889 758 etiam
1911 737 1978 768 pos-

1108 759 1195 790 iidet.
1221 766 1317 799 atque
1333 760 1396 792 hoc
1410 762 1430 793 fi
1448 763 1509 803 est,
1526 774 1559 796 ut
1578 765 1623 797 est
1637 767 1842 798 veriffimuiii:
1856 777 1978 809 aequum

1107 800 1170 838 est,
1188 801 1217 831 in
1231 802 1401 834 interdicto
1417 803 1485 835 stari
1498 808 1684 847 proprietati
1704 809 1873 848 vocabuli3
1890 810 1920 840 in
1939 810 1976 842 E-

1107 839 1192 873 drlto
1210 852 1273 872 non
1291 844 1384 875 item:
1403 847 1474 884 quia
1492 848 1555 878 illic
1574 856 1609 879 ut
1625 850 1811 889 amplietur,
1831 860 1894 881 non
1911 851 1978 884 finit

1106 892 1195 914 mens
1212 883 1378 925 Praetoris3
1402 886 1454 917 hic
1471 897 1594 920 contra.
1619 890 1671 921 Sic
1691 889 1865 932 Ulpianus3
1886 894 1979 934 eique

1107 925 1232 956 accedit
1249 926 1267 956 i.
1287 935 1313 957 2.
1333 926 1365 958 C.
1390 927 1450 958 Ubi
1467 930 1498 960 in
1515 939 1573 961 rem
1588 930 1672 963 αὲἶίο,

1146 965 1305 998 Caeteruni
1325 968 1493 1010 postquam
1516 971 1640 1012 placet,
1663 974 1705 1005 rei
1725 974 1976 1009 vindicationem

1106 1007 1170 1038 dari
1197 1008 1346 1040 adversus
1374 1010 1604 1050 possessorem:
1635 1016 1809 1047 commode
1833 1016 1978 1049 observat

1105 1047 1216 1080 Fui-ius
1237 1050 1415 1082 Anthianus
1433 1053 1451 1082 l.
1477 1054 1530 1085 ult.
1557 1054 1599 1087 D.
1616 1056 1643 1086 b.
1668 1063 1689 1087 t.
1717 1059 1876 1089 nerninem
1894 1067 1978 1090 com·

1105 1090 1179 1129 pelli
1192 1114 1200 1127 ,
1218 1100 1287 1123 eam
1304 1092 1462 1125 actionem
1482 1096 1565 1135 pati:
1582 1096 1732 1136 praefatus
1744 1121 1754 1136 ,
1768 1100 1860 1130 alicui
1881 1100 1976 1131 licere

1104 1131 1230 1170 dicere,
1255 1131 1284 1164 se
1303 1143 1366 1165 non
1387 1136 1560 1175 poffidere,
1580 1137 1649 1170 fac:
1675 1140 1795 1179 petitor
1811 1140 1978 1172 adversari-

1107 1181 1156 1203 um
1174 1174 1203 1204 in
1220 1174 1289 1213 jure
1307 1175 1555 1217 interrogat,.an
1572 1180 1736 1220 poffidear.
1759 1180 1894 1213 formula
1911 1182 1978 1214 haec

1105 1215 1150 1244 est
1161 1238 1169 1249 ,
1194 1215 1321 1260 ,Quando
1340 1224 1366 1247 te
1382 1219 1493 1259 injure
1508 1223 1648 1260 conspicio
1660 1246 1668 1261 ,
1683 1220 1793 1262 postulo
1805 1247 1814 1261 ,
1831 1233 1907 1255 anne
1918 1223 1985 1263 fitz-s·v

1105 1255 1214 1286 ατιέῖον.
1242 1256 1318 1289 Eam
1335 1257 1507 1292 formulam
1523 1262 1667 1294 Valerius
1688 1263 1808 1295 Probus
1825 1264 1872 1295 his
1889 1275 1976 1297 com-

1103 1299 1274 1337 prehendit
1292 1299 1401 1331 literis.
1425 1301 1467 1344 Q.
1485 1300 1527 1334 T.
1547 1302 1569 1334 l.
1590 1305 1610 1334 l.
1631 1303 1667 1335 C.
1685 1305 1718 1335 P.
1739 1306 1772 1336 A.
1794 1305 1826 1336 F.
1845 1306 1882 1337 A.
1901 1307 1977 1338 Sen-

1103 1338 1168 1370 sus:
1191 1348 1272 1371 anne
1290 1339 1325 1371 fis
1341 1341 1394 1372 ille
1417 1352 1433 1373 a
1450 1352 1514 1383 quo
1533 1345 1665 1377 debeam
1683 1356 1788 1378 meum
1808 1347 1859 1393 jus
1878 1347 1979 1387 perse·

1104 1381 1167 1420 qui.
1194 1382 1218 1411 is
1234 1381 1448 1424 interrogatus
1465 1384 1484 1416 fi
1507 1385 1645 1425 fatetur,
1670 1395 1759 1419 tenet
1775 1398 1818 1420 rei
1838 1389 1978 1420 vindica-

1104 1429 1168 1452 tio:
1192 1421 1211 1452 fi
1230 1431 1334 1460 tacet,
1356 1424 1532 1457 obscureve
1551 1430 1742 1468 relpondet3
1766 1439 1825 1470 pro
1842 1439 1979 1470 negante

1104 1462 1239 1494 habetur
1254 1465 1273 1495 l.
1296 1464 1376 1506 11.§
1403 1476 1431 1506 7.
1454 1468 1496 1498 D.
1519 1470 1551 1499 de
1575 1471 1710 1511 interrog.
1729 1472 1760 1501 in
1771 1472 1832 1512 jur.
1843 1471 1907 1509 fac.
1934 1473 1979 1502 ita

1103 1503 1215 1540 restat,
1233 1514 1265 1535 ut
1283 1508 1504 1540 convincatur.
1523 1511 1609 1549 quod
1627 1520 1699 1542 curn
1715 1511 1766 1543 fit:
1789 1512 1978 1544 auferturei

1103 1545 1270 1585 poffefli03
1294 1547 1348 1578 etsi
1367 1551 1487 1585 petitor
1510 1560 1573 1582 non
1600 1552 1735 1592 probet,
1763 1552 1792 1584 se
1808 1554 1976 1586 dominum

1102 1586 1164 1618 esse
1182 1590 1208 1618 ct.
1222 1588 1239 1618 l.
1253 1589 1303 1620 ult.
1320 1599 1381 1620 nec
1398 1591 1524 1631 inique:
1541 1601 1614 1624 curn
1631 1594 1710 1624 alter
1727 1603 1842 1635 neget,
1860 1594 1890 1625 se
1905 1600 1977 1635 pos-

1101 1627 1201 1659 fidere
1212 1633 1257 1660 :id
1269 1629 1330 1666 est,
1342 1630 1481 1662 fateatur
1492 1656 1499 1670 ,
1512 1633 1540 1663 se
1551 1643 1613 1665 non
1627 1634 1797 1675 haberejus
1808 1635 1975 1668 retinendi.

1146 1669 1351 1711 Daturigitur
1361 1674 1406 1703 rei
1419 1674 1594 1706 vindicatio
1604 1678 1737 1708 domino
1747 1677 1893 1709 adversus
1903 1686 1974 1710 eum

1099 1712 1152 1751 qui
1173 1712 1317 1749 posfidet.
1334 1721 1363 1744 a:
1381 1723 1445 1754 quo
1465 1717 1639 1753 tempore?
1655 1725 1802 1756 tempore
1821 1719 1881 1749 litis
1901 1728 1975 1751 cori-

1099 1752 1239 1790 testatae,
1263 1756 1290 1785 ot
1310 1763 1456 1796 tempore
1471 1759 1514 1788 rei
1527 1758 1715 1798 judicandae.
1743 1760 1795 1790 Sic
1814 1760 1924 1792 Paulus
1940 1761 1971 1792 in

1097 1794 1115 1824 l.
1133 1805 1179 1834 27.
1198 1794 1225 1836 ἓ.
1247 1804 1270 1825 1.
1292 1797 1336 1827 l).
1355 1800 1381 1827 i),
1403 1804 1425 1828 t.
1445 1797 1496 1830 sed
1514 1800 1580 1831 noli
1597 1810 1669 1831 eum
1687 1802 1872 1839 acccipere;
1892 1801 1973 1841 quasi

1099 1845 1209 1875 putei,
1236 1846 1297 1867 non
1316 1836 1475 1877 sufficere,
1494 1850 1583 1873 reum
1604 1850 1749 1882 tempure
1769 1845 1810 1874 rei
1828 1844 1972 1882 judicatae
2020 1871 2022 1874 ,

1098 1878 1274 1918 ριτίῖῑιίιϊες
1291 1879 1343 1910 nii}
1362 1890 1455 1912 etiam
1474 1882 1802 1924 poss'ederittempore
1820 1885 1882 1915 litis
1900 1893 1975 1916 con·

1099 1918 1228 1950 testatae.
1262 1922 1368 1959 potius
1395 1922 1537 1954 suadeam
1555 1947 1565 1962 ,
1600 1923 1642 1956 fic
1666 1927 1798 1965 intelligi
1827 1926 1972 1964 Paulum3

1099 1960 1183 2000 quali
1208 1962 1311 1999 dicat,
1337 1972 1401 1994 non
1419 1963 1480 1995 ess'e
1500 1964 1589 2003 satis,
1613 1976 1700 1997 reum
1718 1967 1874 2006 poffidere
1892 1975 1970 1999 tem-

1099 2011 1178 2042 pore
1197 2002 1258 2033 litiv
1275 2004 1481 2036 contestatae:
1501 2006 1553 2037 nifi
1572 2007 1665 2039 etiam
1685 2008 1973 2048 poffideatternpo-

1100 2053 1133 2074 re
1151 2053 1195 2074 rei
1211 2045 1450 2084 judicatae.nani
1467 2046 1486 2078 fi
1506 2048 1633 2088 quidem
1647 2049 1798 2088 poffideat
1816 2050 1878 2080 litis
1898 2059 1974 2082 con-

1101 2084 1219 2116 testatae
1231 2093 1396 2126 ternpore3
1413 2097 1485 2120 cum
1501 2097 1606 2121 autem
1619 2090 1796 2130 judicatur,
1816 2089 1973 2131 poffeffio-

1100 2135 1172 2156 nem
1190 2127 1323 2158 amiserit
1342 2128 1404 2160 fine
1431 2130 1509 2161 dolo
1527 2132 1628 2162 malo:
1651 2131 1786 2164 absolvit
1805 2141 1876 2164 eum
1896 2131 1972 2164 Pau·

1099 2168 1156 2199 lus.
1181 2168 1305 2208 quodfi
1322 2179 1385 2201 non
1402 2171 1557 2211 poffideat
1574 2180 1721 2213 tempore
1738 2173 1800 2205 litis
1817 2174 1972 2205 contesta-

1099 2217 1157 2246 tae,
1183 2218 1248 2249 quo
1265 2218 1370 2241 autem
1387 2212 1566 2252 judicatur,
1584 2215 1757 2254 poffideat:
1780 2215 1822 2246 ait
1841 2215 1968 2254 Paulus,

1098 2251 1248 2290 putaxiffe
1266 2252 1456 2291 Proculum,
1472 2254 1591 2286 Sabino
1607 2255 1694 2287 forte
1711 2256 1969 2295 contradicente,
1994 2294 1995 2297 Ἴ

1097 2294 1288 2324 omnimodo
1297 2296 1503 2327 condemnari
1520 2306 1591 2328 eum
1606 2306 1770 2337 oportere.
1796 2298 1916 2338 Aliquis
1926 2299 1970 2329 di-

1097 2343 1169 2373 cat,
1188 2344 1252 2366 non
1272 2334 1369 2367 videri
1389 2337 1417 2367 iii
1435 2338 1586 2376 judicium
1606 2338 1823 2379 veniffequod
1834 2340 1904 2379 post
1920 2348 1968 2371 ac-

1097 2385 1226 2416 ceptum
1241 2377 1394 2416 judicium
1411 2378 1571 2410 accidisset
1588 2380 1605 2410 l.
1618 2390 1665 2421 23.
1684 2381 1724 2411 l).
1736 2382 1904 2419 dejudi'cii's.
1921 2390 1970 2412 eo·

1097 2426 1159 2455 que
1186 2427 1245 2448 nec
1272 2420 1319 2448 ad'
1336 2418 1479 2451 officium
1506 2420 1623 2459 judicis
1638 2423 1797 2461 pertinere
1815 2423 1832 2453 l.
1856 2428 1901 2456 18.
1924 2423 1968 2463 D.

1097 2458 1351 2490 (Σουιτηιιηίιίἰυὶτί.
1375 2461 1437 2492 Sed
1458 2463 1524 2492 haec
1540 2463 1680 2502 objectio
1701 2463 1826 2495 Proculi
1848 2465 1966 2495 senten·-

1095 2501 1169 2531 tiam
1189 2510 1252 2531 tion
1272 2500 1425 2533 infirmat:
1442 2512 1512 2534 nam
1529 2505 1616 2543 quod
1627 2505 1757 2535 dicitur:
1774 2514 1804 2536 in
1818 2505 1968 2545 judicium

1095 2551 1159 2572 noti
1179 2542 1296 2573 veniffe
1312 2544 1398 2582 quod
1411 2543 1481 2583 post
1496 2546 1826 2585 acceptumjudicium
1843 2547 1970 2578 accidis·

1095 2581 1156 2619 set,
1177 2583 1261 2614 hunc
1280 2584 1375 2615 habet
1392 2584 1529 2616 sensum:
1553 2595 1615 2617 non
1635 2587 1754 2618 veniffe
1772 2588 1801 2618 in
1816 2588 1966 2628 judicium

1095 2626 1182 2664 quod
1202 2624 1311 2664 postea
1328 2626 1357 2656 in
1371 2626 1439 2665 jure
1460 2628 1606 2664 petitoris
1622 2628 1791 2660 accidiss'er.
1823 2638 1893 2661 nam
1910 2628 1929 2660 fi
1943 2628 1967 2661 is

1095 2675 1243 2705 tempore
1260 2666 1323 2698 litis
1340 2667 1525 2699 contestatae
1545 2678 1606 2700 non
1630 2669 1738 2700 habuit
1753 2671 1799 2709 jus
1816 2671 1964 2712 petendi;

1094 2707 1183 2737 causa
1207 2708 1311 2744 cadit,
1335 2708 1390 2740 etfi
1409 2709 1578 2750 posteajus
1602 2712 1781 2751 acceperit:
1805 2713 1878 2752 quia
1894 2716 1964 2743 -non

1094 2749 1204 2779 habuit
1217 2757 1365 2789 tempore
1383 2751 1446 2781 litis
1463 2751 1658 2783 contestatae.
1685 2753 1772 2792 quod
1790 2752 1810 2785 fi
1829 2754 1897 2791 quis
1915 2753 1965 2784 ali-

1094 2790 1169 2829 quid
1188 2789 1322 2830 suijuris
1335 2792 1480 2831 petiit-‘ib
1498 2793 1560 2823 alio
1577 2803 1628 2833 qui
1647 2795 1676 2825 id
1688 2804 1751 2825 non
1770 2794 1963 2834 poslidebat,

1093 2840 1165 2863 cuin
1191 2832 1351 2865 dicei-etur
1375 2833 1548 2872 posfidere:
1571 2836 1596 2866 is
1621 2836 1731 2872 utique
1749 2845 1814 2867 rem
1835 2835 1963 2875 suijuris

1091 2873 1122 2903 in
1139 2873 1291 2913 judicium
1306 2874 1457 2913 deduxit,
1474 2875 1494 2906 fi
1508 2876 1623 2913 deinde
1635 2876 1843 2914 poffideatur:
1861 2885 1963 2917 eoque

1092 2915 1188 2945 ei-itei
1206 2914 1396 2946 restituenda
1408 2925 1554 2954 tempore
1570 2918 1614 2948 rei
1629 2918 1792 2958 judicatae:
1807 2920 1877 2958 quia
1895 2927 1964 2958 pos-

1092 2955 1226 2994 ridetur,
1251 2956 1279 2987 &
1303 2956 1407 2996 potest
1424 2959 1552 2989 restitui.
1597 2958 1738 2997 Exposui
1756 2960 1880 2990 Proculi
1899 2959 1962 2989 sen·

1092 2997 1243 3035 tentiam,
1260 2999 1467 3038 approbatam
1486 3009 1501 3029 a
1522 3000 1618 3031 Paulo
1636 3002 1662 3031 d.
1682 3001 1700 3031 l.
1723 3010 1768 3040 27.
1785 2999 1813 3040 §.
1827 3009 1848 3030 1.
1866 3009 1960 3030 etiarn

1091 3038 1130 3068 ab
1156 3036 1316 3078 Ulpiano,
1341 3040 1370 3071 &
1390 3041 1518 3072 tandem
1542 3041 1582 3072 ab
1597 3042 1745 3073 omnibus
1763 3043 1779 3071 ι.
1797 3050 1847 3080 30.
1869 3039 1910 3071 D.
1927 3041 1961 3070 de

169 3074 257 3106 dicto
270 3072 325 3104 Uti
338 3073 518 3112 poffidetis,
533 3073 561 3103 δε
575 3071 689 3103 Uti-ubi
700 3097 707 3110 ‚
726 3075 928 3113 poll'ess'oruui
941 3082 1048 3120 appel·
1084 3079 1205 3119 peculio.

168 3117 290 3149 latione
307 3114 636 3152 comprehenduntur.
662 3123 693 3144 at
712 3124 821 3147 contra
843 3119 920 3151 sedit
941 3120 1045 3161 Ulpia.

168 3167 231 3194 no,
254 3155 293 3185 ab
309 3156 458 3187 omnibus
476 3156 527 3196 qui
547 3163 658 3186 tenent
678 3155 708 3186 &
725 3156 843 3188 habent
861 3159 1044 3194 restituendi

167 3198 373 3237 facultatem,
389 3198 456 3238 peti
469 3197 573 3239 poffe:
592 3197 742 3230 suadente
751 3197 900 3231 Praetoris
917 3210 1043 3242 mente,

1132 3120 1203 3152 Huc
1219 3130 1319 3161 usque
1339 3121 1481 3161 ostendi,
1505 3125 1592 3163 quod
1617 3124 1660 3154 rei
1681 3119 1852 3165 vindicatio
1868 3123 1960 3153 datur

1088 3162 1235 3193 adversus
1262 3163 1477 3204 possessorem.
1502 3174 1600 3203 porro
1624 3165 1732 3194 addam
1748 3185 1756 3197 ,
1790 3163 1959 3202 aliquando

1087 3204 1183 3237 etiam
1201 3205 1267 3237 dari
1283 3205 1428 3238 adversus
1444 3214 1516 3237 eum
1536 3206 1590 3245 qui
1607 3213 1672 3237 non
1688 3202 1840 3244 poffidet3
1858 3204 1957 3235 modo
1999 3206 2002 3211 “

1911 3242 1957 3274 fe-

2033 1536 2035 1574 l
