2036 3495
203 110 272 156 576

199 207 281 239 pore
306 202 359 227 aut
385 192 610 234 conditione?
631 191 694 223 fuit
720 192 771 224 hie
795 193 899 233 aliqua
923 191 1079 226 Veterum

202 237 356 270 haefitatio
379 243 472 274 quam
498 234 549 265 sua
572 233 731 265 decisione
747 233 868 265 sustulit
888 234 966 274 Imp.
992 234 1080 273 Justi-

202 287 314 311 manus
329 277 359 307 in
376 275 396 305 l.
414 284 457 306 12.
472 274 504 306 C.
523 276 556 305 de
573 273 750 315 usufructu,
767 275 861 317 digna
878 284 948 315 quie
965 275 1016 307 hic
1029 285 1083 308 ex·

202 321 358 361 plicetur,
382 315 413 347 &
437 316 635 348 emendetur.
660 316 756 347 verba
778 316 983 356 imperatoris
1001 317 1079 349 sunt.

204 353 438 399 Ambiguitatem
453 358 570 398 antiqui
580 357 661 398 juris
676 358 834 389 decidentes
845 359 1027 397 ,sentimum
1038 357 1080 397 si-

204 410 240 432 ve
255 402 318 441 quis
335 398 423 429 uxori
435 399 511 437 luae,
527 397 592 436 five
614 399 665 430 alii
680 400 844 441 cuicunque
866 399 1083 440 usumfructum

204 441 353 482 reliquerit
363 441 421 480 Jub
446 446 519 471 certo
540 446 680 481 tempore,
704 442 736 472 in
752 443 827 483 quod
841 443 887 472 vel
897 440 983 481 filius
1000 442 1079 483 ejus,

204 483 251 514 vel
266 484 331 522 quis
353 491 420 512 uam
437 481 512 512 alius
523 484 706 522 pervenerit,
721 480 804 522 stare
820 482 1034 522 usumfructum
1052 484 1083 514 in

206 533 298 555 annos
328 491 471 564 anulos]
484 546 493 562 ,
511 524 542 554 in
560 533 631 563 quos
648 521 762 563 testator
771 522 900 565 statuit:
915 523 981 562 five
991 530 1082 565 perso-

204 575 262 604 na,
279 566 311 595 de
329 566 415 606 cujus
429 570 511 596 aetate
526 563 706 605 compofitum
721 563 776 605 est,
804 567 842 596 ad
864 574 925 596 eam
943 573 1081 606 pervene-

203 608 261 645 rit,
279 605 343 645 five
368 615 436 637 non.
483 606 587 647 Neque
602 606 678 636 enim
693 609 730 636 ad
745 607 840 637 vitam
855 606 976 637 bominis
997 615 1084 646 respe-

201 650 266 687 xit,
288 649 336 685 led
358 654 439 678 certa
463 647 629 678 curricula.-
651 645 707 684 nisi
729 648 805 688 ipse,
829 649 878 678 cui
896 647 1083 688 ususfructus

197 689 315 731 legatus
331 688 387 728 fit.
416 690 451 720 ab
472 689 525 719 buc
550 689 612 719 luce
620 688 718 728 fuerit
725 687 918 729 subtrahitis:
942 695 1013 720 tunc
1030 696 1082 720 ete-

202 734 262 769 nim
277 733 314 763 ad
327 729 520 771 posterttatem
535 729 597 770 ejus
613 729 829 770 usumfrufflum
849 732 1012 762 transmitti
1026 741 1083 762 non

202 769 242 811 el}
261 772 413 815 [penitus]
424 768 568 811 poffibile:
586 780 652 802 cum
670 778 759 802 morte
776 771 992 812 usumfructum
1004 774 1084 813 peni-

204 820 252 845 tus
278 814 433 854 extingui,
456 813 532 852 juris
556 813 716 843 indubitati
741 812 786 848 lit.
811 813 841 855 §.
865 822 891 844 1.
919 813 970 844 Sin
988 820 1085 845 autem

204 855 272 886 talis
287 857 385 893 fuerit
410 855 515 893 inserta
538 855 682 892 conditio,
708 853 808 886 Donec
824 857 854 885 in
864 855 969 894 furore
980 855 1084 895 filius,

202 897 250 927 vel
266 897 341 927 alius
364 896 519 937 quisquam
541 898 726 931 remanserit:
756 897 802 927 vel
818 898 848 926 in
865 898 930 927 ciliis
939 895 1085 934 fimilibus

203 936 334 976 casibus‚·
350 947 471 978 quorum
488 944 608 968 eventus
625 939 658 968 in
673 941 779 968 incerto
790 936 851 975 fit:
865 937 1003 979 Equidem
1017 937 1082 977 resi-

200 981 298 1020 puerit
310 978 414 1018 filius‚
438 979 484 1010 vel
506 980 598 1017 cilius,
620 985 671 1018 pro
690 989 743 1019 quo
761 979 810 1010 boc
832 979 941 1010 (lictum
960 978 1016 1020 est,
1038 980 1084 1011 vel

204 1022 327 1052 conditio
345 1021 495 1060 extiterit,
512 1020 726 1060 usumfructum
738 1020 842 1059 finiri.-
863 1019 907 1056 fin
925 1029 1020 1052 autem
1035 1023 1083 1052 crd-

204 1064 261 1094 huc
277 1065 302 1093 is
317 1063 350 1095 in
361 1063 469 1102 furore
485 1059 658 1103 constitutus
676 1062 836 1102 decefferit,
867 1068 938 1094 tunc
957 1062 1039 1103 quafi
1053 1064 1085 1094 in

204 1103 422 1144 usufructuarii
439 1104 531 1134 vitam
553 1113 581 1134 eo
600 1102 696 1142 relicto
709 1126 718 1142 ‚
742 1113 855 1135 manere
871 1104 1085 1144 usumfructum

203 1147 284 1186 apud
296 1155 368 1177 eum.
394 1142 469 1176 Cum
484 1146 561 1181 enim
573 1143 696 1185 poffibile
714 1152 775 1176 erat
791 1155 881 1187 usque
895 1147 932 1176 acl
947 1156 1026 1176 omne
1040 1147 1083 1177 vi·

204 1193 241 1218 tte
257 1192 369 1228 tempus
384 1185 605 1226 usufructuarii
619 1196 676 1217 non
693 1187 827 1225 adsuam
845 1193 965 1218 mentem
985 1188 1083 1218 venire

195 1229 350 1269 furentem
359 1251 368 1267 ,
376 1228 431 1259 ,vel
440 1228 628 1259 conditionem
638 1228 763 1268 impleri:
780 1227 1011 1268 bunianiffimum
1026 1226 1064 1269 est
1072 1251 1081 1267 ,

202 1270 242 1301 ad
259 1271 354 1300 vitam
374 1279 471 1300 eorum
489 1268 706 1309 usumfrustum
721 1271 847 1301 extendi.
893 1270 1083 1312 Quemadmo-

205 1312 275 1344 dum
290 1309 429 1351 eteriingf
445 1310 588 1350 decefferit
605 1310 845 1349 usufructuarius
862 1311 1083 1351 anteimpletum

204 1331 482 1390 condicionenz‚‘3z›el
501 1352 632 1391 furorem
640 1351 783 1392 finitum,
805 1353 991 1394 extinguitur
1004 1353 1084 1393 usus-

196 1392 322 1434 fructus
340 1404 350 1425 .·
380 1395 423 1424 ita
445 1393 604 1424 humanum
628 1391 667 1434 est
688 1395 806 1424 extendi
825 1403 889 1424 eum
910 1396 942 1424 in
966 1394 1085 1433 usufru—

205 1433 314 1466 &uarii
334 1436 446 1473 vitam,
470 1433 521 1472 etsi
543 1441 631 1465 antea
650 1433 791 1474 decefferit
806 1436 940 1474 furiosus
964 1435 1011 1465 vel
1025 1435 1085 1466 alia

204 1477 329 1507 conditio
349 1476 507 1515 defecerit„
540 1475 576 1506 In
594 1475 654 1505 hac
672 1475 742 1515 lege
760 1476 825 1506 duo
843 1484 1018 1507 occurrunt
1034 1485 1083 1507 ca-

202 1515 262 1549 susj
288 1516 373 1556 prior
386 1515 453 1548 talis
471 1515 527 1546 est.
552 1514 705 1547 Testator
722 1518 812 1548 uxori
831 1517 882 1548 vel
897 1517 949 1548 alii
966 1518 1084 1558 legavit

202 1556 431 1588 usumfructum
456 1555 511 1588 sub
534 1564 627 1588 certo
645 1558 794 1597 tempore
812 1558 845 1590 in
866 1559 955 1599 quod
974 1568 1084 1600 perve-

201 1599 287 1631 nerit
306 1598 371 1638 ejus
389 1597 491 1629 filius:
508 1597 540 1629 id
566 1597 629 1637 est,
653 1599 760 1630 donec
778 1598 834 1631 fiat
852 1601 970 1641 pubes,
994 1601 1084 1631 verbi

200 1639 311 1681 gratia.
340 1639 367 1670 is
391 1637 472 1671 filius
497 1642 633 1672 moritur
655 1640 813 1681 impubes.
855 1642 1027 1681 quaeritur3
1050 1651 1082 1673 u-

200 1688 286 1713 trum
303 1680 370 1721 ejus
387 1688 493 1712 morte
508 1682 712 1722 extinguatur
729 1681 943 1723 ususfructus;
958 1692 995 1714 an
1013 1683 1084 1724 post

200 1731 341 1755 mortem
359 1722 426 1762 ejus
444 1722 537 1754 duret
552 1723 591 1754 ad
609 1731 736 1764 tempus
753 1718 945 1757 testamento
956 1734 1083 1766 expres-

199 1762 295 1796 sum?
318 1762 419 1795 Erant
434 1765 488 1805 qui
506 1769 673 1804 putarent,
691 1764 917 1798 usumfruttum
934 1764 990 1798 filii
1003 1776 1084 1798 mor-

201 1813 235 1837 te
263 1806 433 1847 extingui:
459 1805 542 1846 quafi
568 1805 700 1837 testator
723 1815 814 1847 aeque
838 1807 877 1838 ad
904 1806 958 1839 filii
985 1808 1083 1840 vitam

201 1846 398 1888 respexerit,
420 1855 526 1891 atque
540 1848 580 1878 ad
598 1855 725 1888 ternpus
743 1848 934 1880 testamento
952 1858 1082 1890 expres·

198 1887 282 1922 sum.
316 1889 398 1921 adeo
417 1888 550 1928 perinde
568 1887 648 1927 effe,
667 1898 702 1921 ac
720 1888 741 1921 fi
757 1890 866 1932 legato
884 1889 954 1922 insit
971 1892 1082 1923 condi-

201 1931 269 1968 tio;
293 1937 345 1969 ut,
369 1929 389 1961 fi
407 1930 489 1962 filius
507 1929 765 1972 decesserit-ante
784 1931 815 1963 id
835 1939 982 1973 tempus,
999 1931 1082 1964 usus-

198 1971 321 2004 fructus
345 1971 450 2003 statim
475 1973 678 2012 extinguatur
693 1971 710 2004 ‘2
732 1971 899 2012 juvabatur·
923 1973 993 2005 haec
1018 1974 1083 2006 sen-

201 2013 301 2045 tentia
325 2023 365 2044 eo
387 2022 395 2044 ε
425 2013 512 2054 quod
535 2014 604 2045 dies
628 2014 768 2045 incertus
795 2015 911 2046 dicitur
935 2015 964 2046 in
992 2016 1082 2047 testa-

202 2062 314 2086 mento
339 2055 448 2086 facere
474 2055 696 2094 conditionem
721 2054 739 2086 l.
764 2064 812 2095 75.
835 2054 875 2086 D.
895 2056 928 2086 de
944 2058 1081 2088 conditio·

203 2098 288 2127 nibus
306 2095 343 2130 ὅ)
369 2094 677 2137 demonstrationibus,
701 2096 720 2126 l.
739 2100 788 2138 30.
805 2096 834 2138 ὃ,
853 2106 882 2136 4.
900 2096 942 2128 D.
958 2098 990 2128 de
1007 2098 1081 2139 lega·

202 2138 240 2167 tis
255 2138 303 2168 lib.
325 2147 351 2169 1.
375 2147 475 2177 porro
495 2138 653 2171 incertum
671 2136 735 2176 est,
754 2146 860 2173 utrum
877 2146 1029 2171 venturus
1045 2138 1082 2171 fit

202 2178 242 2209 ad
256 2178 462 2218 pubertatem
486 2178 586 2221 filius,
610 2188 647 2210 an
666 2188 730 2210 non
750 2178 785 2217 fit
802 2179 821 2211 l.
842 2189 890 2211 22.
910 2179 951 2210 D.
980 2179 1084 2224 Quan-

201 2220 237 2250 do
255 2220 314 2250 dies
331 2220 511 2260 legatorum,
534 2220 554 2251 l.
574 2230 624 2258 40.
650 2220 669 2261 ᾖ
700 2230 728 2251 2.
748 2220 789 2251 D.
823 2222 857 2252 de
875 2222 1084 2259 conditionibus

204 2260 241 2295 ἐξ
256 2259 555 2301 demonstrationibus.
574 2262 764 2294 credebatur
776 2262 870 2303 igitur
884 2262 1016 2295 testator
1031 2265 1081 2296 ad-

201 2300 309 2343 jecisse
327 2310 454 2342 tempus
482 2298 681 2343 pubertatis,
704 2311 738 2333 ut
762 2303 974 2344 longrffimum
994 2306 1085 2337 dura-

205 2343 475 2378 turinsusfructus
494 2337 636 2384 spatium.
669 2344 793 2385 prorsus
811 2353 845 2376 ut
863 2345 883 2376 si
899 2355 973 2377 ante
989 2347 1084 2378 mori-

203 2384 274 2416 a‘tur
290 2383 391 2417 filius:
414 2394 488 2419 ante
504 2385 706 2426 extinguatur
723 2385 925 2427 ususfructus.
951 2395 1083 2428 eratque

199 2425 265 2457 hoc
288 2436 329 2458 eo
355 2426 579 2467 probabilius,
617 2428 705 2467 quod
730 2426 753 2459 fi
775 2428 869 2467 aliter
893 2430 1083 2468 interprete-

201 2476 290 2505 mur,
308 2468 400 2508 poffit
416 2469 532 2499 metui:
555 2478 595 2506 ne
612 2477 784 2509 numquam
802 2468 929 2501 finiatur
947 2470 1083 2503 ususfru-

204 2508 294 2547 ctus3
318 2518 706 2551 numquamvperventuro
734 2510 772 2542 ad
788 2520 886 2544 annos
908 2512 1082 2551 pubertatis

201 2548 270 2580 filio
287 2551 338 2590 qui
357 2550 400 2582 est
420 2559 564 2583 mortuus
574 2552 608 2592 fd.
619 2550 638 2583 l.
652 2561 702 2583 22.
727 2551 803 2584 Hoc
815 2562 874 2593 pro
891 2553 941 2585 illa
959 2553 1082 2585 senten—

201 2591 255 2622 tia.
294 2592 356 2622 Sed
376 2601 486 2624 contra
503 2593 623 2632 placuit
638 2592 813 2632 justiniano
830 2596 858 2625 cl.
876 2594 894 2626 l.
917 2604 971 2633 12,
996 2595 1081 2627 hunc

198 2631 446 2672 usumfructum,
464 2634 559 2675 etiarn
577 2643 706 2666 mortuo
723 2633 789 2666 filio
801 2658 810 2674 ,
831 2635 910 2667 stare
930 2637 960 2667 in
979 2646 1078 2669 annos

198 2675 232 2705 in
250 2682 332 2712 quos
350 2673 481 2709 testator
500 2674 625 2714 statuit3
649 2675 731 2717 quali
757 2677 782 2707 is
804 2686 871 2716 non
897 2685 959 2708 tam
977 2677 1078 2718 respe-

198 2715 285 2748 xerit
301 2714 339 2745 ad
357 2714 412 2746 filii
432 2716 548 2754 vitam,
567 2726 662 2756 quam
682 2718 720 2749 ad
740 2725 865 2758 tempus
884 2719 1076 2751 testamento

201 2754 393 2796 expressum.
416 2756 570 2795 judicavit
588 2759 684 2799 igitur
702 2758 898 2799 Imperator,
922 2760 1077 2793 usumfru-

199 2797 286 2831 ctum
300 2798 333 2832 ,in
345 2791 509 2837 proposito
526 2801 625 2840 magis
635 2809 719 2840 pure-
729 2800 791 2832 ess'e
806 2801 950 2834 relictum
962 2825 971 2841 ,
983 2811 1077 2843 quam

196 2838 253 2876 sub
274 2837 489 2882 condition&
514 2847 704 2882 tempusque
728 2852 768 2875 eo
793 2842 920 2874 fruendi
947 2845 1076 2876 demum

197 2878 284 2918 finiri
308 2879 487 2919 pubertate
502 2879 567 2911 filii.
596 2890 693 2921 atque
716 2884 759 2914 ita
782 2884 852 2916 est:
877 2884 1008 2916 testator
1033 2886 1076 2917 le-

190 2919 529 2964 ·gans‘usumfr'uctum
545 2944 554 2958 ,
576 2922 680 2953 donec
706 2923 790 2956 filius
814 2926 922 2967 ueniat
946 2927 985 2958 ad
1011 2936 1077 2959 cer-

197 2971 436 3002 tamvaetatem-,r
453 2969 545 3002 puta,
563 2963 783 3004 pubertatem,
801 2976 865 2998 non
882 2968 1020 3007 respexit
1036 2969 1076 3000 ad

195 3003 356 3037 incertum
376 3005 465 3039 :vitae'
481 3001 564 3042 filii;
589 3002 640 3034 sed
665 3007 702 3035 ad
729 3016 815 3037 certa
839 3009 992 3040 curricula
1009 3033 1018 3047 ,
1044 3011 1075 3041 id

198 3047 264 3084 est,
288 3046 326 3077 ad
343 3045 466 3077 certum
481 3047 635 3076 annorum
653 3054 819 3081 numerum
831 3059 846 3078 a
865 3048 1075 3092 filioimplen-

198 3089 295 3126 dum,
314 3097 378 3118 non
396 3092 430 3118 ut
447 3084 806 3128 incipiatususfrutius,
822 3088 873 3120 sed
887 3100 919 3121 ut
936 3091 1074 3124 finiatur.

197 3130 290 3169 igitur
315 3128 335 3160 si
361 3129 448 3159 vivat
464 3123 548 3159 filius
563 3128 602 3158 ad
619 3127 651 3158 id
675 3134 820 3168 tempus:
844 3127 971 3164 finietur
994 3134 1077 3165 usus·

195 3169 327 3209 fructus.
362 3169 382 3201 fi
405 3174 471 3201 non
497 3169 584 3200 vivat
608 3167 690 3199 filius
710 3169 799 3201 adid
816 3177 961 3210 tempus:
985 3176 1076 3206 dura.

195 3211 243 3243 bit
268 3206 309 3243 ad
330 3211 363 3243 id
389 3218 516 3252 tempus
539 3209 731 3244 ususfructus
748 3209 832 3252 quafi
853 3213 995 3247 nondum
1010 3216 1077 3247 exi-

747 104 1114 144 ,GERA‘Rnr
1164 108 1398 147 NoonT

1123 197 1226 231 stente
1247 199 1437 232 conditione
1451 207 1512 241 qua
1529 198 1666 232 finiatur.
1713 201 1755 234 At
1770 203 1854 240 enim
1872 207 1937 241 dies
1953 209 1998 242 in·

1125 248 1230 273 certus
1249 243 1280 272 in
1297 241 1486 274 testamento
1510 240 1590 272 facit
1613 242 1846 279 conditionem.
1891 249 1998 284 Novi:

1126 281 1178 313 sed
1197 291 1261 313 non
1279 282 1324 314 est
1351 283 1490 315 incertus
1508 282 1576 313 dies
1593 284 1728 317 omnino
1744 288 1899 321 extiturus
1916 301 1998 324 anno

1124 332 1240 363 quarto
1257 323 1288 355 &
1306 325 1433 355 decimo
1451 334 1467 354 a
1493 324 1587 355 natali
1608 322 1672 357 filii.
1705 335 1765 358 nec
1790 328 1915 363 interim
1932 332 1999 366 infi-

1126 365 1213 403 cior,
1236 365 1393 397 incertum
1419 365 1481 397 esse
1507 375 1654 397 tenorem
1676 375 1772 408 atque
1791 371 1912 403 exitum
1928 374 1998 405 vite

1125 405 1200 437 filii:
1227 409 1351 438 incerto
1372 431 1382 444 ,
1404 416 1443 439 an
1470 408 1621 438 veniente
1647 408 1704 439 illo
1721 410 1773 441 die
1790 411 1825 442 tit
1851 412 1996 448 victurus..

1126 454 1157 477 at
1182 447 1246 478 hoc
1270 448 1346 486 quid
1366 447 1444 480 facit
1466 449 1504 479 ad
1525 457 1590 480 rem
1610 448 1824 489 praesentem?
1847 454 1901 485 ubi
1919 455 1998 497 lega·

1126 495 1176 520 tus
1192 488 1237 519 est
1255 488 1463 522 ususfructus:
1486 499 1551 521 non
1567 491 1643 522 dum
1660 492 1775 524 vixerit
1792 492 1874 526 filius
1892 496 1930 527 ad
1946 505 1996 530 an*

1127 539 1201 561 num
1221 531 1380 562 decimum
1397 539 1564 571 quartum:
1584 531 1635 563 sed
1653 534 1759 564 donec
1775 537 1836 566 erit
1852 544 1996 577 quatuor-

1127 571 1230 602 decim
1258 581 1423 604 annorum.
1452 574 1548 613 idque
1576 574 1709 612 perinde
1733 576 1837 616 valet,
1860 577 1942 618 quasi
1955 580 1998 612 di-

1126 613 1209 643 xerit
1227 612 1374 645 testator:
1402 613 1455 645 Do
1475 615 1547 654 lego
1565 615 1621 646 tibi
1641 615 1870 657 usumfructum
1892 620 1930 651 ad
1951 627 1997 654 tot

1126 662 1244 691 annos,
1268 662 1349 694 quot
1373 654 1442 686 filio
1459 656 1591 695 delusit,
1616 665 1648 687 ut
1667 659 1766 697 pubes
1784 658 1848 691 fiat.
1875 662 1996 701 quodss

1128 693 1190 726 est:
1209 704 1272 726 non
1290 695 1416 736 respicit
1432 696 1564 728 testator
1579 698 1618 729 ad
1637 699 1774 731 hominis
1792 702 1888 734 vitam
1906 710 1995 742 quam

1128 734 1253 767 necesse
1268 735 1304 767 sit
1319 737 1450 776 durare,
1474 745 1508 768 ut
1529 739 1632 770 valeat
1649 739 1859 774 ususfructus:
1887 743 1939 775 sed
1962 745 1995 778 ad

1128 785 1216 809 certa
1233 787 1389 810 annorum
1406 780 1562 810 curricula
1585 781 1698 820 quibus
1715 782 1853 822 impletis
1873 786 1996 819 demum

1127 818 1256 850 finiatur
1274 817 1472 852 ususfructus.
1504 821 1546 852 At
1564 821 1721 861 legatum,
1746 833 1819 855 cum
1832 824 1914 856 filius
1933 835 1997 867 per·

1127 861 1253 892 venerit
1269 862 1306 891 ad
1332 871 1448 892 annum
1475 870 1620 901 quartum
1641 864 1670 894 Ge
1689 866 1868 903 decimum,
1893 869 1996 900 condi-

1129 902 1247 934 tionale
1266 901 1327 933 esse
1345 903 1460 934 dicitur
1477 903 1556 934 locis
1574 913 1647 935 ante
1666 905 1776 937 allatis.
1802 906 1866 938 Nifi
1884 908 1996 950 refert,

1127 943 1215 983 quod
1250 943 1310 974 illis
1340 943 1495 984 adjectum
1520 952 1644 986 tempus
1669 946 1713 978 est
1738 956 1797 987 pro
1824 950 1959 981 terr'nino
1977 960 1995 983 a

1127 993 1192 1025 quo
1210 985 1341 1023 incipiat
1366 986 1503 1026 legatum
1529 985 1611 1018 effe:
1635 988 1723 1027 quod
1742 998 1868 1029 tempus
1890 992 1994 1023 condi-

1128 1027 1251 1057 tionem
1278 1025 1367 1058 facit.
1400 1027 1451 1059 sed
1476 1028 1505 1059 in
1529 1029 1694 1068 proposito
1717 1030 1855 1069 adjectus
1874 1031 1918 1064 est
1934 1034 1995 1067 ⁴dies

1128 1076 1187 1108 pro
1200 1069 1338 1099 termino
1357 1069 1395 1100 ad
1413 1078 1507 1109 quem
1527 1071 1637 1101 durare
1658 1071 1774 1102 debeat
1792 1072 1993 1107 ususfructus:

1128 1108 1182 1149 qui
1209 1110 1361 1141 terminus
1386 1111 1430 1141 est
1459 1112 1551 1150 legati
1571 1120 1648 1150 pure
1666 1113 1775 1144 relidi.
1802 1114 1890 1145 datus
1908 1115 1996 1156 igitur

1127 1149 1241 1182 hocin
1262 1150 1332 1182 casu
1349 1151 1394 1182 est
1421 1151 1613 1184 ususfructus
1639 1163 1736 1193 pure;
1760 1155 1788 1185 ἃ
1813 1156 1948 1195 adjectus
1969 1158 1994 1189 ei

1126 1192 1193 1222 dies
1211 1199 1333 1223 tantum
1360 1196 1500 1231 pertinet
1518 1195 1556 1225 ad
1573 1194 1744 1227 finiendum
1763 1195 1994 1231 usumfructum.

1125 1232 1168 1263 ita
1181 1234 1308 1264 videtur
1325 1233 1513 1267 ususfructus
1525 1259 1533 1271 ‚
1552 1244 1683 1276 propter
1702 1238 1766 1277 ejus
1777 1239 1838 1269 diei
1857 1240 1996 1279 adjectio-

1126 1282 1219 1312 nem,
1243 1275 1343 1315 magis
1366 1274 1419 1306 sub
1444 1277 1634 1308 conditione
1658 1279 1798 1317 resolvi,
1828 1289 1920 1319 quam
1947 1280 1995 1313 sub

1128 1315 1318 1347 conditione
1335 1317 1478 1357 relinqui.
1503 1317 1669 1349 Postremo
1686 1329 1750 1350 non
1769 1321 1890 1353 obstat:
1915 1323 1996 1361 quod

1128 1356 1222 1395 poffit
1239 1357 1356 1395 metui;
1374 1368 1412 1389 ne
1429 1359 1598 1399 aliquando
1616 1369 1678 1391 non
1696 1364 1896 1402 extinguatur
1917 1363 1996 1394 usus-

1127 1396 1258 1429 fructus.
1303 1397 1380 1431 Non
1405 1400 1489 1432 enim
1514 1402 1604 1432 datus
1623 1401 1667 1433 cst
1684 1403 1722 1434 ad
1741 1404 1836 1435 vitam
1857 1403 1909 1434 filii
1928 1414 1997 1444 qua-

1129 1439 1307 1470 tuordecim
1332 1450 1431 1472 annos
1459 1443 1522 1472 nati
1548 1442 1576 1473 &
1596 1450 1661 1473 tum
1679 1443 1866 1484 superstitis:
1894 1445 1945 1476 sed
1963 1446 1997 1479 ad

1129 1488 1198 1510 eam
1224 1488 1349 1513 aetatem
1377 1481 1451 1521 filii,
1475 1482 1538 1514 sive
1564 1485 1702 1522 mortui,
1730 1485 1794 1516 sive
1819 1485 1996 1527 superstitis,

1128 1519 1210 1552 Haec
1228 1531 1286 1561 pro
1302 1522 1465 1562 justiniani
1485 1524 1653 1558 sententia.
1696 1525 1826 1566 Excipit
1850 1536 1954 1559 tamen
1974 1530 1997 1561 is

1126 1561 1306 1603 Imperator
1324 1564 1355 1595 in
1374 1565 1401 1595 d.
1419 1565 1438 1595 l.
1463 1574 1508 1597 12.
1545 1565 1616 1603 Nifi
1633 1567 1688 1607 ipse
1704 1569 1750 1598 cui
1763 1567 1948 1608 ususfructus
1959 1569 1996 1601 le,-

1123 1609 1214 1644 gatus
1233 1602 1291 1643 fit,
1317 1607 1352 1636 ab
1373 1605 1425 1638 hac
1445 1606 1508 1637 luce
1525 1607 1623 1646 fuerit
1641 1608 1820 1647 subtractus:
1843 1612 1912 1651 quia
1930 1611 1996 1648 tuni}

1125 1645 1165 1676 ad
1173 1642 1367 1685 posteritatem
1396 1647 1457 1688 ejus
1479 1650 1641 1680 transmitti
1655 1649 1868 1690 usumfrutiurn
1883 1662 1939 1683 non
1960 1650 1997 1693 esst

1120 1687 1240 1726 penitus
1250 1685 1384 1727 poffibile.
1429 1688 1509 1721 Satis
1533 1690 1627 1721 clare.
1665 1690 1720 1722 nisi
1738 1692 1922 1724 nubeculam
1940 1697 1996 1725 ob·

1127 1727 1275 1759 tenderet
1291 1728 1435 1761 Scaevola
1451 1730 1470 1761 l.
1490 1740 1538 1771 ⁷5.
1556 1730 1599 1764 D.
1616 1732 1648 1762 a'e
1665 1734 1718 1770 usu
1735 1732 1771 1767 ὅ)
1792 1734 1946 1773 usufructu
1961 1735 1996 1766 le·

1123 1774 1209 1809 gato,
1222 1769 1329 1801 verbis
1346 1743 1561 1810 sequentibus.
1604 1769 1702 1805 Uxori
1719 1775 1930 1814 usumfructum
1944 1777 1995 1808 vil·

1126 1810 1158 1841 lte
1174 1810 1286 1852 legavit
1300 1813 1330 1842 in
1348 1814 1579 1855 quinquennium
1599 1825 1617 1846 a
1631 1817 1676 1846 die
1693 1819 1791 1847 mortis
1798 1820 1878 1856 Juae:
1901 1818 1994 1852 deinde

1125 1852 1183 1884 haec
1198 1854 1286 1884 verba
1303 1855 1426 1895 adjecit,
1450 1854 1486 1889 δέ’
1499 1855 1613 1896 peracto
1625 1857 1822 1899 quinquennio
1833 1882 1841 1897 ,
1857 1868 1920 1889 cum
1937 1860 1994 1901 ejus

1126 1893 1311 1932 ususfrucius
1327 1894 1377 1935 effe
1390 1894 1518 1935 deflerit,
1534 1903 1605 1929 tum:
1623 1908 1687 1929 eum
1695 1899 1828 1938 fundum
1845 1899 1888 1931 illi
1906 1900 1941 1935 δέ’
1955 1899 1994 1932 illi

1126 1935 1235 1965 libertis
1257 1936 1324 1966 (lari
1343 1937 1416 1969 volo.
1463 1938 1620 1982 „Quoefitum
1645 1937 1710 1980 est,
1734 1950 1800 1971 cum
1823 1951 1898 1972 uxor
1922 1944 1994 1973 imm

1125 1977 1359 2017 quinquennium
1373 1979 1532 2019 deceffertt,
1556 1991 1593 2011 an
1609 1981 1717 2011 libertis
1733 1984 1915 2020 proprietatis
1931 1985 1994 2024 peti·

1124 2018 1165 2047 zio
1177 2018 1260 2059 jam,
1279 2028 1318 2049 an
1334 2029 1400 2050 vero
1416 2021 1527 2061 impleto
1544 2023 1739 2062 quinquennio
1759 2030 1895 2063 corripetat
1908 2036 1916 2055 .·
1931 2025 1995 2065 quia

1119 2058 1236 2097 peraeto
1258 2060 1453 2100 quinquennio
1478 2060 1592 2101 testator
1605 2065 1806 2103 proprietatem
1823 2064 1994 2106 legaverat?

1124 2098 1301 2139 Respondit,
1315 2099 1378 2142 post
1394 2103 1560 2142 completum
1575 2106 1804 2145 quinquennium
1811 2107 1945 2145 fundum
1961 2107 1994 2138 ad

1124 2140 1238 2171 libertos
1249 2143 1404 2181 pertinere.
1437 2144 1499 2176 Sed
1518 2147 1621 2176 tenuis
1643 2147 1692 2176 illa
1711 2147 1827 2186 nubes3
1851 2156 1887 2178 ac
1901 2147 1993 2180 facile

1127 2181 1337 2214 transmissura
1353 2184 1702 2218 lucem2animadverso
1713 2211 1721 2226 ‚
1733 2188 1821 2219 aliam
1838 2188 1899 2220 esse
1915 2188 1992 2220 Scat-

1127 2223 1209 2260 volae
1228 2247 1238 2262 ,
1269 2233 1363 2264 quam
1389 2225 1592 2267 Imperatoris
1608 2251 1617 2265 ‚
1642 2227 1788 2268 speciem.
1820 2229 1889 2261 sane
1915 2230 1992 2271 apud

1126 2264 1303 2297 Scaevolam
1315 2266 1446 2299 testator
1464 2270 1553 2300 uxori
1570 2270 1688 2310 legavit
1700 2269 1923 2302 usumfructum
1940 2271 1992 2303 vil-

1128 2307 1168 2338 ]ae
1186 2307 1216 2338 in
1234 2308 1487 2350 quinquennium
1505 2312 1713 2351 continuum,
1737 2313 1961 2345 numerandum
1975 2321 1992 2344 a

1128 2349 1181 2379 die
1207 2349 1319 2381 mortis
1342 2349 1420 2390 suae3
1445 2352 1474 2382 &
1499 2352 1629 2392 adjecit,
1657 2353 1697 2384 Et
1709 2353 1823 2393 peracto
1841 2355 1993 2396 quinquen-

1127 2390 1194 2428 nio,
1210 2399 1275 2421 cum
1283 2391 1345 2431 ejus
1362 2392 1547 2431 ususfructus
1563 2394 1613 2434 effe
1628 2393 1756 2434 deflerit,
1773 2402 1843 2426 tunc
1851 2396 1992 2436 eumfunss·

1125 2431 1195 2461 dum
1219 2431 1264 2461 illi
1288 2431 1325 2466 {9⁹
1347 2434 1391 2464 illi
1414 2434 1523 2465 libertis
1547 2436 1613 2466 dari
1635 2436 1709 2467 volo.
1755 2436 1932 2478 Quaeritur-3
1954 2445 1988 2468 an

1125 2479 1252 2503 mortua
1274 2473 1355 2504 intra
1382 2476 1634 2515 quinquennium
1662 2487 1782 2516 uxore,
1806 2477 1922 2510 fundus
1943 2480 1991 2510 de-

1127 2513 1201 2544 beat
1213 2514 1335 2546 libertis
1354 2515 1456 2547 statim
1473 2516 1618 2549 restitui?
1642 2527 1736 2560 negat
1748 2519 1907 2552 Scaevola:
1923 2521 1989 2560 quia

1123 2554 1246 2587 libertis
1271 2554 1386 2588 fundus
1408 2558 1453 2588 est
1478 2559 1603 2591 relictus
1629 2569 1668 2591 ex
1691 2561 1753 2592 die.
1790 2560 1989 2602 exspectanda

1125 2596 1223 2636 igitur
1237 2595 1282 2628 est
1301 2598 1386 2636 dies;
1404 2597 1454 2630 sed
1477 2599 1633 2639 postrema
1653 2603 1878 2642 quinquennii:
1903 2610 1990 2642 quam

1122 2636 1278 2678 fignificat
1294 2639 1413 2679 adjecta
1431 2641 1544 2672 vocula
1570 2650 1658 2674 tunc:
1681 2652 1714 2674 ut
1730 2653 1859 2684 apparet
1874 2654 1912 2675 ex
1929 2643 1946 2673 l.
1962 2652 1990 2681 4.

1120 2678 1150 2720 ᾗ.
1171 2688 1198 2711 1.
1220 2678 1260 2710 D.
1281 2682 1314 2710 de
1332 2682 1590 2717 conditionibus&
1607 2682 1897 2724 demonstrationibus.
1923 2683 1988 2716 fun·

1121 2720 1300 2761 dus‘igitur
1324 2731 1365 2753 ex
1390 2721 1546 2755 sententia
1565 2725 1737 2764 Scoevolae,
1763 2726 1817 2758 nifi
1834 2725 1989 2766 completa

1122 2760 1279 2802 postrema
1305 2763 1512 2803 quinquennii
1539 2766 1609 2803 die,
1634 2768 1670 2798 ad
1691 2768 1822 2798 libertos
1841 2777 1903 2799 non
1921 2776 1987 2807 per-

1122 2803 1220 2834 tinet:
1238 2803 1268 2834 id
1281 2803 1342 2842 est,
1358 2803 1474 2837 fundus
1486 2816 1526 2838 ex
1539 2806 1779 2846 fideicommiffo
1795 2809 1839 2840 eis
1859 2818 1921 2840 non
1937 2808 1987 2838 dea

1119 2844 1233 2882 betur,
1251 2845 1304 2876 nisi
1326 2848 1484 2879 transacto
1497 2851 1735 2889 quinquennio:
1750 2851 1780 2881 &
1795 2848 1918 2881 interim
1936 2848 1988 2879 he-

1122 2886 1205 2917 redis
1221 2885 1267 2917 est
1294 2887 1390 2926 pleno
1407 2889 1485 2928 jure.
1532 2888 1675 2923 Tantum
1692 2893 1732 2923 de
1754 2892 1857 2932 priore
1872 2889 1939 2921 casu
1958 2889 1990 2922 ds

1120 2926 1140 2958 l.
1165 2936 1210 2958 12.
1230 2927 1262 2958 C.
1281 2929 1314 2958 de
1331 2929 1496 2968 usufructu.

1121 2990 1125 3006 2
1159 2968 1309 3009 Sequitur
1328 2970 1407 3001 alter
1425 2981 1464 3003 ex
1483 2971 1511 3013 §.
1534 2982 1559 3004 1.
1583 2974 1711 3015 ejusdem
1721 2973 1798 3014 legis.
1824 2971 1868 3002 est
1882 2977 1989 3002 autem

1120 3010 1201 3041 talis.
1240 3010 1333 3042 Pater
1351 3011 1467 3044 babens
1489 3013 1586 3046 tilium
1604 3015 1769 3050 furiosum,
1794 3011 1884 3042 Titio
1902 3012 1985 3052 lega-

1120 3052 1167 3083 vit
1194 3050 1421 3085 usumfructum
1441 3053 1550 3093 fundi,
1576 3054 1693 3087 Donec
1711 3051 1888 3084 remanserit
1904 3051 1987 3084 filius‘

1119 3093 1157 3124 in¹
1169 3091 1291 3125 furore.
1329 3094 1353 3124 is
1371 3093 1454 3127 filius
1472 3098 1604 3128 moritur
1619 3097 1652 3127 in
1667 3094 1783 3125 furore.
1817 3095 1983 3132 quaeritur,

1119 3143 1158 3171 an
1186 3133 1379 3166 ususfructus
1405 3135 1532 3169 finiatur
1554 3145 1658 3168 morte
1683 3134 1768 3166 filii?
1797 3134 1985 3173 quaestio-ea

1122 3177 1284 3208 vertitur:
1311 3177 1403 3216 ,quod
1436 3180 1609 3218 reliquerat.
1629 3182 1716 3217 pater
1741 3174 1984 3212 usumfructum,

1121 3216 1240 3250 Donec
1256 3215 1338 3251 filius
1357 3217 1488 3252 fureret.
1511 3227 1542 3252 at
1560 3225 1703 3258 mortuus
1719 3215 1822 3255 filius,
1845 3217 1898 3258 qui
1923 3215 1985 3287 ege

2017 473 2024 492 ἱ
