2052 3487
388 135 470 171 De
514 131 825 168 Foenoite
875 136 946 166 ετ
998 129 1259 167 UstiR1s.

41 237 131 263 mora
157 226 266 261 offic10
288 225 406 268 Judicis
428 225 581 258 debeatur
597 244 607 260 ,
637 227 809 261 numquam
828 218 904 254 dici.

82 273 189 311 Atque
207 270 277 309 illa,
300 270 437 309 opinor,
459 266 541 299 ratio
560 263 624 302 est,
648 272 704 294 cur
720 262 851 294 Titulus
874 265 906 295 in

46 313 169 346 Codice
196 312 225 343 &
252 313 282 343 in
308 308 475 341 Pandeftis
499 306 556 345 fit,
589 304 637 336 De
659 307 775 336 nautico
792 304 907 345 faenore

44 355 159 395 magis,
183 361 276 393 quam
296 350 344 383 De
358 350 484 381 nauticis
500 347 607 386 usuris.
631 355 702 378 nam
721 346 815 377 usurae
834 356 905 377 nau·

45 397 117 427 tica:
135 418 145 434 ,
176 394 226 426 seu
252 392 413 426 maritimae
434 413 444 430 ‚
473 389 535 431 (fic
556 388 756 429 appellantur
770 387 798 434 st·
819 391 848 418 6.
870 387 907 422 ὅ)

47 446 75 477 7.
101 435 143 467 D.
166 437 199 466 de
212 431 471 472 'nataticofoenore)
494 428 800 470 numquamvofficio
821 427 906 468 Judi-

44 479 91 510 cis
108 477 282 516 debentur3
304 475 357 506 sed
373 471 495 515 semper
513 481 552 505 ex
568 471 801 504 conventione.
824 470 906 502 fiaec

1313 129 1417 165 LIB.
1447 128 1474 165 I.
1756 139 1827 176 155

949 228 1018 253 mea
1042 219 1133 251 ratio.
1158 220 1216 252 alia
1235 218 1335 251 utitur
1349 218 1531 258 Salmasius,
1562 215 1610 249 De
1627 217 1724 258 usuris
1746 228 1769 250 c.
1789 229 1821 252 2.

945 268 1015 304 pag.
1032 270 1082 301 24.
1107 270 1201 302 quam
1226 262 1415 293 veriffimam
1443 267 1551 297 vocat.
1583 269 1620 291 ea
1641 261 1721 291 ratio
1747 260 1817 300 est,

950 304 1039 344 quod
1058 304 1089 334 in
1114 304 1278 335 communi
1300 312 1412 334 mutuo
1432 302 1529 334 usurae
1546 311 1677 334 currunt
1694 301 1820 333 succes-

949 346 1034 383 {ive3
1057 345 1087 376 ἃ
1106 354 1166 385 pro
1184 354 1249 376 rata
1267 345 1421 385 temporis
1444 343 1610 375 solvuntur
1630 343 1755 375 seorsim
1778 343 1820 375 ab

950 387 1012 428 ipsa
1030 386 1114 417 sorte
1132 397 1139 417 :
1172 395 1245 418 cum
1269 388 1300 418 in
1327 385 1492 426 trajectitia
1511 386 1647 426 pecunia
1668 383 1722 416 fiat
1740 394 1820 416 con-

949 429 1059 459 ventio
1091 428 1131 459 de
1158 429 1242 459 forte
1269 428 1356 460 simul
1387 437 1460 460 cum
1488 427 1587 459 usuris
1611 426 1763 460 solvenda
1785 426 1819 459 in

949 471 1038 502 exitu
1060 469 1283 511 navigationis.

752 590 966 627 CAPUT
1016 589 1103 628 IV.

42 690 84 731 In
99 692 196 741 usurae
212 698 266 727 aut
270 691 405 739 faenoris
419 687 474 739 usu
491 689 542 735 qui
559 689 677 737 quidem
697 689 841 734 verusfit
857 717 866 733 ‚
900 689 978 724 nihil
993 687 1048 734 effi
1069 688 1148 734 quod
1171 697 1191 722 a
1215 686 1282 722 viro
1309 686 1381 722 hono
1405 684 1447 726 ἐξ
1461 685 1605 734 sapiente
1622 687 1821 734 improbetur.

119 743 280 777 Contraria
304 741 449 784 Catonis,
477 739 653 788 Aristotelis
671 767 679 783 ‚
714 740 836 774 Seurcae
857 766 865 780 ,
901 738 1082 779 Laurentii,
1110 735 1282 782 Ambrosti,
1306 736 1498 786 Augustini,
1528 734 1727 783 Chrffirstomi
1740 763 1751 780 ,
1779 732 1823 775 ἕξ

114 791 301 834 Annorum,
326 789 605 837 Interpretumque,
634 788 729 834 Juris
747 788 909 830 Germanici,
926 786 1097 833 seruantia.

101 896 139 927 ed
156 894 387 936 qualecumque
404 892 440 926 fit
462 891 559 924 usurae
583 899 682 931 genus
700 914 716 936 ,ἢ
740 896 908 930 receptum

47 898 96 970 S
121 936 165 968 est
189 936 283 968 Civili
300 935 378 975 jure.
422 935 472 967 An
496 932 613 965 recte?
636 934 762 965 cenieo.
790 940 860 977 nam
887 930 909 962 fi

48 976 168 1018 spestes
191 977 278 1009 usum
303 986 412 1008 verum
430 1000 439 1014 ‚
473 975 547 1015 quid
567 973 612 1005 est
635 975 723 1014 quod
748 983 765 1005 a
789 972 908 1019 sapien·

50 1025 83 1050 te
100 1019 270 1061 castigetur
292 1017 448 1050 homine?
470 1017 539 1048 fere
557 1016 642 1047 enim
662 1017 745 1056 agit,
777 1022 811 1045 ut
836 1022 909 1045 inae-

50 1062 183 1100 qualitas
208 1069 300 1101 quarn
321 1060 402 1100 parit
419 1059 527 1090 alienae
550 1058 717 1097 perceptio
743 1056 908 1100 utilitatis,

50 1103 143 1133 sortis
168 1102 368 1133 incremento
385 1100 583 1132 emendetur.
608 1099 695 1139 quod
717 1106 788 1128 cum
810 1098 910 1141 domi-

52 1146 180 1175 niorum
197 1141 388 1174 distinstioni
405 1150 497 1181 quam
517 1140 659 1171 humanae
679 1139 758 1170 ratio
778 1136 909 1168 societa-

53 1185 95 1216 tis
114 1194 172 1224 pro
201 1184 362 1215 communi
382 1183 517 1213 utilitate
537 1181 659 1212 invenit
675 1202 686 1218 ,
716 1187 807 1219 aeque
830 1187 908 1209 con-

53 1224 187 1265 sequens
209 1224 268 1263 fit,
297 1232 392 1264 atque
415 1231 521 1254 emere
536 1244 546 1259 ‚
578 1221 718 1251 vendere
734 1243 743 1258 ‚
780 1220 908 1258 locare,

56 1268 256 1304 conducere,
287 1272 464 1304 permutare
478 1286 487 1301 ,
518 1261 671 1293 verifflme
688 1260 872 1292 Marcianus
890 1261 909 1292 l.

56 1316 104 1348 15.
120 1307 162 1338 D.
177 1308 211 1337 cle
227 1304 384 1336 interdictis
400 1304 436 1338 ὅ)
451 1304 582 1344 relegatis
594 1325 604 1342 ,
630 1303 689 1343 juri
700 1301 854 1347 Gentium
873 1312 913 1332 ae-

52 1356 116 1389 que
131 1347 237 1378 foenus
253 1368 263 1385 ,
293 1354 388 1386 atque
409 1352 607 1385 emptionem
622 1366 634 1383 ,
664 1344 885 1375 venditionem
901 1366 912 1382 ,

51 1389 264 1425 locationem,
288 1387 537 1418 conductionem
549 1409 558 1424 ‚
583 1385 613 1416 ἃ
630 1394 734 1416 rerum
752 1393 912 1426 permuta·

54 1430 173 1462 tionem
185 1452 194 1466 ,
216 1436 410 1459 annumerat.
444 1427 492 1459 Ac
508 1427 612 1459 mirari
630 1427 700 1467 quis
718 1427 812 1467 poffit
832 1427 913 1457 lianc

51 1471 101 1504 M.
121 1470 251 1503 Catonis
275 1468 460 1501 sententiam
480 1491 490 1507 ,
520 1468 567 1500 De
588 1478 619 1499 re
635 1466 753 1508 rustica.
797 1467 850 1508 Est
867 1469 910 1498 in-

52 1513 164 1544 terdum
182 1508 315 1552 praestare
336 1512 506 1542 mercaturis
534 1519 593 1541 rem
616 1519 740 1551 quaerere
757 1533 766 1548 ,
798 1511 831 1541 ni
852 1515 912 1541 tam

47 1553 234 1595 periculosum
251 1550 330 1590 fiet,
361 1551 398 1587 ὅ)
421 1555 487 1584 item
502 1551 649 1592 foenerari
665 1573 675 1590 ,
701 1549 729 1590 fi
750 1557 809 1582 tam
825 1552 910 1582 hone-

45 1593 136 1636 stum.
178 1593 309 1635 Majores
331 1594 406 1625 enim
424 1591 566 1633 nostrific
590 1593 753 1624 habuerunt
769 1616 780 1632 ,
811 1591 848 1627 ὅ)
870 1594 913 1624 ita

53 1637 84 1668 in
99 1635 202 1676 legibus
214 1633 401 1676 posiverunt,
416 1635 519 1675 furem
534 1635 615 1676 dupli
635 1635 838 1673 condemnari,
855 1634 914 1675 foe-

51 1683 209 1709 neratorem
223 1675 390 1717 quadrupli.
434 1676 554 1720 Quanto
572 1676 697 1717 pejorem
713 1677 805 1707 civem
827 1674 914 1716 exsti-

49 1719 196 1751 rna-verint
205 1718 409 1758 foerzeratorem
420 1740 429 1756 ,
451 1728 538 1759 quam
546 1717 649 1758 furem
660 1741 669 1757 ‚
692 1718 758 1748 hinc
774 1717 839 1747 licet
855 1717 915 1748 exi-

47 1757 178 1801 stimare.
226 1758 291 1790 Nisi
314 1767 498 1798 appareret,
521 1767 602 1791 'cum
618 1758 708 1799 loqui
726 1759 765 1790 de
783 1757 914 1790 foenore

53 1801 142 1841 quod
162 1808 274 1831 contra
290 1799 376 1840 leges
393 1800 584 1841 exigeretur.
607 1809 702 1841 poena
726 1800 811 1831 enim
838 1809 913 1841 qua-

52 1841 158 1882 drupli
184 1841 273 1881 cujus
303 1841 502 1872 mentionem
526 1841 629 1880 facit,
668 1851 732 1873 non
761 1841 792 1872 in
814 1842 916 1872 onini-

51 1883 113 1916 bus
138 1882 280 1914 obtinuit
302 1880 550 1914 foeneratoribus
566 1905 576 1921 ,
608 1881 708 1913 sedin
724 1882 771 1914 his
790 1883 844 1923 qui
862 1891 916 1923 pe-

55 1924 163 1956 cunias
188 1922 242 1955 sub
268 1923 465 1964 gravioribus
486 1922 605 1963 usuris,
636 1932 728 1963 quam
757 1932 817 1965 pro
837 1932 915 1955 con-

54 1965 243 2003 suetudine,
271 1964 534 1997 foenerabantur:
566 1973 601 1996 ut
624 1965 705 1996 infra
730 1965 916 1996 ostendetur

52 2016 96 2039 ex
122 2007 261 2038 Asconio
283 2005 425 2038 Pediano
442 2029 453 2044 ,
484 2008 516 2037 in
543 2005 645 2037 Divin.
662 2013 694 2046 p.
715 2016 763 2046 27.
787 2005 913 2037 Tamen

52 2048 86 2080 e&
110 2047 295 2080 Aristoteles
317 2046 419 2080 usuras
445 2048 572 2079 damnat
595 2048 642 2078 lib.
666 2057 692 2079 1.
725 2048 770 2078 De
791 2047 912 2088 republi-

54 2099 90 2121 ca
112 2100 135 2121 c.
153 2099 184 2121 x.
205 2097 236 2129 p.
253 2098 322 2128 409¹
349 2095 413 2120 torn.
431 2098 461 2130 3.
480 2088 521 2120 fic
539 2087 699 2120 differens.
743 2088 800 2120 Illa
817 2094 913 2120 autem

54 2140 117 2173 quae
137 2131 169 2162 in
184 2132 392 2171 permutatione
407 2131 519 2161 nummi
534 2128 657 2169 consistit
675 2152 684 2168 ‚
715 2132 814 2161 merito
831 2131 911 2160 vitu-

50 2178 168 2214 peretur
196 2173 272 2213 (non
294 2172 368 2203 enim
391 2177 503 2202 naturoe
517 2176 704 2211 consentanea
726 2169 784 2211 eft,
807 2172 860 2211 sed
881 2173 912 2202 in

54 2223 89 2245 ea
105 2213 176 2244 alter
198 2216 233 2245 ab
255 2213 341 2244 altero
358 2213 471 2244 lucrum
489 2214 678 2253 aucupatur)
700 2214 806 2253 aptium
824 2213 912 2244 ratio-

57 2264 94 2284 ne
114 2256 241 2286 omnibus
262 2256 294 2285 in
320 2255 379 2285 odio
403 2252 441 2294 eft
465 2256 538 2285 ratio
548 2255 728 2294 faeneratrix
743 2277 751 2293 ,
777 2256 851 2295 quod
877 2256 913 2285 ab

56 2295 113 2336 ἀρῇ)
130 2305 243 2326 nummo
263 2294 384 2336 quaeslus
401 2295 460 2335 fiat
471 2318 480 2334 ,
504 2295 540 2329 ἐπ’)
557 2305 613 2326 non
629 2297 666 2326 ad
681 2305 768 2337 quam
791 2305 849 2326 rem
861 2302 914 2336 pa·

56 2343 142 2368 ratus
164 2334 202 2376 est
219 2359 228 2376 ‚
266 2337 411 2377 usurpent.
454 2337 680 2368 Permutationis
709 2338 785 2368 enim
812 2339 913 2378 gratia

58 2384 146 2409 natus
162 2376 210 2416 est.
252 2376 353 2409 Foenus
369 2383 464 2409 autem
479 2387 542 2409 eum
563 2384 649 2420 auget
672 2377 708 2412 ὅ)
726 2378 911 2419 multiplicat.

64 2418 151 2450 Unde
165 2421 249 2450 etiam
265 2428 365 2450 nomen
379 2419 429 2450 hoc
454 2420 578 2451 invenit.
620 2420 735 2451 Similia
748 2421 824 2451 enim
836 2421 913 2460 sunt

59 2470 91 2491 ea
106 2470 166 2501 quae
181 2462 342 2501 pariuntur
356 2462 393 2491 iis
411 2470 473 2502 quae
485 2462 615 2502 gignunt
632 2460 668 2496 ὅ)
679 2467 840 2502 procreant.
875 2461 913 2493 Iu

52 2503 165 2541 soenore
188 2507 281 2533 autem
295 2503 422 2542 pecunia
439 2505 568 2543 pecuniae
584 2509 690 2544 partus
705 2513 739 2534 ac
752 2503 847 2543 foetus
864 2501 913 2543 est.

61 2542 243 2586 Quapropter
264 2545 389 2575 maxime
402 2545 530 2575 omniurn
545 2545 700 2586 quaerendae
718 2546 846 2585 pecuniae
868 2555 916 2576 ra-

41 2587 170 2615 ttiunum
191 2585 320 2616 abhorret
344 2585 401 2616 haze
418 2595 435 2616 a
452 2592 569 2617 natura.
612 2585 716 2617 Etiam
742 2585 863 2617 Seneca
884 2586 916 2617 in

62 2624 165 2656 usuras
192 2626 351 2657 invehitur
381 2626 425 2657 lib.
449 2635 479 2668 7.
508 2626 556 2658 De
581 2626 722 2669 beneficiis
748 2638 773 2659 c.
795 2637 842 2659 10.
867 2626 916 2658 his

65 2665 186 2704 verbis,
209 2667 300 2698 Video
315 2664 377 2708 istic
392 2668 566 2708 diplomata,
597 2667 634 2703 δέ)
646 2669 832 2711 syngraphas
846 2691 855 2706 ‚
879 2668 916 2702 ὅ)

67 2707 225 2744 cautiones,
247 2716 342 2745 vacua
358 2708 478 2740 habendi
483 2707 681 2750 simulachra,
702 2713 818 2741 umbras
832 2719 916 2751 quas-

70 2747 136 2776 dam
157 2749 286 2779 avaritiae
306 2749 461 2781 laborantis
478 2773 488 2790 ‚
513 2758 566 2793 per
588 2761 662 2793 quas
685 2752 828 2792 decipiant
851 2751 915 2782 ani-

68 2796 171 2834 rnum,
198 2789 327 2821 inanium
354 2793 482 2830 opinione
512 2795 694 2834 gaudentem.
737 2793 821 2836 Quid
842 2794 917 2823 enim

67 2825 124 2867 fia
139 2827 229 2873 sum?
250 2832 317 2870 quid
327 2832 427 2870 famus
442 2855 452 2871 ,
483 2833 519 2868 ὅ)
534 2833 744 2866 Kalendariunz
761 2857 771 2872 ,
798 2832 834 2868 &³
851 2834 917 2872 usu·

68 2878 123 2907 ra,
155 2866 210 2915 nist
226 2869 352 2903 humana
374 2874 539 2914 cupiditatis
561 2883 644 2907 extra
663 2882 801 2907 naturam
820 2874 918 2916 quaesi-

67 2916 99 2940 ta
115 2919 231 2940 nomma
245 2908 261 2940 Ρ
290 2912 403 2952 Poffum
423 2915 456 2945 de
472 2923 566 2947 rerum
587 2923 695 2948 natura
716 2917 817 2958 queri,
846 2917 920 2957 quod

68 2961 183 2997 aurum¹
199 2958 405 2998 argentumque
419 2965 476 2986 non
491 2959 614 2989 interius
629 2959 822 2996 absconderit,
845 2959 919 2998 quod

66 3001 123 3039 non
140 2991 197 3038 illis
213 3002 323 3040 majus,
348 3004 433 3039 quam
476 3000 529 3029 uod
552 3000 664 3030 detrahi
680 2999 788 3040 paffet‚
805 3000 920 3039 pondus

65 3037 206 3074 injecerit.
250 3033 413 3077 „Qltldsunt
436 3038 447 3065 i
473 3039 623 3078 aetabulae,
645 3043 714 3082 quid
737 3041 919 3080 computatio-

65 3083 117 3105 nes
132 3097 141 3112 a
172 3072 209 3107 δ’
224 3075 326 3105 venflle
351 3083 459 3117 lempm
474 3101 484 3116 ‚
514 3077 786 3122 &sanguinolentae
809 3079 921 3119 centesi-

67 3116 144 3147 rnae?
175 3115 342 3162 voluntaria
364 3118 440 3149 mala
460 3129 496 3151 ex
518 3119 715 3162 constitutione
738 3120 834 3163 nostra
854 3129 921 3163 pen-

67 3158 164 3187 dentia
184 3180 192 3194 ‚
227 3166 257 3188 in
279 3159 381 3198 quibus
404 3160 476 3191 nihil
499 3159 538 3202 est
554 3185 563 3200 ,
594 3165 667 3204 quod
682 3165 791 3206 subjici
811 3164 921 3203 oculis,

67 3199 142 3269 {md
163 3200 252 3229 teneri
274 3209 363 3231 manu
388 3199 473 3241 pofflt
487 3225 498 3241 ‚
528 3204 624 3235 inanis
646 3207 779 3236 avaritia
803 3204 920 3240 [mania.

93 3238 381 3313 JJJZ.CI}}ristianos
397 3242 576 3285 scriptores.
601 3255 642 3278 ex
660 3246 771 3288 quibus
789 3244 920 3280 Lactan-

952 888 1014 918 tius
1040 887 1087 919 lib.
1108 890 1138 918 6.
1169 884 1275 920 Divz‘n.
1300 884 1373 929 Inst.
1398 899 1421 921 c.
1445 894 1490 925 18.
1516 890 1617 921 virum
1639 886 1754 930 iustum
1779 888 1825 919 ita

952 927 1065 969 definit
1081 952 1090 967 ,
1122 928 1255 961 Pecunia
1270 954 1278 969 ‚
1305 930 1335 968 fi
1357 941 1446 972 quam
1463 933 1635 971 crediderit,
1668 940 1726 962 non
1748 930 1826 961 acci·

949 971 1015 1011 piat
1035 970 1180 1010 usuram:
1213 978 1247 1002 ut
1273 971 1310 1006 &³
1339 972 1505 1012 heneficium
1526 972 1567 1010 fit
1592 972 1732 1004 incolume
1749 971 1826 1012 quod

941 1016 1101 1052 succurrat
1124 1011 1299 1052 neceffitati,
1323 1013 1360 1047 ὅ)
1384 1013 1561 1055 abstineatse
1578 1014 1697 1055 prorsus
1715 1012 1822 1045 alieno.

952 1055 983 1084 in
1009 1053 1058 1084 hoc
1084 1055 1158 1084 enim
1180 1063 1284 1094 genere
1303 1054 1390 1095 officii
1406 1058 1483 1087 debet
1499 1057 1555 1095 suo
1577 1056 1628 1096 effe
1647 1061 1824 1092 contentus,

951 1102 1034 1135 quem
1052 1100 1177 1135 oporteat
1197 1095 1272 1126 alias
1292 1106 1327 1127 ne
1340 1099 1455 1137 proprio
1480 1099 1592 1139 quidem
1613 1104 1732 1138 parcere
1750 1119 1760 1134 ‚
1789 1101 1824 1127 ut

952 1138 1056 1166 bonum
1071 1137 1182 1176 faciat.
1202 1137 1272 1177 plus
1287 1144 1384 1169 autem
1400 1140 1527 1179 accipere
1544 1162 1553 1177 ,
1585 1149 1674 1180 quam
1696 1138 1826 1176 dederit,

951 1175 1094 1218 injustum
1116 1175 1164 1218 cst.
1209 1178 1296 1222 Quod
1316 1180 1367 1220 qui
1375 1179 1457 1219 facit
1474 1203 1484 1218 ,
1514 1179 1672 1217 insidiatur
1688 1180 1826 1220 quodam-

954 1222 1032 1249 modo
1049 1242 1057 1257 ,
1083 1222 1116 1249 ut
1135 1228 1172 1250 ex
1190 1221 1311 1250 alterius
1329 1219 1486 1261 neceffitate
1498 1222 1655 1262 praedetur.
1679 1228 1710 1252 at
1722 1217 1826 1262 justus

954 1268 1107 1301 nunquam
1126 1263 1324 1300 praetermz'uet
1342 1284 1351 1300 ‚
1383 1271 1437 1303 quo
1462 1265 1557 1293 minus
1582 1263 1694 1304 aliquid
1718 1263 1828 1302 miseri-

955 1302 1079 1332 corditer
1098 1302 1197 1341 faciat
1213 1324 1223 1340 ,
1253 1312 1304 1333 nec
1327 1304 1491 1344 inquinabit
1503 1304 1538 1344 se
1562 1304 1728 1344 hujusmodi
1749 1313 1827 1344 quat·

948 1341 1001 1383 stu
1016 1353 1026 1373 .·
1040 1343 1094 1383 sed
1112 1342 1233 1384 efficiet,
1258 1350 1291 1374 ut
1300 1342 1365 1381 fine
1381 1344 1438 1375 ullo
1460 1346 1564 1377 damno
1588 1346 1618 1376 id
1641 1345 1735 1385 ipsum
1751 1344 1829 1386 quod

956 1385 1138 1423 commodat,
1170 1387 1245 1415 inter
1270 1387 1342 1416 bona
1372 1393 1455 1426 opera
1484 1393 1662 1418 numeretur.
1713 1387 1830 1426 Aeque

955 1425 1087 1464 severe,
1112 1435 1303 1467 quamquam
1321 1427 1468 1467 brevius,
1494 1427 1697 1467 Ambrosius,
1722 1427 1770 1459 De
1783 1429 1831 1459 bo-

956 1477 991 1498 no
1007 1469 1106 1498 ncortis
1129 1477 1153 1498 c.
1175 1477 1220 1499 12.
1246 1469 1300 1508 qui
1321 1469 1411 1500 locus
1430 1470 1515 1510 apud
1532 1469 1721 1501 Gratianum
1738 1479 1762 1501 c.
1778 1478 1831 1509 14.

955 1517 982 1550 q.
998 1519 1027 1548 4.
1055 1516 1117 1550 cap.
1141 1516 1187 1540 10.
1213 1509 1272 1540 hac
1292 1510 1393 1541 exstat
1416 1510 1542 1550 forma,
1573 1511 1608 1542 Si
1624 1514 1690 1552 quis
1707 1512 1831 1550 usuram

955 1552 1113 1591 acceperit,
1138 1551 1272 1591 rapinam
1280 1552 1383 1591 facit,
1406 1553 1471 1584 vita
1488 1561 1545 1584 non
1562 1554 1653 1583 vivit.
1694 1552 1747 1583 Sic
1762 1553 1830 1592 illi,

956 1591 1078 1623 usuram
1102 1593 1236 1632 praedae,
1269 1602 1305 1624 ac
1321 1598 1457 1633 rapinae,
1480 1602 1715 1635 comparantes.
1761 1592 1830 1635 Qui

957 1633 1084 1674 potsunt
1101 1634 1119 1664 ἴ)
1149 1634 1268 1674 quippe
1292 1643 1365 1666 cum
1382 1634 1470 1667 usura
1496 1646 1512 1667 a
1531 1637 1664 1668 volente
1686 1635 1831 1667 solvatur

958 1684 998 1706 ex
1032 1674 1126 1713 pacto
1154 1683 1332 1708 convento,
1385 1677 1448 1708 Sed
1476 1685 1591 1711 contra
1618 1676 1832 1717 Ambrofius‚

958 1716 1006 1749 De
1026 1716 1112 1748 Tabia
1135 1726 1159 1748 c.
1179 1727 1208 1759 3.
1240 1718 1338 1749 verba
1365 1718 1533 1752 Ambrosii.
1581 1719 1667 1752 ‘scilta
1682 1719 1759 1760 sunt
1781 1726 1832 1750 ve-

949 1756 1017 1799 stra
1033 1782 1044 1797 ,
1075 1760 1181 1789 divites
1201 1760 1212 1789 Ι
1243 1759 1389 1800 beneficia.
1435 1761 1543 1793 Minus
1566 1762 1642 1793 datis
1659 1784 1669 1800 ‚
1705 1760 1743 1795 ὅ)
1760 1759 1832 1802 plus

956 1801 1083 1841 exigitis.
1130 1799 1208 1830 Talis
1234 1800 1401 1833 humanitas
1419 1826 1429 1841 ,
1458 1809 1492 1835 ut
1506 1803 1632 1844 spolietis
1657 1804 1832 1833 etiamdum

947 1841 1125 1882 subvenitis.
1166 1839 1328 1873 Foecuudus
1363 1845 1444 1874 vobis
1473 1846 1561 1876 etiam
1591 1852 1701 1885 pauper
1722 1841 1762 1884 esl
1792 1842 1832 1876 ad

957 1880 1106 1954 Zuaestum'
1153 1880 1317 1922 Usurariur
1333 1881 1371 1924 est
1389 1894 1514 1926 egenus,
1539 1887 1706 1928 cogentibus
1726 1886 1831 1924 vobis,

978 1924 1040 1954 abet
1055 1923 1130 1970 quod
1147 1924 1265 1955 reddat:
1281 1927 1356 1966 quod
1374 1927 1543 1967 impendat,
1561 1937 1619 1958 non
1633 1928 1726 1958 habet.
1751 1927 1829 1965 Ait,

958 1964 1047 2005 quod
1071 1966 1217 2007 impendat
1232 1988 1242 2003 ,
1274 1966 1305 1997 id
1325 1966 1388 2006 est,
1414 1977 1474 2008 pro
1498 1968 1594 2000 usui-is
1613 1968 1726 2000 solvat.
1769 1967 1829 2000 Im·

952 2007 1094 2046 pendium
1119 2007 1333 2052 eniproufura.
1371 2009 1436 2041 vid.
1479 2009 1617 2042 Varron.
1650 2010 1698 2041 lib.
1724 2019 1755 2050 4.
1780 2008 1831 2040 De

956 2048 1060 2088 lingua
1079 2047 1219 2086 Latina,
1255 2049 1285 2080 ὅ(
1307 2049 1416 2091 Cujac.
1441 2051 1489 2083 lib.
1510 2061 1558 2084 10.
1583 2051 1708 2091 Obfierv.
1728 2061 1755 2082 c.
1775 2054 1830 2092 36.

957 2088 1009 2119 Sic
1032 2088 1227 2122 Ambrosius.
1280 2090 1352 2122 Nec
1374 2092 1487 2133 aliter,
1521 2092 1770 2135 Chrysostomus
1794 2092 1830 2124 in

954 2137 1016 2171 cap.
1041 2130 1179 2161 Matthoei
1206 2139 1249 2171 ιγ.
1289 2132 1401 2164 Homil.
1421 2138 1471 2174 56.
1501 2134 1577 2166 Noli
1605 2135 1677 2166 mihi
1707 2135 1828 2172 dicere,

954 2171 1043 2212 quaest)
1060 2195 1069 2210 ‚
1101 2173 1171 2213 quia
1189 2173 1299 2214 gaudet
1322 2173 1359 2208 ἑὸ)
1379 2176 1512 2216 gratiam
1535 2177 1618 2207 habet
1634 2199 1644 2215 ,
1676 2176 1752 2217 quod
1769 2172 1829 2214 fibi

946 2214 1062 2253 faenore
1072 2215 1226 2254 pecuniam
1252 2215 1363 2245 colloces
1383 2227 1392 2247 :
1422 2218 1453 2247 id
1480 2218 1556 2248 enim
1579 2217 1749 2249 crudelitate
1773 2222 1829 2248 tua

955 2254 1067 2285 coaetus
1077 2255 1165 2294 j'ecit.
1210 2255 1293 2286 Nam
1317 2255 1353 2291 ὅθ
1371 2257 1523 2290 Abrabam
1539 2269 1605 2290 cum
1623 2267 1743 2290 uxorem
1761 2259 1828 2289 bar-

955 2297 1032 2327 baris
1058 2297 1206 2335 traderet,
1238 2298 1293 2338 ipse
1319 2300 1433 2330 modum
1454 2301 1594 2339 invenit,
1626 2310 1682 2341 quo
1699 2298 1829 2339 facilius

955 2346 1030 2368 uxor
1038 2338 1241 2377 susciperetur.
1284 2338 1356 2370 Non
1374 2341 1494 2371 libenter
1510 2347 1607 2372 autem
1623 2364 1632 2378 ,
1657 2341 1711 2381 sed
1725 2341 1827 2372 timore

955 2378 1118 2410 Pharaonis
1132 2380 1282 2420 impulsus.
1301 2379 1345 2419 sic
1361 2381 1398 2416 ὅθ
1415 2389 1530 2423 pauper
1545 2405 1554 2419 ,
1572 2379 1724 2423 postquam
1742 2391 1775 2413 ea
1797 2389 1830 2412 re

955 2426 989 2450 tu
1012 2421 1135 2461 dignum
1161 2430 1219 2451 non
1236 2426 1327 2461 putas
1344 2445 1353 2460 ,
1388 2425 1500 2464 cogitur
1520 2425 1687 2454 crudelitati
1734 2423 1829 2455 razias

957 2470 1050 2502 agere.
1097 2460 1141 2493 Tu
1166 2468 1263 2492 autem
1284 2463 1355 2493 mihi
1376 2465 1484 2495 videris
1502 2487 1511 2502 ,
1534 2463 1563 2502 fi
1586 2475 1604 2495 a
1616 2465 1719 2504 pericu
1728 2465 1756 2495 -is
1777 2464 1827 2495 bo-

957 2505 1061 2534 minem
1085 2504 1270 2542 vindicares,
1301 2506 1453 2536 mercedem
1476 2507 1512 2537 ab
1535 2515 1563 2536 eo
1572 2505 1732 2548 flagitare,
1756 2514 1827 2547 quo-

957 2546 1039 2575 niam
1056 2543 1190 2584 liberasti.
1237 2544 1337 2585 Impia
1363 2546 1457 2587 igitur
1474 2547 1503 2578 ὅ(
1526 2547 1740 2579 abominanda
1761 2546 1829 2578 usu-

958 2595 1013 2624 ra;
1038 2586 1119 2632 quia
1135 2586 1277 2617 creditor
1295 2587 1364 2627 plus
1381 2596 1475 2628 quam
1496 2588 1635 2620 debitori
1654 2589 1762 2627 dedit,
1788 2588 1829 2620 ab

960 2637 999 2658 eo
1018 2635 1155 2667 aceipit,
1178 2636 1244 2658 non
1268 2635 1332 2659 tam
1358 2630 1509 2669 volente,
1542 2639 1637 2669 quam
1662 2629 1829 2662 neceffita-

959 2676 992 2700 te
1013 2669 1150 2708 coacto,
1176 2678 1235 2708 pro
1259 2669 1369 2701 officio
1394 2672 1482 2712 quod
1500 2672 1528 2703 ei
1548 2671 1663 2713 sponte
1680 2671 1828 2713 praestare

959 2710 1100 2741 debebat
1117 2734 1127 2749 ,
1157 2710 1290 2750 jubente
1318 2720 1382 2744 non
1407 2714 1506 2745 modo
1529 2713 1749 2752 humanitate,
1773 2711 1830 2744 sed

959 2751 989 2783 ἃ
1007 2753 1130 2783 ratione
1150 2752 1252 2783 mutui
1276 2753 1365 2792 quod
1387 2762 1497 2786 natura
1520 2756 1692 2796 gratuitum
1712 2753 1760 2786 fit.
1784 2761 1829 2784 at·

959 2803 1022 2833 que
1046 2793 1110 2824 hoc
1128 2792 1148 2824 fi
1166 2793 1230 2832 elt3
1255 2794 1380 2825 videtur
1398 2795 1487 2828 usura
1503 2797 1565 2828 ess'e
1584 2806 1632 2828 ars
1650 2796 1827 2837 nequitiae,

959 2835 1037 2866 sicut
1060 2835 1261 2866 latrocinium
1283 2859 1293 2875 ,
1323 2836 1469 2869 effractio
1485 2861 1494 2876 ,
1525 2838 1721 2870 lenocinium
1739 2860 1749 2876 ,
1781 2836 1827 2866 in-

959 2877 1112 2907 cantatio.
1159 2877 1281 2908 Auctor
1308 2877 1498 2920 Augustinus
1523 2881 1555 2911 in
1584 2879 1732 2920 Psalmum
1758 2880 1828 2910 128.

960 2919 1028 2948 edit.
1055 2917 1150 2957 Parifi
1176 2923 1242 2949 tom.
1261 2923 1289 2952 8.
1317 2927 1387 2961 pag.
1408 2925 1480 2961 615.
1514 2921 1621 2954 Verba
1648 2916 1825 2960 Augustini.

961 2960 1082 2990 Audent
1102 2960 1188 2990 etiam
1198 2960 1389 2999 faeneratores
1412 2964 1520 2993 dicere:
1551 2962 1624 2994 Non
1643 2962 1727 2992 habeo
1746 2958 1828 2990 aliud

961 3001 1036 3031 uude
1051 3001 1159 3031 vivam.
1206 3001 1273 3032 Hoc
1288 3003 1358 3033 mibi
1376 3002 1412 3038 &³
1431 3004 1504 3035 latro
1523 3005 1644 3040 diceret,
1676 3001 1828 3041 deprehen·

951 3043 1008 3082 sus
1026 3043 1058 3073 in
1076 3042 1180 3079 fauce:
1210 3043 1260 3074 hoc
1277 3043 1314 3078 ἐξ
1335 3044 1471 3085 effractor
1493 3046 1619 3082 diceret,
1642 3041 1829 3082 deprehensus

962 3085 1038 3114 circa
1060 3085 1200 3124 parietem
1226 3085 1377 3118 alienum:
1408 3087 1459 3117 hoc
1474 3087 1544 3117 mihi
1566 3083 1602 3118 {9⁹
1626 3083 1686 3114 leno
1704 3084 1829 3122 diceret,

962 3134 1054 3156 emens
1072 3125 1186 3166 puellas
1202 3127 1239 3157 ad
1251 3125 1483 3167 prostitutionem
1501 3137 1510 3157 .·
1541 3126 1591 3156 hoc
1608 3124 1645 3159 &³
1663 3124 1827 3164 maleficus,

962 3168 1119 3198 incantans
1135 3167 1212 3198 mala
1224 3190 1233 3206 ,
1258 3167 1294 3202 ἐξ
1306 3170 1432 3199 vendens
1450 3167 1592 3198 malitiam
1598 3169 1700 3206 suam.
1734 3165 1830 3210 Quid·

962 3209 1033 3249 quid
1050 3208 1106 3239 tale
1128 3209 1276 3249 prohibere
1292 3218 1477 3246 conaremur,
1501 3207 1699 3249 responderent
1712 3217 1825 3245 omnes,

961 3250 1033 3291 quia
1054 3259 1112 3282 non
1134 3250 1269 3282 haherent
1286 3274 1297 3291 ‚
1327 3251 1404 3323 uzzsde
1428 3250 1588 3289 viverent,
1623 3251 1693 3292 quia
1717 3250 1783 3280 inde
1794 3251 1830 3288 se

1399 3299 1417 3323 2
1777 3295 1830 3329 PG·
