2036 3495
185 148 230 184 80
598 144 631 179 G
666 150 687 177 ε
719 152 742 177 R
775 150 797 175 A
830 150 852 174 rt
886 149 909 174 D
943 146 955 172 1
1014 136 1051 172 N

188 243 251 273 que
275 233 415 275 injustam
440 231 648 262 vexationem
666 227 852 269 compescit.
876 236 947 258 nam
965 227 985 259 si
1005 236 1058 266 pu-

186 276 328 313 blicanus
351 275 405 304 sub
430 272 533 313 specie
549 272 712 312 vectigalis
729 270 817 311 quod
834 278 898 300 non
920 269 1056 300 debeba-

189 324 257 354 tur,
281 313 435 354 mancipia
458 313 611 350 retineat,
635 314 664 343 ά
683 312 852 353 pecuniam
874 311 1056 349 acceperit,

187 364 222 386 ut
237 366 274 387 ea
291 356 445 387 dimittat:
463 352 573 394 &ipse
590 353 649 384 hac
665 362 755 393 parte
773 351 877 383 Edisti
889 352 918 383 iu
937 351 1057 383 fastum

186 397 310 427 actione
327 403 454 426 tenetur
468 396 486 426 l.
505 405 533 435 7.
549 395 581 436 ξ.
600 406 628 426 2.
647 395 675 425 h.
695 401 716 425 t.
745 393 843 434 Igitur
862 402 895 424 ut
912 394 1058 425 obtineat

186 438 217 468 in
236 437 353 468 factum
371 436 474 476 affio3
497 444 632 477 oportet
654 444 818 476 acceptam
844 434 905 466 esse
931 435 1059 474 pecuni-

185 488 254 516 am;
278 486 312 509 ut
330 478 381 509 alii
399 479 564 518 negotium
581 476 690 516 fieret,
706 485 760 507 aut
776 485 840 507 uon
856 475 967 508 fieret:
991 475 1055 507 five

186 527 279 558 ante,
304 518 369 550 five
394 520 484 560 post,
504 520 658 561 judicium
682 526 852 558 acceptum
875 518 894 548 l.
923 527 948 548 1.
971 517 1000 558 ᾗ.
1027 526 1056 548 2.

184 561 212 591 l).
228 566 250 592 t.
274 560 400 593 Sufficit
426 570 577 602 quoque,
600 568 766 600 acceptam
790 558 852 590 esse
875 561 1056 598 pecuniam.

184 602 254 642 plus
271 612 337 634 non
354 602 559 634 desideratur.
592 603 643 642 qui
669 602 764 642 igitur
782 600 907 640 accepit
926 600 1055 639 pecuni-

183 653 252 681 am,
276 653 311 676 ut
336 646 499 686 negotium
525 643 667 678 faceret,
692 642 755 674 [ive
778 640 877 677 fecit,
901 640 964 672 five
990 650 1055 672 non

181 683 281 724 fecit3
306 687 335 717 ὅι
355 688 408 726 qui
425 686 570 725 accepit,
593 695 634 716 ne
649 684 790 721 facer-et,
807 683 837 714 ὅ(
854 681 874 713 fi
891 681 987 720 fecit,
1012 691 1057 713 te-

182 735 276 758 netur
286 727 305 758 l.
324 738 353 769 3.
372 728 400 769 §.
421 736 447 759 1.
464 728 491 761 h.
512 732 534 759 t.
581 725 657 758 Non
682 726 779 765 magis
802 723 927 760 refert,
953 731 1058 755 utrum

182 768 247 808 ipse
273 769 435 809 acceperit
460 769 648 809 pecuniam
672 776 709 798 an
733 765 870 806 jusserit,
895 765 945 797 alii
971 765 1055 802 dari3

181 817 235 840 aut
248 818 353 842 *ratum
371 810 516 841 habuerit
534 809 588 840 suo
601 809 732 840 nomine
750 814 921 847 acceptum
939 807 958 838 l.
976 817 1005 838 2.
1025 807 1057 837 in

175 850 239 890 fine
255 852 282 882 b.
301 858 322 882 t.
362 851 462 890 Item,
486 859 591 883 utrum
616 851 655 881 ab
681 848 860 881 adversario
873 848 1054 889 acceperit,

180 901 219 923 an
238 893 276 923 ab
295 893 356 925 alio
374 902 581 933 quocumque
597 892 617 923 I.
636 902 664 933 3.
683 894 710 923 d.
730 898 752 922 t.

220 933 307 975 Quid
320 943 416 974 porro
433 934 487 973 fit,
504 935 664 966 Pecuniam
680 931 829 973 accepzst‘e,
844 931 866 963 fi
882 938 1055 971 quaeratur:

179 984 329 1014 putarunt
350 975 505 1014 Veteres,
530 975 661 1006 Praetori
681 974 798 1012 visum,
821 974 990 1012 pecuniam
1004 982 1055 1004 ac-

177 1017 315 1057 cepiffe,
332 1027 396 1049 non
410 1018 509 1049 modo
528 1018 582 1058 qui
602 1025 796 1048 numeratam
813 1015 939 1055 accepit
959 1023 1055 1054 pecu-

177 1059 281 1097 niam,
296 1066 364 1099 quae
384 1059 428 1090 est
446 1060 573 1099 propria
590 1059 678 1090 verbi
696 1056 903 1099 significatio:
927 1055 979 1087 sed
998 1056 1054 1086 eti-

178 1108 228 1130 am
246 1101 298 1140 qui
318 1100 436 1141 aliquid
452 1102 650 1141 accepitpro
667 1100 811 1140 pecunia.
828 1098 855 1128 d.
874 1098 892 1127 l.
909 1106 934 1128 1.
954 1097 981 1138 §.
1000 1096 1053 1127 ult.

177 1140 319 1180 scilicet,
344 1143 416 1182 quia
439 1141 484 1173 est
508 1151 564 1181 par
588 1142 688 1180 ratio,
712 1141 776 1172 sive
801 1140 870 1180 quis
892 1140 1053 1179 acceperit

177 1192 376 1215 numeratam
394 1184 581 1224 pecuniam,
605 1182 668 1215 sive
687 1182 771 1213 aliud
788 1190 847 1221 pro
865 1189 910 1211 ea.
935 1182 1010 1221 quin
1030 1180 1053 1210 i-

179 1224 253 1256 dem
281 1224 342 1263 effe
368 1225 559 1265 generaliter
576 1248 586 1263 ,
610 1222 630 1255 fi
655 1224 729 1265 quid
750 1221 934 1262 compendii
962 1220 1052 1252 sensit

177 1273 312 1306 propter
336 1266 400 1297 hoc
423 1267 449 1296 d.
471 1266 488 1296 l.
508 1276 536 1307 3.
561 1275 664 1306 pone:
688 1275 737 1297 res
763 1263 807 1295 est
829 1271 962 1304 propter
987 1262 1051 1293 hoc

177 1308 311 1338 minoris
335 1308 439 1338 locata
456 1316 509 1338 aut
529 1308 658 1339 vendita
674 1308 701 1337 d.
720 1307 738 1337 l.
759 1316 785 1337 2.
819 1314 883 1336 non
903 1303 1050 1342 interest,

177 1357 282 1380 utrum
309 1350 490 1387 acceperim
517 1350 686 1388 pecuniam
705 1371 713 1384 ,
738 1357 775 1378 an
801 1355 864 1378 non
890 1345 1050 1385 expende-

175 1391 253 1421 rim:
278 1400 349 1422 nam
373 1390 414 1422 fic
443 1399 574 1430 quoque
598 1391 719 1421 lucrum
737 1388 822 1419 feci:
848 1391 936 1426 quod
953 1395 1052 1418 unum

175 1431 282 1462 noluit
298 1432 429 1463 Praetor.
454 1430 603 1471 Ejusdem
622 1431 748 1472 generis
766 1429 831 1461 est:
856 1427 876 1459 fi
891 1428 981 1459 alicui
1000 1429 1053 1459 da«

173 1480 204 1503 ta
229 1473 265 1503 fit
284 1474 417 1513 pecunia
434 1473 570 1513 gratuita
588 1473 705 1502 utenda
725 1473 752 1502 d.
771 1471 789 1501 l.
808 1481 836 1501 2.
861 1470 892 1500 id
909 1470 972 1508 est,
997 1479 1050 1510 pe-

174 1515 266 1544 cunia
283 1523 410 1545 mutua:
435 1514 516 1544 utin
534 1513 598 1544 hoc
617 1513 758 1545 Pedonis
779 1511 989 1550 Albinovani,
1007 1510 1048 1542 E-

172 1555 225 1596 leg.
248 1564 273 1585 1.
292 1555 367 1595 vers]
383 1558 453 1596 369²

212 1595 288 1627 Vita
305 1597 373 1627 data
391 1594 429 1636 est
445 1596 572 1634 utenda,
596 1597 665 1627 data
678 1594 717 1636 est
728 1594 792 1633 fine
806 1595 914 1634 foenore
931 1594 1010 1624 nobie

210 1638 331 1668 Mutua
342 1661 350 1676 ‚
374 1647 425 1668 nec
440 1645 518 1668 certa
529 1638 718 1678 persoluenda
737 1638 790 1668 die.

173 1677 295 1710 Eadem
315 1679 440 1710 ratione
457 1680 553 1710 etiam
571 1688 642 1710 eum
661 1680 714 1719 qui
733 1677 933 1718 obligatione
959 1676 995 1706 sit
1013 1676 1045 1707 li-

168 1721 317 1759 beratus,
334 1721 501 1761 pecuniam
519 1720 692 1760 accepill'e,
709 1720 751 1751 ait
769 1719 880 1750 Paulus
899 1719 928 1749 in
947 1719 973 1748 d.
987 1718 1005 1748 Ι.
1019 1728 1046 1748 e.

166 1771 241 1794 cum
260 1771 320 1803 qua
338 1762 383 1794 est
400 1762 623 1803 conjungenda
642 1762 661 1792 l.
686 1771 753 1802 115.
774 1760 815 1792 D.
831 1762 864 1791 de
879 1760 986 1800 regulis
997 1761 1047 1800 ju-

164 1805 226 1841 τίς,
252 1813 320 1844 quae
346 1804 391 1835 est
414 1813 454 1834 ex
481 1805 597 1835 eodem
616 1803 715 1835 Paulo
737 1802 791 1834 lib.
814 1811 859 1834 10.
905 1801 954 1832 Ad
971 1799 1043 1832 Edi-

165 1845 262 1877 etum.
297 1845 348 1876 Fit
365 1853 471 1876 autem
491 1845 638 1876 liberatio
663 1846 717 1885 (ut
735 1844 800 1875 hoc
817 1843 948 1882 addam)
973 1851 1046 1883 pro·

166 1888 218 1918 cul
238 1887 337 1918 dubio
353 1896 410 1927 pei·
422 1888 721 1927 accep'tilationem.
739 1895 810 1917 nam
822 1885 881 1915 hac
898 1884 965 1924 ipso
979 1885 1047 1924 jure

167 1929 292 1960 tollitur
317 1928 495 1968 obligati03
519 1937 580 1959 nec
606 1929 723 1959 deinde
748 1926 851 1967 potest
876 1926 914 1957 ab
931 1935 973 1956 eo
991 1926 1044 1965 qui

166 1960 210 2001 sta
228 1970 378 2002 liberatus
396 1969 450 2007 sit,
476 1969 550 2009 peti.
584 1969 670 2000 reete
692 1970 788 2010 igitur
804 1967 932 1999 videtui·
948 1976 1044 2007 pecu-

166 2011 252 2042 niam
267 2020 360 2052 quam
372 2013 509 2048 retinet,
526 2011 768 2050 quodammodo
778 2010 867 2041 brevi
886 2018 977 2040 manu
996 2017 1044 2039 ac-

166 2053 285 2093 cipere.
324 2053 395 2084 Plus
419 2054 462 2083 ait
480 2051 634 2092 Ulpianus
650 2052 679 2093 §.
701 2062 728 2083 2.
751 2053 776 2083 d.
797 2051 817 2082 l.
833 2061 862 2091 3.
888 2050 952 2081 hoc
970 2050 1042 2082 Edi-

168 2095 222 2125 c'lo
240 2094 335 2125 etiam
348 2095 448 2125 teneri
461 2103 533 2125 eum
545 2093 625 2134 „qui
643 2092 794 2133 oepeftus
811 2093 866 2124 est.
884 2101 948 2123 non
967 2100 1041 2131 qua-

167 2134 190 2166 fi
208 2135 260 2166 ille
278 2134 383 2166 Ediffi
403 2135 509 2165 verbis
526 2134 835 2174 comprehendatur:
853 2134 936 2174 (non
957 2134 1042 2164 enim

164 2177 209 2207 ita
226 2176 287 2215 est,
306 2175 361 2208 etsi
380 2176 477 2207 visum
499 2175 665 2207 Gulielmo
683 2175 869 2214 Ranchino‚
889 2175 1042 2214 aliisque)

166 2217 221 2249 sed
241 2217 325 2258 quasi
349 2217 452 2249 Edieti
472 2217 627 2249 sententia
645 2226 710 2249 non
728 2218 925 2248 excludatur.
950 2215 1002 2247 Sic
1018 2217 1041 2246 i-

165 2260 251 2301 gitur
268 2260 394 2300 accipio
410 2259 496 2298 quod
513 2260 668 2300 Ulpianus
683 2260 710 2290 ci.
728 2258 746 2288 l.
766 2269 794 2290 2.
812 2259 873 2295 ait,
890 2257 954 2288 Hoc
972 2257 1041 2287 Edi·
1064 2279 1069 2286 .

166 2299 208 2332 &o
226 2304 339 2332 tenetur
357 2302 444 2331 etiam
459 2302 484 2331 z's
498 2302 548 2341 qui
562 2300 694 2341 depectus
710 2297 758 2340 est.
784 2298 928 2340 Depeeus
946 2304 1040 2330 autem

163 2344 272 2373 dicitur
288 2344 411 2383 turpiter
423 2341 537 2382 patius.
562 2341 603 2373 Et
620 2341 665 2373 est
684 2340 814 2381 Ulpiani
833 2339 955 2380 sensus,
972 2339 1039 2371 De-

161 2385 301 2415 bitorem
325 2385 363 2414 ab
389 2384 589 2425 obligatione
615 2383 826 2423 depectione,
849 2382 914 2414 sive
943 2382 1037 2422 pae’to

162 2426 272 2465 nudo,
295 2426 482 2464 liberatum,
507 2434 571 2457 nou
593 2427 697 2456 minus
715 2425 903 2465 pecuniam,
921 2424 951 2455 id
971 2423 1036 2462 est,

161 2467 284 2498 Jucrum
297 2491 306 2503 ,
323 2468 489 2506 accipere,
508 2475 601 2506 quam
619 2466 639 2497 si
655 2466 905 2506 acceptilatione
923 2464 1036 2496 libere-

163 2515 232 2539 tur:
249 2508 302 2539 etii
319 2509 374 2539 illo
385 2509 484 2539 modo
501 2516 621 2539 tantum
638 2517 694 2549 per
710 2507 956 2547 exceptionem,
973 2506 1037 2537 hoc

165 2549 261 2579 etiam
281 2549 347 2588 ipso
363 2550 430 2589 jure
448 2551 611 2581 liberetur.
646 2559 717 2581 nam
741 2549 773 2580 in
790 2548 908 2580 summa
925 2556 1036 2588 parum

162 2589 326 2622 inter-effe:
353 2593 469 2622 eodem
488 2592 651 2630 utriusque
678 2590 792 2621 formae
810 2588 945 2627 effectu,
970 2589 1036 2620 exi-

162 2640 231 2663 tum
243 2630 453 2670 spectantibus
470 2633 487 2663 l.
503 2642 572 2664 112.
586 2632 627 2663 D.
646 2633 679 2663 (Ie
695 2632 826 2674 reg.jur.
851 2631 939 2671 quod
958 2631 1037 2662 Prae-

162 2673 225 2704 tori
243 2671 366 2703 sufficit.
406 2672 483 2704 Mea
502 2674 673 2712 sententia,
697 2674 729 2704 id
750 2674 779 2704 ἃ
797 2672 875 2705 nihil
891 2673 974 2703 aliud
990 2673 1036 2703 iu-

163 2714 276 2755 digitat
294 2716 324 2743 in
341 2714 368 2742 ci.
386 2712 413 2752 §.
436 2724 462 2745 2.
482 2713 653 2755 Ulpianus:
676 2715 760 2752 Hoc,
776 2714 945 2754 inquiens,
962 2713 1035 2744 Eclz'-

162 2755 207 2787 δίο
222 2759 333 2785 tenetur
348 2755 432 2783 etiam
446 2757 470 2785 is
485 2759 536 2795 qui
550 2755 680 2795 depectus
695 2755 743 2796 eft.
779 2755 897 2796 Estque
914 2755 946 2786 id
965 2762 1033 2786 tum

159 2805 273 2828 verum
297 2796 455 2832 maxime3
478 2796 498 2826 fl
523 2806 595 2829 cum
620 2798 674 2828 suo
702 2798 863 2828 creditore
884 2796 922 2828 sit
938 2796 1034 2837 depe-

161 2839 248 2876 tius,
263 2846 304 2868 ne
317 2846 333 2867 a
349 2835 380 2866 se
395 2844 539 2876 petatur3
556 2839 584 2869 ἀ
601 2847 726 2879 agatur,
742 2846 777 2869 ut
792 2839 888 2870 tertio
906 2837 961 2869 fiat
979 2848 1032 2869 ne-

161 2881 297 2922 gotium.
317 2878 390 2919 quia
412 2877 453 2908 sic
477 2879 574 2918 turpis
600 2880 643 2911 est
660 2880 830 2920 depecti03
854 2879 883 2910 ἃ
900 2879 1031 2919 quidem

160 2923 342 2960 utrimque,
365 2926 428 2950 tam
445 2928 461 2949 a
479 2927 567 2959 parte
581 2921 756 2959 debitoris,
780 2930 874 2962 quam
891 2921 1030 2951 credito-

158 2964 220 2996 ris:
247 2963 386 3002 ideoque
405 2961 464 2992 erit
486 2962 672 3000 exceptioni
695 2963 796 2999 locus,
824 2970 939 3004 agente
963 2971 1031 2993 cre-

161 3006 279 3037 ditore.
304 3002 392 3044 quod
416 3001 437 3033 fi
461 3009 565 3041 parata
591 3003 740 3033 creditori
763 3003 826 3034 fuit
850 3004 1030 3042 calumnia3

160 3045 314 3087 depeuus
334 3051 440 3075 autem
463 3043 591 3074 debitor
606 3042 650 3073 est
665 3052 736 3074 cum
755 3045 933 3082 creditore,
957 3054 997 3076 ne
1014 3053 1031 3075 a

160 3087 191 3118 se
208 3093 353 3128 petatur:
377 3085 464 3117 aliud·
484 3084 653 3115 dicendum
677 3085 756 3121 erit;
778 3086 848 3123 quia
866 3087 928 3125 Jam
961 3086 1029 3126 qui-

162 3129 235 3160 dem
253 3128 297 3159 est
320 3126 490 3167 depeffim
514 3125 565 3156 sed
583 3125 665 3156 nulla
682 3123 727 3154 est
744 3126 911 3156 creditoris
929 3127 1028 3166 turpi-

161 3170 259 3201 tudo:
284 3168 313 3199 &
328 3169 422 3206 ideo,
444 3168 516 3208 quia
532 3166 613 3208 pacti
630 3166 782 3205 exceptio
801 3166 905 3204 potest
921 3175 1026 3198 retun-

163 3211 194 3242 di
218 3209 426 3250 replicatione
452 3209 517 3240 doli
541 3208 634 3246 mali,
658 3216 721 3237 non
746 3206 873 3236 videtur
896 3215 1028 3246 accepta

161 3251 316 3294 pecunia,
339 3259 400 3283 nce
416 3250 461 3283 est
476 3250 592 3283 actioni
611 3250 641 3283 in
657 3247 776 3285 suetum
790 3247 893 3292 locus,
939 3246 1028 3288 Idem

1087 145 1280 171 oon'r
1340 136 1554 173 Cottii.

1102 224 1164 257 est:
1188 225 1209 257 fi
1235 227 1401 267 pecuniam
1427 227 1463 258 fis
1483 227 1664 267 stipulatum
1689 233 1724 258 ut
1739 228 1789 259 alii
1807 232 1970 272 negotium

1101 265 1241 306 faceres,
1256 277 1383 300 autnon
1396 269 1528 300 faceres.
1548 277 1617 299 nam
1635 269 1738 310 (utnit
1751 270 1860 302 Paulus
1870 273 1887 302 l.
1902 283 1970 312 115.

1100 307 1130 348 §.
1144 316 1169 338 1.
1188 307 1229 340 D.
1246 311 1278 340 de
1294 312 1385 350 regul.
1396 311 1458 352 jur.
1485 319 1576 346 ouum
1595 310 1657 340 dixti
1677 310 1739 341 effe
1756 313 1872 352 exejus
1888 314 1970 346 libro

1105 357 1152 380 10.
1168 349 1218 380 Ad
1233 349 1378 383 Edictum
1390 375 1399 390 ,
1419 352 1558 390 ideoque
1578 352 1666 391 liujus
1683 352 1766 390 loci)
1787 362 1850 383 non
1866 356 1973 393 potest

1103 390 1202 420 videri
1220 392 1373 432 accepill'e
1394 394 1459 432 qui·
1472 393 1635 431 stipulatus
1655 392 1759 433 potest
1777 397 1972 435 exceptione

1103 429 1294 464 submoveri.
1310 434 1423 465 Sensus
1440 434 1502 465 est:
1521 433 1564 464 Ut
1583 435 1689 465 locum
1710 434 1825 465 habeat
1842 436 1923 468 aetio
1939 438 1971 469 in

1101 469 1219 503 fastum
1245 474 1285 504 de
1309 476 1611 514 calumniatoribus3
1637 476 1736 508 solum
1755 477 1874 517 ,quaeric
1890 477 1974 509 Prae·
2005 498 2012 503 -

1100 520 1176 558 tor,
1193 523 1231 545 an
1247 516 1319 554 quis
1333 518 1500 555 pecuniam
1520 519 1701 558 acceptu-iu
1719 517 1828 557 idest,
1843 528 1882 549 an
1897 520 1973 559 quid

1100 553 1176 584 lucri
1195 554 1340 601 semler-iu
1355 565 1389 588 ut
1403 559 1495 589 alicui
1507 559 1671 599 negotium
1684 558 1824 598 faceret,
1840 568 1893 591 aut
1908 569 1974 593 non

1099 594 1233 642 faceret.
1250 598 1321 642 ffifffl
1340 599 1484 638 praesenti
1500 601 1569 631 casu
1587 610 1649 631 non
1669 609 1817 641 apparet:
1835 602 1907 642 quia
1925 601 1973 633 sti-

1099 637 1219 676 pulanti
1236 638 1365 684 quidem
1383 648 1454 671 nata
1470 642 1564 673 estex
1583 641 1731 682 stipulat-u
1747 643 1849 682 ae‘ti03
1866 642 1916 674 sed
1936 653 1974 674 ea

1101 678 1207 718 potest
1234 679 1308 710 elidi
1333 689 1388 721 per
1411 685 1658 722 exceptionem:
1683 693 1742 714 nec
1766 684 1828 722 est,
1854 693 1910 715 cur
1929 687 1975 715 vi-

1102 721 1213 766 deatur
1232 722 1400 760 pecuniam
1418 724 1591 764 accepiffe,
1609 726 1639 756 id
1655 725 1718 763 est,
1734 726 1855 757 lucrum
1867 725 1976 757 feciffe

1101 760 1320 800 stipulatione:
1345 772 1362 793 a
1379 764 1466 803 cujus
1489 766 1647 805 petitione
1670 776 1725 806 per
1741 768 1971 808 exceptionem

1101 811 1286 834 removetur
1309 805 1328 834 l.
1356 812 1401 845 13.
1423 804 1465 836 D.
1485 809 1541 837 eod.
1556 807 1601 837 tit.
1639 807 1735 839 cess'at
1752 810 1848 849 igitur
1867 809 1897 840 in
1915 809 1975 839 hae

1101 842 1383 890 specie-proposita
1400 846 1431 877 in
1450 845 1569 879 factum
1586 849 1679 879 attio.

1143 884 1220 916 Drxr
1241 909 1250 924 ,
1274 888 1403 926 quando
1427 887 1574 920 obtineat
1598 889 1666 920 haec
1683 891 1714 922 in
1737 890 1859 923 factum
1879 891 1975 924 acuo.

1099 925 1286 967 Eademque
1303 937 1400 968 opera
1419 929 1541 961 ostendi
1554 954 1563 969 ,
1588 931 1735 963 adversus
1753 942 1846 973 quem
1867 934 1973 967 detur-⁴

1098 968 1241 1009 Apparet
1259 969 1342 1000 enim
1354 993 1364 1008 ,
1383 969 1447 1002 dari
1466 971 1613 1004 adversus
1629 982 1701 1004 eum
1717 976 1768 1014 qui
1785 975 1901 1006 dicitur
1917 984 1974 1014 pe-

1099 1010 1224 1042 cuniam
1253 1011 1435 1051 accepiss'e3
1468 1022 1501 1043 ut
1525 1014 1618 1044 alicui
1640 1016 1806 1055 negotium
1829 1015 1975 1054 faceret,

1098 1059 1151 1082 aut
1171 1061 1235 1082 non
1260 1051 1383 1084 faceret
1406 1054 1424 1084 l.
1447 1063 1472 1084 1.
1492 1053 1533 1084 D.
1553 1055 1581 1086 h.
1601 1061 1622 1086 t.
1649 1055 1756 1098 Quid,
1777 1057 1798 1088 fi
1823 1058 1847 1088 is
1870 1056 1906 1088 fit
1922 1067 1975 1097 pa-

1098 1102 1191 1131 rens,
1215 1102 1269 1124 aut
1287 1103 1457 1134 patronus,
1481 1103 1533 1127 aut
1557 1095 1688 1130 fimilis?
1711 1106 1840 1137 poterat
1859 1098 1974 1130 subdu-

1097 1134 1207 1179 bitat-1:
1225 1138 1296 1175 quin
1317 1136 1384 1166 baec
1400 1136 1482 1167 aetio
1499 1147 1562 1168 non
1581 1137 1625 1169 est
1641 1137 1771 1170 famosa.
1797 1139 1914 1171 sanein
1932 1139 1975 1171 E-

1096 1176 1182 1207 dicto
1200 1177 1240 1207 de
1258 1177 1305 1206 liis
1323 1178 1374 1217 qui
1393 1186 1543 1209 notantur
1564 1179 1711 1219 infamia,
1737 1182 1820 1212 inter
1837 1181 1973 1223 infames

1096 1226 1160 1248 non
1177 1226 1359 1250 numeratur
1378 1219 1440 1250 hoc
1456 1219 1571 1251 Edicto
1592 1221 1757 1253 damnatus
1782 1223 1813 1253 in
1838 1224 1973 1263 quadru-

1096 1259 1299 1305 plum-solus
1313 1259 1440 1292 infamia
1458 1270 1589 1293 notatur
1604 1264 1770 1295 calumniae
1786 1265 1875 1294 causa
1891 1264 1975 1296 dam-

1095 1307 1186 1346 natus
1200 1300 1320 1340 Judicio
1337 1302 1479 1341 publico.
1525 1304 1761 1336 Animadvertit
1784 1313 1889 1337 tamen
1916 1304 1974 1337 Ul-

1095 1350 1226 1387 pianus,
1251 1343 1314 1373 lioc
1330 1344 1505 1382 judicium,
1521 1353 1555 1375 ut
1573 1355 1638 1376 non
1656 1345 1691 1377 fit
1709 1346 1884 1385 famosum,
1908 1347 1972 1379 css'e

1095 1382 1188 1414 instar
1204 1382 1334 1414 famosae
1350 1384 1497 1416 actionis:
1513 1387 1633 1426 quippe
1649 1388 1816 1419 continere
1834 1391 1972 1419 mentio-

1096 1433 1169 1455 nem
1195 1426 1379 1464 calumniae3
1402 1436 1508 1466 eoque
1533 1437 1596 1459 non
1621 1431 1762 1467 permitti
1779 1429 1845 1460 filio
1862 1430 1972 1461 adver-

1095 1464 1143 1496 sus
1169 1474 1350 1506 parentem3
1377 1477 1436 1498 nec
1462 1469 1577 1500 liberto
1602 1469 1750 1501 adversus
1776 1478 1969 1511 patronum,

1094 1515 1147 1538 aut
1171 1516 1354 1553 patronam,
1379 1518 1432 1540 aut
1457 1510 1601 1548 liberos,
1619 1520 1810 1551 parentesve
1836 1521 1967 1544 eorum:

1093 1547 1172 1579 ficut
1192 1558 1227 1579 us
1247 1549 1385 1588 personis
1400 1551 1495 1582 etiam
1514 1552 1544 1582 in
1568 1553 1690 1584 caeteris
1707 1551 1969 1592 Edifflpartibus

1093 1590 1228 1636 liabetur
1245 1591 1359 1622 honor.
1384 1592 1476 1631 plane
1492 1594 1535 1623 ait
1558 1590 1733 1633 Ulpianus,
1758 1593 1807 1624 his
1825 1593 1969 1634 personis

1093 1631 1163 1671 ipfis
1181 1631 1339 1663 honorem
1359 1633 1484 1670 baberi,
1501 1643 1567 1665 nou
1584 1636 1679 1665 etiam
1695 1635 1973 1667 interventoribus·

1093 1683 1222 1704 eorum:
1239 1675 1268 1703 dt
1286 1673 1306 1704 fi
1323 1673 1409 1705 forte
1426 1674 1481 1713 ipsi
1497 1685 1556 1715 pro
1572 1676 1637 1706 alii*
1655 1677 1890 1715 interveniant,
1908 1677 1970 1708 ho-v

1091 1724 1202 1745 norem
1221 1715 1327 1747 haberi
1371 1716 1416 1747 Ita
1436 1717 1488 1748 ille
1505 1717 1524 1747 l.
1542 1729 1573 1757 5.
1592 1716 1628 1751 ὅ)
1641 1727 1670 1756 7.
1689 1717 1731 1749 D.
1749 1719 1781 1748 cle
1797 1720 1884 1758 ohseq.
1898 1726 1969 1759 par.

1091 1756 1241 1794 &patron
1259 1755 1353 1797 p-rczst.
1373 1767 1441 1797 quae
1457 1759 1495 1789 ad
1512 1758 1578 1790 hoc
1594 1759 1740 1790 Edictum
1759 1759 1800 1790 fic
1815 1760 1899 1791 reste
1917 1770 1968 1792 re<

1092 1799 1274 1829 trahuntur:
1291 1808 1363 1830 cum
1380 1799 1437 1830 lint
1455 1809 1495 1830 ex
1515 1800 1595 1831 libro
1615 1810 1660 1832 10.
1685 1801 1735 1832 Ad
1751 1800 1915 1832 Edictum:
1933 1801 1967 1834 in

1091 1848 1155 1880 quo
1181 1850 1253 1871 eum
1278 1840 1342 1871 hoc
1364 1839 1513 1872 Edissum
1538 1841 1716 1883 exposuisse
1733 1866 1742 1880 ‚
1770 1843 1832 1882 jam
1858 1842 1971 1883 saepius

1090 1883 1210 1913 monui.
1257 1881 1418 1914 Caeterum
1447 1883 1539 1914 heres
1563 1884 1667 1915 liberti
1691 1885 1799 1925 (quod
1818 1883 1972 1916 obser-vae

1090 1923 1202 1954 Paulus
1218 1924 1235 1955 l.
1248 1928 1275 1957 8.
1290 1923 1329 1955 D.
1347 1926 1403 1955 eod.
1422 1925 1467 1954 tit.
1493 1934 1561 1965 quae
1579 1924 1718 1957 fimiliter
1734 1925 1779 1957 est
1789 1935 1829 1957 ex
1847 1926 1900 1958 lib.
1915 1935 1964 1957 10.

1060 1968 1063 1970 '
1088 1966 1138 1996 Ad
1165 1965 1330 2004 Edictum,
1355 1966 1494 2012 ideoque
1522 1967 1613 2007 liujus
1639 1967 1721 2007 loci)
1745 1967 1841 1999 habet
1858 1968 1967 1999 omnia

1085 2007 1151 2080 jgra
1168 2008 1312 2040 extranei
1329 2007 1467 2039 hominis
1486 2008 1632 2040 adversus
1655 2016 1826 2048 patronum
1851 2007 1966 2039 defun-

1120 2058 1126 2079 ι
1145 2056 1276 2090 integra.

1127 2090 1397 2122 Proximuslocus
1409 2090 1471 2129 est,
1487 2091 1538 2122 cui
1556 2090 1625 2122 haec
1635 2091 1727 2122 detur
1744 2091 1836 2122 attio.
1856 2090 1888 2122 id
1907 2100 1961 2122 ve·

1086 2140 1122 2162 1¹0
1138 2132 1168 2163 iu
1195 2131 1309 2163 Editio
1337 2133 1434 2163 hodie
1457 2132 1630 2173 (quantum
1650 2133 1752 2172 liquet
1774 2142 1813 2162 ex
1829 2133 1848 2162 l.
1869 2141 1896 2163 1.
1916 2132 1960 2165 1).

1085 2173 1112 2203 h.
1132 2174 1174 2214 t.)
1190 2183 1254 2204 uon
1282 2181 1387 2205 extat:
1411 2173 1463 2205 sed
1482 2174 1618 2205 Veteres
1636 2174 1742 2214 ajunt,
1766 2173 1850 2205 illam
1868 2182 1960 2205 com-

1085 2222 1196 2255 petere
1215 2216 1243 2246 ei
1262 2224 1314 2256 qui
1338 2216 1506 2255 pecuniam
1532 2216 1640 2254 dedit,
1665 2224 1705 2246 ne
1721 2214 1777 2246 fibi
1795 2214 1887 2246 fieret
1904 2224 1961 2246 nea

1084 2257 1225 2297 gotium:
1246 2257 1389 2296 itemque
1406 2257 1435 2287 ei
1454 2263 1588 2297 propter
1603 2265 1699 2297 quem
1717 2257 1788 2287 data
1804 2255 1850 2287 est
1865 2265 1961 2296 pecu-

1083 2298 1144 2328 nia.
1163 2299 1192 2329 ei
1205 2308 1283 2329 vero
1301 2299 1354 2338 qui
1371 2299 1539 2337 pecuniam
1557 2299 1664 2336 dedit,
1681 2305 1715 2329 ut
1732 2298 1781 2329 alii
1797 2296 1888 2328 fieret
1905 2307 1961 2329 ne-

1082 2339 1225 2380 gotium,
1249 2349 1314 2371 non
1333 2347 1530 2379 competere.
1560 2340 1612 2371 Sic
1628 2340 1658 2371 in
1675 2339 1694 2370 l.
1713 2348 1740 2378 7.
1758 2345 1806 2379 pr.
1827 2338 1863 2373 &³
1881 2339 1909 2380 §.
1931 2347 1960 2370 1.

1081 2382 1109 2411 h.
1137 2387 1158 2412 t.
1182 2382 1365 2421 eodemque
1391 2381 1490 2412 modo
1516 2381 1640 2421 accipio
1667 2379 1830 2419 sequentia
1858 2380 1961 2411 verba-

1081 2422 1100 2453 l.
1117 2432 1146 2463 3.
1165 2422 1187 2464 §.
1209 2423 1263 2454 ult.
1281 2424 1308 2454 d.
1328 2431 1348 2454 t.
1384 2422 1439 2453 Sed
1463 2423 1489 2452 ei
1503 2423 1623 2453 dabitur
1632 2422 1731 2461 petitio
1743 2426 1860 2461 propter
1870 2431 1957 2462 quem

1081 2465 1182 2495 datum
1198 2462 1255 2504 eft,
1274 2470 1306 2494 ut
1324 2464 1471 2495 calumnia
1489 2462 1593 2503 ez'fiat.
1615 2460 1778 2503 Significat
1795 2462 1879 2494 enim
1897 2461 1958 2494 Ul-

1081 2506 1210 2544 pianus,
1234 2506 1323 2546 quod
1348 2505 1375 2536 ei
1402 2511 1534 2544 propter
1551 2513 1646 2543 quem
1662 2503 1769 2534 datum
1788 2502 1850 2541 est,
1875 2512 1910 2534 ut
1926 2504 1958 2536 ei

1079 2546 1133 2577 fiat
1158 2547 1331 2584 calumnia,
1354 2556 1394 2577 ex
1418 2546 1482 2576 hoc
1502 2544 1618 2576 Edicto
1642 2545 1802 2584 competit
1823 2544 1904 2575 aetio
1921 2545 1956 2577 in

1079 2587 1198 2619 fastum
1221 2588 1250 2619 in
1274 2587 1500 2628 quadruplum:
1524 2586 1554 2617 ἃ.
1573 2587 1647 2618 ideo
1666 2586 1753 2617 reste
1772 2585 1956 2624 subjicitu1·;

1079 2629 1182 2674 Quare
1191 2627 1221 2667 si
1234 2631 1299 2671 quis
1315 2639 1333 2661 a
1350 2635 1376 2659 te
1386 2629 1541 2669 pecuniam
1559 2629 1714 2668 acceperit,
1737 2632 1771 2658 ut
1790 2627 1861 2657 mibi
1869 2627 1954 2667 face-

1078 2677 1121 2701 ret
1138 2672 1283 2712 negotium
1293 2681 1303 2706 ,-
1327 2669 1363 2704 &³
1382 2680 1400 2700 a
1416 2679 1478 2708 me,
1493 2678 1528 2700 ne
1545 2670 1615 2700 mihi
1626 2669 1757 2709 faceret:
1781 2669 1889 2700 duobus
1899 2669 1953 2711 ju·

1078 2712 1161 2743 dictis
1182 2713 1253 2742 mihi
1270 2712 1423 2742 tenebitur.

1120 2752 1247 2792 Restat,
1269 2761 1305 2784 ut
1320 2752 1513 2791 tractemus:
1533 2752 1571 2783 ad
1590 2752 1666 2792 quid
1689 2758 1856 2792 competat
1881 2751 1950 2782 liaec

1075 2794 1169 2826 aCtio.
1193 2795 1235 2826 ait
1258 2802 1364 2826 autem
1388 2794 1529 2832 Praetor,
1553 2801 1741 2834 competere
1766 2795 1795 2824 in
1815 2794 1950 2834 quadru-

1076 2837 1162 2876 plum
1186 2837 1266 2867 intra
1283 2845 1418 2867 annum:
1443 2834 1515 2876 post
1537 2844 1653 2866 annum
1671 2836 1702 2866 iu
1720 2834 1864 2875 simplum
1881 2835 1900 2866 l.
1920 2842 1949 2865 1.

1075 2877 1116 2908 D.
1133 2877 1160 2908 h.
1177 2883 1199 2908 τ.
1236 2877 1346 2908 Annus
1370 2877 1639 2917 quemadmodum
1664 2875 1700 2907 fit
1724 2875 1952 2916 accipiendus,

1074 2919 1215 2958 explicat
1231 2917 1329 2958 Gaius
1347 2919 1407 2950 l.6.
1427 2919 1454 2951 b.
1472 2925 1494 2950 t.
1511 2917 1564 2949 De
1580 2918 1756 2958 quadruplo
1771 2924 1877 2948 autem
1894 2917 1948 2947 du-

1073 2960 1202 2991 bitatur.
1226 2961 1377 3000 qua-titur
1400 2961 1503 2998 enim,
1526 2966 1631 2991 utrum
1654 2966 1760 2990 totum
1777 2958 1813 2990 fit
1831 2965 1950 2997 poeua;

1073 3010 1111 3032 an
1130 3003 1156 3032 ei
1176 3001 1245 3032 insit
1262 3001 1426 3042 simplum,
1443 3010 1477 3032 ut
1493 3002 1592 3032 mixta
1607 3001 1755 3031 videatur
1770 2997 1945 3043 affitio‘esed
1973 3000 1976 3002 '

1074 3041 1236 3083 distinguit
1252 3043 1416 3083 Cujacius,
1437 3043 1486 3073 lib.
1499 3047 1527 3076 8.
1541 3042 1661 3079 obser-v.
1672 3050 1755 3078 am.
1778 3040 1822 3084 ait
1839 3046 1921 3069 enim
1934 3059 1947 3074 ,

1073 3083 1231 3116 achonem
1248 3094 1288 3116 ex
1314 3085 1377 3115 hoc
1393 3084 1508 3115 Edicto
1524 3083 1586 3114 csse
1602 3084 1752 3118 mixtam3
1774 3079 1794 3110 fi
1810 3078 1873 3118 lpse
1890 3079 1944 3124 dt}-

1072 3127 1122 3162 di,
1146 3134 1186 3156 ne
1202 3124 1277 3157 mihi
1297 3124 1388 3157 fieret
1404 3125 1582 3166 negotium.
1606 3124 1692 3163 quod
1714 3121 1734 3152 fi
1752 3120 1829 3151 alius
1853 3118 1944 3149 dedit

1073 3165 1299 3198 misericordiae
1313 3167 1421 3205 causa,
1446 3176 1486 3196 nc
1503 3166 1553 3196 alii
1570 3164 1660 3196 fieret
1675 3162 1861 3200 negouum‚
1879 3159 1944 3191 ess'e

1071 3216 1159 3238 mere
1171 3208 1329 3248 poenalem
1344 3220 1351 3240 :
1365 3216 1438 3238 cum
1450 3216 1514 3237 non
1532 3206 1623 3245 poffit
1639 3202 1700 3233 effe
1716 3201 1861 3241 fimplum
1879 3210 1945 3233 res-

1069 3249 1165 3294 Pe‘stu
1183 3250 1268 3293 ejus,
1285 3250 1337 3291 qui
1357 3248 1434 3284 nihil
1450 3247 1548 3284 dedic.
1572 3244 1779 3283 nihilomiuus
1796 3242 1893 3275 habet
1907 3241 1941 3313 {Z
