2036 3495
471 103 538 140 An
562 102 652 138 Lus.
678 99 773 136 xm.
811 100 846 135 T
856 111 912 136 1T.
941 99 988 137 V.
1021 102 1072 139 De
1089 72 1255 150 canstituta
1271 102 1412 148 pecunia.

46 197 98 230 Sic
115 197 286 230 Florentia
301 195 413 228 editur.
437 194 488 226 sed
512 193 700 238 legendum:
727 192 760 237 Sp·
777 192 841 232 quis
858 201 910 222 azi-

46 245 102 270 tem
127 238 298 280 constituar,
322 241 351 269 ie
366 235 609 272 iatisfacturum‚
627 232 827 274 fidejuſjiirem.
852 234 911 264 οἷς,

46 280 159 311 Sensus
179 281 278 314 Pauli:
295 281 380 320 quod
399 282 452 318 qui
470 275 652 319 constituit,
670 274 698 305 se
719 275 911 320 soluturum,

46 323 74 353 is
93 321 260 354 offerendo
284 319 525 352 latisfaetionetn
543 326 603 349 non
618 316 729 356 implet
746 316 914 360 creditoris

45 364 274 395 intentionem:
298 361 369 403 quia
392 361 473 392 aliud
497 358 541 390 est
568 357 710 395 solvere,
733 358 816 388 aliud
834 357 914 388 latis-

45 404 164 437 facere.
189 414 258 436 nam
282 404 468 435 solutionem
492 400 638 438 accipere
667 406 794 429 tenetur
815 399 914 429 credi-

47 455 101 477 tor
117 470 126 485 ,
150 448 244 478 etiarn
268 444 404 476 invitus:
428 450 459 473 at
477 440 720 473 satisfactionem
745 441 915 471 admittere

47 488 167 519 imitus
186 497 248 518 non
266 494 410 526 cogitur3
426 483 479 515 etsi
502 481 695 513 satisfactioa
707 481 837 512 volente
847 490 912 511 cre·

47 531 151 560 ‘litore
168 527 291 560 admiss'a
301 526 435 558 debitori
454 525 548 556 cedat
561 533 618 564 pro
632 523 787 554 solutione
803 523 822 553 ί.
837 526 865 553 6.
904 546 911 553 .

51 579 78 601 1.
98 570 138 602 D.
160 571 248 614 Qgiz‘b.
265 565 504 608 moil.pig⁷1.sblv.
520 565 581 597 Sed
601 565 713 597 Paulus
733 566 760 595 cl.
779 564 797 594 l.
819 573 864 595 21.

44 611 73 644 ἐ.
90 621 153 643 non
170 609 279 651 quaerit
297 609 336 640 de
353 617 393 639 eo
416 608 469 647 qui
490 606 611 638 volenti
630 607 737 645 cupiat
754 604 908 636 satisface-

44 663 98 685 re:
123 653 172 684 sed
188 654 226 684 de
242 660 282 683 eo
306 648 359 690 qui
385 650 485 680 invito
506 647 619 680 offerat
644 647 911 684 satisfactioncm3

42 694 206 734 postquam
223 691 387 724 constituit
403 690 609 722 solutionem:
625 689 654 720 ἃ
678 687 738 726 ait,
756 688 840 719 hunc
856 687 909 718 ob-

41 737 104 768 lata
121 733 332 766 fatisfafitione
350 742 414 764 non
432 732 564 771 implere
581 729 798 762 constitutum.
816 730 911 769 longe

40 777 151 815 aliter,
166 785 203 806 ac
218 775 238 807 fi
259 773 417 806 constituit
430 773 459 805 se
472 772 720 807 satisfacturum5
739 772 766 801 <St
787 778 910 810 paratus

40 817 103 853 est,
126 817 153 848 ei
178 816 389 856 fidejiiffoi-em
416 816 465 846 vel
495 815 627 856 pignora
645 816 729 844 dare.
754 813 807 842 hic
826 812 909 842 enim

44 858 98 890 etfi
115 869 178 890 non
196 857 311 890 offerat
322 856 511 889 solutionem
523 880 532 893 ,
549 864 652 887 tamen
671 854 688 885 si
710 854 839 894 pignora
858 852 911 883 vel

44 899 256 940 fidejussorem
269 900 406 938 obtulit,
422 898 597 929 constituto
616 895 785 926 satisfecit:
804 895 889 934 quod
901 917 910 932 ‚

41 949 76 972 ut
94 941 207 973 Paulus
224 941 286 979 ait,
311 939 387 972 nihil
411 939 557 977 interest,
582 937 850 981 qncmadmodum
869 934 910 965 sa-

44 981 191 1015 tisfaciat.
216 981 291 1014 Non
310 981 411 1014 minus
428 979 581 1012 convenit
599 979 703 1011 Edisti
724 977 845 1008 verbis:
871 986 911 1007 ne

19 1048 24 1058 i
45 1025 98 1065 qui
116 1023 152 1056 fit
171 1031 295 1064 paratus
313 1023 435 1054 solvere
456 1030 508 1053 aut
523 1020 630 1052 facere
646 1020 777 1064 iti-quod
796 1017 910 1063 consti7

44 1065 126 1103 tuit,
149 1065 202 1097 nisi
225 1064 356 1096 solidum
375 1065 503 1095 solverit
519 1072 571 1094 aut
592 1062 723 1098 fecerit,
746 1059 909 1090 constituti

44 1107 242 1148 obligatione
261 1106 423 1138 liberetur.
451 1107 482 1137 id
504 1106 624 1144 placet,
649 1102 669 1134 si
689 1111 765 1133 unus
786 1102 833 1131 vel
852 1110 909 1140 pro

43 1147 77 1179 se
93 1150 144 1180 vel
160 1158 218 1187 pro
234 1148 296 1178 alio
319 1146 535 1179 constituerit:
559 1145 622 1177 imo
651 1145 764 1181 etiam,
790 1142 810 1174 fi
828 1143 910 1180 duo,

44 1189 129 1228 quast
145 1191 209 1221 duo
234 1189 298 1227 rei,
322 1188 585 1220 constituerimus.
612 1194 682 1217 nam
709 1184 738 1215 &
755 1192 820 1214 tum
839 1192 909 1214 cuni

44 1231 147 1262 altero
166 1231 195 1262 in
215 1229 345 1261 solidum
364 1229 430 1270 agi,
447 1228 598 1270 Ulpianus
615 1227 683 1259 finit
701 1226 719 1256 l.
735 1229 777 1256 16.
791 1225 830 1256 D.
847 1225 873 1255 h.
893 1231 913 1255 t.

43 1271 214 1312 justiniano
232 1279 336 1302 tamen
349 1272 446 1302 visum
466 1271 485 1301 l.
502 1280 531 1310 3.
551 1270 582 1300 C.
602 1271 629 1300 cl.
647 1276 666 1298 ι.
686 1266 850 1306 epistolam
872 1264 911 1296 D.

44 1312 197 1345 Hadriani
214 1321 283 1353 quae
301 1313 340 1342 de
356 1311 500 1351 periculo
518 1312 599 1341 inter
617 1309 816 1340 mandatores
833 1307 861 1338 ὅ(
880 1305 912 1338 fi-

42 1353 212 1394 dejuffores
236 1351 391 1393 loquitur,
419 1353 469 1384 vel
493 1351 522 1382 in
549 1351 596 1382 his
622 1350 674 1390 qui
699 1358 756 1388 pro
775 1348 840 1380 aliis
859 1357 911 1388 pe-

44 1395 152 1426 cunias
183 1394 270 1426 simul
296 1393 512 1429 constituunt,
544 1392 709 1423 obtinere:
735 1391 796 1422 bac
821 1390 911 1420 allata

46 1435 165 1474 causa;
194 1435 280 1475 quod
305 1435 460 1474 :equitatis
483 1432 564 1464 ratio
590 1432 725 1464 diversas
751 1431 911 1462 actionum

43 1476 164 1516 species
180 1476 350 1508 excludere
376 1476 465 1507 nullo
484 1475 584 1506 modo
602 1474 712 1506 debet.
739 1473 801 1505 Sed
818 1481 910 1517 appa-

43 1525 111 1559 ret,
134 1527 207 1550 eum
225 1518 278 1559 qui
297 1516 459 1549 constituit
476 1514 578 1548 teneri
595 1516 627 1548 id
645 1515 730 1556 quod
747 1513 910 1546 constituit

1768 111 1838 145 247

956 190 1088 223 solvere.
1105 191 1236 232 utique,
1255 192 1276 225 fi
1296 199 1402 223 extat:
1422 189 1462 221 fic
1474 189 1557 222 enirn
1574 187 1682 229 potest
1692 186 1833 233 solvere.

954 240 985 262 at
1003 232 1022 263 si
1040 233 1185 273 perierit,
1203 242 1276 265 cuin
1294 243 1348 273 per
1359 243 1431 264 eum
1448 232 1558 270 staret,
1575 241 1639 272 quo
1657 229 1836 272 ininusiol-

958 276 1134 314 veretzjam
1153 277 1224 314 quia
1236 285 1299 306 non
1312 275 1418 315 potest
1435 273 1556 304 solvere
1574 279 1660 312 quod
1672 275 1834 312 promitit,

957 316 1142 347 necestitate
1152 316 1206 354 fit;
1224 325 1297 347 utin
1311 318 1416 348 locum
1433 316 1611 346 constituiae
1628 323 1672 344 rei
1685 313 1834 343 succedat

957 356 1023 396 ejus
1052 357 1227 388 aestimatiO.
1253 358 1360 388 auctor
1384 359 1522 397 julianus
1539 357 1557 387 l.
1578 367 1623 396 23.
1641 356 1669 386 h.
1687 360 1706 385 t.
1726 353 1832 383 verbis

958 397 1183 437 sequentibus:
1218 398 1371 438 Promiffor
1396 400 1537 435 hominis,
1561 400 1673 427 homine
1698 402 1829 432 mortuo,

956 448 1021 470 cum
1034 445 1085 478 per
1096 449 1157 469 eum
1169 437 1279 479 flaret,
1295 450 1349 479 quo
1367 441 1462 470 minus
1480 441 1661 476 truderetur,
1677 435 1727 474 etsi
1743 437 1831 466 vomi·

956 489 1019 511 nem
1044 480 1184 511 daturum
1200 490 1228 517 se
1254 480 1452 519 constituerit,
1476 489 1508 510 ae
1527 480 1684 520 constituta
1705 479 1831 519 pecunia

958 522 1118 557 tenebitur,
1141 528 1173 551 ut
1190 522 1317 561 pretium
1333 522 1393 562 ejus
1410 522 1512 557 solvat.

997 562 1156 602 Expositis
1168 563 1328 603 plerisque
1345 566 1383 593 ad
1399 561 1595 594 intent-stum
1613 563 1743 593 actionis
1755 569 1833 592 con-

955 603 1118 636 stitutoriae
1153 605 1386 643 pertinentibus
1405 628 1415 642 ,
1446 605 1550 635 adlitic
1585 612 1696 634 monet
1725 603 1832 642 ulpia-

955 655 1012 677 nus
1029 647 1057 676 cl.
1077 646 1096 676 l.
1119 649 1163 679 18.
1181 645 1208 686 §
1228 656 1255 677 2.
1283 656 1301 676 e
1319 656 1349 676 re
1367 645 1429 676 esse
1448 668 1456 683 ‚
1480 645 1531 675 bic
1558 644 1744 685 subjungere
1764 666 1772 680 ‚
1799 653 1832 674 u·

955 696 1036 719 trum
1057 696 1183 727 poenam
1202 687 1367 718 contineat
1386 688 1436 717 illa
1453 686 1601 723 aetio,aii
1623 695 1664 716 rei
1689 688 1833 725 perit-cu-

954 728 1104 759 tionem?
1128 729 1276 767 Speciem
1300 738 1402 769 poenae
1425 728 1581 759 habebat:
1607 736 1692 766 quoii
1713 735 1834 765 propo-

954 770 1008 801 fita
1025 780 1039 800 a
1063 769 1203 800 Praetore
1221 770 1367 801 adversus
1387 779 1508 801 moram
1528 778 1591 800 non
1612 769 1762 799 solventis
1782 771 1832 799 lua

955 812 1006 843 die
1029 811 1238 842 constitutim
1257 835 1265 849 ‚
1297 820 1422 849 poterat
1451 810 1611 851 proposita
1640 809 1771 848 intelligi
1799 808 1832 839 in

955 861 1082 892 poenam
1101 863 1135 883 ru
1145 861 1204 890 ptae
1231 852 1314 883 fidei.
1331 853 1392 883 Sed
1411 852 1569 883 Marcello
1589 850 1705 890 visum,
1733 859 1760 880 in
1774 857 1831 890 igis

956 893 1037 932 ess'e,
1066 902 1096 924 ut
1119 894 1152 925 fit
1171 895 1213 924 rei
1233 894 1420 934 persecutio.
1438 896 1587 934 idemque
1607 893 1718 933 piobtir
1740 890 1832 931 Ulpi-

955 945 1041 966 anus.
1068 935 1096 965 &
1122 935 1224 966 rifle:
1248 944 1283 965 ut
1311 945 1396 966 enirn
1422 935 1541 966 Praetor
1567 936 1646 967 hanc
1671 935 1833 964 actionem

955 978 1083 1007 demum
1105 984 1291 1015 promittat3
1316 976 1334 1007 fi
1353 985 1521 1014 appareat,
1547 985 1619 1006 eum
1645 986 1695 1013 uui
1715 974 1833 1005 eonsti-

956 1017 1032 1056 tuit,
1059 1027 1164 1056 neque
1190 1018 1328 1055 solvere,
1353 1028 1458 1057 neque
1484 1017 1609 1051 ft-ciffez
1634 1026 1739 1048 tamen
1766 1024 1833 1047 non

954 1057 1047 1090 aliam'
1064 1059 1105 1090 illi
1129 1058 1256 1098 praefert
1284 1061 1427 1096 causam,
1452 1069 1544 1095 Quam
1561 1064 1834 1090 contentionem:

954 1110 991 1131 :ic
1019 1101 1190 1132 secundum
1227 1100 1307 1131 lianc
1335 1100 1413 1131 facit
1446 1101 1573 1138 Quidem
1606 1099 1757 1130 creditori
1782 1100 1832 1138 jus

954 1142 1165 1182 persequendi
1190 1141 1417 1172 constitutum:
1443 1143 1491 1172 sed
1521 1151 1591 1173 etim
1618 1143 1698 1173 ultra
1723 1139 1833 1181 vgredi

958 1193 1024 1215 non
1053 1184 1133 1215 linit.
1157 1192 1220 1214 non
1238 1184 1281 1214 est
1302 1183 1394 1222 igitur
1413 1183 1481 1213 haec
1502 1183 1634 1223 poeiialis
1651 1183 1752 1218 actio,
1779 1181 1832 1213 led

957 1226 1002 1256 rei
1042 1224 1265 1264 persecutoria.
1296 1226 1335 1255 ab
1364 1234 1465 1264 caque
1499 1224 1587 1254 caiisa
1620 1233 1683 1254 non
1709 1231 1833 1256 rantum

957 1265 1093 1303 heredi,
1120 1265 1168 1297 sed
1198 1267 1345 1296 adversus
1375 1266 1525 1296 heredem
1553 1274 1682 1304 Quoque
1702 1289 1710 1300 ,
1745 1273 1834 1296 com·

958 1307 1056 1347 petit,
1081 1307 1109 1338 dc
1139 1316 1303 1346 perpetuo.
1321 1306 1361 1338 sic
1378 1305 1447 1337 sane
1474 1306 1616 1338 rescribit
1641 1306 1719 1344 Imp.
1744 1305 1831 1337 Gor-

956 1350 1064 1380 dianus
1088 1348 1106 1378 l.
1133 1357 1157 1380 1.
1183 1349 1215 1379 C.
1234 1349 1260 1379 b.
1277 1354 1297 1379 t.
1322 1349 1349 1379 ὁ(
1369 1348 1554 1386 justinianus
1572 1349 1588 1378 l.
1611 1358 1638 1379 2.
1663 1347 1716 1378 etii
1734 1347 1833 1386 oiim,

955 1390 1019 1431 ipse
1042 1390 1102 1427 ait,
1127 1400 1191 1420 non
1216 1390 1246 1421 iii
1270 1389 1418 1421 omnibus
1437 1389 1555 1420 casibus
1572 1388 1649 1420 essct
1667 1389 1833 1429 longaeua,

956 1433 1006 1463 led
1030 1433 1061 1464 in
1088 1431 1252 1472 speciebus
1277 1432 1374 1463 certis
1398 1432 1502 1464 annali
1526 1430 1627 1473 spatio
1652 1431 1830 1465 conclude·

954 1481 1051 1506 retur.

709 1582 1186 1635 Tirunus.x'71.

749 1674 936 1710 Commodatz‘
951 1674 1002 1709 vel
1014 1663 1129 1710 contra.

47 1765 128 1844 N
147 1776 208 1799 unc
227 1764 325 1799 redeo
343 1774 360 1797 e
377 1765 569 1798 diverticulo
587 1764 618 1796 i'n
635 1764 728 1795 viam.
753 1762 832 1795 dixit
851 1764 881 1795 in
897 1763 915 1795 l.

155 1819 180 1841 1.
201 1809 242 1840 D.
259 1809 292 1838 cie
308 1808 390 1837 rebus
405 1809 514 1838 creditis
532 1805 685 1847 Ulpianus
696 1829 705 1844 ,
721 1805 892 1837 Praetorem
905 1830 914 1844 ,

49 1849 106 1880 sub
129 1849 263 1887 Titulo‚
290 1847 340 1879 De
365 1849 456 1880 rebus
481 1849 628 1885 creditis,
653 1857 715 1878 nori
735 1854 855 1878 tantum
874 1849 914 1878 de

49 1899 165 1923 mutuo
191 1888 338 1927 edixisse,
363 1888 413 1921 sed
438 1890 477 1921 de
501 1890 709 1920 commodato
732 1897 861 1929 quoque
886 1889 917 1920 &

48 1933 195 1972 pignore.
227 1929 372 1969 expofito
397 1931 492 1971 igitur
516 1939 647 1968 mutuo,
680 1931 710 1961 id
737 1929 781 1961 est
811 1931 915 1970 primo

47 1974 211 2004 contractu
230 1973 282 2012 qui
299 1981 332 2002 re
349 1971 569 2009 contrahitur3
583 1971 722 2011 sequitur
743 1971 894 2002 secundus

47 2015 299 2046 commodatum.
332 2011 385 2043 Est
409 2022 506 2050 vero,
530 2013 712 2044 contractus
733 2011 810 2053 juris
838 2022 909 2054 gen·

49 2056 129 2087 tium
156 2055 247 2086 bonae
264 2053 337 2085 fidei
358 2063 422 2094 quo
439 2063 558 2094 corpus
576 2056 671 2093 gratis
693 2055 843 2085 utendum
863 2055 909 2085 da-

48 2103 100 2127 tur
116 2097 153 2127 ad
171 2094 295 2127 certum*
312 2094 406 2126 finem
425 2104 478 2126 aut
493 2104 634 2136 ternpus:
661 2105 697 2126 ea
715 2095 805 2136 lege3
829 2104 862 2126 ut
881 2094 901 2126 fi

46 2137 117 2168 nito
134 2137 186 2168 usu
201 2145 253 2168 aut
278 2144 444 2175 tempore,
468 2137 552 2168 idem
581 2145 698 2176 corpus
713 2146 775 2168 uon
796 2138 908 2168 deteri-

49 2186 175 2209 oratum
194 2177 382 2209 restituatur.
409 2176 457 2208 De
475 2177 539 2208 hoc
558 2178 723 2210 contractu
742 2177 864 2210 exstant
882 2179 911 2210 in

50 2219 71 2250 l.
92 2228 118 2250 1.
139 2219 299 2259 sequentia
318 2218 463 2250 Praetoris
480 2219 586 2249 verba.
612 2218 698 2264 Quod
715 2220 778 2260 quis
796 2230 911 2251 commo-

47 2260 123 2300 daffe
149 2261 277 2297 dicetur,
300 2260 332 2290 de
353 2269 383 2290 eo
402 2259 548 2301 judicium
575 2262 644 2290 dabo
685 2260 784 2299 Hujus
804 2270 910 2293 autem

48 2300 152 2332 Edisti
174 2299 468 2340 interpretationem
488 2310 551 2331 non
577 2300 638 2332 ess'e
655 2301 834 2339 difficilem,
860 2303 900 2334 Ul

48 2343 158 2383 pianus
196 2343 237 2373 ait
271 2341 298 2383 §.
329 2351 353 2373 1.
375 2350 469 2373 unum
496 2342 696 2374 solummodo
722 2346 914 2375 notandum:

50 2385 136 2423 quod
162 2383 215 2423 qui
242 2383 387 2414 Emeum
413 2385 581 2423 concepit,
614 2385 811 2415 commodati
836 2385 915 2416 feeit

46 2424 264 2463 mentionem,
296 2433 367 2455 cum
402 2423 554 2455 Pacuvius
587 2426 696 2457 utendi
720 2426 917 2458 mentionem

47 2464 137 2497 fecit.
163 2465 316 2496 Pacuvius
335 2465 394 2496 fuit
422 2464 522 2497 Edicti
545 2466 663 2498 auctor.
688 2467 711 2498 is
727 2466 768 2498 fic
786 2467 916 2506 scriptit:

52 2504 139 2549 Quod
153 2509 217 2548 quis
242 2508 381 2538 utendum
403 2507 504 2547 decit-ffe
525 2508 642 2538 aiceiur.
669 2517 728 2548 pro
746 2518 786 2539 eo
805 2518 856 2548 qui
881 2508 916 2540 E-

51 2547 169 2578 dietum
194 2549 364 2588 concepit,
391 2548 442 2579 hic
465 2548 509 2578 est
534 2549 693 2587 Julianus,
724 2552 920 2589 compilator

53 2587 157 2621 Edisti
176 2591 338 2628 perpetui,
363 2589 518 2629 reposuit,
543 2588 630 2633 Quod
654 2593 719 2632 quis
742 2591 921 2632 commenti-[Te

50 2631 169 2661 dicetur.
186 2628 247 2660 Res
265 2629 538 2662 minimeinsolita:
557 2638 583 2663 o<
597 2632 650 2662 iub
669 2631 781 2662 'situlii
794 2657 801 2667 ,
819 2632 917 2675 Quod

50 2679 157 2716 metus
172 2670 279 2707 causa,
303 2671 329 2700 ὅ(
349 2670 399 2715 De
423 2672 537 2712 pactis,
562 2683 578 2704 a
597 2682 646 2704 me
665 2672 806 2705 fimiliter
824 2683 915 2705 nota-

51 2719 96 2742 ta.
118 2711 309 2742 emendavit
324 2720 417 2751 igitur
433 2712 570 2751 Julianus
589 2715 821 2746 Pacuviivetus
845 2715 912 2747 Edi·

53 2752 160 2788 ctum,
182 2752 327 2783 restituto
355 2754 476 2791 aptiore
498 2755 608 2786 verbo.
636 2755 751 2791 Dices,
774 2766 920 2788 commo-

50 2793 116 2824 dari
143 2793 171 2824 ὅ(
198 2793 348 2824 utendum
373 2793 435 2823 dari
461 2795 612 2827 confundi
629 2797 646 2827 l.
666 2807 712 2836 54.
734 2797 752 2840 ᾗ
784 2807 806 2828 1.
826 2797 867 2828 D.
888 2802 921 2830 de

43 2834 157 2874 furtis,
187 2833 222 2868 δέ)
239 2834 266 2875 §.
284 2843 311 2864 2.
331 2832 401 2873 ant.
420 2833 507 2877 Quib.
531 2839 603 2867 mod.
628 2847 657 2868 re
681 2841 810 2870 commi).
834 2840 917 2880 oblig.

49 2877 94 2907 At
122 2876 184 2905 hoc
201 2884 271 2906 cum
289 2873 324 2905 fit
341 2899 348 2911 ‚
372 2884 388 2905 a
405 2876 568 2908 verborum
588 2879 782 2918 proprietate
801 2884 927 2920 recede,

51 2924 112 2948 tur.
131 2924 252 2947 tantum
271 2917 355 2947 enirn
373 2915 518 2947 intercffe
536 2920 616 2949 inter
632 2922 871 2952 commodatum
891 2922 924 2957 <St

52 2958 205 2989 utendum
230 2958 336 2988 darum
361 2980 370 2996 ,
404 2956 512 2988 Labeo
537 2961 645 2991 auctor
668 2961 711 2992 est
727 2985 736 3001 ‚
768 2972 920 3002 quantum

49 3000 135 3030 inter
159 2999 309 3040 genus&
338 2997 472 3037 speciem
496 3000 522 3029 d.
539 2999 557 3030 l.
577 3009 600 3031 1.
624 3001 651 3042 §.
670 3012 693 3033 1.
713 3012 820 3040 itaque
843 3014 916 3035 con-

49 3039 126 3079 stat,
151 3041 235 3072 usum
255 3049 319 3071 non
339 3041 368 3070 iri
389 3044 600 3072 commodato
625 3044 722 3075 iolurn
739 3044 919 3084 contineri,

49 3081 103 3112 sed
129 3081 223 3112 etiarn
250 3083 280 3112 in
309 3080 471 3112 locatione
498 3082 526 3113 δι
546 3085 704 3121 precario:
728 3094 800 3116 cum
820 3086 887 3116 liaec
903 3096 919 3117 a

46 3124 257 3154 commodato
275 3123 365 3153 valde
382 3122 504 3153 distent.
528 3122 609 3155 Nam
621 3126 739 3156 locatio
757 3126 802 3156 est
819 3137 865 3158 res
881 3129 919 3159 ad

46 3163 134 3196 usum
154 3166 224 3195 data
243 3173 315 3195 cum
334 3163 523 3195 diffinitione
540 3167 711 3204 mercedis3
734 3176 767 3197 tit
788 3167 917 3199 isidorus

44 3204 205 3246 loquitur,
228 3205 275 3237 lib.
292 3216 324 3248 5.
343 3206 460 3247 Origin.
479 3215 502 3238 c.
520 3215 570 3248 25.
594 3207 802 3244 Comiuodati
826 3210 914 3245 causa

958 1764 1094 1805 gratuita
1110 1763 1137 1805 §.
1157 1772 1186 1794 2.
1207 1761 1276 1804 Inst.
1297 1763 1386 1808 Quib.
1405 1762 1478 1794 mod.
1497 1772 1529 1795 re
1544 1759 1664 1794 contrah
1691 1762 1775 1803 oblig.
1791 1761 1836 1794 U·

960 1808 1006 1836 ius
1026 1807 1119 1846 igitur
1136 1805 1242 1836 locato
1260 1814 1423 1844 comparat
1441 1807 1692 1836 commodatum.
1711 1812 1837 1835 merces

959 1846 1077 1887 separat
1098 1854 1277 1886 utrumque.
1304 1846 1388 1878 lnter
1406 1855 1580 1887 precarium
1598 1855 1634 1877 ae
1652 1847 1841 1877 commoda-

959 1897 1025 1920 tum
1046 1897 1176 1928 quoque
1192 1889 1236 1919 est
1254 1886 1441 1919 differentia.
1474 1889 1503 1918 iri
1522 1888 1662 1927 precario
1680 1888 1761 1918 enim
1785 1896 1839 1925 pe·

959 1929 1037 1960 tenti
1058 1930 1207 1968 precibus
1225 1931 1300 1970 quid
1318 1928 1507 1960 conceditur
1532 1930 1702 1967 urendum,
1729 1937 1839 1967 quam·

959 1971 1012 2002 diu
1037 1981 1060 2002 is
1089 1973 1139 2010 qui
1167 1971 1338 2007 conceffit,
1366 1973 1481 2009 patitur
1503 1971 1520 2000 l.
1544 1979 1566 2001 ῐ,
1591 1970 1627 2000 l).
1647 1973 1680 2001 de
1693 1971 1833 2010 primario.

956 2021 986 2043 at
1007 2012 1202 2044 commodati
1223 2012 1291 2043 ultis
1311 2013 1405 2044 modo
1421 2021 1473 2042 aut
1488 2021 1634 2051 tempore
1652 2012 1836 2042 includitur.

957 2055 998 2084 ita
1018 2055 1122 2094 potest
1141 2063 1318 2095 precarium
1332 2078 1340 2091 ,
1365 2063 1437 2085 curn
1466 2055 1591 2084 videtur
1611 2051 1715 2091 danti,
1741 2061 1836 2083 revo-

956 2097 1040 2134 cari3
1068 2096 1140 2126 licet
1165 2095 1187 2126 is
1215 2096 1266 2134 qui
1291 2097 1439 2132 accepit,
1465 2096 1606 2126 nondum
1633 2095 1702 2124 usus
1719 2093 1763 2124 fit.
1787 2091 1835 2125 est

956 2137 1040 2168 enim
1069 2137 1136 2167 liaec
1161 2137 1292 2175 precarii
1312 2137 1363 2168 lex
1384 2137 1411 2165 δι
1427 2136 1551 2173 forma,
1578 2136 1716 2176 spectans
1736 2134 1835 2174 magis

956 2180 993 2209 ad
1015 2177 1206 2209 beneficium
1220 2203 1228 2214 ,
1252 2186 1345 2216 quam
1375 2180 1413 2208 ad
1441 2176 1557 2218 negotii
1576 2177 1749 2217 gestionem
1769 2176 1787 2207 l.
1806 2186 1836 2207 2.

955 2219 1039 2262 §.ml
1067 2230 1100 2258 14
1131 2219 1165 2250 O.
1186 2221 1363 2259 depreciirio.
1387 2220 1627 2249 commodatum
1647 2227 1709 2248 non
1729 2216 1836 2256 potest

960 2260 1180 2301 intempestive
1197 2262 1357 2291 revocari:
1374 2269 1445 2299 quia
1467 2270 1505 2291 ex
1524 2259 1707 2300 praescripto
1726 2258 1789 2289 fine
1805 2259 1836 2290 δί

959 2304 1057 2333 modo
1078 2306 1167 2333 datur
1185 2304 1459 2337 commodat-arim
1485 2302 1513 2331 ἃ
1535 2303 1606 2331 idco
1633 2305 1672 2331 ne
1691 2308 1836 2331 commo-

959 2345 1035 2375 dans
1052 2353 1138 2375 retro
1155 2351 1242 2383 agat,
1267 2352 1303 2374 ac
1322 2342 1415 2373 finem
1434 2343 1541 2373 denuo
1559 2341 1751 2380 praesciibat,
1777 2342 1833 2371 irn-

961 2385 1047 2425 pedit
1067 2394 1130 2416 non
1148 2385 1287 2416 officium
1304 2392 1424 2414 tantum
1439 2407 1447 2420 ‚
1474 2385 1523 2413 led
1549 2384 1578 2413 ἀ
1597 2382 1734 2419 l‘usceprri
1752 2381 1834 2414 obli-

961 2429 1047 2467 gatio
1065 2427 1146 2457 inter
1164 2427 1299 2457 dandum
1316 2424 1630 2463 aceipiendumquel.
1653 2434 1683 2463 ¹7
1713 2423 1740 2466 §.
1759 2434 1786 2464 3<
1805 2423 1834 2456 h.

961 2474 980 2497 t.
1008 2467 1058 2498 Sic
1076 2467 1181 2497 nostri.
1206 2468 1299 2497 etiam
1320 2465 1488 2497 lfidorusci.
1507 2466 1552 2495 lily.
1565 2475 1593 2505 5.
1607 2465 1724 2506 Origirz.
1744 2475 1766 2496 c.
1784 2475 1834 2504 25.

963 2508 1069 2539 Verba
1094 2508 1212 2539 Isidori:
1239 2507 1421 2538 Commodum
1445 2505 1483 2546 est
1505 2507 1535 2536 iil
1558 2510 1633 2547 quoti
1651 2505 1740 2540 nostri
1757 2507 1835 2546 juris

962 2548 1019 2588 eli,
1044 2549 1080 2584 ἐξ
1094 2551 1131 2580 aci
1150 2551 1219 2581 alios
1241 2549 1430 2588 temporaliter
1446 2545 1619 2585 transsatum
1638 2545 1693 2588 cst,
1717 2557 1835 2578 commo-

963 2594 1031 2622 dum
1055 2599 1186 2630 temporis
1215 2591 1352 2631 queiiiidi'u
1374 2591 1449 2629 apud
1475 2599 1537 2620 eum
1547 2589 1595 2626 fit.
1614 2599 1689 2619 uncie
1707 2589 1742 2623 δ’
1760 2599 1833 2619 cw-

963 2634 1075 2663 morium
1093 2631 1203 2662 dictum
1220 2630 1267 2670 eft.
1283 2632 1441 2670 precarium
1452 2629 1508 2669 est,
1532 2632 1599 2661 dum
1615 2640 1693 2666 prece
1709 2633 1831 2661 creaitor

960 2681 1078 2713 rogatus
1105 2675 1247 2713 permittit
1271 2673 1420 2702 debitorem
1445 2682 1475 2702 m
1496 2669 1615 2712 paffeffiii
1630 2682 1653 2701 *e
1670 2672 1764 2711 fundi
1782 2670 1832 2703 lilii

960 2716 1078 2754 obligati
1092 2716 1245 2750 tleiiiorciri',
1263 2712 1299 2746 ὃ)
1317 2723 1352 2744 ex
1368 2723 1396 2743 eo
1406 2712 1527 2753 frtiftus
1544 2724 1650 2743 catere.
1676 2712 1831 2744 Eriiiftiim

957 2758 1140 2796 precarium,
1163 2756 1232 2796 quia
1247 2761 1328 2794 prece
1352 2757 1489 2786 additur:
1513 2754 1595 2796 quufi
1610 2754 1718 2785 dictum
1733 2762 1832 2792 preca-

964 2799 1055 2827 dium.
1073 2807 1088 2827 r
1095 2804 1146 2834 pro
1162 2800 1190 2826 α.
1211 2795 1293 2826 litem
1307 2802 1487 2827 commutata.

1002 2838 1063 2869 Sed
1079 2839 1440 2877 apparet,cornmodare
1457 2839 1586 2878 proprie
1601 2836 1662 2867 esse
1678 2845 1741 2866 rem
1757 2835 1833 2866 dare

964 2881 1059 2918 gratis
1075 2880 1223 2910 urendam
1242 2881 1278 2909 ad
1296 2888 1417 2910 certum
1431 2878 1528 2911 finem
1542 2881 1735 2914 modumque
1759 2885 1833 2916 pro-

965 2921 1038 2950 inde
1057 2929 1119 2951 noti
1139 2920 1291 2950 consensu
1309 2920 1415 2960 pei-fici
1434 2923 1692 2955 commodatum;
1710 2917 1759 2947 sed
1774 2925 1835 2948 tra-

964 2961 1088 2992 ditione
1102 2971 1141 2993 ex
1157 2961 1307 2992 consensu
1318 2961 1400 2993 faeta
1418 2960 1599 2994 ususcatisa:
1619 2957 1834 2996 eiquoconi'e-

964 3010 1062 3039 quens
1083 3002 1162 3042 effe3
1179 3011 1211 3034 ut
1229 3006 1442 3034 commodatae
1462 3012 1503 3033 rei
1522 3009 1696 3041 proprietas
1709 3024 1716 3034 .
1734 3000 1834 3033 eriam

964 3043 1106 3083 psffeffio
1116 3069 1124 3081 ‚
1143 3053 1263 3076 maneat
1274 3046 1356 3085 apud
1370 3043 1629 3075 commodantem
1641 3053 1648 3072 :
1660 3050 1833 3081 propterea

965 3088 1051 3122 quod
1062 3085 1129 3118 usus
1140 3086 1168 3118 ἀ
1179 3087 1307 3124 quidem
1326 3095 1430 3117 certus
1440 3094 1476 3114 ac
1492 3082 1674 3121 temporalis
1685 3085 1722 3113 ad
1735 3092 1832 3116 ouem

963 3125 1079 3167 spectac
1104 3129 1344 3159 commodatum
1362 3151 1370 3162 ,
1396 3135 1467 3156 cum
1496 3124 1600 3155 haberi
1629 3125 1720 3161 poffit
1751 3124 1834 3159 salva

961 3167 1003 3199 rei
1021 3168 1202 3208 substantia,
1236 3179 1296 3200 nec
1314 3168 1440 3199 dominii
1460 3175 1519 3196 nec
1539 3165 1729 3201 u‹›ffeffioni's
1746 3173 1834 3207 eget.

959 3219 1149 3254 argumento
1174 3210 1222 3250 est
1241 3211 1363 3244 locatio
1388 3209 1418 3242 δι
1443 3208 1636 3243 conductio:
1658 3217 1701 3243 ex
1717 3217 1779 3250 qua
1797 3216 1836 3241 re·

1750 3257 1828 3282 con·
