2036 3495
216 79 285 123 368
619 72 652 108 G
685 82 706 106 ε
740 79 763 104 it
794 78 816 104 A
853 78 877 104 n
912 79 936 105 n
969 77 983 104 1

207 163 404 206 sedsufficiat
422 162 520 194 nuda:
541 159 572 191 dt
590 160 722 199 reliqua.
739 158 892 190 Veterem
910 157 1084 189 lectionem

219 207 301 237 tueri
321 213 455 236 conatus
470 201 515 233 est
530 201 694 232 Emundus
714 199 872 231 Merillius
890 199 938 231 lib.
948 210 977 239 3.
998 197 1085 228 Vari-

215 254 278 279 am.
293 256 330 278 ex
349 246 450 287 Cujac.
468 252 491 274 c.
508 245 556 273 26.
574 241 624 272 sed
643 239 773 271 frustra:
791 240 912 271 sincero
931 240 1083 279 jurispru-

217 287 332 319 dentiae
351 286 445 322 illud,
459 282 578 321 triplum
590 281 636 312 vel
651 282 865 323 quadruplum,
890 282 991 322 palam
1009 289 1084 311 con.

215 329 376 359 vincente.
400 325 451 356 Sic
471 323 545 354 mihi
563 321 642 353 sedit
659 332 674 353 a
691 322 797 354 multis
817 324 914 354 annis.
931 331 967 353 ac
984 330 1084 361 nuper

214 369 363 401 lubenter
379 364 460 402 vidi,
485 363 530 395 his
553 362 661 395 similia
683 364 745 403 jam
772 363 914 395 incidisse
938 363 992 394 suo
1010 371 1087 393 tem·

216 417 299 449 pore
318 407 468 439 Huberto
484 403 637 443 Gifanio,
665 405 742 436 Viro
762 404 918 444 Erudito,
941 404 972 436 ἃ.
992 403 1087 436 Claro

217 450 257 482 ad
272 449 299 480 b.
316 455 337 479 t.
354 448 388 479 C.
407 446 493 487 quod
509 446 698 478 diffimulare
712 447 809 478 nolui.

260 489 366 521 Restat
383 489 413 520 in
432 486 559 519 actione
575 496 616 519 ex
634 487 728 527 dupla
745 487 1014 527 quemadmodum
1033 485 1087 517 du-

215 530 306 572 plum
324 530 508 570 accipiatur.
532 536 610 568 puto
636 536 762 565 autern,
786 528 919 569 intelligi
938 528 1087 567 duplum,

217 581 286 604 non
304 573 413 612 quanti
431 579 480 602 res
497 569 541 601 est
557 592 567 608 ,
591 568 644 600 sed
661 570 771 609 quanti
790 579 839 600 res
857 570 975 600 veniit:
1000 568 1089 600 nullo

215 613 256 645 ad
273 613 447 644 bonitatem
465 610 608 651 respectu
632 610 757 641 habito:
780 610 801 642 fi
827 610 998 650 praesertim
1021 617 1089 640 tota

217 654 402 692 evincatur,
420 661 455 685 ut
470 652 586 684 fundus
602 659 705 683 totus:
717 650 787 683 satis
798 651 838 682 sic
854 650 1004 682 evidente
1016 659 1085 690 pre-

215 696 263 727 tio
280 695 368 736 quod
382 694 427 726 est
446 694 649 734 duplandum.
685 691 755 724 Nec
773 693 856 724 aliud
873 691 936 723 est:
960 691 981 723 fi
998 692 1085 723 evin-

214 744 329 768 cantur
348 743 434 767 certa
449 736 557 775 jugera
569 757 578 771 ‚
594 732 721 773 singulis
731 741 822 764 certo
841 735 945 774 pretio
962 734 992 763 in
1009 741 1084 763 ven·

217 777 342 810 ditione
372 776 526 808 definito:
551 783 622 806 narn
649 774 701 805 vcl
726 773 766 805 fic
790 775 909 814 liquet,
933 781 1084 814 quantum

217 819 414 858 duplandum
432 817 487 855 fit,
511 815 564 847 ubi
581 815 700 856 liquet,
722 815 830 856 quanti
847 815 963 856 singula
980 815 1086 846 venie-

217 861 300 892 rint:
324 859 387 891 five
409 859 539 890 meliora
563 855 622 889 fint
640 856 761 895 evicta,
785 856 848 888 five
858 857 916 888 alia
933 857 950 888 l.
967 866 1019 896 53.
1040 857 1088 886 D.

217 901 247 933 h.
265 900 408 938 t.1dem;
430 898 451 930 fi
474 897 639 930 evincatur
665 906 736 938 pars
759 897 849 929 fundi
871 907 928 938 pro
944 895 1086 928 indiviso.

221 942 314 974 datur
331 941 417 972 enim
440 940 579 979 emptori
598 939 628 970 ἃ
645 946 711 970 tum
729 938 882 980 regressus
905 938 1012 970 saltem
1030 947 1088 977 pro

218 982 397 1024 quantitate
410 981 523 1013 evistae
539 981 647 1021 partis.
672 981 763 1020 quod
779 980 797 1011 si
816 981 981 1011 evincatur
998 979 1088 1010 locus

219 1031 327 1056 certus
336 1046 347 1063 ,
364 1022 452 1055 forte
461 1030 584 1054 certum
600 1023 747 1062 pascuum
758 1044 766 1059 ,
779 1029 902 1053 certum
914 1020 1066 1052 olivetum
1078 1044 1087 1058 ,

217 1073 272 1097 aut
287 1073 375 1097 certa
389 1064 480 1096 silva:
501 1063 566 1105 jam
583 1063 675 1094 aliter
692 1061 886 1093 observatur.
911 1072 975 1094 non
1003 1061 1087 1092 enim

218 1108 312 1139 datur
322 1106 461 1147 emptori
477 1103 628 1146 regreffus
643 1113 702 1144 pro
713 1105 889 1143 quantitate
898 1103 1007 1134 eviCtae
1018 1112 1084 1143 par-

216 1149 277 1187 tis,
300 1146 353 1180 sed
378 1156 437 1188 pro
464 1146 611 1178 bonitate
633 1145 698 1177 loci
715 1145 734 1176 l.
757 1154 782 1176 1.
802 1146 846 1175 D.
861 1145 888 1175 b.
906 1152 926 1175 ι.
947 1145 1086 1184 optime:

217 1198 292 1221 nam
307 1198 378 1221 curn
395 1198 466 1229 pars
478 1197 537 1228 pro
556 1185 688 1218 indiviso
699 1187 878 1225 evincitur3
890 1187 964 1226 quid
981 1184 1087 1225 potest

216 1230 330 1264 melius
354 1237 409 1262 aut
432 1229 572 1261 deterius
590 1227 741 1269 intelligi,
765 1234 852 1268 parte
870 1227 971 1258 eviCta
993 1227 1084 1266 parti-

216 1273 343 1312 cipante
363 1272 404 1303 de
420 1270 568 1302 omnibus
585 1271 616 1300 in
630 1269 731 1300 fundo
747 1269 816 1309 plus
836 1269 1007 1299 autminus
1026 1268 1085 1299 uti-

215 1312 323 1346 libus?
345 1321 377 1344 at
402 1312 504 1344 evifita
530 1318 618 1352 parte
644 1318 730 1342 certa
748 1333 756 1348 ,
780 1318 857 1351 puta
878 1309 1018 1348 olivet0‚
1041 1309 1087 1340 vi·

214 1363 294 1393 nea,
318 1354 390 1385 loco
408 1352 542 1394 pascuo,
559 1361 626 1383 turn
642 1352 767 1383 summae
785 1352 940 1391 aequitatis
955 1349 1016 1387 est,
1036 1350 1086 1381 ha-

217 1396 287 1427 beri
306 1396 462 1426 rationem
479 1392 628 1424 bonitatis
644 1393 704 1423 loci
723 1392 838 1431 evisti3
855 1401 927 1422 cum
945 1392 1037 1431 poffit
1054 1401 1083 1422 e-

214 1437 265 1477 jus
277 1435 365 1468 causa
375 1441 500 1474 emptus
511 1434 571 1465 effe
584 1433 699 1464 fundus
710 1440 807 1464 totus.
827 1433 890 1464 hoc
901 1433 1082 1465 observavit

215 1475 367 1517 Ulpianus
384 1477 412 1506 tl.
429 1476 448 1505 l.
469 1484 494 1506 1.
512 1476 541 1505 ἀ
558 1474 744 1514 Papinianus
767 1473 787 1505 l.
803 1477 852 1513 ⁶4-
873 1474 903 1516 §.
919 1484 948 1515 3.
970 1473 1011 1504 D.
1023 1475 1080 1504 ατ.

213 1526 251 1550 ac
263 1517 431 1549 secundum
450 1516 509 1546 hos
529 1515 602 1546 licet
615 1515 765 1546 exaudire
782 1516 895 1549 tradita
913 1525 931 1546 a
943 1515 1079 1556 Pompo-

213 1559 270 1593 nio
285 1558 304 1590 l.
319 1565 384 1598 pen.
404 1556 446 1588 D.
462 1557 494 1587 de
504 1557 606 1588 AEdz‘c.
622 1555 703 1587 edist.
722 1557 751 1587 &
765 1555 862 1587 Paulo
874 1556 892 1587 l.
908 1565 951 1597 13.
962 1557 1008 1587 D.
1018 1559 1044 1588 b.
1057 1563 1078 1587 t.

255 1600 339 1632 Vera
356 1599 424 1630 haec
440 1598 470 1629 ἃ
486 1606 591 1630 certa:
616 1597 636 1629 si
655 1597 773 1629 fundus
795 1597 917 1629 eviCtus
936 1596 997 1629 effe
1014 1607 1081 1637 per-

217 1640 392 1678 severavit,
406 1639 506 1679 qualis
522 1637 585 1670 fuit
603 1646 750 1679 tempore
770 1637 972 1670 venditionis.
998 1638 1047 1669 sed
1063 1638 1083 1670 fi

215 1681 331 1714 deiude
354 1680 462 1712 auctus
485 1687 538 1712 aut
554 1679 735 1712 deminutus
751 1678 805 1711 fitt
829 1679 1019 1719 dubitatur-3
1051 1689 1082 1711 u-

1040 66 1301 103 NoonT

1361 69 1567 105 Consi.

1127 163 1184 202 pro
1200 156 1324 196 quinta:
1346 156 1406 189 hac
1423 160 1544 190 ratione
1562 159 1734 191 vei-imma:
1756 170 1825 192 nam
1841 163 1917 203 quod
1936 171 1997 197 oer-

1126 201 1161 241 ut
1178 197 1317 229 darnnum
1331 202 1466 241 emptori,
1482 209 1539 231 non
1557 202 1718 240 venditori,
1736 203 1845 233 attulit.
1869 199 1992 242 Specta-

1126 239 1322 284 V1t1m0durn
1338 239 1425 272 fundi
1444 241 1498 282 qui
1514 242 1729 282 fuittempore
1749 244 1912 274 evictionis
1927 244 1995 282 ‚etii

1126 279 1484 323 majorfuerittempore
1502 283 1713 314 venditionis:
1732 285 1801 324 quia
1820 286 1906 325 quod
1924 286 1994 325 plus

1126 318 1187 350 fuit
1204 327 1349 362 tempore
1367 324 1683 364 venditionis,periit
1702 326 1732 355 vi
1755 325 1908 357 fluminis:
1928 336 1992 357 non

1131 360 1330 406 ert-evictum
1342 364 1421 395 vitio
1430 365 1605 397 venditoris
1617 377 1623 396 :
1635 365 1741 406 (quod
1754 368 1845 397 unice
1861 368 1993 407 corrigit

1130 401 1212 446 aetio
1224 412 1263 434 ex
1272 403 1386 445 dupla)
1396 406 1546 451 magis—est
1558 407 1693 438 ablatum
1704 407 1783 438 casu:
1793 408 1829 438 ad
1842 409 1920 439 lianc
1932 418 1996 440 non

1130 451 1322 487 pertinente.
1353 447 1446 484 periit
1465 449 1557 489 igitur
1574 449 1728 488 emptori:
1752 449 1909 480 venditori
1930 458 1995 481 nou

1132 491 1233 524 periit.
1259 484 1552 528 Hoc,fijugeribus
1564 489 1710 521 ducentis
1727 488 1857 521 flumine
1868 490 1997 528 ablatis,

1131 524 1241 565 postea
1258 527 1395 557 ducenta
1413 530 1607 562 evincantur.
1625 529 1711 571 Quid
1724 554 1733 568 ‚
1752 529 1779 568 fi
1795 537 1871 562 totus
1883 531 1998 568 fundus

1130 565 1336 613 quemflumen
1353 569 1549 609 derninuerar,
1573 571 1681 602 eviblus
1698 571 1763 610 fil?
1788 572 1995 612 Papinianus,

1124 617 1213 648 jure,
1237 617 1359 649 inquit,
1381 619 1439 640 non
1469 612 1648 643 deminuetur
1672 612 1822 644 eviflz'onz's
1847 614 1991 653 obligatio.

1131 647 1209 690 Quo
1233 648 1468 682 fundamento?
1490 651 1565 683 Hoc
1593 661 1683 693 puta,
1708 655 1791 694 quod
1818 655 1848 685 in
1870 656 1996 685 actione

1129 699 1170 720 ex
1193 689 1288 735 dupla
1308 690 1407 722 solum
1426 694 1593 731 quaeritur,
1616 694 1689 730 Quid
1713 696 1743 725 in
1762 695 1996 735 stipulationem

1128 739 1272 762 venerit:
1296 741 1375 768 non,
1399 733 1505 772 quanti
1532 733 1650 765 interfit
1666 734 1694 764 id
1720 736 1836 767 veniffe
1851 738 1869 767 l.
1889 742 1926 777 38
1965 737 1994 778 §.

1132 781 1179 812 17.
1198 771 1238 803 D.
1258 772 1290 802 de
1307 774 1385 804 verb.
1403 775 1485 814 oblig.
1510 775 1540 805 in
1570 776 1732 815 proposito
1755 785 1859 808 autem
1879 788 1906 808 tn
1926 788 1994 810 cam

1130 812 1346 845 venrtfundus
1366 815 1511 846 venditus
1523 839 1531 853 ,
1547 815 1627 847 idem
1640 817 1785 856 quinunc
1803 817 1995 858 estevffiius,

1132 855 1161 885 ἀ
1182 863 1268 885 totus
1280 878 1289 892 ,
1305 855 1381 886 licet
1396 855 1588 888 deminutus.
1603 856 1696 898 igitur
1713 856 1878 888 deminuto
1897 860 1996 891 fundo

1131 895 1254 934 evicto,
1271 896 1339 935 jure
1356 906 1420 927 non
1432 897 1632 929 detninuetur
1645 897 1810 930 eviffionis
1822 899 1994 939 obligatio:

1131 937 1204 976 quia
1222 938 1252 967 in
1284 938 1342 982 hac
1368 936 1570 977 stipulatione
1587 949 1649 970 non
1670 938 1788 979 refert,
1812 949 1948 979 quantus
1965 942 1997 973 iu

1131 987 1200 1009 eam
1216 986 1340 1008 venerit
1356 977 1488 1011 fundus:
1512 981 1560 1011 sed
1577 990 1613 1012 an
1641 981 1776 1011 venerit.
1801 980 1919 1012 veniffe
1942 991 1997 1012 au—

1130 1026 1222 1065 tema
1246 1019 1350 1065 negari
1381 1020 1502 1064 nequit.
1535 1023 1609 1060 quin
1635 1021 1818 1062 Papinianus
1844 1022 1925 1059 hoc,
1956 1032 1998 1054 ne

1129 1061 1222 1092 alicui
1241 1060 1318 1091 esset
1339 1061 1525 1099 obscurum,
1549 1063 1677 1094 illustrat
1693 1062 1890 1094 fitnilitudine
1906 1063 1997 1095 fundi

1130 1110 1183 1132 aut
1200 1101 1277 1132 servi
1294 1102 1347 1141 qui
1363 1103 1482 1133 incuria
1501 1103 1535 1134 lit
1552 1103 1691 1135 deterior
1711 1104 1831 1143 factum
1848 1114 1907 1135 nec
1925 1115 1997 1144 pro-

1130 1151 1240 1187 pterea
1265 1143 1342 1173 alius
1371 1144 1521 1182 habetur,
1553 1154 1646 1185 quam
1673 1144 1759 1183 fuit,
1789 1147 1991 1185 quantumvis

1130 1192 1257 1215 mutatis
1279 1192 1330 1214 aut
1357 1186 1485 1216 minutis
1511 1185 1665 1226 aliquibus
1691 1186 1863 1226 particulis.
1916 1186 1997 1218 Ver-

1127 1226 1166 1257 ba
1193 1224 1368 1265 Papiniani:
1392 1226 1464 1257 Non
1480 1229 1589 1267 magis,
1613 1227 1736 1268 quamsi
1751 1230 1865 1259 incuria
1875 1229 1996 1268 fundus

1131 1272 1183 1298 aut
1209 1272 1308 1310 servus
1331 1268 1562 1306 deteriorfakius
1576 1268 1623 1306 fit.
1669 1271 1708 1300 At
1732 1279 1791 1300 nec
1809 1270 1882 1300 huic
1905 1279 1995 1300 com-

1136 1308 1291 1348 parationi
1316 1308 1490 1348 adquiescit
1514 1311 1715 1349 Papinianus,
1743 1319 1892 1350 praeterea
1910 1311 1998 1342 addit

1131 1350 1265 1388 sequens
1294 1358 1514 1389 argumentum
1541 1361 1557 1380 a
1589 1353 1773 1382 contrario:
1803 1352 1886 1382 Nam
1915 1352 1951 1386 &2³
1979 1361 1994 1382 e

1129 1391 1273 1421 contrario
1297 1400 1354 1421 non
1380 1398 1502 1431 augetur
1523 1394 1671 1431 quantitas
1700 1392 1849 1423 eviflionis
1866 1415 1873 1429 ‚
1898 1392 1925 1430 fi
1948 1403 1991 1423 res

1124 1431 1324 1471 meliorfuen't
1341 1431 1450 1472 effeffia.
1483 1432 1594 1464 Sensus
1612 1432 1787 1474 argumenti
1804 1433 1869 1472 est;
1894 1444 1991 1474 quan-

1123 1474 1193 1504 titas
1227 1472 1394 1504 evictionis
1426 1483 1487 1505 non
1520 1482 1650 1515 augetur
1669 1498 1678 1513 ,
1723 1473 1824 1505 fundo
1857 1475 1990 1506 alluvio-

1123 1524 1162 1545 ne
1190 1513 1363 1544 meliorato.
1401 1523 1457 1544 cur
1485 1514 1644 1546 minuetur
1667 1526 1682 1546 a
1709 1515 1837 1546 flumine
1860 1526 1899 1547 ex
1923 1526 1993 1556 par-

1123 1564 1154 1586 te
1181 1554 1319 1592 sublato;
1350 1555 1531 1595 exemplum
1552 1565 1682 1596 quoque
1706 1565 1744 1586 ne
1769 1556 1911 1587 dcess'ct:
1937 1557 1994 1587 Pa-

1123 1595 1265 1637 pinianus
1289 1595 1315 1637 §.
1338 1605 1363 1627 1.
1389 1598 1416 1627 d.
1436 1597 1454 1627 l.
1473 1601 1523 1635 64.
1548 1598 1639 1637 ponit
1667 1598 1738 1629 tale.
1774 1597 1860 1640 Quod
1877 1595 1991 1632 simodo

1126 1645 1208 1668 zerrae
1233 1638 1344 1677 integro
1367 1640 1417 1679 qui
1433 1639 1540 1677 fuerat
1564 1640 1687 1670 traditus
1703 1662 1712 1675 ‚
1744 1640 1866 1669 ducenta
1884 1639 1994 1680 jugera

1120 1686 1174 1720 per
1197 1678 1371 1710 alluvionem
1394 1679 1587 1719 accefferunt,
1608 1690 1641 1711 ac
1664 1678 1757 1720 postea
1780 1687 1831 1720 pro
1850 1682 1991 1720 indivia,

213 1729 298 1755 trum
310 1721 482 1764 praestanda
490 1721 594 1763 duplae
611 1720 777 1753 aestimatio
787 1720 821 1752 fit
834 1729 891 1762 pro
911 1720 1009 1753 modo
1029 1722 1083 1761 qui
1120 1727 1192 1762 pars
1207 1721 1312 1761 quinta
1329 1721 1416 1751 tocius
1425 1720 1584 1760 ευῐέἶαβι,
1599 1723 1715 1762 perinde
1726 1727 1795 1762 pars
1806 1722 1910 1762 quinta
1918 1729 1991 1761 μω·

211 1773 300 1798 nunc
318 1763 364 1796 est
380 1771 528 1803 tempore
553 1762 739 1802 evictionis3
759 1771 797 1793 an
819 1771 877 1802 pro
895 1771 934 1794 eo
950 1763 1003 1802 qui
1023 1760 1085 1793 fuit
1119 1760 1266 1803 stabitur,
1290 1771 1324 1793 ac
1340 1760 1368 1799 fi
1382 1761 1447 1801 sola
1469 1764 1592 1794 ducenta
1615 1765 1648 1793 de
1669 1763 1727 1794 illis
1752 1763 1827 1794 mille
1837 1763 1991 1804 jugeribus

212 1812 360 1846 tempore
377 1803 585 1837 venditionis,
608 1803 702 1836 Hanc
727 1802 932 1844 quaestionem
948 1812 1010 1835 non
1031 1802 1085 1835 mi·
1127 1812 1188 1844 quae
1198 1803 1308 1834 tradita
1314 1803 1406 1842 sunt,
1417 1803 1656 1844 fuiffentevz'tia:
1670 1805 1740 1845 quia
1754 1805 1991 1844 alluvionis-peri-

212 1856 274 1880 nus
291 1846 478 1888 diligenter,
502 1854 597 1887 quam
618 1845 793 1884 subtiliter,
817 1844 928 1877 tractat
944 1844 1084 1885 Papinia-

211 1897 274 1921 nus
297 1888 316 1920 l.
340 1892 389 1927 64.
416 1887 459 1920 D.
482 1887 511 1919 h.
537 1893 559 1919 t.
588 1896 649 1919 nec
664 1887 785 1928 pigebit
803 1896 874 1923 me,
891 1886 956 1926 eius
970 1884 1084 1917 doctri-

213 1939 288 1962 nam
306 1929 410 1970 aliqua
427 1937 502 1961 cum
521 1937 596 1960 cura
611 1929 801 1960 examinare.
847 1926 952 1959 Verba
969 1926 1082 1967 princi-

212 1971 258 2012 pii
286 1971 358 2003 talia
384 1970 463 2002 sunt.
487 1969 539 2002 Ex
565 1969 640 2000 mille
657 1970 810 2011 jugeribus
828 1969 944 2000 traditis
958 1970 1082 2000 ducenta

209 2011 323 2054 flumen
341 2011 476 2052 abstulit.-
493 2009 627 2052 sipofiea
640 2017 692 2051 pro
712 2011 836 2050 indivifii
858 2011 983 2041 ducenta
997 2011 1078 2040 evin-

216 2059 343 2093 cantur,
354 2053 447 2093 duploe
455 2050 607 2093 stipulatio
619 2058 671 2093 pro
684 2057 767 2092 porte
780 2053 903 2093 quinta,
924 2061 981 2082 non
995 2060 1082 2092 quar-

213 2101 265 2133 ta,
282 2092 481 2135 praeflabz'tur:
505 2103 573 2125 nam
586 2095 661 2133 quod
669 2094 775 2134 periit,
792 2094 929 2124 damnum
945 2092 1083 2132 emptori,

215 2145 273 2173 non
289 2137 436 2167 venditori
448 2135 556 2166 attulit.
575 2135 605 2172 fi
627 2140 703 2166 totus
713 2135 848 2175 fundus,
872 2143 954 2176 quem
970 2132 1085 2174 flumen

214 2178 416 2213 eminuerat,
438 2176 549 2207 ιυίἑῖω·
559 2175 617 2214 fit,
632 2176 701 2216 jure
716 2185 773 2206 non
788 2177 971 2206 deminuetur
984 2174 1084 2205 eviffl-

216 2220 278 2250 onis
292 2218 443 2259 obligatio:
464 2226 522 2248 non
542 2218 652 2258 magis,
674 2226 762 2257 quam
771 2215 800 2254 fi
815 2217 929 2247 incuria
944 2217 1083 2255 fundus,

216 2266 271 2292 aut
284 2260 391 2300 servus
412 2259 561 2296 traditus,
585 2259 705 2288 deterior
728 2257 824 2293 fabius
843 2256 901 2295 fit:
923 2267 991 2288 nam
1016 2256 1052 2291 ὅ)
1071 2266 1085 2287 e

214 2302 357 2332 contrario
375 2309 432 2331 non
448 2306 573 2341 augetur
585 2299 733 2341 quantitas
749 2297 952 2336 evifflonis‚si
971 2307 1016 2329 res
1030 2307 1085 2329 me-

215 2341 367 2381 liorfuerit
383 2339 493 2382 effesta.
515 2340 664 2372 Sicextat
679 2340 710 2371 in
728 2340 875 2372 omnibus
890 2339 1084 2371 editionibus

218 2391 295 2423 quas
314 2382 423 2414 videre
440 2381 514 2413 mihi
531 2381 630 2413 licuit.
642 2380 692 2412 sed
701 2390 786 2413 mera
797 2390 861 2412 nox
878 2380 932 2412 est.
949 2390 1010 2412 nec
1021 2379 1084 2419 est,

216 2424 269 2462 qui
292 2422 322 2454 in
350 2422 489 2455 tenebris
514 2423 601 2454 eunti
618 2423 722 2454 lumen
742 2422 891 2462 praeferat
908 2420 1081 2460 idoneum,

216 2472 257 2495 ne
275 2463 417 2504 Cujacius
437 2464 565 2506 quidem
580 2464 628 2495 lib.
641 2467 689 2495 26.
706 2463 827 2504 Observ.
839 2472 921 2503 ⁶·37·
938 2472 1003 2494 non
1020 2461 1084 2494 ani-

215 2504 379 2536 madverso
397 2506 435 2537 ab
453 2505 583 2546 egregio
598 2505 653 2536 illo
664 2509 752 2542 vim,
768 2512 918 2544 corrupta
936 2503 996 2535 effe
1013 2504 1083 2534 haec

219 2544 335 2577 verba:
357 2547 446 2587 auploe
454 2546 605 2587 stipulatio
613 2555 670 2588 pro
683 2552 764 2587 parte
780 2547 899 2586 quinta,
921 2554 979 2576 non
993 2555 1081 2587 quar-

217 2591 268 2625 ta,
284 2584 469 2626 praestabitur.
500 2588 577 2619 Mea
594 2587 768 2627 opinione,
791 2586 1006 2618 scribendum:
1029 2588 1082 2616 du-

210 2625 426 2700 {loestipulatio
438 2636 489 2667 pro
506 2635 591 2670 parte
607 2634 712 2670 quarto
723 2651 732 2666 ,
753 2637 809 2658 non
826 2629 929 2669 quinta
940 2650 948 2664 ‚
964 2625 1082 2668 praefta-

236 2669 307 2700 itur.
343 2667 419 2699 Hoc
437 2669 570 2706 postulat
589 2669 726 2710 subjecta
743 2669 843 2700 ratio:
863 2678 931 2699 nam
947 2670 1022 2709 quod
1034 2676 1082 2709 pe-

214 2710 286 2749 riit,
308 2709 445 2740 damnum
461 2712 595 2749 emptori,
612 2721 670 2742 non
685 2711 829 2741 venditori
845 2709 955 2740 attulit.
974 2708 1019 2740 Ea
1032 2717 1082 2740 ra-

215 2752 263 2783 tio
278 2756 402 2782 retenta
415 2755 525 2780 vetere
544 2750 692 2790 scriptura
703 2752 795 2792 plane
812 2750 886 2782 falsa
897 2773 906 2788 ‚
923 2759 992 2781 mea
1009 2759 1082 2781 con·

215 2792 338 2833 iectura
353 2788 389 2821 fit
407 2789 589 2835 opti-mm&
602 2793 771 2833 Papiniano
786 2791 953 2833 condigna.
978 2789 1084 2824 Ecce:

216 2832 343 2875 Aliquis
360 2830 596 2862 vendiditmille
609 2833 723 2873 jugera.
748 2833 795 2865 his
808 2843 857 2864 em
886 2831 945 2863 tori
962 2831 1084 2863 traditis

211 2875 274 2912 ita,
298 2881 333 2905 ut
353 2879 501 2912 oportet,
523 2870 640 2915 fiumen
658 2874 794 2905 ducenta
810 2842 945 2906 abliulit.
972 2872 1080 2913 postea

212 2916 327 2949 tertius
337 2923 394 2954 pro
403 2911 536 2944 indiviso
546 2912 664 2957 evin-cit
674 2913 825 2946 ducenta:
845 2925 903 2954 pro
914 2923 974 2954 qua
990 2921 1080 2954 parte

212 2955 392 2989 aestimanda
410 2953 455 2985 est
470 2953 565 2992 dupla
575 2952 684 2983 evietae
696 2956 807 2992 partis:
825 2965 884 2995 pro
901 2964 1009 2995 quarta
1020 2963 1078 2993 ,an

211 3007 271 3040 pro
288 2995 423 3038 quinta?
440 2993 539 3026 refert
551 3017 560 3032 ‚
581 2992 739 3038 quodnam
755 2997 860 3035 inspici
870 2997 987 3028 debeat
1001 3005 1080 3027 tem·

209 3048 289 3080 pus;
312 3035 508 3073 traditionis,
532 3044 569 3066 an
587 3034 770 3066 evictionis:
787 3038 840 3067 illo
857 3038 996 3068 ducenta
1013 3036 1080 3068 effi-

209 3079 338 3111 ciebant
356 3077 498 3118 quintam
517 3076 558 3107 de
574 3075 749 3107 mille:hoc
765 3083 907 3113 quartam
926 3079 965 3109 de
981 3079 1081 3109 ostin-

207 3121 322 3161 gentis.
357 3119 546 3157 Papinianus
577 3117 700 3152 voluit,
729 3116 825 3161 (mihi
859 3117 900 3147 sic
929 3118 1076 3159 videtur)

206 3160 310 3203 duplae
337 3160 579 3203 aestimationetn
610 3156 746 3199 praestari
769 3165 829 3198 pro
853 3165 981 3197 quarta,
1011 3169 1076 3192 non

1126 1844 1223 1875 culum
1247 1852 1303 1874 non
1330 1842 1446 1884 proellat
1469 1846 1612 1877 venditor.
1636 1844 1748 1877 Fundo
1768 1846 1819 1885 qui
1845 1853 2004 1885 tempore*

1126 1884 1305 1916 traditionis
1329 1892 1396 1916 erat
1422 1886 1508 1917 mille
1533 1887 1696 1927 jugerum,
1720 1886 1837 1918 alluvio
1855 1887 1990 1918 ducenta

1122 1927 1230 1968 jugera
1253 1926 1379 1967 adjecit.
1402 1927 1502 1959 evicta
1527 1928 1634 1968 postea
1658 1937 1716 1969 pro
1745 1927 1877 1959 indiviso
1903 1936 1992 1969 parte

1127 1970 1236 2009 quinta
1255 1968 1353 1998 totius
1368 1966 1480 1999 fundi:
1504 1970 1671 2008 quaeritur,
1695 1969 1990 2009 quodnamtempus

1125 2018 1184 2049 pro
1195 2008 1372 2040 aestirnanda
1383 2009 1475 2048 dupla
1488 2008 1523 2041 fit
1533 2009 1771 2050 inspiciendum,
1784 2009 1990 2047 venditionis,

1126 2059 1191 2090 quo
1218 2048 1348 2081 fuerunt
1372 2050 1458 2081 mille
1484 2051 1618 2090 jugera3
1641 2060 1678 2081 an
1704 2050 1890 2088 evictionis,
1923 2059 1988 2090 quo

1126 2097 1216 2122 erant
1233 2091 1318 2123 mille
1336 2091 1495 2123 ducenta?
1514 2092 1698 2131 Papinianus
1714 2091 1833 2132 judicat
1845 2114 1853 2129 ,
1869 2100 1992 2131 partem

1130 2134 1272 2173 quintam
1298 2133 1429 2172 perinde
1455 2132 1588 2172 praestari
1618 2141 1791 2173 oportere,
1822 2140 1858 2162 ac
1884 2131 1904 2163 si
1928 2131 1990 2163 sola

1129 2177 1265 2205 ducenta
1282 2175 1322 2204 de
1343 2173 1428 2205 mille
1445 2183 1513 2210 quae
1525 2182 1669 2215 tempore
1689 2172 1866 2205 traditionis
1881 2171 1990 2211 fuere,

1129 2214 1229 2246 evicta
1244 2213 1352 2246 effent.
1377 2213 1449 2255 Qua
1468 2214 1615 2247 ratione?
1639 2215 1706 2246 haec
1723 2215 1787 2252 est3
1811 2214 1895 2254 quod
1915 2223 1989 2245 ven-

1128 2257 1212 2287 ditor
1235 2256 1372 2295 emptori
1396 2256 1520 2288 actione
1545 2266 1586 2288 ex
1608 2257 1702 2297 dupla
1732 2255 1838 2287 saltem
1868 2255 1989 2296 praestat

1127 2297 1305 2337 periculum
1322 2297 1431 2328 eviftae
1449 2298 1492 2328 rei
1512 2307 1605 2338 quam
1624 2298 1740 2329 habere
1758 2297 1854 2329 licere
1874 2298 1989 2336 promi-

1126 2337 1173 2370 fit.
1199 2347 1236 2369 ea
1250 2337 1294 2369 est
1312 2348 1360 2368 res
1385 2339 1526 2370 vendita.
1549 2338 1715 2370 alluvionis
1733 2346 1837 2369 autem
1855 2337 1990 2368 acceffio

1127 2389 1192 2411 non
1207 2378 1253 2410 est
1267 2380 1495 2411 venditazideo
1514 2389 1574 2412 nec
1591 2380 1706 2411 habere
1723 2387 1790 2410 eam
1808 2378 1899 2409 licere
1917 2386 1989 2417 pro-

1127 2421 1206 2452 misit
1223 2420 1392 2458 venditor,
1415 2431 1473 2452 ncc
1490 2422 1656 2453 alluvionis
1672 2419 1842 2460 periculum
1855 2417 1986 2457 praestat.

1125 2460 1266 2500 Exposui
1283 2463 1311 2494 d.
1330 2461 1348 2492 l.
1366 2466 1418 2500 64.
1432 2470 1477 2502 pr.
1496 2462 1532 2497 ὃ)
1550 2462 1577 2504 §.
1592 2472 1615 2493 1.
1630 2460 1785 2501 expantia
1796 2460 1909 2490 menda
1927 2468 1988 2498 qua

1125 2502 1322 2534 deformatus
1341 2502 1403 2534 huc
1423 2513 1522 2543 usque
1544 2504 1604 2534 tuit
1627 2501 1822 2541 Papinianus.
1847 2499 1989 2531 Transeo

1124 2546 1163 2576 ad
1178 2543 1208 2585 §0
1228 2554 1256 2577 2.
1275 2544 1361 2583 cujus
1385 2544 1452 2575 haec
1476 2543 1544 2574 sunt
1569 2544 1681 2574 verba:
1705 2540 1863 2585 Quaefitum
1886 2539 1943 2581 est,
1962 2539 1992 2578 fi

1126 2586 1201 2616 mille
1210 2586 1361 2625 jugeribus
1375 2585 1509 2621 traditis,
1528 2583 1661 2624 periffent
1677 2585 1797 2614 ducentii
1808 2606 1817 2620 ‚
1833 2592 1901 2614 mox
1916 2583 1990 2612 ‹illu-

1126 2627 1173 2656 vio
1178 2634 1230 2666 per
1239 2626 1324 2656 aliam
1329 2630 1440 2665 partem
1441 2625 1536 2663 fundi
1550 2626 1673 2655 ducenta
1681 2624 1816 2664 atculzffer
1826 2647 1835 2663 ,
1854 2621 1988 2664 acpossea

1121 2673 1174 2707 pro
1191 2666 1314 2701 indiviso
1337 2667 1440 2705 quinta
1456 2672 1525 2705 pars
1542 2665 1634 2697 evz'tza
1659 2665 1741 2705 effet:
1762 2673 1813 2706 pro
1830 2675 1888 2706 qua
1904 2670 1988 2705 porte

1124 2706 1224 2738 auftor
1239 2705 1406 2737 teneretur?
1430 2707 1513 2738 Dixi
1527 2705 1693 2748 consequens
1710 2705 1761 2747 effe
1771 2707 1987 2746 superioribus,

1124 2754 1157 2780 ut
1179 2756 1268 2788 neque
1279 2754 1347 2787 pars
1368 2748 1472 2787 quinta
1493 2748 1567 2778 mille
1581 2749 1714 2790 jugerum
1732 2771 1740 2786 ,
1779 2756 1868 2787 neque
1898 2756 1986 2788 quar-

1128 2796 1159 2821 ta
1188 2790 1322 2820 debeatur
1351 2787 1499 2819 evictionis
1523 2792 1661 2820 nomine:
1694 2790 1744 2827 secl
1769 2790 1886 2829 perinde
1917 2794 1988 2819 tene-

1127 2836 1194 2862 atur
1211 2828 1330 2868 audior,
1352 2839 1386 2860 ac
1398 2829 1427 2867 fi
1449 2831 1481 2859 ae
1496 2829 1664 2871 offingentis
1687 2830 1745 2861 illis
1760 2829 1878 2868 refiduis
1891 2829 1992 2870 solum,

1126 2877 1240 2903 centum
1254 2870 1544 2911 beugz'ntafuzffent
1565 2871 1678 2902 evifla:
1699 2881 1766 2902 num
1788 2871 1896 2912 reliqua
1917 2879 1988 2910 qua·
2017 2879 2020 2882 ·

1122 2914 1331 2953 dragintaquae
1354 2913 1487 2942 universo
1496 2912 1596 2951 fundo
1621 2912 1814 2952 cirecestram,
1844 2920 1895 2952 pro
1919 2915 1985 2941 rata

1122 2963 1203 2985 novae
1218 2953 1340 2993 regionis
1356 2952 1406 2993 ςθε
1421 2953 1554 2994 intelligi.
1571 2953 1728 2986 Venditus
1747 2953 1777 2984 &
1794 2952 1923 2984 traditus
1941 2948 1987 2980 est

1123 2995 1241 3027 fundus
1258 2993 1344 3025 mille
1357 2995 1511 3034 jugerum.
1538 2995 1611 3026 huic
1630 2993 1731 3025 fundo
1753 2994 1866 3025 flumen
1883 2989 1984 3036 abstu-

1124 3036 1161 3068 lit
1178 3036 1332 3066 ducenta:
1355 3035 1405 3066 sed
1423 3044 1499 3066 mox
1516 3044 1572 3076 per
1595 3035 1684 3066 aliam
1711 3043 1831 3076 partem
1856 3032 1883 3062 ei
1900 3030 1987 3062 restr-

1124 3078 1185 3108 tuit
1207 3076 1265 3107 alia
1288 3077 1434 3107 ducenta.
1466 3076 1507 3106 ita
1534 3076 1579 3108 est
1602 3075 1701 3108 rursus
1718 3075 1802 3107 mille
1816 3074 1958 3112 jugerum
1973 3094 1985 3111 ,

1119 3118 1196 3150 ficut
1213 3126 1287 3148 ante
1303 3125 1378 3147 erat.
1393 3116 1500 3157 postea
1518 3117 1619 3149 evista
1633 3127 1691 3158 pro
1702 3113 1833 3148 indiviso
1844 3114 1914 3144 sunt
1930 3113 1987 3143 du-

1121 3168 1235 3198 centa,
1253 3166 1374 3199 partem
1391 3159 1456 3199 jam
1476 3161 1617 3199 quintam
1634 3155 1766 3191 univerfi
1783 3154 1871 3187 fundi
1891 3153 1988 3226 eflitci-

1891 3204 1931 3227 en
1947 3203 1988 3226 ia.
