2036 3495
160 113 226 149 183
576 112 608 146 G
639 121 660 144 E
690 121 713 144 R
748 119 769 144 Λ
802 121 825 145 R
852 121 881 146 -D
914 122 928 146 1

323 198 391 243 Quo
403 197 480 237 setta
494 198 782 238 pravum-seminans

319 237 416 280 Jiistz‘s
432 244 572 270 cremetur
587 240 713 278 ignibus.

160 277 234 311 -Hac
249 280 435 312 crudelitate
451 279 492 310 uli
508 279 655 310 adversus
672 279 865 313 Christianos
881 280 1010 314 Ethnici
1021 306 1031 321 ,

161 321 234 354 dum
246 330 347 352 rerum
360 320 555 358 potirentur:
573 321 602 351 ἀ
618 329 735 352 mutata
748 323 910 361 republica
921 347 929 362 ‚
948 324 1031 355 idem

159 360 304 393 adversus
321 359 476 392 Ethnicos
501 360 610 392 fecere
628 362 813 402 Christiani3
837 365 866 395 ἂ
884 366 1030 397 adversus

133 402 137 406 '
157 399 338 433 Haereticos
350 400 550 434 Orthodoxi:
561 411 593 433 ut
603 402 806 436 observatum
817 415 832 435 a
841 405 1029 438 Chariffimo

157 451 232 473 meo
245 442 397 483 Collega,
414 443 450 473 A.
467 442 668 485 Schultingio
681 444 719 476 V.
736 445 879 477 CeNot.
897 449 935 478 acl
953 448 1030 479 Pau-

157 482 218 513 lum
232 485 258 514 cl.
274 483 326 515 loc.
339 491 409 524 pag.
425 494 496 524 511.
521 484 687 517 Postremo
703 486 744 518 fic
761 487 867 518 scribit
881 489 1032 528 Ulpianus

156 525 184 554 d.
202 524 230 565 §.
242 534 269 555 2.
286 525 304 555 l.
317 535 346 562 4.
365 525 405 556 Et
420 525 438 557 ss
456 526 530 566 quid
550 535 591 558 ex
603 528 749 566 peculatu
761 552 770 567 ‚
789 529 837 559 vel
856 539 896 561 ex
912 530 1031 561 sacrile-

153 566 208 605 gio
224 566 412 606 adquisitum
429 569 507 605 erit,
532 568 583 599 vel
600 569 629 599 vi
648 577 701 599 aut
726 569 895 602 latrocinio
913 580 965 602 aut
980 581 1029 613 ag-

154 606 308 646 gressui-a,
333 608 397 639 hoc
412 618 475 639 non
495 609 664 641 dividetur.

198 648 285 690 Quid
302 650 445 681 dicemus
461 650 501 681 de
518 651 630 682 tabulis
646 650 851 684 testamenti?
877 651 1030 693 Ulpianus

154 689 182 721 d.
200 689 221 721 l.
236 700 264 728 4.
286 690 313 732 §.
329 701 360 731 3.
384 692 427 722 ait
446 691 565 723 debere
579 692 725 731 Judicem
746 694 877 733 jubere,
901 705 952 726 eas
968 705 1027 727 ma-

153 740 230 763 nere
246 733 328 771 apud
340 741 412 763 eum
424 733 529 772 quiex
547 735 666 772 maiore
683 743 771 774 parte
789 734 880 767 heres
896 735 958 775 est,
975 745 1029 768 aut

154 771 185 803 in
203 773 270 803 aede
286 774 415 813 deponi.
439 783 511 804 nam
528 774 557 805 δί
575 773 762 807 Labeonem
779 777 933 815 scribere,
952 788 1026 810 ven-

154 814 219 845 dita
237 814 434 854 hereditate,
452 814 572 847 tabulas
589 815 768 848 testamenti
789 818 958 859 descriptas
975 821 1029 851 de-

152 855 232 896 poni
248 864 415 895 oportere:
439 855 591 888 heredem
608 858 693 889 enim
710 860 893 899 exemplum
910 861 1028 892 debere

153 898 247 935 dare;
272 897 393 929 tabulas
420 907 499 929 vero
524 897 726 930 authenticas
746 900 845 939 ipsum
870 903 1028 941 retinere,

151 939 250 970 autin
269 939 336 969 aede
354 939 483 979 deponi.
508 940 677 979 Similiter,
692 940 714 972 fi
731 950 801 981 quae
820 941 890 974 sunt
905 945 1025 975 cautio>

152 990 208 1011 nes
227 980 443 1012 hereditariae:
459 981 558 1013 debet
572 980 675 1020 judex
691 991 820 1021 curare,
833 992 867 1015 ut
883 994 927 1015 eae
944 986 1026 1025 apud

152 1031 225 1053 eum
246 1029 394 1053 maneant
413 1023 467 1063 qui
483 1023 603 1062 majo-re
620 1033 660 1054 ex
677 1032 766 1065 parte
782 1025 874 1057 heres
889 1026 943 1057 fit:
967 1035 1024 1056 cae-

150 1063 210 1095 teri
227 1062 419 1104 descriptum
447 1064 476 1096 &
497 1064 696 1105 recognitum
713 1065 850 1105 saciant,
875 1068 1026 1099 cautione

149 1104 354 1143 interposita,
382 1113 415 1136 ut
430 1114 503 1138 curn
521 1115 569 1137 res
585 1107 747 1147 exegerit,
765 1107 834 1147 ipsae
854 1108 1026 1140 exhibean-

150 1152 211 1179 tur.
228 1145 247 1177 fi
259 1155 371 1178 omnes
386 1147 500 1179 iisdem
509 1156 549 1179 ex
560 1149 700 1187 partibus
719 1149 852 1180 heredes
868 1149 944 1188 sint,
964 1160 1025 1182 nec

150 1186 232 1218 inter
247 1197 304 1219 eos
323 1189 514 1228 conveniat,
540 1189 623 1228 apud
642 1199 736 1230 quem
754 1191 861 1230 potius
885 1190 947 1222 effe
972 1193 1023 1223 de-

149 1228 264 1267 beant,
288 1228 390 1261 sortiri
417 1239 474 1262 eos
495 1230 644 1269 oportet:
666 1239 719 1263 aut
743 1241 782 1262 ex
801 1231 954 1264 consensu
969 1242 1023 1265 aut

146 1269 294 1312 suffragio
310 1271 475 1312 eligendus
496 1271 540 1303 est
556 1272 694 1311 amicus,
710 1274 792 1313 apud
810 1282 905 1313 quem
924 1274 1022 1315 depo-

147 1319 278 1348 nantur,
296 1312 347 1344 vel
367 1321 398 1344 in
415 1313 484 1344 aede
501 1313 584 1344 sacra
601 1314 719 1353 deponi
738 1315 859 1346 debent
872 1316 891 1347 l.
909 1326 939 1356 5.
953 1316 981 1348 b.
1000 1322 1020 1348 t.

147 1362 219 1386 nam
235 1353 274 1384 ad
289 1352 500 1385 licitationem
516 1363 582 1386 rem
593 1355 772 1393 deducere,
790 1364 823 1387 ut
836 1355 1020 1389 instrumen-

148 1402 180 1426 ta
196 1393 387 1426 hereditaria
411 1395 526 1427 habeat
550 1395 602 1426 hic
620 1397 673 1437 qui
690 1397 868 1429 licitatione
884 1399 1020 1439 vicerit,

145 1445 212 1468 non
231 1437 335 1476 placet
351 1436 370 1468 l.
386 1440 416 1467 6.
434 1437 461 1468 h.
479 1442 503 1467 t.

184 1478 247 1509 Sed
266 1485 414 1517 apparet,
427 1477 586 1508 universas
605 1485 653 1507 res
671 1477 878 1512 hereditarias
904 1481 935 1512 in
956 1481 1020 1512 hoc

143 1519 294 1558 judicium
315 1517 423 1549 venire
434 1519 516 1550 inter
528 1517 706 1550 coheredes
723 1520 833 1552 officio
844 1521 961 1561 Judicis
976 1523 1020 1553 di-

144 1560 308 1591 videndas.
335 1560 528 1597 quomodo?
551 1559 570 1591 si
590 1559 696 1600 plures
715 1570 824 1594 erunt:
843 1563 970 1595 Arbiter
988 1564 1018 1596 in

141 1608 246 1641 partes
263 1609 326 1631 non
343 1599 464 1633 scindet
475 1601 629 1642 lingulas3
646 1602 675 1631 id
696 1604 780 1634 enim
797 1604 916 1636 nonest
939 1605 1017 1636 divi-

142 1642 239 1681 dere,
257 1640 307 1673 sed
325 1643 478 1682 perdere:
502 1652 536 1674 ut
553 1642 636 1682 apud
652 1642 904 1685 Quintilianum,
920 1646 969 1678 lib.
986 1651 1015 1678 6.

142 1681 217 1723 Inst.
240 1690 312 1714 orni.
338 1694 362 1715 c.
390 1694 420 1725 3.
445 1684 475 1716 &
500 1684 723 1723 Macrobium,
745 1686 794 1717 lib.
812 1697 838 1718 2.
856 1687 976 1720 Saturn.
993 1698 1017 1719 c.

141 1728 170 1756 6.
197 1724 368 1757 Cascellius
386 1725 550 1766 respondit
573 1729 763 1765 mercatori;
786 1728 1016 1770 interroganti,

141 1767 411 1807 quemadmodum
428 1776 500 1798 cum
514 1767 600 1798 socio
610 1767 899 1802 divideretnavern.
917 1780 1015 1811 atque

136 1808 182 1839 ita
196 1807 259 1841 est:
283 1807 437 1840 divisurus
450 1818 499 1840 res
517 1808 721 1840 hereditarias
739 1810 865 1842 Arbiter
882 1811 1014 1853 lingulas

137 1858 204 1884 non
217 1848 338 1882 scindet
354 1850 384 1881 in
397 1857 519 1890 partes:
537 1850 589 1882 sed
604 1850 743 1891 integras
759 1852 966 1892 adjudicabit:
984 1854 1013 1885 &

137 1889 161 1922 fi
177 1890 287 1922 divisio
304 1898 368 1922 tam
384 1890 520 1923 difficilis
537 1890 591 1929 fit,
612 1899 646 1923 ut
664 1894 953 1933 peneimpoffibilis
970 1896 1014 1926 vi-

138 1933 268 1964 deatur:
290 1932 396 1973 potest
424 1941 526 1964 totam
551 1933 854 1967 condemnationem
875 1939 904 1967 iri
926 1938 1015 1968 unius

138 1973 305 2014 personam
324 1973 474 2007 conferre
485 1998 494 2013 ,
511 1974 540 2007 &
551 1975 730 2014 adjudicare
748 1985 861 2008 omnes
875 1988 923 2009 res
939 1979 1014 2018 l.55.

140 2015 170 2046 h.
187 2019 208 2046 t.
228 2016 312 2047 idem
329 2015 394 2055 est,
418 2016 438 2047 fi
457 2025 516 2048 uria
533 2017 697 2048 dumtaxat
713 2026 761 2049 res
779 2018 814 2049 sit
830 2019 1017 2051 dividenda:

138 2065 213 2092 nam
231 2056 260 2089 &
279 2057 331 2088 hic
355 2067 443 2096 eam,
467 2057 487 2089 ss
510 2057 646 2098 patiatur
664 2058 870 2097 divisionem,
894 2062 1017 2092 dividet

137 2098 222 2129 inter
241 2098 424 2131 consortes:
448 2099 588 2139 alioquin
612 2099 700 2130 alteri
719 2110 784 2131 rem
803 2102 948 2141 addicet,
972 2103 1014 2134 al-

139 2140 198 2170 teri
224 2138 467 2173 aestimationem
494 2140 522 2181 §.
550 2150 578 2178 4.
605 2138 677 2180 lnst.
695 2141 727 2171 de
743 2140 814 2182 offic.
827 2144 893 2183 jud.
922 2143 1015 2175 Hanc

137 2188 243 2212 autem
262 2179 291 2212 ei
309 2181 386 2213 licet
397 2191 453 2222 per
471 2182 517 2219 se,
536 2181 556 2212 fi
576 2182 680 2221 potest
699 2183 797 2214 inire:
816 2193 938 2217 tantum
957 2187 1015 2217 ob-

135 2221 259 2260 servet,
276 2230 310 2253 ut
329 2223 485 2255 universas
504 2222 636 2254 aestimet
653 2233 722 2262 rcs;
745 2234 806 2255 non
826 2225 1015 2268 singularum

135 2272 241 2295 rerum
258 2271 363 2303 partes
381 2264 401 2295 i.
415 2276 463 2306 52.
480 2264 509 2306 §.
528 2265 580 2296 ult.
599 2265 626 2295 h.
646 2272 665 2296 z.
690 2265 798 2298 Potest
816 2267 846 2298 ὅ(
864 2269 1012 2300 licitatio-

135 2313 196 2343 ne,
212 2305 232 2336 si
250 2305 309 2337 hac
319 2306 364 2337 uti
380 2307 486 2344 malit,
501 2304 584 2337 inter
600 2305 779 2338 coheredes
793 2308 955 2348 instituta,
973 2321 1013 2341 ae-

135 2345 350 2379 stimationem
362 2347 468 2380 facere
487 2348 504 2377 l.
520 2347 711 2389 22.§.1.h.t.
729 2348 827 2388 Haec3
842 2350 902 2382 fiin
922 2351 1015 2383 testa-⁴

135 2395 246 2421 mento
256 2397 346 2428 pater
357 2388 433 2420 nihil
445 2388 620 2430 specialiter
629 2389 923 2431 observarijull'erit:
935 2394 1011 2424 alio-

136 2427 210 2468 quin
229 2430 294 2468 ejus
310 2431 511 2463 voluntatem
523 2430 668 2471 sequetur
679 2431 894 2465 Arbiterl.21.
906 2434 937 2465 C:
949 2435 975 2466 h.
987 2441 1008 2467 t.

177 2469 257 2501 Satis
273 2472 312 2502 de
328 2472 434 2504 rebus.
447 2471 570 2503 transeo
588 2474 627 2503 ad
639 2473 819 2512 personales
836 2475 1008 2516 praestatio·

134 2519 200 2543 neS.
221 2509 288 2542 sunt
306 2521 412 2545 autem
431 2513 591 2554 triplices:
606 2523 660 2544 aut
676 2515 761 2546 enirn
778 2516 950 2548 consistunt
968 2527 1009 2549 ex

133 2551 323 2584 utilitatibus
339 2556 500 2595 perceptis
517 2563 571 2586 aut
588 2555 760 2596 sumptibus
777 2556 886 2596 factis,
899 2567 952 2590 aut
967 2569 1009 2591 ex

134 2594 254 2625 damnis
272 2594 363 2626 datis.
380 2596 467 2636 quod
477 2597 515 2628 ad
533 2596 685 2628 utilitates
696 2606 862 2638 perceptas
874 2603 1007 2640 attinet3

134 2636 165 2666 in
176 2634 225 2666 his
237 2643 325 2674 pono
342 2645 390 2667 res
409 2646 596 2669 communes
614 2661 623 2677 ,
640 2639 678 2669 ad
695 2639 834 2677 aliquem
854 2651 894 2672 ex
910 2642 1008 2672 cohe-

134 2676 262 2708 redibus
280 2676 458 2716 profectas:
475 2681 544 2710 'turn
560 2689 666 2711 earum
685 2679 825 2720 fructuri,
844 2682 874 2713 <Sc
887 2682 1008 2717 usuras:

134 2717 292 2755 maxime,
316 2717 337 2749 fi
352 2727 396 2748 eae
416 2728 464 2749 res
481 2720 584 2752 adhuc
602 2720 661 2752 [int
677 2731 883 2762 communes3
907 2725 936 2755 ἃ
954 2734 1007 2756 ne-

134 2758 216 2791 cesse
232 2758 329 2790 suerit
347 2759 499 2791 coheredi
511 2784 519 2798 ,
538 2771 590 2792 eas
608 2763 784 2803 percipere.
802 2765 908 2805 quod,
925 2765 946 2797 fi
961 2767 1015 2798 ‹ii-¹

134 2800 206 2831 visae
216 2800 253 2832 ad
264 2799 459 2832 coheredem
478 2804 683 2840 perveniant;
708 2805 737 2836 ὅ(
755 2815 833 2837 unus
850 2806 1006 2839 studiosus

132 2841 321 2880 coheredis,
347 2840 375 2872 ei
391 2842 496 2881 exigat
514 2842 736 2876 hereditarium
754 2847 916 2886 debitum3
932 2858 1005 2881 cum

131 2893 197 2915 non
215 2890 379 2915 teneretur
395 2885 542 2923 exigere:
559 2884 653 2916 cessat
670 2886 1006 2922 familiae‘erciscundae

131 2923 232 2962 affio,
256 2924 286 2956 &
305 2923 350 2956 est
367 2923 458 2956 locus
473 2923 588 2969 astioni
606 2928 808 2966 negotiorum
826 2930 1004 2971 gestorum:

130 2965 213 3005 quasi
225 2965 337 3004 amici,
355 2974 420 2996 non
430 2965 598 3010 coheredis
609 2989 619 3004 ‚
635 2969 766 3008 negotio
777 2971 895 3004 utiliter
905 2973 1004 3014 gesto.

130 3006 238 3046 itaque
247 3005 437 3048 generaliter
451 3005 598 3052 definitur
608 3030 617 3044 ‚
634 3008 786 3053 quidquid
799 3014 935 3045 coheres
952 3024 1004 3046 ac-

130 3048 216 3087 cepit
229 3048 428 3080 coheredum
444 3057 572 3080 nornine
582 3071 591 3086 ,
609 3057 673 3079 non
685 3050 774 3082 aliter
789 3054 1003 3091 pertinere.ad

129 3089 195 3120 hoc
207 3090 382 3130 iudiciuin,
398 3099 492 3131 quam
509 3088 530 3121 fi
546 3088 669 3120 necesse
687 3089 796 3135 habuit
804 3103 915 3132 gerere
932 3107 1002 3137 pro-

129 3138 202 3172 pter
216 3133 490 3164 communionem.
508 3131 592 3163 idem
609 3139 756 3171 putemus
768 3142 798 3163 in
808 3134 980 3174 sumptibus
991 3162 1002 3177 ,

128 3181 145 3202 a
161 3170 325 3203 coherede
342 3172 433 3205 fatris
453 3176 485 3205 in
502 3182 550 3205 res
569 3181 756 3205 communes
771 3173 997 3211 hereditarias:

125 3223 186 3246 nec
205 3221 311 3245 tamen
329 3213 413 3254 aliis,
430 3224 523 3256 quam
534 3223 615 3255 quos
625 3223 684 3255 pro
703 3213 864 3248 coherede
882 3216 998 3250 fecerit

985 111 1247 148 Noonr
1304 113 1517 152 CoMM.

1074 201 1272 235 necestitate:
1294 204 1328 235 id
1346 204 1411 243 est,
1428 205 1489 240 ita.
1505 213 1540 237 ut
1556 215 1620 238 non
1639 206 1743 247 poss'et
1759 216 1815 239 eos
1831 209 1886 242 fibi
1901 211 1946 244 fa-

1074 250 1149 272 cere
1160 242 1332 283 separatim.
1355 253 1430 278 tunc
1446 248 1529 278 enirn
1541 247 1624 289 quasi
1635 249 1770 280 coheres
1780 248 1871 282 fecit.
1886 261 1944 284 cae-

1075 290 1196 323 terum,
1217 284 1238 316 fi
1263 287 1375 318 volens
1398 298 1455 319 eos
1475 287 1555 320 fecit
1575 287 1637 321 fine
1655 290 1854 323 necestitate:
1879 301 1946 328 tum

1073 322 1155 369 fecit
1179 335 1235 358 eos
1260 337 1324 359 non
1349 329 1431 368 quasi
1455 331 1609 369 coheres,
1633 331 1686 362 sed
1705 331 1788 371 quasi
1806 335 1944 376 amicus3

1075 365 1213 405 ideoque
1222 377 1279 399 eos
1295 379 1358 400 non
1374 371 1499 402 afflone
1511 371 1638 404 familiae
1652 372 1842 405 erciscundae
1857 382 1947 417 repe-

1074 406 1132 451 tit,
1156 407 1207 439 sed
1225 409 1349 441 acirone
1368 414 1574 453 negotiorum
1592 413 1753 454 gestorum
1790 414 1946 457 Exempla

1074 455 1236 489 utriusque
1247 453 1372 490 generis
1389 453 1456 485 sunt
1473 456 1637 495 complura
1652 456 1671 486 l.
1690 465 1738 496 25.
1755 455 1783 497 §.
1795 466 1823 492 9.
1841 466 1886 490 io.
1900 468 1946 491 11.

1078 496 1123 518 12.
1143 497 1188 529 13.
1208 491 1358 532 14.&15.
1381 495 1421 526 D.
1441 494 1477 529 δέ)
1495 496 1513 526 l.
1526 506 1572 528 ρο.
1585 496 1617 527 C.
1633 497 1659 528 h.
1676 503 1697 528 t.
1722 506 1758 527 ac
1774 500 1946 533 iecundum

1075 528 1144 560 haec
1162 533 1351 570 explicanda
1368 535 1385 565 l.
1409 541 1454 569 18.
1474 537 1503 578 §.
1524 547 1535 569 1
1568 538 1602 569 C.
1622 541 1679 569 eorl.
1694 539 1740 569 tit.
1765 547 1878 578 praeter
1894 542 1946 573 ali-

1074 579 1105 600 as
1125 580 1235 612 magna
1249 574 1429 614 diligentia,
1447 577 1476 608 dt
1493 580 1557 617 pari
1576 579 1721 611 doctrina
1739 581 1868 612 tractata
1882 583 1945 622 iam

1073 612 1112 642 ab
1137 612 1284 644 Arnoldo
1311 614 1448 656 Vinum,
1473 618 1511 650 V.
1536 620 1594 652 CL.
1617 622 1665 652 lili.
1686 630 1710 652 1.
1736 622 1833 653 Seceft.
1850 622 1947 664 quoest.

1073 663 1097 684 c.
1114 662 1165 694 37.
1198 652 1341 700 Tantum
1369 659 1500 699 addam,
1524 664 1610 702 quod
1635 671 1708 694 cum
1732 665 1825 700 dico,
1850 667 1945 697 etiam

1075 694 1215 736 sumptus
1238 706 1268 728 in
1294 697 1356 728 hoc
1377 700 1528 737 judicium
1555 714 1687 743 venire3
1714 714 1778 735 non
1804 707 1944 737 excludo

1073 734 1174 782 usur-as
1189 746 1230 768 ex
1250 747 1337 770 mora
1348 740 1534 779 praestandas
1550 744 1568 775 l.
1586 750 1628 779 18.
1645 745 1672 786 §.
1687 755 1716 786 3.
1738 746 1775 777 I).
1788 747 1816 777 h.
1830 754 1850 777 t.
1874 757 1945 780 nam

1073 777 1113 808 lic
1140 787 1170 809 in
1196 780 1345 812 omnibus
1361 781 1455 813 bonae
1471 783 1544 816 fidei
1559 786 1681 825 judiciis
1697 786 1875 826 observari,
1899 791 1945 821 ni·

1073 819 1130 850 mis
1147 827 1260 851 notum
1277 821 1331 852 est.
1355 822 1435 855 ltcm
1450 826 1611 865 monebo,
1629 837 1781 868 oportere
1797 829 1857 860 hos
1868 829 1946 861 sum-

1072 867 1144 904 ptus
1160 860 1223 892 effe
1239 861 1341 895 factos
1353 865 1435 896 bona
1455 866 1518 897 fide
1530 876 1571 899 ex
1580 877 1614 899 re
1628 869 1798 902 coheredis
1815 871 1879 903 fine
1898 872 1944 903 vi·

1076 910 1121 932 tio
1138 902 1309 934 coheredis
1325 905 1344 936 l.
1359 915 1408 945 44.
1425 906 1455 948 ᾗ.
1471 918 1500 947 5.
1519 909 1545 939 b.
1563 914 1583 941 t.

1112 942 1369 978 Praestationibus
1385 948 1601 987 personalibus
1617 951 1779 991 postremo
1791 961 1943 984 annume-

1068 992 1176 1016 rantur
1190 987 1303 1018 damna
1314 996 1330 1018 a
1346 989 1508 1021 coherede
1525 994 1688 1023 communi
1708 993 1876 1025 hereditati
1892 995 1945 1026 da-

1070 1035 1100 1056 ta
1116 1025 1181 1067 §.4
1199 1026 1272 1068 Inst.
1285 1030 1318 1059 de
1335 1029 1409 1070 offic.
1421 1030 1556 1071 Juaz‘cz's:
1574 1036 1673 1064 modo
1688 1033 1710 1066 fi
1727 1036 1851 1066 dederit
1868 1044 1944 1075 qua·

1068 1066 1258 1112 sivhei·es:&
1277 1069 1351 1102 ideo
1368 1071 1388 1102 fi
1409 1082 1487 1104 unus
1506 1083 1546 1106 ex
1563 1074 1733 1106 heredibus
1752 1077 1941 1118 pecuniam,

1069 1110 1332 1154 vrvo'testatore,
1355 1112 1529 1154 sustulerit,
1553 1117 1585 1147 in
1601 1115 1730 1148 familiae
1748 1117 1941 1151 erciscundae

1064 1151 1218 1197 judiciuin
1232 1162 1267 1183 ea
1284 1162 1351 1185 non
1370 1155 1492 1187 veniet:
1514 1157 1586 1198 quia
1605 1161 1833 1191 tuncnondum
1850 1160 1942 1193 heres

1067 1200 1143 1223 erat.
1167 1193 1221 1238 ubi
1236 1203 1343 1226 autem
1359 1196 1442 1237 quasi
1455 1198 1546 1230 heres
1564 1198 1664 1239 fecit,
1680 1199 1735 1232 etfi
1753 1200 1842 1232 aliam
1862 1211 1941 1242 prae-

1066 1241 1152 1264 terea
1168 1243 1236 1275 quis
1252 1235 1410 1269 actionem
1426 1238 1559 1279 habeat,
1577 1250 1681 1273 tamen
1693 1241 1794 1273 teneri
1812 1252 1885 1275 eum
1894 1244 1942 1275 fa-

1064 1273 1155 1305 miliae
1179 1276 1368 1310 erciscundae
1390 1280 1509 1319 judicio
1526 1305 1535 1319 ,
1557 1281 1697 1321 Julianus
1723 1283 1828 1315 scribit
1849 1285 1869 1317 l.
1894 1288 1941 1317 16.
1977 1320 1980 1323 Α

1064 1315 1092 1357 §.
1110 1326 1139 1355 4.
1158 1317 1186 1348 h.
1205 1323 1227 1349 t.
1246 1319 1276 1350 ἀ
1292 1319 1337 1351 est
1354 1323 1536 1362 exemplum
1555 1323 1583 1364 §.
1599 1335 1630 1363 5.
1649 1324 1814 1363 sequente.
1839 1324 1939 1367 Gajus

1064 1367 1142 1390 vcro
1158 1359 1176 1389 l.
1201 1368 1248 1401 17·
1266 1362 1325 1391 eod.
1343 1362 1389 1393 tic.
1414 1362 1476 1400 ait,
1493 1365 1661 1396 commisso
1678 1366 1717 1397 ab
1735 1376 1799 1397 uno
1817 1367 1938 1399 herede

1062 1401 1412 1445 mimum—conveniens
1430 1405 1492 1436 esse
1508 1405 1630 1445 dicere,
1646 1406 1747 1448 fimpli
1759 1408 1937 1441 habendam

1063 1440 1094 1472 in
1111 1440 1236 1487 familiae
1255 1444 1446 1487 erciscundae
1469 1447 1587 1486 Judicio
1605 1447 1667 1480 effe
1684 1447 1936 1483 aestimationem.

1062 1481 1211 1514 Tenetur
1225 1494 1319 1525 igitur
1329 1486 1465 1520 coheres
1479 1488 1632 1521 coheredi
1644 1490 1683 1521 de
1697 1491 1813 1522 damno
1829 1490 1940 1531 injuria

1062 1525 1156 1568 dato,
1180 1527 1268 1556 nullo
1290 1525 1485 1567 discrimine,
1509 1537 1613 1561 utrum
1629 1530 1865 1563 committendo
1883 1534 1938 1563 de-

1062 1567 1144 1596 derit
1170 1567 1340 1606 damnum,
1363 1578 1400 1600 an
1426 1570 1628 1604 omittendo:
1651 1571 1672 1603 fi
1690 1573 1782 1604 dolus
1800 1572 1938 1605 interve-

1062 1608 1162 1646 nerit,
1187 1616 1240 1639 aut
1265 1609 1357 1648 culpa
1381 1613 1408 1641 cl.
1425 1611 1446 1642 l.
1470 1616 1513 1643 16.
1530 1612 1561 1653 §.
1580 1623 1609 1652 4.
1636 1613 1688 1644 sed
1704 1614 1802 1654 quae‘?
1825 1615 1887 1646 lata
1905 1617 1937 1647 dt

1062 1647 1150 1679 levis.
1174 1658 1212 1680 an
1238 1649 1388 1682 leviffima
1412 1654 1569 1694 quoque?
1593 1655 1687 1694 poffit
1712 1655 1781 1695 quis
1806 1665 1935 1696 putare:

1060 1689 1132 1730 quia
1148 1700 1212 1722 non
1229 1692 1448 1725 contrahimus
1461 1703 1534 1726 cum
1554 1696 1690 1727 herede:
1707 1696 1935 1729 sedincidimus

1059 1730 1089 1762 in
1107 1741 1198 1770 eum,
1214 1740 1248 1763 ut
1263 1732 1293 1765 in
1319 1735 1524 1775 negotiorum
1539 1736 1717 1777 gestorem,
1741 1747 1808 1779 quo
1826 1739 1865 1770 de
1884 1737 1936 1780 egi

1058 1773 1189 1813 proprio
1199 1772 1325 1807 Titulo.
1341 1774 1471 1808 interest
1487 1786 1610 1810 tamen:
1626 1780 1713 1818 quod
1730 1779 1866 1812 coheres
1882 1780 1936 1812 ha·

1058 1816 1271 1859 bet'gerendi
1295 1817 1437 1858 causam,
1462 1828 1596 1860 propter
1613 1819 1695 1852 suam
1712 1829 1850 1861 partem:
1878 1832 1935 1863 ne-¹

1057 1865 1220 1897 gomorum
1237 1857 1344 1898 gestor
1362 1868 1426 1891 non
1444 1859 1560 1899 habet,
1575 1871 1688 1902 gerens
1707 1872 1772 1894 rem
1789 1863 1936 1896 alienam.

1057 1898 1099 1929 ita
1116 1898 1256 1938 pertinet
1273 1900 1341 1931 haec
1357 1911 1405 1932 res
1429 1903 1468 1933 ad
1485 1902 1647 1943 utriusque
1663 1903 1852 1942 utilitatem
1877 1911 1934 1936 eoi

1058 1949 1120 1979 que
1145 1939 1243 1971 debet
1267 1941 1401 1973 coheres
1428 1944 1522 1975 talem
1546 1944 1691 1985 praestare
1715 1945 1931 1986 diligentiam,

1061 1981 1186 2020 qualem
1204 1980 1233 2012 in
1251 1981 1307 2014 suis
1324 1984 1429 2015 rebus.
1459 1984 1510 2016 Sic
1527 1986 1611 2017 clare
1629 1985 1783 2026 Ulpianus
1799 1990 1826 2018 d.
1842 1987 1861 2018 l.
1880 1998 1929 2027 25.

1059 2023 1087 2064 §.
1107 2027 1149 2054 16.
1173 2031 1294 2055 tantum
1311 2026 1449 2057 notanda
1466 2025 1496 2058 in
1515 2026 1560 2059 his
1577 2028 1641 2067 ejus
1658 2027 1781 2066 verbis,
1796 2028 1869 2060 Non
1887 2036 1931 2060 ῑιι-

1059 2074 1122 2094 men
1139 2065 1319 2105 diligentiam
1327 2065 1457 2107 prcesture
1467 2069 1562 2107 debet,
1577 2069 1691 2110 qualem
1706 2071 1932 2112 diiigenspater-

1057 2107 1205 2144 familias,
1229 2106 1274 2138 est
1298 2108 1430 2139 mutatio
1455 2110 1585 2150 gradus:
1608 2109 1767 2151 positivo,
1790 2112 1934 2153 diligens,

1061 2146 1163 2186 polito
1188 2156 1246 2186 pro
1271 2148 1499 2190 diligenczffimo‚
1522 2150 1554 2182 id
1575 2151 1639 2190 est,
1663 2150 1872 2193 superlativo:
1895 2161 1933 2186 ut

1058 2189 1088 2220 in
1106 2187 1252 2220 similibus
1270 2189 1353 2231 saepe
1370 2190 1457 2231 fieri,
1481 2201 1594 2224 notum
1611 2193 1656 2225 est
1673 2193 1831 2227 omnibus.

1099 2231 1277 2270 Antequam
1298 2232 1372 2262 hinc
1386 2231 1562 2272 discedam,
1588 2244 1653 2266 non
1670 2234 1823 2268 inutiliter
1840 2235 1932 2277 subji-

1057 2270 1137 2302 ciam
1155 2271 1318 2311 sequentia
1340 2273 1425 2306 Pauli
1444 2275 1540 2306 verba
1557 2285 1597 2307 ex
1628 2276 1647 2307 l.
1666 2287 1713 2316 27.
1733 2277 1760 2308 b.
1781 2283 1802 2308 t.
1826 2277 1863 2309 In
1879 2279 1930 2309 hoc

1050 2313 1161 2354 judicio
1177 2315 1420 2346 condemnationes
1439 2316 1474 2350 ὅ)
1484 2316 1668 2357 absolutiones
1683 2320 1713 2348 in
1729 2320 1854 2349 omnium
1863 2327 1932 2360 per-

1047 2355 1121 2395 sona
1130 2355 1277 2394 faciendae
1297 2357 1384 2393 sunt:
1407 2356 1444 2391 &³
1463 2358 1520 2388 ideo
1529 2356 1559 2396 si
1580 2360 1611 2388 in
1628 2359 1755 2400 aliqu'us
1763 2363 1884 2400 persona
1899 2371 1930 2391 o-

1054 2395 1180 2435 miffcifit
1196 2398 1362 2429 damnatio:
1377 2399 1409 2429 in
1423 2406 1591 2431 caeterorum
1608 2409 1718 2442 quoque
1725 2402 1844 2441 persona
1853 2403 1930 2443 quod

1047 2437 1242 2478 feciijudex‚
1266 2449 1323 2469 non
1340 2439 1465 2471 valebz'r:
1487 2441 1558 2481 quia
1576 2451 1632 2472 non
1646 2440 1735 2482 potest}
1751 2452 1786 2473 ex
1801 2452 1859 2473 uno
1871 2444 1926 2484 ju-

1053 2480 1125 2509 dicio
1140 2488 1182 2509 res
1193 2480 1329 2520 judicata
1340 2481 1370 2511 in
1381 2488 1494 2519 partem
1508 2482 1622 2519 valere,
1633 2484 1664 2512 in
1679 2490 1790 2522 partem
1807 2494 1863 2514 non
1873 2494 1928 2515 va-

1052 2519 1116 2551 lere.
1140 2520 1172 2551 Si
1189 2520 1258 2560 quis
1275 2530 1325 2552 me
1345 2531 1457 2563 roget,
1481 2532 1547 2562 quo
1566 2522 1635 2554 haec
1651 2523 1794 2564 spectent
1812 2526 1926 2557 verba:

1053 2571 1117 2592 non
1136 2561 1298 2601 suadeam,
1314 2572 1352 2593 ea
1367 2562 1479 2594 referri
1495 2564 1533 2596 ad
1551 2563 1737 2598 divisionem
1754 2576 1859 2598 rerum
1876 2567 1931 2598 he-

1052 2602 1286 2641 reditaria-unu
1302 2613 1366 2635 non
1377 2603 1460 2636 enim
1472 2604 1535 2635 huc
1545 2605 1727 2646 pertinent3
1745 2608 1796 2639 sed
1806 2609 1844 2640 ad
1853 2617 1931 2647 prae-

1051 2644 1201 2676 stationes
1213 2644 1408 2685 personales:
1424 2645 1456 2676 in
1467 2645 1580 2686 quibus
1596 2647 1928 2690 obtinentpraesertim

1052 2685 1338 2718 condemnationes
1358 2686 1387 2717 δε
1402 2686 1628 2721 absolutiones.
1646 2689 1750 2731 finge,
1772 2691 1865 2723 alium
1885 2701 1928 2724 ex

1050 2726 1432 2767 coheredibusimpensas
1446 2727 1573 2769 feciss‘e3
1597 2729 1690 2763 alium
1713 2740 1824 2764 contra
1840 2734 1928 2765 dam-

1051 2778 1127 2799 num
1150 2767 1288 2812 dfflfiff‘b
1311 2777 1364 2799 aut
1388 2771 1604 2814 emolumenta
1625 2773 1817 2814 percepisse:
1840 2773 1929 2806 suum

1050 2818 1211 2850 quemque
1223 2818 1351 2849 exigere
1363 2819 1480 2842 mutuis
1497 2812 1715 2851 petitionibus.
1732 2814 1773 2846 ait
1791 2815 1927 2855 Paulus,

1049 2859 1203 2891 oportere
1226 2850 1371 2890 Judicem
1389 2852 1428 2884 de
1453 2853 1603 2886 omnibus
1621 2856 1832 2895 pronunciare
1848 2866 1927 2888 con-

1049 2893 1231 2924 demnando
1242 2915 1252 2931 ,
1268 2892 1532 2935 absolvendoque
1549 2905 1611 2927 una
1621 2897 1786 2929 sententia.
1802 2899 1888 2939 quod
1904 2897 1926 2930 fi

1048 2942 1161 2966 contra
1177 2932 1276 2972 fecit,
1294 2943 1359 2966 non
1378 2936 1482 2967 valere
1495 2935 1698 2970 sententiam:
1715 2939 1744 2970 ἃ
1761 2949 1819 2979 pro
1830 2938 1925 2971 ratio-

1047 2985 1088 3006 ne
1106 2974 1213 3012 addit,
1230 2976 1317 3015 quod
1335 2986 1399 3007 non
1416 2977 1524 3016 potest
1540 2988 1581 3010 ex
1596 2989 1662 3011 uno
1676 2980 1796 3019 iudicio
1812 2990 1860 3011 res
1877 2981 1925 3020 ju-

1048 3017 1149 3048 dicata
1165 3017 1270 3048 valere
1293 3017 1324 3048 in
1350 3026 1492 3057 partein3
1514 3018 1546 3051 in
1570 3029 1692 3060 partem
1715 3031 1779 3052 nori
1807 3021 1923 3052 valere.

1046 3067 1110 3090 non
1125 3057 1168 3090 ita
1183 3057 1213 3089 in
1230 3058 1323 3089 rebus
1335 3059 1539 3092 hereditariis.
1556 3071 1745 3103 quamquam
1761 3060 1844 3092 enim
1862 3070 1924 3092 nec

1045 3099 1128 3131 circa
1147 3099 1202 3131 has
1218 3098 1321 3139 Judex
1338 3101 1435 3132 debet
1460 3100 1632 3142 quidquam
1648 3101 1815 3147 indivisum
1829 3101 1923 3147 relin-

1045 3150 1157 3180 quere,
1169 3150 1242 3173 cum
1253 3140 1362 3182 utique
1371 3151 1482 3173 omnes
1496 3143 1623 3175 veniant
1637 3144 1667 3174 in
1679 3143 1922 3189 hocjudicium:

1042 3181 1064 3214 fi
1091 3191 1197 3214 tamen
1221 3182 1298 3222 quid
1321 3181 1486 3215 indivisum
1506 3183 1654 3229 mansei-it
1673 3207 1682 3221 ,
1707 3193 1772 3216 non
1800 3185 1925 3230 idcirco

1041 3224 1129 3256 nulla
1148 3222 1197 3256 est
1222 3223 1394 3256 sententia:
1418 3222 1470 3256 sed
1493 3234 1543 3257 res
1561 3223 1689 3258 indivisa
1710 3224 1789 3258 facit
1802 3226 1924 3266 judtcio

1825 3275 1916 3299 com-
