2052 3487
361 153 440 191 DE
486 148 795 186 Pomona
851 157 919 184 nr
973 148 1236 187 Usnnrs.

35 257 117 283 mam
160 245 299 279 usuram:
325 249 359 276 ut
375 249 441 275 tum
459 238 600 284 solebant
615 236 724 284 rigidi,
748 237 902 270 &tamen

38 272 138 324 boni’
165 288 397 320 foeneratores:
428 282 480 314 sed
505 287 638 324 nomina·
663 286 807 325 incerta,
837 278 902 311 five

37 314 137 369 mals,
170 339 235 371 quo
259 328 364 369 plures
395 318 744 369 ceutefimaststipulari
785 319 899 367 posset.

39 383 110 415 quae
127 382 176 404 res
199 378 265 402 erat
285 369 485 399 foeneratoris
502 360 646 406 flagitiosi
676 368 773 406 atque
800 370 902 400 impu-

39 415 237 452 dentis,·aut
260 416 348 441 certe
370 406 460 439 fatui.
504 402 665 444 juvenalis
686 403 808 434 indicat
835 402 899 436 Sat.

39 467 68 494 9,
91 456 163 495 vers}
181 457 209 485 6.
234 451 326 482 verba
345 446 516 492 juvenalis..
533 487 538 492 Ι
709 485 716 490 Ι

78 497 150 529 Non
164 501 222 527 erat
236 495 288 524 bac
297 492 376 531 facie
390 486 570 527 miserabilior
586 484 750 526 Crepereyus

80 538 191 573 Pollio,
213 536 263 577 qui
280 532 436 572 triplicem
452 523 721 574 usuramtprcestare
732 531 856 568 paratus

82 579 212 615 Circuit,
236 575 271 610 &³
289 574 394 604 fatuos
409 579 466 602 non
482 571 607 601 invenit.

42 621 104 654 Sed
128 619 253 651 avaritia
277 624 341 646 non
366 620 486 645 tantum
509 612 612 651 palam
638 608 771 642 exceffit
799 608 901 642 usura»

41 671 109 694 rum
132 661 284 696 modum;
309 655 360 687 sed
384 654 478 685 etiam
509 661 566 692 per
589 650 753 690 fraudem,
775 660 839 683 nec
867 661 900 683 u-

42 712 132 741 nam,
155 701 206 732 sed
223 701 349 730 variam.
390 693 566 740 Placebunt
581 694 728 733 exempla
754 701 825 732 quae
847 692 902 724 ad·

39 744 148 776 feram.
169 750 263 774 unum
280 738 324 771 est
343 739 373 770 in
390 737 409 769 l.
419 741 447 771 8.
460 735 492 767 C.
514 735 546 767 Si
561 741 670 765 certum
682 740 813 775 petatur.
833 744 901 781 ver-

40 787 79 817 ba
97 786 161 826 ejus
179 783 262 820 sunt.
288 780 321 812 Si
329 786 382 821 pro
400 783 504 810 mutua
523 777 650 817 pecunia
666 786 754 817 quam
769 787 788 807 a
811 778 899 806 credi-

42 833 99 858 tore
121 826 247 867 poscebas
265 847 275 861 ‚
304 827 475 863 argentam,
504 818 550 849 vel
565 819 701 859 jumenta
718 840 728 856 ‚
752 817 805 864 ‘vel
827 817 901 848 alias

33 868 137 910 species
160 868 306 907 utriusque
329 863 460 901 consensu
485 858 637 900 aestimatas
660 857 810 906 accepisti,
834 860 901 889 dato

43 919 110 942 auro
123 908 255 950 pignori:
278 907 340 937 licet
354 904 430 936 ultra
446 899 622 939 centesimam
638 905 740 948 usuras
756 898 901 947 stipulan-

43 954 67 982 ti
83 947 246 991 lpopondisti
262 959 270 980 ε
293 953 387 979 tamen
397 946 478 986 sors,
509 952 571 989 quce
592 939 776 989 aestimatione
795 942 901 989 plat-ito

39 987 167 1034 partium
190 989 308 1029 definita
336 985 393 1028 eft,
428 985 465 1020 ὅ)
486 988 640 1026 usurarum
665 983 749 1014 titulo
772 983 902 1024 legitima

48 1039 161 1065 tantum
191 1030 263 1063 reste
288 1031 405 1071 petitur.
437 1036 487 1059 nec
515 1027 676 1073 quidquam
707 1025 760 1055 tibi
777 1023 903 1072 prodeffe

43 1073 131 1116 potest
141 1098 151 1114 ,
174 1073 246 1115 quod
265 1073 380 1103 minoris
395 1068 445 1110 effe
457 1069 543 1108 pretii
554 1073 664 1108 pignus
674 1088 682 1104 ‚
693 1068 768 1113 quod
782 1066 883 1114 dedisti
893 1089 903 1104 ‚

43 1117 195 1158 proponis,
216 1123 270 1155 quo
295 1115 388 1143 nzz'nus
413 1109 573 1152 bujasmodi
594 1114 770 1149 quantitatis
784 1108 904 1147 solutio-

50 1159 82 1189 ni
92 1164 202 1199 pareas.
243 1155 294 1186 sic
314 1152 475 1185 reetiffime
491 1150 586 1182 habet
601 1148 778 1195 Haloandri
795 1158 904 1195 exem-

50 1199 133 1240 plar3
156 1197 185 1230 &
201 1195 376 1235 complures
400 1192 598 1232 manuscripti
622 1191 770 1222 cod1ces:
793 1189 849 1222 etsi
873 1199 904 1221 in

50 1240 234 1280 quibusdam
257 1236 323 1274 est,
352 1235 477 1275 legitima
506 1232 663 1275 [summa]
695 1231 905 1279 tarzturn'rebte

46 1283 175 1323 petitum
204 1279 251 1315 ἃ,
273 1277 396 1318 legitima
420 1277 586 1317 quantitas:
612 1283 645 1305 ut
671 1282 779 1305 monui
801 1273 848 1304 lib.
876 1282 902 1305 1.

49 1332 72 1353 c.
93 1331 119 1353 2.
161 1319 284 1359 Species
300 1319 367 1349 liaec
384 1316 439 1348 est.
464 1323 498 1347 tu
521 1326 538 1347 a
558 1314 653 1347 Titio
669 1314 822 1354 poscebas
840 1324 905 1360 mu-

48 1370 130 1394 tuam
156 1360 328 1400 pecuniam.
357 1359 410 1391 ille
433 1366 507 1389 cum
529 1366 595 1389 non
626 1356 777 1395 haberet,
808 1364 843 1387 ut
870 1365 902 1388 in

44 1404 64 1434 l.
86 1411 129 1433 11.
151 1401 192 1432 D.
216 1403 249 1432 de
272 1401 353 1431 rebus
369 1400 501 1437 creditis,
531 1399 582 1430 vel
612 1398 839 1436 disfimularet,
873 1397 903 1429 se

47 1442 276 1482 liabere3dedit
293 1441 346 1473 tibi
365 1449 528 1481 argentum
544 1440 746 1480 veljumenta
761 1440 812 1485 vel
830 1439 903 1471 alias

46 1485 182 1526 species,
205 1485 364 1523 utriusque
387 1480 539 1514 consensu
556 1481 737 1513 aestimatas:
762 1481 834 1512 dein
852 1490 901 1512 au-

43 1536 112 1559 rum
129 1526 251 1567 pignori
268 1524 410 1564 accepit,
434 1524 463 1555 ἃ
479 1522 582 1555 usuras
606 1522 684 1554 ultra
700 1521 905 1554 centesimam

44 1566 204 1605 stipulatus
227 1565 290 1597 est:
320 1573 420 1605 puto,
451 1574 516 1596 non
546 1563 744 1605 (impliciter,
773 1562 826 1594 sed
849 1563 905 1595 sub

45 1609 156 1641 colore
177 1607 337 1648 reparandi
356 1606 510 1647 dispendii
535 1605 779 1651 quod-,passurus
803 1603 839 1636 fit
863 1614 903 1636 ex

43 1657 171 1682 mutuo:
196 1651 225 1680 in
242 1657 307 1688 quo
330 1649 421 1679 amici
439 1647 538 1689 gratia
553 1646 589 1678 fit
605 1655 633 1678 ei
659 1647 833 1678 carendum
859 1656 909 1678 :ir-2

42 1699 141 1733 gento
163 1688 360 1727 fabrefaetm
384 1689 435 1721 vel
459 1688 607 1728 jumentis
623 1688 655 1720 in
679 1697 750 1729 quae
773 1687 906 1719 affefitus

43 1734 145 1764 cadat.
189 1730 231 1763 sic
260 1729 403 1761 solebant
426 1729 661 1761 foeneratores:
703 1730 734 1760 δι
765 1729 908 1769 queritur

44 1771 244 1809 Ambrofius,
268 1773 308 1802 de
327 1770 412 1802 Tobia
434 1781 457 1802 c.
479 1780 508 1811 3.
532 1770 628 1801 verba
650 1770 818 1803 Anibi-ossi.
864 1770 908 1801 At

43 1815 93 1845 ubi
118 1816 271 1844 usurarum
299 1813 401 1842 mentio
422 1811 510 1851 satta
535 1811 647 1849 fuerit,
677 1817 729 1843 aut
757 1812 907 1852 pignoris,

45 1860 116 1886 tunc
133 1852 238 1895 abjesto
259 1854 406 1893 supercilio
427 1853 580 1890 foenerator
594 1853 728 1890 arridet,
760 1852 797 1886 ὅ)
825 1861 908 1893 quem

45 1901 113 1928 ante
134 1895 279 1935 cognitum
288 1892 346 1931 fibi
358 1894 514 1935 denegabat
527 1915 537 1932 ,
559 1895 685 1924 eumdem
703 1899 843 1934 tanquam
853 1899 908 1934 pa·

45 1943 157 1968 ternam
172 1937 326 1967 amicitiam
345 1937 509 1966 recordatus
532 1934 624 1966 osculo
646 1935 778 1975 excipit,
799 1935 907 1966 heredi-

46 1979 127 2009 tarioe
156 1977 265 2019 pignus
296 1977 447 2007 charitatis
476 1983 512 2016 ap
533 1975 628 2015 ellat,
666 1974 738 2015 flere
763 1976 903 2016 probibet.

45 2018 235 2061 Qaaeremus,
247 2019 360 2058 inquit,
383 2018 458 2048 domi
467 2040 475 2055 ‚
493 1981 608 2058 spquid
620 2018 699 2048 nobis
708 2018 837 2057 pet-unice
848 2015 906 2057 esi,

38 2061 179 2101 frangam
191 2065 306 2100 propter
323 2064 349 2089 te
365 2063 519 2099 argentum
541 2063 692 2099 paternum
714 2059 789 2099 quod
807 2058 909 2095 fabre-

38 2093 157 2140 saetam
180 2098 227 2141 est.
248 2100 404 2140 plurimum
420 2099 521 2130 damni
544 2101 615 2131 erit:
638 2109 700 2141 quae
717 2102 809 2140 usurae
826 2109 894 2134 ,com

41 2143 199 2182 pensabam
218 2143 313 2181 pretia
340 2139 560 2172 emblematum?
593 2141 648 2171 Sed
662 2146 713 2180 pro
736 2142 824 2171 antico
848 2141 905 2171 dis-

41 2185 175 2224 pendium
191 2192 246 2213 non
261 2182 465 2221 reformidabo:
491 2192 556 2213 cum
570 2183 744 2220 reddideris,
766 2180 904 2221 reficiam.

46 2224 149 2264 ltaque
173 2230 327 2265 antequam
344 2225 407 2260 clet3
438 2223 552 2263 reficere
566 2220 712 2263 festinat:
743 2222 779 2257 ὅ)
804 2224 904 2263 quiin

46 2268 153 2302 lamma
162 2266 316 2306 subvenire
332 2266 358 2301 se
375 2265 462 2302 dicit,
484 2268 585 2302 usuras
603 2265 702 2306 exigit.
746 2263 904 2303 Kalendis,

47 2307 141 2347 inquit
157 2328 166 2344 ,
188 2309 288 2340 usuras
304 2307 403 2337 dabis:
419 2306 521 2345 foenus
538 2307 670 2345 interim,
686 2304 715 2344 fi
729 2315 787 2337 non
804 2305 907 2337 habue-

46 2348 87 2378 ris
104 2348 178 2377 unde
193 2345 342 2387 restituas,
364 2356 421 2378 non
436 2349 560 2388 requiro.

88 2387 195 2419 Simile
220 2388 398 2428 exemplum
431 2388 474 2420 est
501 2389 532 2420 in
555 2388 575 2420 l.
600 2391 645 2419 16.
678 2388 710 2420 C.
735 2389 769 2420 de
791 2389 906 2431 usuris,

46 2429 133 2469 quus
150 2428 217 2460 haec
234 2430 330 2460 verba
356 2428 434 2460 sunt.
465 2429 538 2461 Cum
559 2439 615 2461 non
632 2430 838 2470 frumentum,
859 2431 908 2468 led

41 2471 194 2511 pecuniam
216 2470 326 2510 foenori
348 2477 373 2500 te
400 2470 529 2511 accepiffe
551 2471 652 2513 alleges
668 2495 677 2508 ‚
701 2477 734 2502 ut
759 2477 836 2508 certa
852 2481 908 2502 mo-

47 2512 134 2542 diatio
149 2512 238 2542 tritici
257 2510 456 2552 praeflaretur3
480 2522 513 2543 ac
535 2511 591 2548 nili
613 2514 637 2543 is
658 2514 768 2544 modius
781 2514 843 2552 sua
864 2513 909 2543 die

43 2551 144 2592 fuzffet
168 2553 297 2592 oblatus,
328 2556 524 2587 mensurarum
545 2554 747 2585 additamentis
771 2553 803 2585 in
823 2554 908 2591 frau-

52 2593 112 2623 dem
128 2593 320 2634 legitimarum
336 2595 491 2632 usurarum
504 2599 663 2636 gravatum
681 2602 707 2626 te
729 2594 779 2636 effe
796 2602 908 2626 conten-

54 2633 119 2663 das:
139 2640 212 2672 potes
232 2636 367 2675 adveryus
384 2637 536 2676 improbam
555 2637 722 2676 petitionem
744 2637 911 2677 competenti

54 2673 98 2717 uti
119 2674 280 2712 defensione.
320 2675 426 2709 Titius
445 2677 581 2718 Sulpicio
608 2679 778 2718 pecuniam
807 2678 909 2708 credi-

53 2713 121 2752 d1t;
142 2715 179 2745 ab
192 2725 295 2756 eoque
317 2727 381 2749 non
400 2718 479 2749 hanc
501 2719 609 2757 reddi,
634 2719 663 2751 ἀ
680 2719 700 2751 fi
719 2728 784 2751 non
802 2719 910 2750 redda-

55 2760 123 2799 tur,
145 2756 207 2794 eJus
224 2757 323 2789 usuras
338 2781 347 2796 ‚
377 2758 538 2799 stipulatus
564 2760 627 2792 est:
654 2759 705 2792 sed
729 2769 788 2801 pro
814 2768 909 2800 pecu-

54 2803 106 2839 nia
123 2803 238 2826 certam
255 2798 348 2829 tritici
363 2801 592 2833 modiationem
610 2801 763 2841 praestari3
787 2810 843 2839 ac,
855 2799 910 2832 nisi

53 2844 83 2880 is.
97 2836 207 2867 modus
230 2838 284 2876 (in
301 2839 392 2872 editis
407 2841 493 2872 libris
512 2842 556 2874 est
573 2844 700 2874 modius:
718 2843 770 2873 sed
789 2841 909 2873 Ruffar-

54 2876 82 2907 di
107 2876 136 2907 &
162 2876 335 2909 Charondae
353 2882 534 2921 marginales
557 2882 674 2922 Notae,
699 2884 835 2919 habent,
853 2892 908 2913 mo-

53 2918 123 2947 dus:
146 2918 231 2956 quod
251 2921 346 2958 magis
364 2924 493 2962 probo)
514 2922 564 2955 sua
587 2926 639 2956 die
661 2925 787 2956 oblatus
807 2923 883 2955 esset
899 2947 909 2963 ,

51 2957 265 3004 mensurarum
281 2961 500 2994 additamenta.
523 2966 690 3004 quaeritur,
708 2976 745 2998 an
766 2973 910 2997 teneatur

52 2999 203 3031 debitor?
225 3000 286 3031 Sed
304 3010 366 3032 non
391 3010 480 3041 putat
502 3003 703 3046 Gordianus,
727 3016 799 3038 enm
824 3014 910 3037 tene·

52 3040 94 3072 ri:
125 3038 176 3071 sed
207 3040 294 3080 poss'e
332 3043 476 3076 adversus
514 3046 689 3087 improbam
717 3048 910 3087 petitionem

51 3083 249 3121 competenti
269 3083 311 3113 uti
331 3083 532 3117 defensione:
556 3088 650 3126 Atqui
674 3091 725 3129 qui
745 3090 912 3129 pecuniam

52 3123 172 3161 credit,
196 3124 220 3153 is
238 3123 266 3154 δί
284 3126 449 3163 pecuniam
467 3127 554 3159 reddi
579 3127 713 3170 stipulari
730 3129 835 3171 porest
849 3152 858 3167 ,
883 3129 913 3162 &

53 3165 135 3195 aliud
167 3172 224 3203 pro
256 3167 408 3205 pecunia,
448 3168 467 3198 l.
492 3177 519 3198 2.
553 3167 594 3199 D.
619 3171 651 3200 de
681 3173 763 3202 rebus
789 3171 911 3202 creditis.

53 3205 165 3242 ctiam,
197 3207 248 3245 qui
272 3206 373 3237 ul'urns
399 3217 437 3238 ex
464 3210 597 3249 pecunia
629 3210 816 3252 stipulatur,
845 3221 910 3244 non

51 3246 159 3318 utiffque
174 3247 238 3320 citus
260 3249 417 3287 materiae,
440 3259 533 3291 quam
556 3252 711 3292 credidit,
735 3253 787 3286 sed
814 3254 909 3287 etiarn

114 3296 165 3319 om.
210 3313 217 3321 .

1291 151 1398 189 L113.
1433 151 1483 188 ΙΙ,
1752 161 1820 199 193

945 235 1093 278 alterius,
1116 239 1223 272 usuras
1243 241 1381 283 stipulari
1409 239 1531 283 potest:
1556 246 1597 272 ut·
1618 239 1708 282 supra
1729 241 1824 273 tradiae

944 283 1020 309 tum.
1045 279 1110 312 hoc
1132 292 1211 313 vero
1229 283 1250 314 fi
1269 283 1333 315 est:
1357 293 1422 315 non
1442 282 1526 314 reete
1545 282 1690 323 improba
1705 283 1822 315 dicitur

944 321 1060 358 petitio
1084 331 1154 362 quae
1180 334 1223 355 ex·
1247 324 1429 365 hujusmodi
1453 323 1657 364 stipulatione
1681 324 1728 356 fit.
1775 323 1820 355 Et

932 358 1016 392 -sane
1031 361 1073 394 fic
1089 364 1156 396 est:
1181 365 1235 397 nili
1253 366 1272 397 fi
1290 368 1367 407 quid
1385 365 1439 397 fiat
1454 366 1484 396 in
1500 365 1645 397 fraudem
1663 365 1818 408 legitima·

944 411 1014 434 rum
1047 403 1206 438 usurarum
1236 416 1303 447 quo
1335 416 1485 448 gravetur
1511 406 1688 447 promiss'or.
1727 407 1817 448 quod

945 441 1128 478 Gordianus
1160 450 1191 479 in
1214 448 1274 479 liae
1299 449 1404 490 specie
1426 447 1491 479 fieri
1518 448 1676 480 observat.
1701 449 1731 481 in
1756 457 1817 489 qua

944 486 1105 527 creditor,
1129 498 1202 520 cum
1220 497 1362 522 mutuam
1385 489 1520 521 ‹lediffet
1549 491 1737 530 pecuniam,
1760 491 1817 522 de·

944 527 1058 559 buerat
1081 531 1224 570 pecunia:
1253 530 1377 570 usuras,
1407 531 1439 561 id
1467 530 1512 562 est
1537 531 1740 570 centenum,
1764 531 1817 563 sti-

943 570 1063 609 pulari3
1094 570 1157 603 five
1182 573 1212 603 in
1239 573 1351 604 eadem
1373 596 1382 611 ‚
1413 571 1477 604 five
1498 572 1529 603 in
1554 574 1612 604 alia
1629 595 1638 611 ,
1668 574 1813 607 materia.

943 620 1030 642 nunc
1044 620 1151 644 autem
1168 623 1233 645 non
1251 613 1438 646 centesimas
1452 636 1462 652 ,
1487 623 1562 653 quas
1585 615 1630 645 rei
1646 616 1740 656 origo
1758 624 1816 646 vo-

943 652 1050 692 lebat,
1073 652 1145 693 sed,
1170 654 1253 696 quafi
1277 664 1317 686 ex
1333 656 1441 686 tritico
1467 656 1609 694 credito,
1634 657 1715 696 (qui
1739 657 1816 688 titu-

945 694 992 726 lus
1023 694 1227 736 obligationis
1255 706 1320 728 non
1348 705 1459 735 veruS,
1492 696 1544 728 sed
1561 696 1705 736 quaesstus
1721 700 1816 739 erat)

944 736 1078 775 majores
1102 737 1205 768 uiui-as
1222 736 1387 778 stipulatus
1413 737 1477 769 est:
1513 738 1609 768 tritici
1629 739 1731 778 enim,
1754 749 1816 770 cae-

944 786 1152 818 terorumque
1172 778 1331 811 fructuum
1344 803 1353 818 ‚
1370 779 1486 818 usurae,
1511 779 1667 810 Gordiani
1689 788 1816 821 tempo·

943 828 996 855 re,
1020 828 1085 850 non
1112 829 1213 860 usque
1229 823 1268 852 ad
1284 820 1487 852 centesimam
1504 819 1735 861 consistebant3
1762 821 1815 855 sed

945 869 1013 891 eam
1030 861 1137 901 egredi
1157 870 1322 901 poterant:
1347 871 1381 893 ut
1401 862 1472 894 alibi
1490 862 1633 903 probavi.
1658 863 1743 894 reete
1761 864 1816 903 igi-

947 910 997 933 tur
1021 901 1165 941 improba
1186 903 1236 934 illa
1254 913 1303 934 res
1322 904 1456 935 dicitur:
1480 904 1553 944 quia
1571 903 1716 936 censetur
1731 904 1817 936 faeta

945 945 975 975 in
999 941 1145 974 fraudem
1164 944 1374 984 legitimarum
1391 944 1549 978 usurarum
1568 955 1638 987 quae
1654 955 1694 977 ex
1720 956 1816 988 pecu-

947 986 996 1017 nia
1013 984 1222 1016 debebantur.

988 1024 1061 1056 Fuit
1084 1026 1115 1056 &
1139 1027 1217 1057 alius
1243 1027 1336 1059 color
1360 1028 1567 1060 diffimulandi
1584 1027 1695 1061 abusus
1712 1027 1816 1061 usura-

946 1075 1014 1098 rum
1037 1065 1091 1097 sub
1110 1067 1326 1107 appellatione
1337 1078 1450 1109 poenae.
1470 1079 1572 1110 pone,
1588 1071 1732 1103 creditor
1748 1081 1815 1104 non

946 1107 1069 1139 usuram
1094 1110 1245 1148 majorem
1264 1109 1445 1150 stipulatur:
1471 1111 1522 1145 sed
1542 1121 1681 1152 poenam.
1703 1123 1742 1145 an
1760 1114 1815 1147 de,-

947 1149 1041 1180 bctur
1057 1149 1205 1190 promiffa
1221 1149 1308 1191 supra
1332 1153 1493 1184 modum?
1521 1162 1585 1184 non
1602 1155 1686 1185 enim
1709 1156 1733 1185 is
1749 1164 1818 1196 poe·

948 1200 997 1222 nae
1025 1189 1144 1229 politus
1170 1190 1234 1230 est,
1268 1191 1319 1223 sed
1343 1193 1453 1225 usurae.
1483 1195 1617 1226 multum
1640 1204 1747 1228 autem
1770 1196 1819 1228 in-

948 1231 1045 1263 terest
1068 1233 1150 1263 inter
1174 1232 1294 1265 usuram
1318 1234 1348 1265 &
1379 1244 1516 1274 poenam.
1547 1245 1618 1268 nam
1637 1236 1724 1269 usura
1748 1245 1816 1270 tan-

949 1280 1015 1304 tum
1041 1274 1290 1314 quantitatibus,
1320 1285 1415 1316 poena
1445 1277 1539 1309 etiam
1567 1279 1757 1318 corporibus
1788 1279 1819 1311 &

946 1314 1057 1354 saetis,
1082 1316 1234 1355 adjicitur.
1259 1325 1413 1357 praeterea
1438 1317 1527 1349 usura
1555 1327 1613 1357 pro
1641 1319 1694 1351 usu
1719 1320 1817 1352 debe·

947 1364 1014 1395 tur,
1039 1366 1128 1396 poena
1147 1367 1210 1388 non
1235 1358 1275 1389 ab
1298 1357 1352 1390 usu
1377 1360 1517 1398 pendet,
1550 1359 1602 1391 sed
1625 1361 1664 1391 ab
1696 1368 1818 1393 eventu

946 1399 1156 1430 conditionis.
1187 1399 1327 1439 denique
1360 1400 1441 1431 hanc
1474 1401 1597 1433 causam
1628 1401 1751 1441 habet,
1782 1411 1819 1434 ut

945 1442 1136 1472 coerceatur
1153 1440 1177 1470 is
1194 1441 1246 1480 qui
1264 1450 1328 1473 non
1347 1442 1469 1482 praestat
1486 1444 1574 1483 quod
1593 1443 1744 1483 promisit.
1769 1453 1822 1475 va-

946 1480 992 1512 let
1008 1481 1101 1523 igitur
1120 1490 1223 1520 poenae
1253 1481 1412 1520 stipulatio
1438 1491 1535 1515 etiam
1565 1484 1655 1525 supra
1683 1488 1828 1523 modum,

947 1523 1050 1563 legis:
1074 1523 1130 1554 etsi
1153 1522 1248 1554 usurae
1281 1523 1442 1563 stipulatio
1468 1524 1556 1565 supra
1584 1535 1653 1558 eam
1678 1536 1742 1557 non
1768 1536 1822 1557 va-

947 1564 1023 1596 leat.
1067 1564 1097 1595 Si
1117 1573 1223 1595 tamen
1240 1566 1384 1597 creditor
1400 1566 1430 1596 in
1455 1565 1592 1607 finguios
1609 1567 1731 1599 menses
1749 1576 1819 1607 poe-

947 1614 1019 1637 nam
1042 1604 1206 1646 stipulatus
1230 1604 1285 1645 sit3
1325 1607 1401 1646 quid
1424 1607 1554 1639 interest
1570 1631 1580 1646 ‚
1621 1617 1726 1640 utrum
1754 1618 1822 1648 poe-

948 1656 1040 1687 nam,
1063 1656 1101 1678 an
1125 1646 1244 1678 usuram
1259 1669 1268 1686 ‚
1300 1648 1402 1680 dicat:
1425 1657 1498 1680 cum
1521 1650 1604 1680 enim
1630 1649 1719 1681 usura
1740 1659 1822 1691 quo-

950 1697 1012 1729 que
1045 1689 1075 1720 in
1113 1687 1252 1729 finguios
1283 1688 1407 1721 menses
1437 1691 1667 1731 promittatur,
1701 1691 1723 1723 fi
1754 1700 1821 1724 non

950 1729 1051 1769 hanc,
1074 1728 1127 1761 sed
1154 1739 1302 1770 poenam,
1333 1731 1445 1770 dicat3
1468 1741 1535 1763 non
1560 1742 1647 1772 rem,
1677 1731 1732 1765 sed
1759 1742 1821 1764 no·

950 1780 1024 1803 men
1039 1794 1049 1808 ‚
1079 1778 1190 1802 mutat.
1215 1780 1327 1811 tace0,
1350 1774 1438 1813 quod
1461 1772 1547 1805 usura
1572 1783 1640 1814 quae
1666 1784 1707 1806 ex
1730 1784 1827 1806 mora

952 1812 1170 1853 promittitur,
1194 1812 1276 1844 hanc
1290 1814 1514 1846 conditionem
1534 1815 1631 1846 habet
1646 1839 1655 1854 ‚
1677 1814 1699 1847 fi
1720 1825 1820 1857 pecu-

951 1853 1003 1885 nia
1021 1852 1071 1884 sua
1087 1854 1140 1884 die
1163 1862 1227 1884 non
1252 1853 1407 1886 solvatur:
1431 1856 1460 1886 δι
1476 1856 1551 1887 ideo
1569 1866 1662 1897 poena
1681 1857 1821 1898 appella-

950 1901 1010 1925 tur.
1035 1894 1159 1933 optime
1175 1894 1270 1935 igitur
1291 1894 1491 1928 Modestinus
1508 1897 1527 1928 l.
1553 1907 1602 1937 44.
1631 1897 1673 1930 D.
1696 1900 1730 1929 de
1751 1901 1820 1937 ulu-

949 1937 989 1966 ris
1006 1957 1015 1973 ‚
1042 1935 1161 1966 Poenam
1177 1942 1229 1976 pro
1247 1937 1342 1973 usuris
1352 1935 1492 1977 stipulari
1506 1948 1584 1970 nemo
1598 1940 1686 1980 supra
1702 1941 1820 1971 modum

949 1976 1102 2015 usurarum
1118 1977 1230 2008 licitum
1244 1975 1341 2017 potest.
1386 1979 1448 2010 Sed
1465 1980 1539 2019 quid
1556 2003 1565 2017 ‚
1589 1979 1608 2012 fi
1625 1990 1688 2012 non
1707 1982 1737 2012 in
1761 1980 1820 2012 fin·

948 2018 1040 2058 gulos
1066 2017 1187 2050 menses
1211 2027 1337 2058 poenam
1362 2018 1525 2060 stipulatus
1549 2021 1586 2053 fit
1605 2044 1615 2060 ,
1644 2021 1696 2053 sed
1724 2020 1822 2054 semel

950 2067 1009 2098 pro
1027 2066 1099 2090 toto
1118 2060 1291 2099 tempore?
1316 2059 1455 2100 scilicet,
1480 2069 1532 2101 ut,
1557 2062 1578 2094 ss
1592 2064 1630 2094 ad
1651 2063 1735 2096 diem
1754 2073 1830 2099 non,

951 2099 1090 2132 solvatur
1115 2101 1260 2132 debitum
1278 2125 1287 2140 ‚
1321 2103 1387 2142 ejus
1413 2103 1564 2144 duplum,
1593 2105 1645 2136 vel
1670 2105 1824 2146 triplum,

949 2142 999 2172 vel
1018 2142 1225 2182 quadruplum
1239 2166 1247 2179 ‚
1264 2142 1473 2183 persolvatur.
1501 2146 1554 2186 qui
1573 2145 1616 2177 est
1636 2146 1720 2177 casus
1737 2146 1756 2177 l.
1771 2156 1821 2187 15.

947 2182 980 2213 C.
1000 2184 1033 2214 de
1057 2184 1169 2221 usuris,
1207 2183 1244 2218 ὃ)
1268 2185 1288 2215 l.
1317 2193 1364 2225 13.
1400 2185 1429 2227 §.
1452 2189 1502 2218 26.
1538 2186 1577 2218 D.
1604 2188 1636 2218 de
1659 2186 1824 2219 ustionibus

946 2226 1031 2265 empti
1047 2224 1083 2259 ὅ)
1106 2225 1227 2256 venditi.
1274 2225 1370 2257 Poffit
1397 2227 1562 2267 aliquanto
1579 2229 1696 2269 major,
1720 2238 1818 2270 quain

951 2266 982 2297 in
1006 2265 1165 2306 superiore
1183 2265 1308 2307 specie,
1337 2268 1497 2300 dubitatio
1523 2268 1604 2302 effe:
1629 2270 1701 2311 quia
1731 2271 1824 2303 usura*

951 2316 1007 2347 per
1032 2316 1212 2348 temporum
1229 2309 1394 2341 intervalla
1413 2309 1523 2350 saepius
1545 2312 1744 2343 incrementa
1768 2321 1821 2344 ac-

950 2348 1046 2389 cipit:
1070 2358 1164 2387 poena
1180 2358 1287 2381 autem
1305 2349 1400 2382 semel
1416 2352 1632 2383 committitur
1648 2363 1658 2391 ;
1682 2363 1747 2385 non
1766 2352 1822 2384 sae·

950 2390 1031 2429 pius.
1043 2389 1245 2431 distinguitur
1261 2391 1356 2433 igitur
1374 2401 1467 2432 poena
1483 2393 1523 2423 ab
1539 2391 1694 2425 usurisz&
1712 2403 1821 2434 quam-

951 2440 1044 2471 quam
1069 2430 1159 2463 usura
1183 2441 1247 2463 non
1274 2433 1367 2473 poffit
1390 2433 1594 2465 centesimam
1618 2436 1744 2476 egredi3
1777 2444 1823 2467 ta·

950 2481 1023 2504 men
1042 2473 1084 2505 nil
1108 2480 1214 2512 vetat,
1237 2482 1363 2514 poenam
1383 2474 1413 2505 in
1437 2475 1567 2515 duplum
1584 2498 1593 2514 ‚
1615 2477 1743 2516 triplum
1768 2485 1825 2509 aut

951 2514 1182 2554 quadruplum,
1206 2516 1349 2554 promitti
1374 2515 1393 2545 l.
1409 2519 1460 2555 56.
1486 2515 1527 2546 D.
1554 2519 1587 2547 de
1612 2516 1816 2551 evictionibus.

951 2556 971 2586 l.
989 2559 1038 2596 38.
1061 2554 1089 2596 §.
1117 2564 1162 2596 17.
1188 2554 1230 2586 D.
1251 2557 1285 2586 de
1307 2557 1457 2587 verborum
1486 2557 1714 2599 obligationibus.
1757 2560 1823 2593 Sed

951 2605 1012 2627 nec
1037 2596 1104 2627 haec
1129 2595 1301 2636 disputatio
1321 2597 1384 2629 alio
1409 2599 1568 2639 pertinet,
1599 2608 1693 2640 quam
1725 2609 1760 2633 ut
1784 2610 1824 2633 ea

952 2646 1047 2678 poena
1062 2646 1128 2669 non
1148 2638 1276 2677 quidem
1293 2638 1441 2671 adversus
1464 2641 1541 2682 legis
1560 2642 1657 2673 verba
1676 2642 1822 2676 videatur

952 2678 1090 2717 adjecta:
1114 2677 1166 2710 sed
1189 2679 1219 2710 in
1244 2678 1387 2712 fraudem
1412 2681 1501 2722 legis.
1525 2691 1594 2722 quae
1617 2692 1690 2715 cum
1717 2685 1824 2717 usuras

952 2720 1104 2760 prohibet
1127 2720 1208 2751 ultra
1234 2722 1364 2753 modum
1381 2745 1390 2760 ‚
1414 2722 1478 2754 hoc
1503 2725 1585 2765 agit,
1610 2734 1650 2756 ne
1678 2727 1823 2757 creditor

951 2769 1068 2801 praeter
1085 2760 1200 2792 sortem
1219 2763 1389 2802 quidquam
1408 2765 1616 2797 emolumenti
1645 2765 1700 2798 sub
1724 2767 1823 2805 quali-

951 2811 1089 2842 cumque
1107 2810 1263 2842 praetextu
1280 2802 1420 2843 auferat,
1445 2805 1499 2837 nifi
1515 2808 1603 2846 quod
1620 2808 1700 2839 intra
1722 2808 1821 2839 finem

952 2844 1031 2883 legis
1061 2842 1207 2875 subsistat.
1246 2844 1276 2876 &
1295 2845 1365 2877 sane
1381 2869 1390 2884 ,
1421 2846 1441 2879 ss
1466 2848 1536 2888 quis
1561 2849 1697 2890 majores
1716 2848 1820 2880 usuras

951 2882 1136 2924 stipuletur,
1161 2894 1253 2925 quam
1279 2886 1331 2918 lex
1358 2889 1535 2928 permittit,
1560 2890 1584 2922 is
1617 2890 1646 2921 ἃ
1673 2889 1819 2921 adversus

953 2925 1032 2966 legis
1050 2925 1236 2959 sententiam
1260 2926 1357 2966 facit,
1381 2929 1411 2960 ἃ
1434 2930 1584 2962 adversus
1608 2931 1721 2962 verba:
1745 2931 1821 2970 quia

952 2966 1030 2998 facit
1046 2975 1110 2999 non
1129 2969 1229 3000 modo
1245 2970 1391 3002 adversus
1408 2971 1438 3002 id
1456 2973 1543 3012 quod
1561 2973 1611 3003 lex
1635 2971 1743 3010 leniit3
1767 2970 1820 3004 sed

953 3009 1049 3040 etiam
1072 3008 1219 3041 adversus
1241 3009 1307 3042 hoc
1323 3012 1410 3052 quod
1430 3013 1518 3044 dixit.
1544 3012 1595 3044 sed
1618 3011 1638 3043 si
1663 3021 1728 3043 non
1752 3011 1821 3043 usu-

952 3058 1001 3080 ras
1014 3072 1023 3088 ,
1043 3049 1095 3081 sed
1111 3058 1168 3091 pro
1186 3051 1232 3082 his
1251 3053 1400 3092 duplum,
1423 3062 1477 3085 aut
1495 3054 1643 3094 triplum,
1668 3061 1721 3084 aut
1743 3062 1822 3093 qua-

954 3090 1099 3130 druplum
1112 3114 1122 3130 ,
1142 3091 1326 3133 stipuletur3
1351 3094 1497 3126 adversus
1515 3094 1610 3124 verba
1630 3094 1758 3133 quidem
1776 3095 1822 3126 ni-

953 3131 997 3164 hil
1021 3131 1118 3172 facit,
1151 3133 1203 3166 sed
1229 3143 1370 3167 mentem
1396 3138 1461 3175 eJ'us
1485 3135 1712 3166 circumvenit:
1746 3136 1822 3175 quia

953 3171 1030 3205 facit
1046 3174 1191 3207 adversus
1210 3176 1240 3206 id
1259 3177 1345 3215 quod
1364 3177 1413 3207 lex
1433 3176 1555 3211 voluit;
1580 3175 1635 3207 etii
1653 3185 1716 3208 non
1740 3177 1821 3209 facit

951 3214 1098 3247 adversus
1116 3216 1179 3248 hoc
1195 3217 1282 3254 quod
1298 3217 1388 3248 dixit.
1414 3217 1443 3247 ὅ(
1459 3217 1490 3247 id
1514 3216 1716 3249 Modestinus
1740 3219 1819 3250 indi-

951 3257 1030 3298 gitat
1052 3257 1070 3290 l.
1095 3267 1145 3297 44.
1181 3257 1222 3289 D.
1250 3259 1288 3327 dle³
1300 3258 1402 3328 l{claris
1419 3280 1428 3297 ,
1459 3267 1532 3290 cum
1557 3258 1599 3290 ais
1615 3282 1625 3299 ,
1658 3260 1820 3332 neminexm

1277 3313 1289 3328 ι
1729 3302 1783 3342 poi
1798 3301 1819 3332 'e
