2036 3495
499 93 566 128 Dr.
605 91 800 126 Picus
840 100 900 124 ET
938 89 1490 126 TRANSACTIONIBUS.

97 192 183 215 rum:
209 181 303 223 idque
322 181 521 215 ostenderem
537 181 667 213 lubens:
691 178 744 210 nisi
763 188 802 209 cx
826 177 966 218 profess’o

97 223 236 255 securem
264 224 344 255 libro
371 224 514 265 singulari
542 222 586 253 De
601 222 702 262 forma
724 221 893 250 emendandi
912 221 968 251 doli

99 267 167 296 mali
184 265 213 296 in
224 266 425 296 contrahendis
435 265 554 306 negotiis
564 261 673 302 admzffi
683 263 760 301 apud
771 260 885 291 Veteres
901 271 924 291 c.
937 272 965 293 2.

101 315 196 347 quem
213 306 377 338 consulant
395 307 508 346 quibus
520 305 595 336 tanti
607 305 668 335 erit
678 302 782 334 nostra
792 302 965 342 diligentia.

144 346 219 378 Non
235 349 326 389 igitur
341 347 441 378 servat
455 347 573 379 Praetor
588 345 677 385 pacta
695 344 773 375 dolo
785 344 868 375 malo
886 342 968 374 facta

1812 103 1885 137 435

1010 179 1130 211 Praetor
1146 177 1246 210 servet
1264 179 1407 224 pastum:
1425 181 1496 219 quia
1507 177 1552 210 cst
1563 177 1638 210 dolo
1650 178 1732 209 inalo
1745 177 1880 215 factum:

1010 229 1105 261 atque
1121 228 1155 251 ut
1175 219 1324 259 Ulpianus
1340 229 1400 258 ait,
1418 220 1539 266 dolo&
1554 219 1749 266 frauginest:
1769 221 1799 251 id
1816 220 1880 258 est,

1009 260 1375 344 izgzfiiiffif²ffxssiss3
1386 261 1880 347 ἰ-,ΐᾶῑῗῖἶιὶζὲᾶᾞὲὲἓήεῗηῗέἕάξ.

1011 353 1035 374 c.
1055 353 1079 375 1.
1095 350 1160 374 tom.
1179 352 1207 379 9.
1220 350 1286 384 pag.
1307 354 1354 380 29·
1374 344 1424 375 col.
1449 353 1473 375 1.
1491 345 1589 389 insin.
1616 343 1809 384 Dolusfraas
1822 342 1879 383 eli,

100 398 203 430 pone:
225 391 312 428 quod
329 388 374 420 est
392 388 572 428 exemplum
589 386 608 418 l.
627 395 654 422 9.
674 384 702 426 §.
722 394 749 416 2.
770 384 811 415 D.
828 387 860 415 (le
876 390 967 415 trans·
1003 382 1150 422 simulatio
1166 383 1213 429 esp.
1248 384 1423 424 posteriore
1439 384 1509 416 casu
1526 388 1632 424 inique
1649 387 1814 424 quaeritur,
1837 395 1876 417 an

99 430 276 462 actionibus:
299 430 389 460 heres
416 439 489 460 cum
513 427 674 459 coherede
697 428 870 466 transegit3
895 434 967 457 cum

100 473 261 511 ignoraret
275 469 415 502 universa
427 479 496 510 quae
514 470 544 499 in
563 478 640 499 vero
658 476 765 505 erant3
783 476 843 497 nec
861 475 966 498 tamen

100 512 299 552 simpliciter,
323 511 373 542 scd
403 521 459 552 per
481 510 635 541 fallaciam
658 508 850 545 coherediS,
874 509 967 547 pluri-

99 563 168 591 ma,
186 561 220 583 ut
236 553 376 590 videtur,
394 562 432 582 ex
445 551 620 583 hereditate
636 557 709 581 ante
721 550 897 580 amoventis
914 556 967 580 aut

100 594 243 626 celantis.
274 593 388 625 deinde
405 592 489 624 sueto
508 591 723 624 transactionis
739 590 964 622 instrumento:

100 642 252 675 apparent
263 633 399 674 surrepta
410 641 463 664 aut
478 634 590 664 celata.
608 642 645 663 an
659 632 806 663 servanda
817 630 860 662 cst
870 639 966 662 trans·

100 676 209 707 aetio?
231 675 317 706 abfit.
346 675 431 715 atqui
459 674 579 705 Praetor
602 674 664 711 ait,
696 673 788 705 Pacta
811 681 970 703 conventa

99 717 242 747 servabo.
266 715 372 755 iitita;
389 715 649 755 cumestpaCtum
667 721 882 745 conventum:
900 713 970 751 sed,

101 767 136 788 ut
154 756 309 796 Ulpianus
322 759 382 795 ait,
407 760 437 788 in
462 756 627 797 proposito
650 756 741 787 heres
756 764 819 786 non
838 763 900 785 tam
918 763 969 794 pa-

103 799 167 830 ctus
184 807 275 837 quam
297 800 450 838 deceptus
475 799 610 830 videtur.
645 797 767 828 Praetor
781 804 886 826 autem
905 805 969 827 non

100 840 200 870 servat
218 840 304 876 pacta
320 840 397 870 dolo
414 841 497 871 malo
516 839 608 870 facta.
644 838 714 869 Sic:
737 837 758 869 fi
777 837 858 868 nulla
874 837 969 867 inter-

101 881 188 912 venit
214 880 371 920 stipulatio
405 881 569 920 Aquiliana
585 903 594 917 ,
624 888 728 917 neque
752 878 967 916 acceptilatio.

101 929 168 953 tum
186 922 269 952 enirn
286 921 390 953 adhuc
412 929 500 953 extat
519 921 600 953 attio
621 920 692 960 post
720 919 971 951 transactionem.

104 966 133 995 εἰ
153 962 172 994 fi
199 963 366 1002 objiciatur
389 963 540 1003 exceptio
569 962 650 1001 patti
676 960 841 992 conventi:
866 958 973 1000 potest

103 1014 139 1035 ea
165 1004 238 1035 elidi
264 1005 471 1044 replicatione
497 1003 560 1035 doli
588 1003 670 1034 mali.
699 1001 751 1033 sed
777 1001 870 1041 quid,
893 999 914 1031 fi
937 999 972 1031 fit

105 1045 273 1077 transactio
306 1045 387 1076 faeta
411 1054 466 1084 per
493 1044 725 1084 stipulationem
755 1042 970 1082 Aquilianam,

103 1095 239 1125 eamque
257 1085 359 1117 secuta
378 1086 412 1117 [it
427 1085 657 1125 acceptilatio?
678 1086 738 1124 jam
752 1093 815 1115 non
832 1083 916 1113 idem
928 1082 972 1113 di-

105 1129 132 1157 ci
153 1126 274 1166 potest:
304 1129 374 1167 quia
400 1127 482 1158 faeta
507 1127 681 1157 novatione
700 1134 756 1166 per
773 1124 971 1162 Aquilianam

106 1169 338 1208 stipulationem
351 1193 358 1205 ‚
376 1168 405 1199 &
423 1167 526 1199 secuta
542 1176 619 1198 mox
634 1166 902 1205 acceptilatione,
917 1173 969 1194 ex-

105 1209 201 1240 tinCta
217 1209 283 1248 ipso
305 1210 374 1249 jure
397 1208 441 1239 est
465 1208 566 1245 aeti03
591 1216 651 1238 nec
667 1205 771 1246 potest
789 1206 903 1236 deinde
919 1213 971 1235 ex-

105 1250 247 1290 ceptioni
264 1259 317 1281 aut
333 1247 529 1290 replicationi
541 1247 602 1279 effe
618 1249 716 1279 locus.
742 1256 801 1278 una
818 1246 912 1286 igitur
927 1254 972 1276 re·

104 1292 161 1322 ssat
177 1291 258 1321 astio
275 1292 313 1321 de
334 1291 408 1322 dolo
427 1291 505 1321 intra
522 1287 666 1320 concess'a
683 1296 845 1327 tempora:
870 1285 923 1317 nifi
940 1296 970 1317 e-

106 1335 179 1362 tiam
200 1331 375 1371 specialiter
393 1331 431 1362 de
444 1331 521 1361 dolo
541 1331 665 1368 pactum
686 1336 883 1360 conventum
900 1326 935 1359 fit
952 1327 971 1359 l.

104 1383 132 1412 4.
151 1373 169 1403 l.
195 1382 240 1408 19.
259 1373 291 1403 C.
308 1374 341 1403 de
357 1371 595 1403 transationiuus.

145 1413 308 1453 Improbat
332 1414 427 1455 igitur
449 1412 568 1443 Praetor
601 1412 688 1452 pacta
713 1418 870 1442 conventa
895 1410 972 1442 dolo

105 1455 189 1486 malo
205 1454 296 1486 facta.
322 1464 358 1486 an
383 1455 412 1486 &
435 1452 596 1484 fraudandi
619 1453 709 1484 causa
733 1452 839 1485 fasta?
862 1451 912 1483 sed
930 1453 973 1483 ni·

106 1496 150 1526 hil
164 1495 283 1527 Praetor
299 1497 416 1536 adjicit.
439 1504 547 1526 verum
568 1493 720 1533 Ulpianus
741 1494 758 1526 i.
773 1503 799 1533 7.
818 1493 845 1535 §.
867 1503 913 1525 10.
928 1492 969 1524 D.

109 1538 142 1567 ae
161 1537 252 1577 pastis
275 1537 319 1567 ait
334 1560 344 1575 ‚
383 1537 544 1582 eleganter
569 1534 743 1566 observasse
767 1534 972 1572 Labeonem,

108 1578 174 1608 hoc
190 1578 623 1618 autiniqueautlupervacuo
640 1577 746 1614 quaeri.
763 1584 877 1616 nempe
888 1575 971 1606 fraus

110 1618 154 1650 est
171 1619 318 1650 damnum
336 1619 386 1649 vel
404 1616 568 1649 adversarii
583 1617 735 1654 consilio,
752 1617 802 1648 vel
820 1618 863 1648 rei
879 1626 972 1648 even-

108 1667 141 1691 tu
153 1659 282 1692 illatum.
301 1660 407 1701 priore
422 1658 492 1690 casu
501 1658 692 1700 supervacua
711 1657 756 1690 est
771 1657 902 1699 quaestio
913 1667 971 1697 ,an

795 1769 1009 1807 CAPUT

1011 433 1160 466 oporteat
1177 426 1439 466 lervaripaCturn:
1456 426 1526 466 quia
1544 435 1607 456 non
1624 425 1788 457 adversarii
1801 435 1880 458 con-

1010 466 1107 498 silium
1120 467 1149 498 δι
1165 468 1245 497 mala
1260 465 1338 498 fides
1356 467 1455 498 fraudi
1473 466 1592 497 causam
1611 467 1749 506 praebet:
1767 467 1817 498 sed
1835 468 1883 499 rei

1010 515 1153 539 eventus.
1178 517 1238 539 nec
1257 509 1373 548 patitur
1390 509 1488 546 ratio;
1505 516 1537 538 ut
1553 508 1704 538 creditori
1723 509 1815 539 detur
1830 518 1878 540 re-

1008 548 1126 589 gressus
1144 549 1182 580 ad
1199 549 1357 580 actionem
1383 558 1476 589 quam
1503 548 1615 580 volens
1635 548 1769 587 remisit,
1792 549 1881 581 nullo

1009 591 1245 621 circumventus
1270 591 1423 622 debitoris
1448 590 1525 621 dolo
1543 590 1636 621 malo.
1669 589 1768 620 servat
1784 591 1881 631 igitur

1011 631 1131 662 Praetor
1156 632 1280 671 pastum
1306 632 1391 662 bona
1408 631 1471 663 fide
1494 631 1631 667 factum,
1654 629 1708 661 etfi
1726 631 1813 662 alteri
1830 640 1883 671 pa-

1012 672 1195 703 ciscentium
1213 672 1248 703 fit
1264 673 1383 712 fraudi;
1399 674 1429 704 id
1448 671 1490 703 est
1502 695 1511 710 ,
1528 674 1665 702 damno:
1680 673 1753 710 quia
1771 673 1813 702 nil
1832 671 1879 703 est

1013 715 1101 753 quod
1125 713 1250 744 accuset
1277 715 1403 746 alterius
1422 712 1622 755 industriam,
1647 712 1698 743 sed
1720 711 1803 744 suam
1820 716 1878 744 im·

1012 755 1221 794 prudentiam.

1051 795 1119 825 Sic:
1143 794 1164 825 fi
1187 795 1309 834 pastum
1333 796 1371 827 ab
1395 796 1486 827 initio
1501 795 1536 828 fit
1550 795 1627 828 dolo
1651 795 1735 827 malo
1750 794 1882 826 fastum.

1012 835 1107 881 quid,
1122 834 1142 866 fi
1159 835 1228 875 post
1243 837 1359 876 aliquid
1376 836 1492 869 Factum
1507 837 1543 869 fit
1560 837 1637 868 dolo
1648 836 1756 869 malo?
1773 837 1815 867 ait
1828 835 1883 866 Ul-

1016 884 1125 916 pianus
1140 877 1168 906 d.
1187 877 1205 907 l.
1224 884 1253 915 γ.
1269 877 1296 918 §.
1319 886 1385 914 11.‚
1412 887 1530 909 nocere
1549 880 1786 919 exceptionem.
1838 886 1881 908 uo

1013 916 1106 957 jure?
1130 917 1193 955 ait,
1211 926 1341 958 propter
1357 918 1426 949 haec
1443 919 1544 951 Edisti
1565 919 1678 959 verba,
1695 919 1800 960 Neque
1810 886 1881 959 ,gat-

1016 957 1173 989 Antonius
1195 958 1357 996 Muretus,
1384 958 1421 989 V.
1441 959 1500 990 CL.
1523 959 1661 1002 λώβης.
1682 961 1801 998 Observ.
1815 960 1880 1001 jur.

1014 1009 1038 1030 c.
1058 1008 1102 1030 ιο,
1120 997 1292 1032 existimat.
1316 1000 1346 1029 in
1367 999 1412 1030 his
1428 1000 1532 1031 verbis
1548 1001 1631 1041 Sigla
1650 1002 1762 1042 quibus
1777 999 1880 1042 fingu-

1014 1041 1052 1072 1ae
1076 1048 1174 1070 voces
1196 1039 1448 1080 significabantur
1464 1064 1473 1079 ,
1497 1042 1526 1072 in
1552 1051 1643 1073 unam
1667 1052 1783 1073 vocem
1810 1051 1883 1072 coa-

1014 1080 1112 1113 luiss‘e.
1138 1082 1167 1111 ἂ
1184 1081 1356 1120 antiquitus
1374 1082 1522 1122 scriptum
1539 1081 1638 1114 fuisse.
1664 1083 1706 1115 N.
1726 1083 1770 1126 Q.
1788 1082 1822 1114 F.
1841 1082 1881 1114 C.

1013 1121 1050 1153 E.
1070 1121 1104 1153 F.
1123 1122 1154 1152 id
1170 1120 1232 1159 est,
1257 1122 1361 1162 Neque
1376 1133 1430 1163 quo
1444 1124 1530 1161 fraus
1546 1125 1594 1154 cui
1607 1124 1780 1164 eorumfiat.
1805 1123 1883 1155 For-

1015 1162 1065 1193 san
1081 1171 1145 1207 non
1163 1163 1261 1193 male:
1277 1162 1328 1194 sed
1345 1164 1427 1194 nulla
1445 1164 1634 1195 neceffitate.
1661 1173 1834 1205 utcumque
1853 1174 1884 1195 e-

1014 1207 1073 1235 rit:
1098 1211 1140 1235 ait
1164 1202 1338 1244 Ulpianus,
1361 1213 1480 1238 nocere
1499 1207 1735 1245 exceptionem.
1770 1213 1883 1244 putant

1014 1253 1118 1276 autern
1144 1243 1269 1283 Graeci,
1295 1244 1411 1283 Bafilic.
1436 1246 1484 1276 lib.
1512 1255 1563 1277 xr.
1589 1247 1634 1277 tit.
1658 1256 1694 1284 1,
1717 1248 1883 1282 exceptio-

1014 1295 1087 1318 nem
1104 1286 1143 1316 ab
1160 1295 1200 1317 eo
1218 1287 1279 1317 dici
1297 1296 1354 1326 pro
1372 1287 1590 1326 replicatione.
1613 1289 1779 1327 quomodo
1797 1286 1885 1318 sonat

1016 1327 1166 1368 exceptio
1183 1328 1212 1358 in
1230 1328 1249 1359 l.
1259 1337 1288 1363 9.
1298 1327 1328 1369 ᾗ.
1340 1338 1367 1366 4.
1378 1327 1419 1359 D.
1440 1330 1473 1359 de
1483 1328 1695 1369 jurejurando,
1712 1328 1741 1359 &
1757 1329 1887 1367 quibust

1015 1369 1085 1400 dam
1105 1368 1169 1400 aliis
1188 1369 1285 1407 locis,
1305 1370 1367 1409 jam
1387 1369 1424 1401 ad
1439 1371 1467 1400 d.
1483 1369 1511 1410 §.
1536 1378 1579 1400 11.
1601 1370 1621 1400 l.
1642 1379 1669 1410 7.
1686 1370 1845 1400 annotatis
1865 1378 1884 1399 a

1014 1409 1136 1449 jacobo
1154 1408 1304 1449 Cujacio‚
1322 1410 1360 1441 V.
1373 1410 1431 1442 CL.
1443 1412 1498 1441 etii
1536 1410 1605 1442 offit
1621 1419 1750 1451 quoque
1769 1419 1884 1449 excep-

1016 1453 1063 1482 tio
1079 1449 1153 1481 sumi
1179 1459 1237 1490 pro
1254 1451 1417 1491 pactione,
1443 1460 1476 1482 ut
1503 1420 1603 1492 {epm
1629 1452 1658 1482 ὅ(
1685 1461 1803 1483 nocere
1823 1460 1882 1490 pro

1016 1501 1080 1523 non
1104 1491 1265 1532 prodesse:
1289 1492 1366 1523 licut
1382 1493 1455 1523 alibi
1480 1492 1613 1530 usurpari
1642 1492 1707 1523 hoc
1729 1493 1884 1531 verbum,

1015 1532 1162 1564 observat
1180 1534 1263 1564 idem
1285 1533 1429 1573 Cujacius
1439 1533 1485 1564 lib.
1498 1544 1528 1573 5.
1548 1533 1666 1573 Observ.
1678 1542 1701 1562 c.
1715 1542 1762 1573 39.
1781 1533 1810 1564 ὅτ,
1826 1533 1887 1564 Pe-

1016 1583 1079 1606 trus
1096 1573 1196 1605 Faber
1211 1574 1259 1605 lib.
1278 1585 1306 1606 2.
1325 1572 1506 1615 semestrium
1523 1580 1574 1611 cap
1603 1582 1650 1610 51.
1665 1580 1736 1614 pag.
1755 1582 1823 1613 315.
1841 1574 1887 1604 ita

1014 1614 1110 1647 fuerit
1128 1615 1252 1654 sensus,
1268 1625 1332 1647 non
1348 1617 1490 1655 proderit
1508 1614 1622 1655 paetio.
1639 1615 1774 1654 primum
1789 1614 1885 1653 igitur

1013 1666 1080 1690 non
1089 1655 1190 1689 servat
1198 1656 1321 1689 Praetor
1329 1656 1419 1698 paEta
1431 1663 1590 1689 conventa
1601 1656 1678 1688 dolo
1689 1655 1774 1688 malo
1788 1654 1883 1689 facta.

1068 1769 1184 1808 XVI.

111 1869 183 1904 Non
194 1867 321 1916 servari
336 1879 355 1903 a
373 1869 508 1905 Prcetore
521 1871 612 1916 pocla
628 1867 772 1915 adversas
789 1869 887 1915 leges,
916 1876 970 1904 aut
995 1870 1027 1903 in
1040 1867 1190 1915 fraudem
1206 1869 1307 1915 legum
1314 1868 1420 1914 facia.
1455 1869 1528 1915 quid
1541 1867 1587 1912 fit
1611 1866 1757 1913 adversus
1785 1867 1884 1912 legem

152 1916 287 1963 facere,·
313 1915 353 1956 f?
375 1920 445 1963 quid
450 1918 562 1963 facere
580 1921 611 1953 in
619 1917 772 1964 fraudem
790 1919 876 1963 legis.

926 1918 1071 1952 Praetoris
1087 1918 1230 1952 Ediaum
1240 1917 1288 1963 sic
1306 1916 1362 1963 effe
1379 1926 1531 1963 acceptum
1542 1944 1551 1959 ,
1582 1915 1667 1962 quasi
1680 1914 1826 1961 adversus
1844 1915 1887 1948 le-

159 1978 216 2011 ges
230 1966 402 2012 paciscatur
417 1968 468 2012 qui
484 1967 648 2013 paciscitur
661 1965 805 2012 adversus
819 1966 971 2011 publicam
991 1967 1176 2005 utilitatem;
1202 1964 1244 2005 &³
1266 1968 1317 2012 qui
1332 1966 1495 2013 paciscitur
1512 1964 1656 2009 adveifiis
1668 1965 1833 2010 privatam
1849 1973 1886 1996 u-

160 2015 305 2049 tilitatem
318 2041 326 2055 ‚
353 2014 496 2060 adversus
518 2017 597 2061 leges
616 2027 672 2049 non
690 2013 874 2060 paciscatur.
900 2016 1023 2060 paaum
1040 2015 1074 2049 de
1092 2015 1209 2049 delitiis
1221 2016 1359 2060 privatis
1373 2042 1382 2057 ‚
1408 2026 1475 2049 cum
1490 2015 1622 2048 civiliter
1639 2014 1764 2058 agitur,
1783 2012 1887 2045 valere

158 2071 230 2097 ante
249 2062 411 2110 commistis
428 2064 563 2098 deliciis:
589 2064 721 2108 alioquin
742 2075 797 2097 uon
818 2064 929 2098 valere.
955 2064 1084 2098 crimina
1098 2063 1218 2109 publica
1238 2071 1292 2097 aut
1304 2064 1431 2108 privata
1449 2074 1612 2107 numquam
1630 2062 1758 2105 recipere
1772 2061 1887 2105 pastio-

161 2124 239 2146 nem.
267 2124 321 2146 nec
340 2111 479 2157 referre,
504 2120 606 2146 utrum
623 2124 659 2146 ea
679 2113 775 2157 padio
787 2110 849 2157 fiat
864 2111 927 2157 post
951 2110 1079 2156 admiffa
1093 2113 1241 2152 crimina,
1269 2123 1309 2144 an
1329 2119 1410 2145 ante.
1445 2113 1515 2156 quin
1535 2111 1771 2144 transactionem
1790 2109 1824 2142 de
1840 2109 1887 2141 hir

152 2159 276 2205 faciam
293 2161 391 2194 videri
406 2162 644 2206 corruptionem,
671 2162 764 2194 etiam
781 2159 1015 2207 conczfflonem,
1031 2158 1221 2206 &falsum
1249 2171 1300 2194 nec
1318 2161 1395 2194 citra
1411 2169 1530 2206 poenam
1550 2157 1616 2204 ff.
1644 2168 1693 2192 reo
1712 2164 1837 2199 tamen,
1853 2155 1886 2200 fi

164 2206 346 2253 transegerit
365 2209 399 2243 de
414 2210 538 2254 capitali
551 2210 679 2244 crimine
690 2234 703 2253 ,
727 2208 842 2255 igncffci
857 2209 1037 2255 Principum
1053 2209 1254 2243 humanitate.
1435 2220 1438 2223 ·

116 2316 287 2392 Deinde
303 2317 365 2356 ait,
389 2326 452 2349 non
474 2317 667 2350 servatur-um
684 2318 714 2349 se
729 2319 817 2358 pacta
834 2328 972 2350 conven-

209 2365 257 2396 ta,
278 2367 339 2398 quoe
363 2360 497 2396 adversus
516 2359 622 2401 Leges,
645 2359 813 2398 Plebiscita,
838 2361 974 2392 Senatus-

117 2399 263 2440 consulta‚
279 2398 385 2430 Edicta
395 2399 565 2440 Principiam
579 2410 668 2442 neque
683 2410 735 2441 quo
744 2402 836 2440 fraus
847 2425 855 2438 ,
871 2404 918 2435 cui
932 2411 973 2432 eo·

117 2451 180 2485 ram
195 2439 265 2478 fiat,
279 2439 366 2485 fastu
382 2447 475 2471 eruut.
513 2441 563 2472 Sic
581 2441 746 2472 Florentiae
763 2443 828 2473 edit
843 2442 974 2474 Taurei-

117 2481 184 2512 ]ius.
201 2481 231 2511 in
249 2481 314 2512 aliis
331 2481 415 2512 libris
430 2481 494 2520 est,
510 2482 633 2519 Edicta,
653 2482 776 2514 Decreta
793 2484 973 2524 Principum.

118 2519 225 2566 Multo
241 2521 363 2552 rectius.
383 2531 452 2554 nam
468 2523 496 2554 ὅ(
513 2525 542 2554 in
559 2523 578 2554 l.
594 2533 617 2554 1.
628 2523 654 2564 §.
668 2523 747 2558 8.D.
765 2525 797 2555 de
809 2524 974 2565 postulando

119 2561 161 2607 irc
173 2562 215 2607 ait
226 2562 342 2593 Praetor
352 2586 360 2600 ‚
372 2563 432 2605 „Qui
444 2564 529 2606 Lege,
542 2564 705 2602 Plebilcz'to,
715 2566 974 2606 senatusconsulto,

120 2600 238 2646 Εςὶῑᾶο,
259 2601 371 2633 Decreta
388 2606 564 2643 Principum.
588 2605 642 2636 Est
657 2615 761 2637 autem
781 2607 810 2637 in
830 2607 889 2638 hac
905 2606 975 2638 Edi-

121 2640 160 2671 Cti
184 2649 269 2686 parte
294 2644 409 2681 duplex
432 2645 604 2678 dubitatio:
629 2656 706 2685 una.
730 2648 804 2687 quid
821 2647 855 2679 fit
870 2647 977 2679 facere

120 2682 266 2725 ads-erluq
281 2682 400 2722 Leges,
423 2685 604 2725 Plebiscita,
623 2687 916 2726 Senatusconsulta‚
938 2688 977 2719 E-

120 2721 221 2759 όιξὶτι,
245 2720 382 2754 Decreta
404 2724 582 2766 Principum
594 2727 610 2765 ‚'
626 2736 696 2766 aut,
719 2731 749 2760 in
769 2739 877 2760 eorum
893 2730 976 2761 frau-

121 2764 210 2793 dem:
227 2762 321 2793 altera
334 2786 342 2801 ‚
358 2772 427 2803 quae
445 2765 474 2796 ἃ
489 2775 602 2805 quanta
616 2777 685 2808 pars
700 2768 779 2808 Juris
796 2770 854 2802 illis
871 2770 977 2802 verbis

118 2803 418 2849 comprebendaturu.
443 2808 529 2845 quod
545 2809 582 2838 ad
600 2810 739 2848 priorem
756 2812 887 2843 attinet:
912 2821 977 2842 non

119 2843 164 2875 est
189 2844 338 2882 dubium,
362 2853 435 2890 quin
459 2855 569 2877 contra
592 2849 695 2889 legem
710 2850 807 2882 faciat
828 2855 879 2892 qui
898 2851 978 2883 facit

119 2886 205 2925 quod
230 2885 281 2930 lex
307 2885 456 2924 prohibet
480 2888 580 2926 palam
597 2892 647 2920 vel
666 2893 771 2922 tacite.
802 2902 874 2924 narn
900 2893 977 2933 legis

119 2926 333 2966 appellatione
351 2927 437 2957 venit
459 2936 522 2958 non
542 2929 638 2959 icium
657 2932 742 2970 quod
760 2932 835 2973 legis
853 2934 976 2971 verbis,

116 2967 169 2998 sed
185 2967 280 2997 etiam
298 2968 386 3005 quod
411 2967 474 3006 ejus
502 2968 653 3000 sententia
669 2972 849 3004 continetur
865 2975 884 3004 l.
900 2975 928 3006 6.
947 2974 976 3015 §.

120 3017 147 3040 1.
167 3007 208 3038 D.
235 3010 268 3037 cle
281 3006 658 3048 verborumsignificatione.
683 3020 870 3051 quamquam
887 3015 980 3046 subti-

114 3049 186 3080 liter
202 3047 478 3089 distinguentibus:
496 3049 573 3081 facit
589 3060 700 3082 contra
717 3053 818 3092 legem
834 3056 887 3095 qui
903 3055 981 3086 facit

116 3089 202 3128 quod
226 3089 301 3129 legis
326 3089 430 3120 verbis
460 3090 664 3130 prohibetur:
689 3093 717 3123 in
735 3093 878 3126 fraudem
901 3105 979 3127 vero

104 3130 191 3160 2facit
213 3131 263 3170 qui
288 3129 374 3162 salvis
398 3131 476 3171 legis
493 3133 614 3170 verbis,
637 3134 701 3172 ejus
719 3134 903 3168 sententiam
920 3138 978 3168 cir-

108 3171 311 3244 cussoae'r'e'nilttl.
328 3181 375 3208 29.
396 3171 437 3206 D.
457 3174 489 3204 tle
504 3173 620 3216 legibus.
644 3173 728 3208 fraus
743 3176 827 3209 enim
852 3178 905 3220 (ut
923 3177 978 3211 Ul·

1016 2319 1125 2360 pianus
1143 2318 1186 2349 ait
1202 2318 1222 2348 l.
1237 2328 1286 2359 30.
1307 2317 1344 2349 D.
1361 2319 1418 2349 eod.
1438 2319 1484 2348 tit.
1510 2326 1581 2357 quae
1605 2316 1649 2348 est
1675 2325 1714 2347 ex
1732 2315 1813 2346 libro
1833 2323 1883 2346 [ν.

1016 2361 1065 2392 Ad
1082 2359 1228 2390 Edictum
1244 2369 1309 2399 quo
1325 2359 1415 2399 hujus
1427 2358 1530 2390 EdiCti
1547 2358 1642 2389 verba
1658 2357 1885 2396 interpretatus

1017 2400 1061 2433 est
1080 2400 1252 2441 Ulpianus)
1269 2401 1330 2441 legi
1348 2400 1403 2432 fit:
1421 2401 1473 2431 ubi
1492 2400 1579 2439 quod
1595 2398 1660 2429 fieri
1676 2398 1796 2435 noluit,
1814 2396 1885 2427 fieri

1017 2450 1122 2473 autem
1139 2451 1203 2473 non
1222 2444 1344 2479 vetuit,
1369 2442 1400 2472 id
1418 2439 1472 2472 fit:
1496 2442 1525 2471 ἃ
1541 2440 1628 2480 quod
1644 2438 1736 2470 distat
1755 2440 1823 2477 ῥητὸν
1838 2436 1885 2467 xm*

1017 2483 1146 2523 Quiane,
1169 2483 1201 2515 id
1222 2482 1267 2514 est
1283 2506 1292 2521 ,
1316 2483 1434 2513 dietum
1456 2491 1473 2512 a
1497 2480 1650 2512 sententia
1668 2502 1677 2518 ‚
1704 2479 1767 2510 hoc
1791 2477 1885 2510 distat

1017 2524 1102 2556 fraus
1117 2524 1156 2554 ab
1171 2533 1211 2555 eo
1227 2523 1315 2564 quod
1331 2531 1442 2554 contra
1458 2523 1561 2562 legem
1581 2521 1626 2552 fit.
1652 2519 1838 2560 Utcumque
1854 2529 1887 2550 e-

1019 2566 1077 2597 rit:
1101 2574 1165 2596 non
1188 2564 1290 2596 servat
1305 2564 1425 2595 Praetor
1443 2564 1532 2603 paCta
1557 2561 1701 2594 adversus
1727 2562 1812 2603 leges
1830 2568 1885 2592 aut

1019 2607 1050 2637 in
1070 2605 1214 2637 fraudem
1232 2607 1336 2646 legum
1352 2605 1443 2636 facta.
1469 2604 1498 2635 ὅ(
1517 2603 1562 2635 est
1579 2603 1780 2643 exemplum:
1798 2602 1818 2634 fi
1835 2611 1889 2642 pa·

1020 2646 1160 2686 ciscaris‚
1186 2655 1219 2678 ut
1237 2646 1291 2677 fiat
1312 2646 1398 2686 quod
1423 2646 1474 2676 lex
1492 2645 1641 2685 prohibet
1657 2645 1758 2685 palam
1777 2644 1828 2674 vel
1846 2651 1889 2674 ta-

1019 2689 1094 2720 cite.
1119 2688 1213 2728 quid,
1237 2687 1257 2718 fi
1276 2688 1326 2717 lex
1345 2696 1408 2718 non
1425 2686 1610 2726 prohibeat:
1635 2685 1686 2717 sed
1703 2686 1887 2726 permittat,

1020 2729 1050 2760 &
1076 2729 1202 2760 interim
1224 2727 1279 2759 fiat
1300 2728 1441 2767 pactum:
1466 2737 1505 2759 ne
1519 2728 1567 2768 jus
1582 2727 1617 2759 fit
1635 2728 1722 2767 quod
1747 2727 1798 2758 lex
1817 2735 1887 2766 per-

1019 2769 1142 2801 mittit?
1159 2778 1223 2800 non
1240 2767 1276 2799 fit
1292 2769 1416 2809 pactum
1432 2768 1575 2800 adversus
1587 2769 1700 2809 legem.
1720 2777 1784 2799 non
1802 2767 1887 2797 enim

1020 2811 1071 2841 lex
1089 2811 1138 2840 cui
1155 2809 1311 2850 permittit
1329 2810 1453 2848 facere,
1478 2810 1506 2841 ei
1526 2810 1664 2850 imponit
1679 2808 1817 2840 faciendi
1833 2815 1886 2837 ne-

1020 2850 1204 2882 cessitatern.
1220 2859 1340 2883 tantum
1356 2852 1490 2892 patitur,
1506 2852 1669 2883 volentem
1688 2850 1812 2881 facere:
1829 2856 1886 2877 no-

1021 2893 1138 2923 lentem
1156 2891 1282 2931 facere,
1298 2902 1361 2924 non
1378 2893 1477 2934 cogit.
1499 2893 1541 2924 ita
1560 2892 1615 2924 fit:
1632 2900 1667 2922 ut
1683 2891 1801 2921 Praetor
1818 2896 1885 2918 non

1020 2932 1183 2973 improbet
1200 2933 1286 2974 paCta
1301 2933 1446 2965 adversus
1462 2934 1570 2975 leges,
1582 2941 1696 2974 praeter
1713 2929 1886 2970 prohiben-

1023 2981 1088 3012 tes,
1104 2973 1193 3005 facta.
1225 2974 1337 3016 Qualia
1350 2974 1417 3006 sunt
1433 2976 1522 3016 pacta
1540 2972 1684 3006 adversus
1702 2971 1786 3010 leges
1802 2968 1886 3000 facta

1023 3016 1064 3046 de
1084 3024 1117 3046 re
1133 3015 1273 3055 publica:
1297 3024 1445 3048 caeterum
1473 3017 1558 3057 pacta
1578 3011 1721 3056 adversus
1739 3011 1826 3056 leges
1845 3011 1886 3041 de

1021 3056 1142 3128 privata
1160 3066 1193 3088 re
1216 3056 1317 3097 facta,
1338 3058 1519 3098 improbare
1535 3055 1675 3086 minime.
1704 3052 1825 3082 {cilicet
1841 3050 1887 3083 est

1045 3097 1168 3141 latoris
1191 3096 1354 3136 officium,
1378 3099 1493 3139 exequi
1512 3098 1596 3136 leges
1618 3093 1794 3124 communis
1817 3102 1888 3139 orn-

1021 3147 1105 3169 nium
1122 3138 1275 3170 libertatis
1301 3140 1469 3172 studiosas:
1494 3138 1632 3175 ideoque
1647 3133 1802 3172 sinentes,
1827 3133 1886 3164 suis

1019 3178 1249 3254 beneficqs-uti
1268 3182 1322 3222 qui
1349 3181 1467 3214 velint:
1493 3186 1556 3209 non
1583 3182 1738 3217 cogentes
1765 3179 1809 3208 uti
1832 3175 1887 3214 qui

1187 3230 1218 3252 ιι
1240 3231 1260 3254 2
1829 3224 1885 3246 no-
