2052 3487
413 75 493 112 DE
539 74 849 111 Foznona
900 81 970 108 ετ
1022 71 1284 108 UsuRIS.

86 164 215 208 Depofia
229 166 276 199 vel
290 170 405 204 contra,
428 164 449 197 l.
462 176 512 209 32.
535 165 565 208 §.
583 174 611 196 2.
635 163 655 210 l.
671 173 721 209 34.
739 160 781 193 D.
796 163 829 193 de
841 161 948 201 usuris.

85 216 180 251 utque
203 209 249 240 hae
277 214 345 240 lunt
364 208 460 239 usurae
485 216 559 249 quas
582 205 771 251 Papinianus
794 203 881 251 l..5⁴8.
906 203 948 234 D.

83 252 133 284 Aa
149 251 260 283 sctum
278 250 483 281 Trebellianum
500 250 565 287 ait,
585 247 617 278 in
635 245 724 287 officio
746 245 867 285 Jaclzc‘ts
887 244 948 285 effe.

85 293 152 335 Qui
172 291 302 332 potest?
328 295 399 330 quia
421 290 535 331 (quod
551 288 665 321 Paulus
683 286 783 319 refert
805 287 824 317 l.
846 296 886 333 J.⁴
903 286 947 317 D.

87 337 122 367 de
140 341 176 365 ne
198 335 263 365 otiis
277 332 389 375 gestis)
423 330 608 363 Tantumdem
633 330 664 360 in
686 330 761 376 boqnae
778 326 850 374 fidet
868 329 950 374 jadi-

87 377 140 407 ciis
157 343 280 417 officium
296 375 414 415 Judt'cz's
427 373 524 411 valet,
544 378 688 412 quantum
710 379 741 400 m
760 368 950 416 stipulatione

84 418 256 449 nominatim
267 417 330 457 ejas
345 414 479 455 reifafta
494 412 688 454 interrogatio.
730 410 835 442 Ulurae
855 417 950 451 igitur

109 468 157 490 uae
182 459 215 490 in
241 459 332 490 bonae
363 455 437 488 fidei
458 454 580 496 iudiciis
611 462 651 484 ex
677 457 764 486 mora
790 452 949 499 debentur

84 466 150 534 gne
166 500 382 532 conventione
397 522 406 537 ‚
430 506 494 528 non
513 504 576 527 tam
596 496 719 540 ex—jure
743 494 949 540 obligationi-s

82 541 351 585 proficiscuntur,
383 548 476 580 quam
500 547 539 569 ex
564 536 673 568 officio
702 535 820 575 Judic1s
850 535 949 581 appli-

81 593 194 616 cantur
215 583 234 614 l.
248 593 299 623 54.
323 581 366 613 D.
390 580 493 612 Locatz'
510 577 651 609 conducti.
674 578 706 608 id
732 586 809 608 vero
836 575 949 618 fignifi-

82 631 135 657 cat
151 648 161 663 ,
191 623 222 656 in
246 624 293 654 his
316 631 379 654 non
403 620 465 653 ess‘e
488 621 565 651 duas
587 619 822 659 obligationes,
853 626 946 664 unam

79 667 190 703 sortis,
213 665 343 696 alteram
363 662 540 701 usurarum;
562 662 640 693 sicut
663 660 763 707 must
788 659 947 706 ex'stipu-

79 709 144 740 latu
165 706 361 738 debeantur:
385 704 438 736 sed
460 702 522 735 effe
547 712 640 734 unam
663 702 752 733 sortis
778 701 946 747 obligatio·

78 758 177 786 nem,
207 749 291 778 circa
323 747 411 786 cujus
443 744 685 776 exsecutionem
716 752 803 789 mora
828 742 946 782 Judrcis

80 789 211 821 arbitrio
242 788 400 820 usurarum
426 785 629 828 praestatione
660 786 842 826 repcniatur
871 783 890 814 l.
916 793 947 822 a.

81 832 115 864 C.
129 828 257 871 Depositi
274 830 320 861 vel
335 836 434 860 contra
445 852 454 866 ‚
471 829 488 860 l.
505 833 533 862 8.
554 827 594 858 D.
607 828 640 857 de
655 836 684 858 eo
700 827 773 868 quod
790 832 862 856 certo
879 825 946 856 loco.

120 872 201 904 lllud
219 871 357 911 pulchrae
380 870 479 902 fuerit
502 867 730 909 inquifitionis,
754 875 858 898 utrum
881 865 949 912 usu3

77 923 119 946 1·ae
137 922 205 953 quae
223 912 331 944 officio
346 911 463 952 Judicis
482 910 682 952 praestantur,
707 917 822 940 naturae
839 908 948 954 iudicii

78 957 172 987 bonae
197 953 274 985 fidei
299 955 473 985 debeantur
498 952 541 983 ob
559 952 622 983 vim
649 959 744 989 atque
768 951 946 987 amplitudi-

78 1006 153 1028 nem
175 995 348 1033 formulae,
380 994 431 1025 Ex
459 996 531 1025 bona
552 992 613 1034 fide
631 992 648 1023 ,9
676 991 793 1024 Censet
820 989 858 1021 V.
884 989 946 1037 CL.

77 1036 258 1070 Franciscus
284 1036 457 1068 Connanus
480 1035 528 1066 lib.
546 1045 576 1076 5.
600 1034 755 1065 Commeat.
776 1031 943 1079 jan-civil.

78 1089 104 1111 c.
126 1089 155 1120 3.
178 1089 208 1110 n.
228 1089 255 1110 2.
279 1087 339 1109 nec
359 1078 541 1117 quisquam,
565 1084 716 1116 quantum
743 1073 825 1113 scio,
850 1082 947 1119 inter-

80 1121 178 1152 cedit.
222 1119 322 1150 Dabit
350 1126 454 1149 tamen
484 1118 559 1149 milii
592 1117 765 1148 Connanus
796 1124 944 1151 veniam3

79 1161 299 1200 existimanti,
331 1169 403 1191 eum
428 1158 506 1190 falli.
530 1168 593 1190 non
617 1158 700 1189 enim
725 1158 767 1188 ita
788 1155 857 1188 est:
885 1164 946 1187 nec

80 1202 185 1235 statim
209 1210 305 1242 atque
330 1200 383 1232 usu
407 1209 544 1240 receptae
569 1200 637 1230 sunt
662 1197 758 1229 ussirae
774 1203 886 1245 contra
905 1198 946 1244 le-

80 1253 155 1285 gem
179 1243 374 1281 Genuciam‚
398 1251 440 1273 ex
456 1250 542 1272 mora
563 1238 808 1286 Judicis-officio
830 1239 948 1279 adjudi-

83 1285 147 1316 cari
173 1293 302 1323 coepere
326 1284 358 1314 in
383 1283 473 1314 bonae
501 1282 574 1313 fidei
596 1282 719 1321 judicus
739 1292 747 1312 :
777 1279 842 1312 five
859 1281 948 1321 quod

81 1334 148 1357 tum
165 1326 268 1357 adhuc
286 1333 350 1355 non
370 1324 461 1357 valde
480 1323 643 1354 laudabilis
662 1321 757 1353 ul'urae
774 1322 844 1354 usus
861 1322 956 1354 vider

79 1375 186 1406 retur-3
204 1367 230 1396 ὅ(
246 1366 435 1407 generaliter
451 1364 609 1396 observari
628 1363 835 1402 conveniret,
854 1364 947 1394 bonae

79 1407 155 1440 fidei
178 1408 330 1448 judicium
355 1416 418 1437 non
445 1407 588 1446 recipere
618 1404 854 1446 praestationem
879 1414 948 1445 quae

80 1457 191 1481 contra
210 1450 313 1480 bonos
330 1458 435 1479 mores
453 1447 681 1479 desideraretur
696 1446 714 1477 l.
727 1457 757 1487 5.
775 1446 818 1478 D.
835 1448 868 1477 do
883 1451 948 1484 usu-

78 1492 136 1523 ris:
156 1489 219 1522 five
241 1493 302 1530 (ut
320 1490 417 1530 magis
436 1490 539 1530 puto)
563 1491 651 1529 quod
667 1488 835 1526 damnum,
858 1497 948 1519 mora

79 1533 187 1564 datum
214 1531 244 1563 in
269 1532 404 1572 pecunia
427 1531 552 1569 debita,
577 1529 631 1561 nisi
655 1529 686 1560 in
712 1530 948 1570 stipulationem

79 1573 247 1605 deduetum
264 1595 275 1611 ,
305 1581 411 1611 neque
443 1573 527 1604 circa
557 1572 723 1611 pecuniam
749 1570 920 1602 consistere
937 1594 946 1609 ‚

77 1623 182 1655 neque
205 1614 354 1645 damnum
372 1612 435 1644 esse
457 1613 709 1654 intelligeretur3
731 1611 840 1644 saltem
858 1613 947 1652 quod

79 1655 182 1697 Judici
206 1654 364 1686 sufficeret
387 1655 426 1686 ad
454 1653 680 1695 probationem
704 1654 769 1694 eJ'us
793 1655 882 1694 quod
904 1655 950 1686 in-

77 1696 191 1729 terest:
215 1706 280 1737 quo
299 1695 387 1727 usura
412 1705 452 1727 ex
476 1704 566 1727 mora
588 1693 743 1726 censetur.
767 1696 849 1726 adeo
876 1705 948 1728 nus-

76 1747 172 1779 quam
186 1738 270 1778 apud
287 1736 478 1768 Ciceronem
489 1760 499 1775 ,
510 1745 614 1776 neque
629 1737 711 1776 apud
728 1736 823 1768 alium
839 1737 947 1768 aucto-

75 1789 163 1818 rem,
187 1779 241 1818 qui
266 1779 366 1810 libera
389 1777 498 1808 floruit
522 1776 704 1817 republica,
734 1778 832 1809 ullum
853 1778 946 1809 vesti-

77 1821 166 1862 gium
188 1818 283 1851 usurae
301 1819 411 1850 officio
425 1818 544 1858 Judicis
560 1817 742 1859 praestandae
764 1818 829 1850 fine
850 1818 946 1860 stipu-

78 1862 210 1893 latione.
243 1870 280 1892 ea
310 1870 389 1891 vero
416 1866 562 1897 mutata,
592 1859 711 1898 primus
736 1859 846 1891 Labeo
876 1860 946 1900 (sic

78 1904 165 1934 euim
187 1903 234 1933 lib.
253 1912 279 1934 1.
301 1909 362 1942 cap.
382 1911 411 1932 v.
432 1902 494 1940 iam
523 1900 647 1940 conjeci
670 1909 711 1931 ex
736 1900 946 1942 Pomponio)

77 1944 195 1976 fiducia
218 1943 337 1983 ingenii
357 1950 453 1982 atque
475 1941 663 1973 eruditionis
687 1950 747 1982 qua
762 1941 825 1973 fuit
848 1943 946 1974 maxi-

77 1995 148 2021 ma,
172 1985 202 2016 &
224 1994 284 2024 qua
306 1984 402 2016 muita
425 1983 592 2015 innovavit
617 1982 772 2014 Veterum
796 1985 945 2023 decreta,

77 2028 110 2058 in
128 2027 220 2057 bonae
238 2026 312 2057 fidei
335 2025 459 2065 judiciis
477 2023 579 2055 usuras
595 2022 658 2054 fine
684 2023 886 2064 stipulatione
903 2026 946 2057 in·

78 2068 242 2099 troduxit:
257 2065 310 2097 sed
326 2076 390 2097 non
408 2065 490 2105 quafi
506 2065 629 2102 usuras,
641 2064 694 2095 sed
710 2065 793 2103 quafi
810 2066 840 2097 id
859 2066 947 2107 quod

75 2109 216 2140 interest.
240 2109 266 2139 is
289 2110 373 2139 enim
401 2108 519 2146 placuit
543 2107 573 2137 ei
599 2106 710 2138 color:
734 2107 871 2139 maxime
886 2131 896 2146 ‚
925 2107 947 2139 fi

76 2159 167 2182 mora
190 2158 231 2181 ex
253 2158 287 2180 re
311 2148 406 2180 effet:
430 2156 524 2188 puta,
549 2147 636 2187 quod
661 2148 789 2179 debitor
813 2150 946 2181 alienam

77 2193 245 2231 pecuniam
262 2191 293 2222 in
309 2189 378 2221 usus
394 2190 464 2221 suos
479 2188 694 2220 convertiss'et.
719 2189 838 2222 scilicet
850 2215 859 2229 ‚
873 2192 946 2232 quia

77 2233 236 2273 putabat,
264 2232 356 2263 bonae
382 2231 456 2262 fidei
479 2239 677 2271 congruere,
709 2231 780 2270 post
804 2232 946 2264 distincta

78 2274 147 2314 jure
161 2273 303 2314 gentium
318 2274 475 2310 dominia,
500 2282 540 2303 ne
557 2271 626 2311 quis
645 2272 684 2302 de
700 2273 806 2304 alieno
824 2274 945 2306 lucrum

76 2313 220 2346 sentiret.
243 2323 293 2353 at,
314 2313 336 2345 si
351 2323 438 2345 mora
451 2323 515 2344 non
533 2323 574 2344 ex
591 2323 642 2351 re,
667 2313 720 2345 sed
735 2324 775 2345 ex
794 2314 945 2355 persona,

80 2355 158 2387 esset
172 2379 182 2394 ,
204 2356 298 2386 etiam
319 2355 371 2386 hic
389 2354 492 2386 usuras
509 2354 642 2395 praestari
666 2356 787 2388 voluit:
812 2356 862 2388 sed
882 2367 946 2389 non

81 2397 113 2428 in
132 2398 279 2428 omnibus
296 2396 389 2427 bonae
405 2396 479 2427 fidei
495 2395 640 2435 judiciis,
664 2395 716 2428 sed
733 2398 764 2428 in
782 2396 945 2430 societate.

79 2439 260 2470 introduxit
276 2445 382 2469 autem
399 2447 451 2468 eas
469 2438 498 2468 ἃ
516 2437 567 2468 hic
582 2446 646 2469 non
666 2438 766 2478 palam
778 2439 861 2479 quali
879 2439 946 2471 usu-

79 2488 129 2510 ras
144 2503 154 2516 ,
178 2480 229 2511 sed
246 2479 300 2510 sub
326 2480 463 2519 imagine
487 2479 553 2519 ejus
573 2480 660 2519 quod
679 2480 826 2512 interest:
850 2489 947 2522 atque

83 2530 124 2551 ex
146 2520 237 2561 ipsius
261 2530 351 2552 mora
365 2519 439 2552 socii
455 2543 465 2559 ,
494 2520 599 2552 adbuc
619 2520 751 2552 durante
775 2521 948 2562 societate,

79 2568 116 2592 ut
133 2562 208 2593 mihi
230 2562 374 2601 videtur,
398 2562 440 2593 ob
461 2562 508 2602 jus
530 2561 736 2593 fraternitatis
753 2565 839 2603 quod
864 2564 948 2596 inter

79 2601 184 2633 socios
210 2602 281 2635 est:
310 2611 458 2635 caeterum
475 2626 485 2640 ‚
518 2602 604 2634 finita
630 2612 734 2635 morte
764 2604 918 2637 societate
934 2629 944 2645 ,

83 2640 148 2672 hoc
166 2653 229 2674 non
248 2645 396 2684 probavit
411 2654 451 2676 cx
466 2644 553 2676 facito
574 2645 715 2683 heredis,
731 2645 870 2679 ceffante
884 2646 945 2678 fra·

85 2683 232 2715 ternitate
263 2685 293 2718 in
324 2686 448 2717 actione
478 2686 643 2718 communi
672 2687 847 2720 dividundo
874 2697 945 2729 quse

86 2722 201 2768 deinde
216 2725 351 2757 obtinet.
374 2727 460 2768 quod
482 2726 503 2758 fi
526 2727 590 2766 est3
613 2737 761 2768 apparet,
785 2728 889 2761 usuras
913 2730 944 2761 in

83 2762 236 2796 societate
261 2775 301 2797 ex
326 2776 415 2799 mora
437 2768 586 2808 placuiffe
613 2776 702 2801 extra
726 2770 892 2810 ordinem,
915 2771 945 2803 &

84 2805 173 2842 quod
195 2805 225 2836 in
241 2815 277 2837 ea
294 2807 338 2839 est
356 2817 519 2849 receptum
542 2809 683 2851 singulari
708 2812 830 2843 ratione
845 2836 854 2850 ‚
879 2821 945 2844 non

82 2844 175 2877 fuiffe
197 2854 262 2877 tum
282 2848 319 2879 ad
338 2849 494 2881 astionem
517 2853 678 2883 communi
697 2853 892 2891 dividundo,
916 2863 946 2885 a·

82 2887 190 2927 liaque
206 2888 297 2919 bonae
314 2888 385 2921 fidei
399 2891 532 2930 judicia,
555 2893 790 2933 porrigendum.
834 2894 944 2926 Habes

81 2937 181 2959 unum
203 2937 422 2969 argumentum
441 2941 480 2963 ex
502 2932 681 2974 Pomponio
707 2935 726 2966 l.
743 2939 794 2968 60.
821 2935 861 2967 D.
886 2937 944 2968 Pro

76 2969 173 3010 socio,
196 2970 280 3002 idem
298 2971 418 3010 plenius
435 2974 619 3012 explicitum
642 2976 687 3006 lib.
708 2986 732 3007 1.
757 2985 816 3018 cap.
836 2987 865 3008 v.

128 3009 185 3043 Vis
202 3012 231 3042 ἃ
247 3012 402 3044 alterum?
416 3013 543 3053 accipe,
559 3024 654 3055 atque
670 3017 708 3048 ab
723 3020 838 3050 eodem
851 3019 945 3050 Pom-

81 3054 181 3092 ponio
211 3053 256 3083 lib.
283 3057 311 3083 6.
343 3055 392 3084 Aa
421 3053 460 3099 Q,
485 3054 627 3087 Mucium.
654 3059 751 3090 verba
773 3059 840 3091 haec
864 3059 943 3093 sunt.

79 3093 98 3123 l.
121 3101 186 3125 121.
214 3093 253 3125 D.
271 3095 304 3124 de
320 3097 467 3126 verborum
481 3094 700 3136 significatione.
748 3100 846 3141 Usitra
859 3107 942 3142 pecu-

80 3134 134 3166 m‘ae
147 3145 233 3176 quam
246 3137 437 3176 percipimm,
461 3139 491 3167 t'n
514 3137 614 3172 frusta
638 3149 694 3170 non
718 3140 771 3181 est:
794 3143 864 3182 quia
885 3152 942 3174 non

79 3184 115 3209 σος
133 3177 188 3218 ipso
202 3184 330 3219 corpore,
347 3180 398 3219 seii
421 3188 457 3211 cx
473 3178 531 3212 alia
553 3179 636 3221 caasa
653 3178 709 3220 est:
731 3183 761 3214 icl
781 3181 839 3224 est,
864 3193 941 3217 nova

1337 73 1427 108 L1n.
1455 69 1531 109 111.
1797 84 1868 117 205

992 161 1173 202 obligatione.
1220 160 1310 204 Quid
1332 161 1385 193 hic
1411 159 1610 202 Pomponius
1626 160 1644 194 ’ἒ
1667 159 1745 193 facit
1770 169 1864 207 unam

992 202 1115 234 causam
1133 203 1348 235 constituendi
1368 203 1489 235 usuras:
1512 211 1549 234 ea
1566 201 1655 234 causa
1676 202 1722 234 est
1745 203 1867 243 obliga-

993 245 1060 283 tio;
1084 244 1190 284 plures
1216 254 1281 277 non
1305 244 1401 277 facit:
1435 247 1508 285 quia
1532 253 1597 276 non
1621 252 1711 276 erant
1734 244 1864 285 plures:

992 285 1048 317 etii
1065 286 1174 326 postea
1191 287 1330 327 placuit,
1355 288 1431 318 duas
1448 286 1529 325 eise,
1543 286 1596 317 vel
1612 286 1843 327 obligationem
1856 308 1868 325 ,

991 328 1043 358 vel
1068 326 1209 359 officium
1233 329 1369 367 judicis:
1392 337 1428 359 ut
1448 337 1487 359 ex
1515 328 1689 368 Papiniano
1715 328 1744 359 dt
1764 328 1865 360 Paulo

991 376 1066 399 unte
1082 369 1307 401 demonstravi.
1328 369 1380 401 sed
1401 370 1497 401 altera
1514 368 1576 401 fuit
1593 369 1763 410 Pomponii
1784 377 1866 401 tem-

992 419 1088 450 pore:
1114 411 1143 441 &
1168 412 1242 442 ideo
1267 413 1295 442 d.
1322 412 1341 442 l.
1364 420 1430 443 ιρι.
1454 421 1518 443 non
1544 409 1640 442 officii
1656 410 1777 450 Judicis
1801 420 1864 442 rne-

992 451 1101 483 minit:
1125 451 1177 483 sed
1194 452 1411 494 obligationis.
1435 462 1589 493 praeterea
1607 461 1718 493 negat,
1743 452 1866 484 usuram

992 491 1054 524 esse
1079 493 1110 524 in
1135 492 1264 531 fruCtu3
1290 495 1320 526 &
1344 495 1431 527 addit
1454 494 1603 533 causam;
1633 504 1669 525 ea
1693 493 1784 526 causa
1801 494 1866 533 est,

992 537 1067 574 quia
1084 543 1149 565 non
1168 545 1207 566 ex
1225 536 1293 575 iplb
1317 545 1454 576 corpore
1478 537 1622 568 nascitur.
1650 536 1806 568 veriffime
1822 545 1863 567 eo

992 584 1057 615 quo
1075 577 1106 607 id
1124 575 1280 608 scribebat
1299 585 1464 618 tempore:
1488 577 1540 609 sed
1558 588 1621 609 non
1644 588 1734 619 aeque
1754 577 1864 618 Ulpia·

989 618 1031 648 ni.
1055 618 1080 648 is
1097 626 1186 649 certe
1201 619 1282 659 l.3‡.
1301 618 1343 650 D.
1362 621 1395 649 de
1411 620 1506 658 usuris
1522 629 1561 650 ex
1580 619 1633 651 u.”u
1649 619 1692 651 sui
1710 620 1866 660 temporis

990 657 1081 695 infit,
1111 658 1215 700 Usum
1231 661 1324 691 vicem
1346 659 1502 699 frustatim
1524 662 1675 692 obtinent:
1704 660 1740 695 ὅ)
1763 664 1864 694 merito

989 709 1046 730 non
1062 701 1160 730 debent
1175 711 1192 732 α
1202 701 1352 741 Ῐναὲἲὶῡῑις
1360 703 1513 743 separari.-
1536 702 1572 737 &⁹
1588 705 1631 734 ita
1654 705 1686 734 in
1709 704 1811 745 legatis
1827 703 1864 739 δ’

983 740 1206 782 fideicommiffis
1231 743 1267 776 ἐξ
1285 744 1316 773 in
1333 745 1427 774 tutela
1441 744 1567 784 afflone,
1592 744 1628 779 δ’
1644 747 1676 776 in
1693 748 1802 777 caeteris
1812 747 1864 787 ju-

989 783 1072 813 diciis
1089 785 1164 814 bonae
1177 783 1250 823 fidei
1260 787 1414 823 ser-vatur.

1031 823 1191 855 Caeterum
1210 827 1298 865 quod
1321 825 1451 864 Labeo,
1475 827 1505 859 &
1528 827 1600 868 post
1624 837 1695 860 eum
1722 827 1864 868 Pompo-

990 866 1060 897 nius
1077 889 1087 905 ‚
1113 866 1143 897 in
1160 865 1313 899 societate
1334 869 1508 908 praeiertim
1531 870 1714 908 inchoavit,
1739 879 1803 900 non
1820 870 1865 901 di-

990 906 1079 938 recto
1092 930 1101 945 ,
1125 907 1178 939 sed
1196 907 1251 939 sub
1268 909 1380 941 colore
1396 910 1461 950 ejus
1477 913 1565 950 quod
1582 911 1730 950 interest,
1748 911 1865 943 deinde

989 947 1153 989 Principes
1172 949 1395 990 absolverunt;
1419 960 1516 992 quum
1535 953 1867 993 palamjufferunt,ut

989 990 1186 1022 in'omnibus
1204 991 1296 1022 bonae
1314 991 1387 1023 fidei
1410 993 1538 1033 judiciis
1563 995 1648 1026 circa
1671 994 1775 1027 usuras
1799 1003 1869 1027 tan·

990 1032 1133 1064 tumdem
1159 1032 1251 1073 poffic
1282 1032 1401 1072 judicis
1432 1033 1575 1067 officium
1594 1059 1603 1075 ,
1636 1045 1790 1077 quantum
1814 1035 1865 1067 sti-

989 1073 1122 1112 pulatio.
1166 1073 1239 1105 Nec
1254 1074 1316 1113 jam
1335 1075 1526 1115 coiiJetTturis
1549 1087 1643 1115 opus.
1665 1080 1806 1110 minime.
1831 1078 1864 1109 id

990 1115 1105 1153 probat
1123 1115 1310 1155 Papinianus
1326 1117 1345 1147 l.
1364 1126 1411 1154 24.
1431 1116 1471 1148 D.
1488 1117 1604 1157 depofici
1618 1120 1664 1150 vel
1680 1128 1781 1150 contra
1799 1128 1864 1151 tam

991 1155 1178 1193 manifeste,
1202 1163 1238 1187 ut
1255 1166 1320 1188 non
1338 1158 1436 1199 magis
1455 1159 1559 1198 poflic.
1584 1170 1655 1192 nam
1676 1159 1865 1201 Constitutio-

990 1206 1055 1228 nem
1079 1197 1126 1228 his
1150 1197 1266 1238 allegat
1289 1199 1395 1231 verbis
1411 1223 1420 1237 ‚
1451 1199 1494 1230 Et
1516 1200 1554 1241 est
1577 1204 1689 1243 quidem
1711 1203 1866 1234 constitu·

991 1246 1058 1270 tum
1070 1262 1079 1277 ‚
1094 1240 1126 1269 in
1143 1240 1218 1270 bona
1228 1239 1302 1277 fidei
1312 1242 1432 1280 judiciis
1443 1264 1453 1278 ‚
1474 1244 1549 1282 quod
1563 1245 1600 1274 ad
1614 1246 1718 1282 usuras
1733 1245 1839 1275 attinet
1854 1265 1865 1283 ,

990 1287 1024 1311 ut
1042 1282 1221 1312 tantumdem
1231 1280 1316 1322 poffit
1329 1280 1455 1322 officium
1469 1284 1592 1324 arbitri,
1616 1292 1757 1325 quantum
1766 1284 1867 1326 stipu-

991 1322 1070 1355 latio.
1095 1322 1283 1363 Papinianus
1301 1322 1475 1363 fignificat,
1497 1325 1575 1356 olim
1593 1326 1695 1357 usuras
1714 1336 1780 1358 non
1799 1327 1867 1358 offi-

991 1365 1045 1394 cio
1066 1363 1208 1404 judicis,
1239 1363 1292 1396 sed
1317 1364 1545 1405 stipulatione,
1577 1368 1687 1399 deberi
1709 1367 1865 1409 potuiffe:

991 1414 1103 1436 verum
1121 1404 1413 1438 Constitutionibus
1429 1406 1492 1438 ess'e
1509 1407 1660 1441 effectum
1672 1432 1682 1448 ,
1707 1418 1741 1441 ut
1760 1410 1791 1442 iu
1810 1410 1868 1440 bo-

991 1456 1040 1478 nae
1068 1446 1141 1478 fidei
1162 1447 1287 1486 judiciis
1310 1448 1395 1479 circa
1425 1447 1528 1480 usuras
1553 1459 1639 1482 nunc
1664 1452 1866 1483 tantumdem

990 1487 1086 1528 possit
1102 1487 1221 1528 Judicis
1238 1488 1400 1527 officium,
1425 1499 1578 1530 quantum
1596 1493 1674 1524 olim
1693 1492 1864 1533 stipulatio.

990 1530 1037 1560 Ac
1055 1529 1228 1561 secundum
1246 1529 1315 1561 haec
1332 1530 1458 1570 accipio
1475 1532 1551 1563 illud
1567 1532 1652 1564 Pauli
1677 1533 1696 1564 l.
1715 1542 1744 1574 7.
1769 1534 1811 1565 D.
1830 1537 1863 1565 (le

989 1572 1109 1612 negotiis
1120 1570 1217 1612 gestis.
1252 1570 1442 1603 Tantamaem
1457 1574 1488 1603 in
1504 1575 1580 1604 bonae
1590 1574 1663 1613 fidei
1672 1575 1794 1615 judiciis
1810 1586 1865 1607 va-

992 1612 1030 1643 let
1044 1611 1170 1653 officium
1185 1611 1304 1653 Judicis
1316 1636 1326 1651 ,
1351 1619 1495 1654 quantum
1515 1616 1547 1645 in
1556 1612 1748 1656 stipulatione
1774 1618 1866 1648 :eomi-

992 1656 1086 1685 natim
1101 1655 1163 1694 ejas
1177 1656 1219 1685 rei
1228 1654 1317 1693 fabia
1340 1656 1539 1696 interrogatio.
1563 1658 1652 1697 quod
1669 1657 1865 1699 diligentiffi-

990 1704 1052 1727 mae
1076 1695 1309 1728 observationis
1334 1696 1396 1728 est:
1419 1696 1528 1736 fimul,
1552 1698 1640 1739 quod
1664 1698 1712 1731 his
1739 1699 1866 1732 Consti*

991 1737 1170 1768 tutionibus
1198 1746 1329 1777 quoque
1353 1736 1566 1778 adscribitur,
1598 1741 1686 1780 quod
1710 1741 1742 1772 in
1769 1741 1864 1773 bonae

989 1776 1064 1808 fidei
1079 1778 1206 1818 judiciis
1230 1778 1340 1810 officio
1358 1779 1478 1819 judicis
1504 1781 1723 1821 adjudicantur
1745 1782 1864 1823 usurae,

990 1828 1062 1859 quae
1079 1821 1110 1850 iu
1127 1819 1260 1858 regione
1278 1819 1535 1860 frequentantur.
1560 1822 1624 1854 hoc
1647 1825 1732 1856 enim
1756 1823 1866 1862 Ulpia-

989 1869 1048 1891 nus
1076 1859 1225 1900 perhibet
1255 1860 1273 1891 l.
1299 1870 1349 1901 37.
1381 1861 1425 1894 D.
1452 1864 1485 1894 de
1513 1863 1637 1903 usuris,
1671 1864 1720 1897 his
1745 1867 1864 1900 verbis.

989 1900 1067 1932 Puto
1084 1910 1205 1938 verum,
1221 1900 1251 1939 fi
1266 1902 1389 1933 liberavi
1409 1913 1445 1935 ex
1469 1914 1573 1946 magno
1598 1906 1788 1945 incommodo,
1815 1909 1864 1938 de·

989 1943 1050 1972 bere
1071 1943 1127 1973 clici
1149 1943 1254 1982 usuras
1278 1945 1400 1974 venire:
1431 1953 1479 1976 eas
1500 1952 1597 1977 autem
1619 1957 1680 1988 qaae
1696 1950 1727 1978 in
1749 1949 1862 1989 regione

982 1984 1234 2025 frequentantur,
1257 1990 1292 2016 at
1317 1983 1356 2024 esi
1378 1987 1410 2016 in
1428 1987 1504 2018 bonce
1514 1987 1587 2027 ficlez'
1600 1989 1723 2029 judiciis
1745 1987 1864 2021 consti·

990 2032 1105 2055 tutum.
1135 2024 1178 2055 Et
1198 2025 1229 2057 in
1249 2025 1267 2057 l,
1291 2035 1337 2058 12.
1362 2026 1389 2069 §.
1410 2036 1438 2063 9.
1463 2028 1507 2060 D.
1526 2029 1668 2061 Mamlati
1684 2031 1731 2061 vel
1746 2038 1863 2063 contra:

989 2075 1061 2098 cum
1080 2066 1122 2098 fic
1138 2066 1228 2106 infit,
1253 2067 1296 2098 Et
1319 2068 1370 2107 <ut
1386 2067 1424 2109 est
1442 2069 1672 2109 constitutum)
1695 2077 1787 2104 totam
1809 2073 1861 2104 boc

989 2117 1026 2138 cx
1043 2117 1120 2149 nequo
1143 2108 1179 2142 ἐπ’*
1203 2110 1270 2140 bono
1289 2110 1385 2151 judex
1409 2112 1610 2144 arbitrabitur.
1655 2111 1751 2145 Unde
1769 2119 1861 2155 appa-

989 2156 1055 2187 ret,
1082 2149 1282 2182 Marcianum
1306 2152 1354 2183 lib.
1371 2161 1401 2190 4.
1425 2151 1638 2194 Regularum,
1661 2164 1733 2186 cum
1753 2155 1863 2187 scribit

988 2190 1006 2222 l.
1028 2200 1075 2232 32.
1102 2191 1131 2232 §.
1148 2200 1177 2223 2.
1197 2190 1239 2223 D.
1254 2194 1287 2222 de
1301 2194 1414 2231 usuris,
1439 2194 1476 2225 In
1494 2195 1654 2234 bonaeficz'ei
1670 2196 1863 2229 contractibus

988 2241 1024 2262 ex
1046 2241 1125 2263 mora
1143 2233 1237 2269 ulicrae
1260 2235 1399 2265 debentur
1413 2257 1421 2272 ‚
1446 2234 1487 2266 fic
1510 2236 1753 2278 intelligendum
1779 2238 1862 2277 effe,

989 2272 1073 2314 quasi
1099 2274 1201 2313 velit,
1234 2274 1305 2315 post
1329 2285 1381 2308 eas
1408 2275 1663 2310 Constitutiones
1690 2279 1862 2311 obtinuiffe

989 2315 1130 2356 regulam
1148 2325 1218 2356 quae
1235 2325 1308 2347 ante
1325 2326 1389 2348 non
1408 2318 1602 2354 obtinuerit:
1625 2320 1696 2358 vel,
1721 2330 1762 2352 ex
1772 2321 1861 2353 Con-

989 2355 1207 2388 stitutionibus
1233 2357 1296 2389 esse
1315 2367 1481 2399 receptum
1499 2369 1612 2391 contra
1626 2361 1700 2400 Juris
1716 2363 1860 2403 regulas,

990 2405 1024 2429 ut
1041 2398 1072 2428 in
1088 2398 1238 2431 omnibus
1258 2400 1352 2431 bonae
1372 2399 1581 2441 fideijudiciis
1599 2403 1696 2434 ui'urae
1713 2412 1752 2434 ex
1769 2413 1860 2436 mora

990 2439 1177 2470 debeantur.

1032 2479 1079 2511 Ut
1104 2487 1139 2511 ut
1161 2481 1240 2520 erit;
1265 2481 1329 2513 hoc
1356 2482 1473 2523 liquet,
1506 2482 1561 2515 has
1583 2484 1686 2516 usuras
1712 2492 1860 2518 nontam

991 2530 1110 2552 naturae
1136 2523 1297 2555 actionum
1322 2523 1416 2555 bonae
1439 2523 1539 2564 fidei,
1570 2535 1664 2566 quarn
1688 2526 1862 2567 Principali

991 2562 1240 2603 Constitutioni,
1265 2564 1385 2596 deberi.
1414 2564 1637 2610 Quamquam,
1660 2569 1712 2600 cui
1733 2569 1861 2609 praeser-

990 2604 1047 2636 tim
1072 2604 1244 2644 expensam
1267 2604 1368 2638 feram
1397 2606 1688 2648 Constitutionem,
1713 2612 1859 2643 nondum

989 2646 1081 2686 potui
1099 2645 1170 2677 satis
1186 2647 1226 2678 ad
1248 2647 1461 2688 conjecturam
1485 2650 1631 2682 evadere.
1655 2650 1793 2692 suspicor
1814 2660 1859 2684 ta-

987 2696 1062 2719 men
1083 2710 1093 2726 ,
1125 2687 1190 2727 ejus
1213 2688 1376 2720 auftorem
1403 2690 1466 2721 effe
1489 2689 1609 2724 Divum
1635 2692 1744 2726 Pium:
1773 2695 1859 2734 apud

988 2738 1084 2768 quem
1107 2730 1209 2769 prima
1235 2731 1358 2762 mentio
1376 2731 1492 2771 usurae,
1516 2733 1624 2765 officio
1640 2733 1759 2774 Judicis
1777 2744 1859 2775 prae-

987 2769 1104 2802 standae
1123 2778 1163 2801 ex
1178 2780 1266 2802 mora
1282 2781 1354 2804 cum
1371 2773 1400 2804 in
1417 2773 1512 2805 bonae
1529 2773 1605 2807 fidei
1621 2776 1764 2816 Judiciis,
1789 2785 1856 2807 tum

987 2811 1018 2843 in
1037 2812 1149 2853 legatis
1167 2812 1196 2843 &
1211 2811 1458 2847 fideicommiffis
1477 2816 1496 2847 l.
1520 2820 1551 2848 6.
1575 2816 1602 2858 §.
1629 2817 1683 2848 ult.
1701 2817 1743 2848 D.
1760 2819 1792 2847 de
1808 2827 1856 2848 ne-

983 2854 1073 2892 gotiis
1093 2851 1205 2895 gistis,
1236 2855 1255 2886 l.
1282 2863 1327 2896 17.
1359 2856 1388 2897 §.
1412 2866 1441 2898 3.
1470 2857 1507 2892 &5'
1528 2858 1556 2899 §.
1581 2858 1635 2890 ult.
1664 2859 1707 2889 D.
1730 2860 1763 2889 cle
1785 2858 1855 2894 ufic-

986 2896 1045 2933 ris‚
1068 2894 1087 2926 l.
1105 2906 1135 2935 5.
1162 2894 1202 2926 D.
1223 2897 1256 2927 de
1280 2899 1408 2938 operibus
1427 2899 1561 2940 publicis.
1586 2900 1731 2937 accedit,
1765 2901 1854 2938 quod

986 2935 1140 2969 Veterum
1157 2936 1456 2975 jurisconsultorum
1474 2941 1526 2980 qui
1546 2941 1585 2972 de
1609 2951 1645 2971 ea
1670 2940 1755 2971 usura
1776 2949 1854 2979 prae-

985 2977 1126 3018 cipiunt,
1149 2988 1245 3011 nemo
1271 2979 1317 3012 est
1334 2982 1496 3021 antiquior
1521 2983 1576 3014 illo
1602 2981 1796 3022 principatu:
1821 2990 1855 3012 u·

987 3026 1062 3050 num
1078 3020 1098 3051 fi
1121 3021 1260 3061 excipias
1279 3021 1467 3054 Labeonem
1490 3024 1530 3054 de
1555 3032 1618 3061 quo
1637 3022 1757 3053 monui.
1782 3032 1855 3054 nam

987 3060 1130 3094 Scaevola
1147 3063 1234 3103 cujus
1245 3062 1312 3095 sunt
1328 3064 1348 3095 l.
1373 3069 1424 3105 58.
1443 3064 1471 3105 §.
1494 3073 1519 3095 1.
1540 3063 1576 3098 &⁹
1591 3063 1620 3103 ἕ.
1641 3073 1668 3101 4.
1694 3061 1735 3093 D.
1760 3065 1853 3095 dead—

985 3101 1193 3144 ministratione
1221 3110 1350 3137 tutorum
1367 3129 1377 3144 ,
1408 3105 1444 3139 δέ’
1462 3107 1481 3136 l.
1507 3110 1555 3138 28.
1589 3104 1631 3135 J).
1657 3103 1784 3144 Depofiti
1806 3106 1853 3136 vel.

983 3150 1098 3184 contra,
1130 3145 1237 3177 floruit
1260 3147 1290 3178 in
1315 3148 1425 3186 primis
1450 3145 1502 3176 sub
1527 3145 1618 3176 Divis
1636 3144 1797 3178 Fratribus
1821 3148 1852 3178 ἃ

981 3185 1150 3228 deinceps:
1175 3196 1247 3222 nam
1270 3188 1368 3221 libros
1387 3186 1591 3259 Digestorum
1616 3197 1656 3219 ex
1673 3189 1851 3259 quibusiest

1462 3236 1479 3258 c
1502 3236 1519 3267 3
1798 3254 1804 3262 .
