2036 3495
439 98 509 134 DE
555 98 753 132 Pieris
800 107 861 131 nr
908 95 1465 132 TRANsscrronissus.

61 187 247 226 reditatem3
263 185 396 218 exclusis
413 186 566 227 cognatis.
583 193 612 215 at
627 183 797 216 proconsul
817 184 931 215 invitat

60 231 154 262 etiam
171 238 327 271 cognatos
342 227 476 270 quiJure
488 227 600 266 Civili,
615 227 646 258 id
663 226 726 265 eit,
744 225 830 266 Lege
843 226 930 257 Duo-

793 330 1007 368 CAPUT

1784 105 1854 136 40AE

974 185 1078 216 decim
1089 183 1303 223 Tabularum,
1320 185 1531 226 negliguntur.
1555 182 1853 224 inotusigiturprffl

973 226 1084 258 consul
1100 227 1145 258 est
1161 227 1257 269 magis
1278 228 1430 266 naturali,
1453 236 1547 267 quam
1563 226 1649 258 civili
1666 225 1828 266 nequitate.

1067 332 1117 368 11.

60 409 100 444 In
124 410 228 445 Editio
247 410 393 445 Praetoi-is
409 410 469 442 late
489 415 591 454 patere
608 408 718 445 verba,
746 407 844 440 Parra
860 415 1027 442 conventa:
1055 419 1107 443 nec
1124 408 1259 453 referre,
1287 417 1389 443 utram
1406 408 1474 454 sint
1498 407 1634 454 expreffa
1648 436 1657 450 ‚
1683 421 1722 443 an
1740 409 1848 443 tacita.

149 460 253 494 horam
275 459 427 504 complura
446 454 486 497 ἐξ
502 454 614 501 diveist
630 458 752 501 generis
769 454 992 502 exeinplafizne
1011 457 1185 502 elegcintia5
1213 469 1266 492 nec
1282 469 1419 504 peraeque
1433 460 1519 493 clara
1537 456 1578 498 &³
1599 458 1763 492 evidentia.

59 562 181 636 Dixi
197 562 237 593 de
255 561 357 594 Edisti
374 560 498 601 origine
515 559 544 590 δε
568 559 703 590 ratione.
735 559 853 590 deinde
868 559 933 599 ejus

153 603 248 634 verba
263 603 523 634 consideraturus.
543 602 585 631 ait
602 600 742 639 Przmor,
763 601 854 632 Patra
869 611 932 631 cori-

60 645 288 684 ventaservalio.
322 644 436 680 verba,
459 641 547 682 pufta
563 648 705 672 conventa
722 652 794 673 cum
812 645 841 673 in
863 642 932 672 Edi-

61 687 133 723 ἂο,
149 694 214 716 turn
226 686 296 716 alibi
315 684 414 725 saepe,
429 685 514 715 idem
534 685 659 722 valent,
679 685 708 714 ὅ(
728 692 760 714 ut
777 685 934 714 morbusne

59 729 164 759 vitium
180 727 210 757 in
226 726 372 758 AEdilitio
389 726 504 757 Edic'to
521 726 540 755 l.
561 734 584 756 1.
604 725 632 766 §.
645 735 672 765 7.
692 724 730 755 D.
748 727 781 755 cie
797 725 931 756 AEdilitio

63 767 177 806 Edisti),
187 768 350 807 multaque
359 768 416 799 alia
426 768 508 808 apud
521 767 555 798 A.
568 765 708 798 Gellium
718 767 766 797 lili.
782 776 825 807 133.
839 766 929 798 Nou.

61 811 189 842 Atticm.
202 819 251 846 24.
269 811 300 840 in
319 808 463 840 sermone
479 809 610 840 ornandi
630 809 852 846 explicandive
866 808 930 847 ejus

61 851 149 882 causa
174 851 418 892 conjunguntur.
449 852 492 881 ita
515 850 649 890 perinde
667 849 730 888 est,
755 858 792 880 ac
809 848 829 880 fi
848 850 932 880 dicat

57 893 197 930 Praetor,
211 892 352 924 Servabo
371 891 458 932 pasta
475 900 545 932 quae
560 891 632 921 alias
650 898 809 921 conventa
827 891 932 930 appel·

58 935 180 966 lantur}
205 934 275 972 vel,
292 942 325 965 ut
337 933 454 965 Cicero
472 934 549 964 dicit
561 933 608 963 lib.
630 943 657 964 2.
673 933 721 963 Ad
732 931 929 970 Herennium,

60 985 129 1015 quae
147 974 355 1006 observantur
374 985 412 1006 ex
430 982 605 1006 conventu.
638 975 730 1014 praeit
750 982 840 1005 vetus
860 973 931 1003 Edi-

61 1017 100 1048 cti
125 1017 280 1056 interpres
306 1015 460 1058 Ulpianus
485 1016 504 1047 l.
525 1025 550 1047 1.
576 1015 604 1057 §.
627 1025 653 1047 1.
672 1025 699 1047 2.
718 1014 754 1048 ἐπ’)
770 1025 799 1055 3.
819 1014 860 1045 D.
887 1013 933 1045 De

55 1057 168 1100 pusilis.-
194 1060 345 1098 primum,
371 1057 517 1096 Pastum,
538 1057 659 1097 inquit,
681 1067 698 1087 α
713 1056 844 1096 pastione
865 1057 931 1086 clici.

59 1102 125 1130 inae
148 1100 234 1130 eiiam
255 1102 335 1140 pacis
359 1109 460 1130 nomen
482 1099 655 1139 appellatum
675 1097 734 1138 effe.
766 1098 933 1138 quomodo

58 1141 168 1172 Festus
179 1165 188 1179 ‚
204 1141 307 1171 Pacem
318 1165 326 1179 ,
350 1139 438 1180 infit,
462 1138 622 1180 apastirme
638 1141 832 1170 conditionum
846 1144 934 1178 putat

61 1182 166 1214 difflant
184 1182 305 1213 Sinnius
323 1183 425 1222 Capito
444 1191 506 1223 quae
522 1182 636 1222 utrique
652 1182 768 1220 interJe
780 1180 882 1220 populo
892 1178 934 1216 fic

61 1225 249 1262 observanda.
278 1222 421 1263 Uterque
438 1231 542 1253 autem
561 1231 623 1253 tam
642 1221 814 1261 Ulpianus,
839 1230 932 1260 quain

59 1264 190 1303 Festus,
215 1274 324 1304 pacem
345 1265 373 1295 ἃ
400 1263 526 1304 pastum
551 1273 567 1293 a
591 1263 760 1304 pactione,
785 1261 873 1292 velut
891 1271 931 1292 ex

59 1306 147 1337 causa
158 1330 166 1343 ,
184 1306 323 1336 deducit.
346 1305 483 1337 nominis
495 1305 579 1335 enim
592 1304 822 1345 etymologiam
833 1327 842 1341 ‚
858 1313 931 1334 cum

60 1348 124 1388 ejus
143 1348 187 1378 vis
205 1357 260 1387 per
276 1347 573 1387 interpretationem
591 1346 770 1385 colligitur,
795 1355 858 1375 non
877 1346 931 1376 mi-

59 1398 118 1420 nus
135 1398 174 1420 cx
190 1386 278 1420 causa
290 1412 298 1427 ‚
315 1397 407 1428 quain
420 1397 458 1418 ex
476 1389 598 1428 origine
614 1387 749 1423 desumi,
762 1386 871 1417 auftor
887 1385 933 1417 est

60 1430 211 1467 Isidorus,
236 1429 281 1460 lib.
306 1438 330 1461 1.
352 1430 510 1471 Originum
528 1439 551 1460 c.
568 1433 617 1463 28-
650 1428 748 1459 fuerit
765 1429 858 1469 igitur
876 1426 931 1459 Ul-

61 1473 143 1512 piani
170 1471 290 1507 sensus,
314 1471 398 1503 Paeti
426 1471 454 1502 ἃ
478 1470 564 1511 pacis
586 1470 803 1511 appellatione
820 1471 931 1500 venire

59 1513 259 1554 pactionem:
275 1522 345 1544 nam
363 1522 402 1543 ex
419 1523 455 1543 ea
472 1514 501 1544 ὅ(
518 1521 628 1551 pacem
647 1510 816 1543 consistere
834 1512 862 1542 ἃ
883 1520 930 1551 pa-

62 1556 155 1585 etum.
203 1553 296 1585 Hunc
315 1554 454 1591 sensum,
477 1563 516 1585 ne
533 1554 611 1585 alios
629 1562 785 1593 quaeram,
810 1553 873 1593 ipse
887 1554 931 1592 J'u-

61 1606 113 1625 var
136 1594 288 1636 Ulpianus
305 1597 335 1626 in
354 1597 382 1625 d.
403 1595 422 1625 l.
444 1604 468 1626 1.
487 1595 516 1637 ᾗ.
538 1605 565 1626 2.
591 1604 662 1625 cum
680 1604 778 1635 porro
796 1597 858 1631 ait,
876 1595 932 1625 Pa-

61 1636 113 1667 &iu
138 1637 175 1676 eft
198 1638 319 1668 duorum
339 1637 506 1677 pluriumve
520 1638 552 1666 in
575 1637 647 1667 idem
661 1637 801 1677 placitum
818 1635 854 1670 ὅ)
870 1645 932 1666 con-

57 1682 166 1719 sensus.
191 1677 235 1710 est
252 1679 336 1709 enim
358 1679 424 1708 haec
441 1678 524 1708 clara
543 1677 623 1717 pasti
640 1677 806 1715 definitio,
822 1678 873 1708 vel
892 1686 932 1707 eo

62 1720 192 1751 aqure
210 1721 239 1750 in
258 1720 275 1750 l.
289 1729 318 1759 [3.
336 1719 377 1750 D.
397 1720 429 1749 de
443 1719 714 1759 pollicitationibus:
730 1720 760 1750 in
779 1727 858 1757 qua,
876 1718 932 1749 Pa-

62 1761 156 1797 ciwn,
183 1761 305 1800 inquit,
330 1758 368 1801 est
390 1762 512 1791 duorum
535 1761 685 1800 consensus
711 1760 747 1795 ὅ)
771 1760 930 1792 conventio.

60 1812 121 1833 nec
142 1803 222 1833 male
241 1801 345 1841 adjicit
365 1800 518 1841 Ulpianus
535 1802 651 1839 verba,
674 1804 796 1833 duorum
810 1801 931 1842 velplii-

60 1845 156 1874 rium:
181 1843 305 1883 pactum
324 1842 386 1874 sive
403 1843 580 1883 pactionem
594 1843 793 1874 distinctums
810 1852 826 1874 a
841 1843 931 1883 polli-

61 1886 234 1915 citatione:
252 1893 344 1925 quam
366 1884 459 1915 solius
476 1883 644 1915 offerentis
664 1884 814 1923 promisso
832 1884 930 1915 absol·

61 1927 107 1956 vit
126 1929 151 1956 ci.
172 1926 189 1956 l.
210 1936 238 1967 3.
284 1925 337 1956 Est
361 1925 456 1967 igitur
479 1926 605 1966 pastum
625 1924 765 1965 Ulpiano
783 1926 931 1966 generale

58 1968 268 1999 vocabulum:
287 1966 504 2008 complestens
520 1976 615 1997 omne
631 1968 766 1998 duorum
783 1967 930 2007 plurium-

59 2020 101 2040 ve
118 2010 146 2039 in
163 2010 245 2039 idem
265 2009 414 2048 placitum
430 2009 458 2039 ὅ(
470 2007 654 2040 consensum
670 2010 720 2041 vel
738 2010 929 2041 contrahen-

61 2050 91 2082 di
110 2050 160 2081 vel
178 2049 306 2081 finiendi
322 2050 442 2090 negotii
460 2051 569 2090 gratia.

103 2091 177 2122 Non
205 2093 307 2123 minus
327 2092 390 2122 late
410 2100 498 2130 patet
516 2097 698 2123 conventam.
729 2100 800 2123 nam
818 2101 834 2122 a
852 2101 927 2123 con-

62 2134 215 2164 ventione
240 2133 427 2171 deducitur,
452 2140 486 2163 ut
511 2142 526 2163 a
552 2133 699 2174 pactione
723 2133 860 2173 padium.
893 2143 929 2164 ac

63 2177 119 2206 vix
138 2175 250 2205 dubito
262 2197 271 2211 ,
287 2184 323 2204 an
342 2174 404 2205 huc
419 2173 540 2205 referre
558 2185 608 2206 me
625 2182 776 2215 oporteat
796 2176 858 2206 hoc
877 2173 930 2206 Ul-

63 2216 145 2256 piani
163 2218 189 2246 (l.
209 2216 228 2246 l.
250 2224 276 2248 1.
292 2215 320 2256 §
337 2225 365 2256 3.
392 2215 596 2246 Convemz'onz's
613 2218 732 2247 verbum
745 2217 877 2257 generale
892 2215 931 2256 eft

62 2258 99 2288 ad
109 2258 203 2287 onznia
217 2259 360 2296 pertinens
370 2257 512 2297 dequibus
527 2259 633 2298 negotii
647 2259 834 2289 contrahendi
848 2265 929 2288 tran-

30 2306 32 2312 ’
55 2297 228 2337 figemlique
245 2301 328 2331 sclusa
348 2301 526 2335 consentiunt
545 2301 596 2339 qui
612 2300 728 2339 interse
743 2306 848 2341 agunt.
874 2299 929 2331 Ul—

61 2340 187 2380 pianum
205 2339 303 2379 accipi
329 2337 489 2370 suadeain:
513 2340 596 2378 quasi
613 2341 715 2378 dicat,
740 2342 931 2372 conventio-

64 2390 137 2412 nem
157 2381 248 2412 etiam
266 2381 445 2421 generalem
463 2380 541 2411 esse:
567 2380 680 2412 usitato
709 2383 859 2422 loquendi
878 2392 930 2423 ge-

63 2431 139 2453 nere
166 2424 204 2453 de
230 2431 294 2461 quo
320 2422 460 2460 pluribus
481 2422 561 2453 iufra
581 2423 685 2462 capite
706 2433 771 2454 ιιι.
803 2424 832 2454 id
852 2433 930 2454 vero

65 2461 217 2501 Ulpianus
234 2463 284 2493 tali
298 2462 498 2494 similitudine
516 2463 655 2496 illustrat.
681 2465 763 2496 Num
774 2463 853 2502 ficut
868 2475 930 2495 con·

64 2504 159 2534 venire
180 2505 318 2534 dicuntur
340 2505 390 2545 qui
412 2514 448 2536 ex
464 2504 583 2540 diversis
600 2505 667 2536 locis
682 2508 713 2536 iiz
730 2516 822 2537 unum
837 2507 930 2537 locum

70 2544 241 2584 colliguntur
257 2544 292 2578 ἐξ
308 2547 452 2576 veniunt:
474 2548 516 2577 ita
533 2547 569 2581 E?
583 2549 634 2589 qui
650 2557 686 2579 ex
701 2547 820 2586 diverfis
837 2550 930 2579 (aritini

68 2586 186 2614 motibus
202 2587 232 2615 in
252 2596 342 2616 titium
361 2588 560 2626 consentiunt,
584 2591 614 2619 icl
637 2587 694 2626 ess,
718 2590 749 2619 in
766 2600 855 2620 uirum
869 2595 929 2624 len-

70 2627 188 2654 zemram
213 2628 376 2658 decurrunt.
423 2630 474 2659 Ait
496 2639 532 2660 ex
549 2629 668 2668 diversis
683 2632 774 2661 animi
790 2632 929 2662 motibus:

70 2675 128 2704 pro
148 2667 324 2710 ert-diversis
344 2668 494 2707 sensibus,
518 2672 581 2701 sive
599 2671 770 2703 sententiis.
796 2681 931 2711 quomo-

69 2706 241 2745 dojudims
258 2717 366 2747 inatus,
390 2711 472 2748 apud
500 2711 665 2744 Arcadium
689 2713 708 2744 l.
727 2722 773 2744 21.
792 2713 810 2755 §
839 2724 867 2754 ⁶5.
888 2714 930 2744 D.

69 2749 102 2778 de
123 2745 254 2787 testibus,
276 2751 351 2779 item
366 2759 458 2781 molus
474 2758 559 2792 atque
567 2754 686 2793 sensus,
702 2757 784 2793 apud
803 2748 844 2786 As
856 2754 931 2786 Gel-

70 2791 145 2820 litiiri
164 2789 211 2818 lzb.
237 2798 279 2826 ¹4·
301 2789 387 2820 Nost.
406 2793 496 2822 Amic.
514 2803 537 2823 c.
557 2803 583 2825 2.
615 2795 659 2826 est
683 2796 778 2836 igitur
803 2795 931 2836 Ulpiani

69 2830 191 2863 senius,
216 2829 472 2862 Conventionem
490 2842 579 2873 aeque
599 2835 660 2866 late
679 2845 807 2875 patere,
827 2848 864 2868 ac
882 2847 932 2877 pa-

69 2872 225 2903 ctionem:
251 2870 424 2910 significare
448 2876 530 2905 enim
560 2876 694 2908 duorum
718 2879 837 2918 negotii
858 2888 934 2909 con·

68 2912 212 2943 trahendi
236 2913 467 2944 terminandive
485 2914 574 2945 causa
593 2917 740 2956 placitum
759 2922 787 2950 <St
805 2919 935 2950 consen—

67 2953 152 2985 sum:
170 2962 227 2992 qua
245 2952 432 2984 definitione
446 2955 566 2994 pastum
583 2958 857 2992 circumscribitur.
876 2970 936 2991 nec

68 3003 173 3026 tamen
193 2994 294 3025 defuit
314 2993 451 3033 Ulpiano
467 2998 554 3027 caula
573 2997 748 3037 disputandi
761 3023 769 3036 ,
786 3011 822 3032 an
841 3011 934 3042 gene-

67 3037 137 3068 ralis
162 3035 238 3066 esset
263 3035 448 3076 significatio
466 3040 708 3072 conventionis:
733 3051 793 3072 nec
809 3039 934 3074 interim

70 3080 110 3108 de
132 3078 277 3117 pactione
304 3077 379 3108 ess'et
398 3078 557 3111 sollicitus.
590 3090 659 3112 nam
681 3083 710 3112 in
728 3083 874 3122 pactione
892 3085 934 3114 ni-

69 3119 113 3152 hil
130 3119 336 3151 occurrebat:
360 3129 416 3151 cur
439 3128 503 3150 non
519 3123 674 3161 generalis
691 3124 853 3155 videretur
869 3126 934 3164 eJus

67 3160 224 3202 potestas:
241 3169 311 3190 cum
328 3161 357 3191 in
375 3163 596 3193 conventione
613 3164 827 3196 intercederet
841 3167 934 3207 origo

66 3201 234 3239 vocabuli,
258 3211 298 3235 ne
321 3203 518 3247 pertingeret
536 3205 574 3236 ad
598 3204 840 3244 transaftioues:
865 3216 933 3249 quae

108 3241 186 3277 Tom.
209 3241 235 3278 l.

965 1638 1057 1675 sensu
1077 1638 1229 1667 convenire
1244 1637 1429 1678 intelligitur.

976 560 1074 601 magis
1101 559 1159 591 sint
1185 560 1404 598 discessiones,
1430 570 1522 602 quam
1543 560 1791 592 conventiones.
1816 559 1849 592 δε

978 610 1082 632 tamen
1101 603 1172 640 quia
1190 604 1336 635 volentes
1355 613 1370 633 a
1386 603 1442 634 lite
1460 602 1641 639 discedere,
1667 603 1716 631 vel
1736 602 1766 632 iu
1785 602 1849 631 hoc

976 642 1157 674 consentire
1181 652 1332 682 oportet:
1356 654 1421 675 non
1449 644 1493 675 est
1518 645 1548 675 in
1568 653 1654 675 mora
1673 641 1849 683 Ulpianus,

977 693 1017 714 ne
1027 686 1204 715 conventio
1218 694 1307 725 teque
1327 686 1387 717 lare
1405 693 1509 726 pateat
1525 694 1561 716 ac
1578 683 1693 724 patrio.
1719 686 1783 714 imo
1800 685 1852 715 ad-

977 727 1023 756 dit
1039 727 1066 756 d.
1087 725 1115 766 ᾗ.
1137 736 1170 766 3,
1197 728 1279 757 adeo
1299 729 1447 766 generale
1467 726 1528 758 css'e
1547 726 1776 757 conventionis
1793 734 1850 755 110-

974 775 1066 804 men‚
1082 768 1115 797 ut
1132 769 1390 807 eleganterdicat
1408 769 1541 807 Pedius,
1556 767 1675 799 nullum
1694 766 1755 798 esse
1772 775 1849 797 con-

974 808 1127 844 tractum,
1152 809 1268 839 nullam
1286 810 1537 850 obligationem,
1559 818 1630 848 quse
1651 817 1715 840 non
1736 807 1853 839 habeat

975 850 1005 879 iri
1032 848 1061 879 se
1086 851 1360 882 conventionem:
1386 851 1449 882 sii-e
1475 862 1509 882 re
1528 875 1537 889 ,
1560 851 1624 882 five
1649 850 1753 881 verbis
1777 848 1851 881 fiat:

975 899 1046 920 nam
1067 890 1095 920 ὅ(
1118 890 1353 930 stipulationem
1372 901 1442 931 quae
1462 892 1567 925 verbis
1584 891 1637 931 fit,
1661 890 1716 923 nisi
1735 891 1852 922 habeat

975 929 1176 969 consensum,
1205 933 1320 963 nullam
1340 933 1410 964 esse.

1020 972 1157 1003 Videtur
1176 974 1268 1013 igitur
1288 973 1428 1010 Praetor,
1444 984 1515 1006 cum
1533 975 1594 1013 ait,
1618 973 1711 1006 Paua
1729 983 1852 1005 conven-

976 1015 1155 1054 taser-vabo,
1180 1015 1387 1054 promittere,
1413 1015 1605 1047 servaturum
1625 1015 1655 1046 se
1671 1025 1768 1047 omne
1784 1016 1853 1056 plu-

978 1056 1057 1087 rium
1075 1058 1105 1086 in
1125 1056 1207 1086 idem
1228 1056 1378 1095 placitum
1398 1057 1424 1088 ἃ·
1443 1057 1640 1089 consensum.
1672 1056 1787 1088 Utrum
1809 1064 1853 1087 ta-

977 1106 1049 1128 nien
1073 1096 1270 1137 expressum,
1295 1107 1332 1128 an
1360 1099 1519 1130 tacitum?
1543 1099 1605 1130 Sed
1631 1100 1733 1131 nullus
1762 1098 1854 1130 laboi-

978 1139 1045 1169 cst:
1071 1138 1211 1177 sequitur
1229 1140 1312 1170 enirn
1333 1138 1470 1178 s'raetor,
1497 1148 1531 1170 ut
1548 1140 1635 1181 supra
1655 1139 1740 1178 dixi,
1762 1149 1854 1171 natu-

976 1181 1073 1211 ralem
1093 1181 1269 1212 rationem:
1294 1189 1363 1220 quse
1380 1190 1444 1211 non
1463 1182 1567 1212 minus
1586 1182 1718 1212 taciturn
1737 1181 1854 1221 probat

976 1220 1162 1252 consensum
1174 1245 1182 1260 ,
1195 1230 1287 1261 quam
1301 1221 1492 1262 expressum.
1510 1223 1780 1262 quemadmodum
1794 1231 1854 1252 nco

976 1261 1076 1294 refert
1094 1263 1179 1302 ejus,
1207 1271 1310 1294 utrum
1335 1264 1417 1295 inter
1441 1263 1612 1303 praesentes
1637 1262 1855 1294 consentiatur

975 1304 1081 1335 verbis
1098 1306 1374 1344 quibuscumque3
1391 1315 1428 1336 an
1447 1306 1529 1336 inter
1544 1304 1690 1336 absentes
1708 1314 1763 1344 per
1774 1314 1853 1334 nun<

974 1346 1076 1383 cium,
1102 1346 1152 1376 vel
1172 1355 1227 1385 per
1245 1347 1419 1387 epistolam.
1451 1346 1557 1387 potest
1576 1347 1661 1378 enim
1679 1345 1852 1377 consensus

975 1397 1040 1427 quo
1058 1397 1121 1418 uno
1138 1387 1303 1418 sustinetur
1321 1388 1444 1428 pastum
1464 1397 1683 1426 conventum,
1701 1388 1853 1419 omnibus

975 1429 1022 1459 liis
1042 1429 1144 1460 modis
1161 1431 1292 1461 naturali
1307 1430 1376 1469 jure
1393 1430 1547 1470 expediri.
1582 1430 1647 1463 lioc
1665 1429 1777 1461 Paulus
1797 1428 1854 1460 ob-

975 1470 1075 1502 servat
1096 1471 1114 1500 l.
1134 1480 1159 1501 2.
1184 1470 1223 1501 D.
1244 1472 1276 1501 cie
1290 1471 1404 1510 pabiis,
1430 1480 1500 1510 quae
1517 1470 1562 1502 est
1582 1482 1621 1502 cx
1637 1471 1720 1503 libro
1738 1481 1767 1512 3.
1803 1471 1854 1504 Ad

975 1511 1142 1548 Edictum,
1166 1513 1271 1542 verbis
1296 1512 1512 1551 sequentibus.
1551 1512 1645 1543 Labeo
1663 1513 1722 1550 nit,
1748 1522 1850 1543 conve-

976 1556 1038 1584 nire
1063 1553 1134 1593 poffe
1151 1553 1197 1583 vel
1221 1563 1251 1583 re
1266 1577 1275 1591 ‚
1306 1554 1352 1584 vel
1363 1561 1415 1594 per
1432 1552 1576 1594 epistolam
1588 1577 1596 1591 ,
1620 1553 1666 1584 vel
1677 1561 1730 1594 per
1746 1555 1852 1584 nunci-

976 1605 1025 1626 um
1041 1596 1116 1625 inter
1132 1597 1257 1634 absentes
1273 1605 1384 1636 quaque
1404 1595 1496 1636 paffe:
1511 1597 1564 1634 secl
1579 1597 1665 1626 eriam
1681 1595 1767 1625 tacite
1783 1603 1850 1625 coiz-

1472 1637 1523 1668 Sic
1542 1636 1763 1677 distinguenda
1780 1635 1851 1667 haee

973 1678 1090 1716 verba,
1115 1679 1219 1710 deleta
1242 1678 1501 1718 interpunctione
1530 1677 1599 1718 post
1620 1686 1754 1716 vocem,
1776 1687 1853 1708 nun·

974 1723 1050 1750 ciam
1061 1743 1070 1758 ‚
1089 1719 1188 1759 posita
1200 1721 1282 1757 apud
1294 1720 1513 1752 Haloandrurn
1524 1743 1532 1758 ‚
1547 1718 1730 1751 Russardum
1741 1742 1750 1757 ‚
1769 1718 1853 1751 Cha-

974 1764 1126 1799 rondam,
1150 1762 1177 1792 <St
1197 1761 1408 1794 Taurellium.
1442 1771 1584 1802 praeeunt
1609 1760 1715 1792 Grae‘ci
1733 1759 1850 1798 Baifilz'c.

973 1803 1021 1833 lib.
1042 1812 1092 1834 xi.
1116 1803 1162 1833 tir.
1186 1810 1291 1843 1.pag.
1312 1813 1383 1843 719.
1404 1809 1470 1834 tom.
1493 1813 1517 1835 1.
1548 1803 1677 1835 Paulum
1704 1803 1741 1834 ad
1765 1803 1852 1834 hune

973 1846 1104 1875 modum
1133 1844 1382 1883 transferentes,
1407 1844 1550 1876 Fabroto
1569 1846 1756 1884 interprete.
1791 1844 1852 1875 Pa-

974 1887 1092 1922 cis'citztr
1108 1887 1173 1926 quis
1193 1885 1229 1920 ὅ*
1242 1889 1366 1926 praesens
1381 1886 1417 1920 ἑὸ)
1432 1887 1531 1926 absens
1541 1893 1593 1926 per
1607 1885 1854 1926 epistolam&per

973 1928 1130 1965 nuncium,
1148 1926 1183 1961 ὅ)
1200 1930 1295 1958 tacite.
1322 1928 1451 1960 Sensus:
1470 1928 1646 1959 conventio
1663 1927 1727 1959 five
1744 1928 1850 1968 pastio

974 1968 1010 1999 fit
1027 1969 1076 1999 vel
1096 1969 1195 2009 palam
1214 1970 1264 2000 vel
1283 1970 1388 2000 tacite.
1413 1970 1514 2009 palam
1533 1969 1568 2000 sit
1586 1979 1637 2001 re:
1655 1969 1719 2000 hoc
1736 1969 1798 2007 est,
1816 1977 1852 2001 ut

975 2008 1081 2040 Grzecr
1109 2019 1294 2048 exponunt,
1319 2020 1402 2042 inter
1429 2011 1616 2050 praesentes:
1642 2020 1715 2051 puta
1734 2011 1850 2042 verbis.

975 2051 1010 2082 fit
1030 2052 1124 2082 ctiam
1143 2053 1245 2091 palam
1265 2053 1347 2083 inter
1361 2051 1525 2091 ahsentes3
1543 2061 1576 2083 ut
1590 2062 1646 2092 per
1662 2051 1826 2092 epistolam
1839 2076 1848 2091 ,

975 2093 1026 2123 vel
1045 2102 1100 2133 pei·
1119 2095 1279 2124 nuncium.
1311 2092 1352 2124 sic
1370 2094 1482 2133 palam.
1515 2093 1550 2124 fit
1569 2093 1597 2125 ἃ
1616 2094 1732 2125 tacite:
1757 2103 1850 2134 utpo-.

975 2142 1024 2171 te,
1042 2143 1112 2166 cum
1131 2133 1298 2165 consensus
1317 2144 1357 2165 ex
1373 2134 1481 2175 aliquo
1493 2134 1579 2166 fauo
1597 2134 1753 2167 verisimili
1774 2145 1851 2175 prae-

973 2176 1154 2214 sumptione
1173 2176 1343 2215 colligitur.
1369 2177 1551 2217 exemplum
1571 2176 1668 2207 Paulo
1685 2179 1712 2208 d.
1734 2177 1754 2209 l.
1771 2187 1798 2208 2.
1817 2178 1848 2219 §.

978 2227 1002 2247 1.
1034 2218 1065 2248 Si
1082 2217 1223 2249 debitori.
1239 2227 1312 2248 meo
1331 2218 1522 2250 reddiderim
1540 2219 1736 2250 cautionem.
1769 2218 1849 2250 Pau·

974 2258 1022 2290 lus
1046 2262 1229 2289 cautionem
1252 2267 1347 2289 vocat
1370 2260 1636 2300 chirographum:
1661 2268 1695 2291 ut
1712 2261 1742 2291 in
1761 2260 1778 2290 l.
1797 2270 1848 2300 47.

974 2300 1016 2331 D.
1041 2302 1098 2330 eorl.
1116 2301 1162 2329 tic.
1181 2300 1199 2330 l.
1219 2310 1266 2338 40.
1288 2300 1327 2331 D.
1352 2302 1385 2331 de
1409 2303 1491 2332 rebus
1517 2303 1650 2338 creditis,
1675 2302 1703 2332 &
1728 2301 1848 2341 paffim.

975 2341 1092 2371 dicitur
1110 2340 1191 2371 euim
1212 2342 1340 2372 debitor
1358 2343 1509 2374 creditori
1528 2352 1661 2380 cavere,
1679 2351 1752 2374 cum
1772 2342 1802 2373 se
1818 2344 1848 2375 ei

975 2382 1096 2422 obligat
1122 2382 1208 2413 facto
1228 2384 1445 2424 chirographo
1462 2386 1489 2414 d.
1506 2384 1525 2414 l.
1545 2394 1594 2424 47.
1613 2383 1632 2415 l.
1649 2394 1679 2420 4.
1699 2383 1739 2415 D.
1772 2383 1848 2431 Qnae

973 2434 1015 2454 res
1027 2425 1163 2465 pignori,
1180 2425 1197 2455 l.
1213 2434 1258 2464 ¹7·
1276 2424 1343 2466 §.3.
1361 2425 1401 2456 D.
1420 2425 1607 2456 commodati.
1638 2424 1668 2456 Si
1686 2425 1780 2465 igitur
1797 2429 1850 2457 de-

974 2467 1069 2496 bitori
1089 2474 1163 2496 inco
1176 2467 1367 2497 reddiderim
1387 2466 1652 2507 chirographum:
1670 2467 1745 2498 nihil
1764 2469 1849 2500 inter

974 2517 1025 2538 me
1051 2506 1079 2537 ἀ
1107 2507 1286 2538 debitorem
1308 2509 1407 2547 palam
1434 2510 1587 2539 convenit
1613 2509 1652 2539 de
1669 2509 1850 2541 remissione

975 2549 1091 2580 debiti:
1115 2557 1179 2579 non
1206 2551 1291 2580 enim
1316 2550 1346 2580 in
1373 2559 1440 2580 eam
1465 2549 1695 2588 consensimus,
1721 2552 1848 2591 verbis,

973 2590 1092 2626 literis,
1109 2598 1162 2620 aut
1181 2599 1236 2630 per
1255 2592 1414 2621 nuncium.
1439 2591 1480 2622 ait
1497 2600 1600 2623 tamen
1620 2591 1753 2630 Paulus,
1772 2593 1848 2625 ideo

976 2632 1075 2661 videri
1095 2632 1176 2662 inter
1194 2641 1253 2662 nos
1273 2631 1476 2672 convenisse,
1497 2642 1537 2664 ne
1554 2641 1679 2673 petam3
1703 2634 1851 2674 profutu-

974 2682 1105 2712 ramque
1121 2674 1167 2710 ei,
1186 2673 1204 2704 si
1219 2682 1343 2712 peram,
1361 2675 1588 2706 conventionis
1605 2676 1847 2716 exceptionem.

976 2724 1040 2753 quo
1067 2715 1281 2753 argumento?
1305 2716 1477 2746 admodum
1501 2717 1677 2757 probabili,
1702 2717 1756 2749 etsi
1782 2728 1846 2749 non

976 2754 1160 2786 necessario.
1188 2756 1218 2786 id
1237 2756 1278 2787 sic
1296 2756 1491 2788 demonstro.
1522 2757 1591 2789 finis
1609 2759 1724 2790 redditi
1744 2759 1850 2790 chiro-

976 2797 1086 2836 graphi
1108 2795 1169 2834 cst,
1195 2806 1234 2827 ne
1254 2797 1289 2828 fit
1305 2798 1459 2830 debitum.
1485 2799 1575 2831 datur
1590 2801 1675 2831 enim
1694 2801 1847 2832 creditori

977 2838 1157 2883 auehit-ore
1173 2838 1436 2879 chirographum:
1453 2848 1487 2871 ut
1504 2842 1531 2872 ei
1547 2841 1672 2882 praestet
1689 2841 1784 2873 fidem
1796 2843 1849 2872 de-

979 2879 1047 2924 bit-i.
1077 2879 1202 2910 videtur
1229 2889 1325 2920 porro
1350 2882 1518 2921 creditor,
1549 2884 1688 2914 debitori
1712 2883 1848 2914 reddens

979 2920 1243 2960 chirographum,
1267 2922 1295 2953 ei
1321 2923 1485 2955 remittere
1503 2925 1666 2962 debitum3
1689 2924 1760 2962 quia
1782 2932 1851 2954 cre-

978 2961 1062 2992 ditur
1077 2971 1117 2991 eo
1135 2961 1239 3001 fusto,
1256 2965 1341 3004 cujus
1357 2974 1421 2996 non
1438 2975 1569 3006 apparet
1585 2967 1643 2997 alia
1658 2963 1764 3001 causa,
1781 2965 1848 2996 nol-

978 3002 1029 3048 le,
1053 3002 1114 3033 esse
1131 3005 1228 3035 debiti
1253 3004 1369 3042 fidem,
1394 3007 1424 3038 δι
1448 3017 1505 3048 per
1530 3005 1727 3045 consequens
1753 3006 1849 3038 ullam

979 3053 1053 3075 vrm.
1077 3054 1116 3075 eo
1132 3046 1247 3086 magi53
1263 3047 1334 3087 quia
1350 3047 1453 3080 solent
1468 3049 1668 3080 remittentes
1683 3046 1848 3086 debitum,

977 3093 1030 3116 aut
1056 3086 1243 3119 comburere
1267 3097 1321 3120 aut
1346 3090 1480 3121 reddere
1502 3087 1767 3128 chirographum,
1792 3090 1848 3122 ali-

977 3128 1104 3166 quando
1118 3127 1275 3170 integrum
1288 3154 1297 3167 ‚
1315 3131 1504 3171 plerumque
1519 3128 1638 3159 scissum
1656 3136 1709 3159 aut
1723 3133 1848 3164 cancel-

976 3168 1089 3207 latum3
1105 3171 1192 3201 nullo
1209 3171 1324 3203 deinde
1341 3173 1406 3212 ejus
1423 3171 1486 3202 usu.
1511 3179 1633 3201 morem
1653 3172 1753 3209 tangit
1770 3172 1849 3207 Pau.

976 3210 1022 3242 lus
1038 3210 1056 3242 l.
1075 3210 1168 3286 82³3.
1189 3222 1217 3252 53.
1237 3212 1278 3244 D.
1302 3215 1336 3245 de
1351 3215 1466 3254 furtim
1491 3213 1586 3246 etiam
1613 3212 1796 3285 Ausonius&
1811 3217 1849 3251 ad,

1124 3262 1140 3283 2.
1158 3263 1176 3284 e
1192 3263 1209 3284 e
1801 3268 1847 3294 Nl*
