2036 3495
255 141 319 177 An
349 139 435 176 Lrn.
465 139 489 175 I.
519 138 620 176 Τῐτ.
651 137 714 173 III.
743 137 797 174 De
816 138 960 186 legibus,
990 136 1336 184 Senatusqiteconscdtis‚
1363 133 1511 185 &longa
1526 135 1746 184 confitetudine.
1856 140 1906 184 η

98 231 239 269 sensum,
263 231 326 263 sive
345 214 566 268 voluntatem,
591 226 780 271 significans.
826 227 902 260 Huc
925 228 977 260 de·
1020 237 1079 260 nus
1106 228 1235 267 dicens,
1260 227 1290 260 &
1308 227 1378 268 plus
1396 226 1594 270 significans)
1618 226 1737 265 sensus,
1762 222 1906 259 Consue-

101 274 201 305 currit
229 273 308 306 illud
337 269 551 315 Celsi3'Qiod
572 281 629 302 non
653 272 763 302 ratione
779 269 978 302 introductum
1020 271 1157 310 tudinis,
1181 269 1318 311 ususque
1343 270 1500 312 longaevi,
1524 269 1586 301 effe
1606 278 1752 310 magnam
1768 268 1907 300 auctori-

95 312 473 356 esi‚se<ierroreprimum,
490 312 973 353 cleindeconsuetudineobtentam,
1020 318 1119 344 tatem
1139 335 1148 351 ,
1174 311 1195 343 fi
1224 313 1349 343 ratione
1373 313 1633 344 commendetur.
1659 311 1748 352 quod
1773 309 1795 342 fi
1821 310 1903 342 mala

95 367 128 388 m
143 356 354 395 aliisfiitziiibics
369 365 425 386 non
441 355 546 385 obtinet
569 355 586 385 Ζ.
601 364 650 395 39.
667 354 695 385 h.
711 359 732 385 t.
758 353 885 385 Eodem
905 363 971 394 per·

95 399 142 438 git
161 397 262 429 Varro
279 398 324 429 lib.
346 402 374 432 8.
399 396 441 429 De
457 397 527 437 ling.
546 395 648 427 Latin.
680 396 787 427 verbis
814 396 971 436 sequenti-

97 441 173 470 bus:
191 440 254 471 Oui
267 440 304 471 ad
319 435 554 478 consuetudinem
566 447 615 468 izos
632 442 734 476 vocat,
745 436 775 475 fi
789 438 828 468 ad
845 436 970 476 rafiam,

91 473 272 521 sequaffiir:
288 480 337 519 firi
361 481 399 510 ad
419 489 481 510 eam
506 480 636 518 invitet,
660 489 722 520 qziae
739 477 778 519 eft
794 481 971 518 [lepra-tiata,

98 524 187 554 nihilo
203 523 470 564 nmgisjeqaamicr.
515 520 622 561 AEque
639 520 831 560 Justinianus
849 520 970 552 Novelt.

100 574 170 605 134.
199 575 222 595 c.
251 574 275 596 1.
298 565 334 595 ad
352 562 410 602 fin.
435 562 476 593 fic
501 561 657 592 scribens:
682 561 766 593 sslale
790 563 972 601 adinventa,

97 607 366 647 consuetudinesque
388 603 485 641 malae,
509 612 599 645 neque
619 603 702 645 longo
721 611 859 645 tempore,
883 612 974 644 neque

95 657 132 679 ex
150 649 234 689 longa
251 646 453 683 consuetudine
463 644 636 684 firmantur.
682 644 736 676 Est
756 645 832 676 mihi
855 645 972 685 procli-

96 699 163 728 ve,
194 691 226 720 in
261 688 408 719 eumdem
433 686 553 718 senium
583 687 709 717 trahere
737 687 865 718 celebre
891 685 971 726 Imp.

94 729 291 762 Constantini
310 727 527 769 Rescriptum,
544 729 631 769 quod
652 728 696 759 est
712 728 743 760 in
762 728 780 758 l.
798 738 827 760 2.
849 727 882 759 C.
900 727 974 772 ,Qgcae

88 772 130 812 fit
146 773 233 812 longa
249 771 417 810 consuetudo
434 771 493 801 nac
511 769 626 801 forma.
652 770 873 805 Corzlzietuclinis
889 776 971 808 usus-

94 823 148 856 que
170 814 293 855 longavi
316 822 372 843 non
388 811 458 842 vilis
476 811 634 842 azimitas
649 809 707 852 est,
731 821 834 842 verimi
851 819 907 841 non
923 819 971 840 us-

93 864 147 898 que
161 854 432 892 (idealzti‘ualitura
448 859 585 884 momento
598 877 607 892 ,
624 860 657 883 ut
675 860 727 884 ant
744 855 886 884 rationem
902 852 970 882 virz-

93 904 140 929 cat
159 902 211 928 ant
235 896 332 937 legem.
378 894 449 932 Est,
474 894 537 925 scio
553 918 561 933 ,
587 895 770 935 pervulgata
796 893 970 931 sententia,

94 939 209 979 quaeri3
233 947 271 969 an
298 937 558 973 consuetudinis,
582 935 716 976 ususque
742 935 896 977 longaevi,
919 934 972 965 illa

93 981 141 1011 vis
159 979 262 1019 s1t3ut
279 979 374 1019 poffit
392 978 506 1009 tollere
525 979 721 1009 anteriorem
737 978 840 1018 legem
855 987 861 1008 :
878 975 972 1006 solet:-

94 1031 158 1060 que
183 1023 222 1052 ad
244 1021 309 1052 hoe
334 1020 420 1050 varie
444 1018 629 1059 responderi
660 1019 699 1050 ab
726 1017 969 1058 InterpretibuS.

95 1064 158 1094 Sed
173 1072 239 1094 non
258 1063 289 1093 id
306 1062 427 1102 agitur:
443 1069 554 1091 verum
571 1068 700 1100 cont1·a;
716 1069 754 1092 an
771 1058 970 1091 consuetudo

95 1106 188 1143 ideo,
206 1105 295 1143 quod
313 1104 457 1143 longaeva
475 1102 538 1140 est,
560 1103 635 1133 tanti
655 1102 689 1133 sit
705 1101 857 1143 ponderis
874 1107 970 1140 atque

97 1146 267 1177 efficaciae:
290 1152 325 1175 ut
349 1153 414 1175 non
440 1144 556 1174 debeat
579 1144 695 1175 cedere
717 1151 770 1174 aut
787 1142 902 1174 rationi
918 1148 971 1172 aut

95 1188 179 1228 legi,
203 1186 346 1227 quamvis
363 1184 492 1216 detecto
509 1194 628 1215 errore.
671 1183 748 1216 Non
765 1184 827 1215 alio
847 1184 968 1215 ducunt

95 1229 210 1259 verba:
227 1228 296 1259 Non
314 1237 403 1268 usque
416 1225 679 1265 adeosuivalitzcra
694 1230 852 1263 momento,
870 1230 902 1255 ut
916 1228 970 1255 attt

96 1271 236 1301 rationarii
254 1269 417 1299 vineatam
435 1267 530 1307 legem.
556 1266 609 1298 Est
625 1276 704 1298 vero
719 1267 795 1298 mihi
814 1265 969 1306 suspicio,

97 1321 162 1343 non
179 1311 231 1342 hic
250 1310 330 1340 verti
348 1309 472 1348 qualem
489 1307 614 1346 qualem
633 1307 895 1339 consuetudinem
911 1307 970 1337 alia

96 1353 167 1391 leue
192 1350 390 1386 mutandam,
415 1348 564 1380 suadente
588 1349 693 1388 aliqua
717 1349 804 1381 civili
828 1349 969 1380 ratione:

94 1387 146 1425 sed
165 1391 320 1423 sollicitari
340 1390 546 1430 religionem,
569 1392 667 1431 magis
685 1390 859 1428 vetustate,
875 1398 970 1431 quam

92 1435 216 1466 ratione
239 1434 268 1464 &
291 1433 444 1469 veritate,
468 1431 642 1463 subnixam.
686 1431 768 1464 Haec
793 1440 829 1463 ut
850 1433 970 1472 liqueat

91 1475 251 1516 sulpicio,
282 1483 380 1515 porro
411 1473 532 1504 notabo
552 1495 560 1510 ‚
594 1472 656 1504 effe
679 1473 743 1504 boc
769 1473 970 1514 Rescriptum

95 1515 312 1548 Constantini:
335 1515 388 1554 qui
411 1514 530 1555 primus
549 1515 677 1546 induCla
696 1515 873 1547 Christiana
899 1515 971 1546 reli-

93 1559 191 1599 gione
208 1581 218 1596 ,
242 1556 408 1587 Gentilem
431 1556 684 1594 superstitionem
708 1557 887 1598 repudiavit
911 1564 971 1596 pro

96 1609 216 1630 errore.
241 1598 320 1629 Rem
338 1598 457 1628 indicat
468 1597 648 1629 Lactantius
664 1598 711 1630 lib.
725 1607 752 1630 1.
770 1598 878 1630 Divin.
896 1596 969 1638 Inft.

96 1651 122 1671 c.
145 1650 170 1671 1.
197 1639 346 1670 Accedit:
370 1638 456 1678 quod
483 1648 523 1669 ex
542 1648 565 1670 c,
584 1643 614 1670 6.
630 1640 677 1670 lib.
700 1649 727 1672 2.
752 1641 877 1682 ejusdem
897 1640 971 1680 Ope-

100 1682 142 1712 ris
157 1681 363 1721 intelligitur,
387 1678 581 1711 Christianos
603 1689 662 1721 pro
681 1680 739 1713 suis
759 1682 900 1722 partibus
918 1683 970 1712 de-

97 1723 192 1761 inde,
216 1720 451 1753 commendasse
475 1721 603 1761 quidem
627 1722 761 1754 studium
789 1723 922 1754 rationis
941 1723 972 1754 ὅτ.

96 1764 258 1799 veritatis,
283 1762 370 1794 omni
394 1771 500 1793 errore
523 1763 676 1803 potioris:
698 1764 749 1795 sed
770 1762 917 1796 Gentiles
931 1773 971 1795 ae-

98 1814 155 1845 gre
173 1804 293 1841 tuliil'e,
318 1804 382 1835 hoe
399 1811 557 1845 praetextu
574 1805 689 1846 negligi
705 1805 868 1837 vetustatis
884 1815 972 1837 reve-

97 1847 254 1884 J‘entiaim
279 1846 307 1876 δε
331 1846 541 1877 mutationem
567 1846 634 1886 ejus
651 1856 708 1887 pro
725 1848 839 1888 impia,
863 1857 971 1887 coque

97 1897 158 1928 pro
176 1887 292 1918 scelere
308 1886 473 1927 reputasse.
518 1887 624 1918 Verba
640 1887 795 1920 Laetanni
818 1898 887 1928 quae
910 1890 971 1920 liuc

98 1929 239 1968 faciunt,
266 1928 407 1967 apposui.
452 1927 595 1966 Heliint
619 1930 771 1970 religiones
792 1940 865 1971 quas
879 1928 938 1968 filii
954 1941 972 1961 a

96 1971 253 2012 majoribus
267 1971 333 2009 suis
357 1970 481 2000 traditas
496 1971 718 2011 pertinaciffime
735 1974 811 2002 zuei-z·
823 1981 858 2003 ac
877 1973 974 2011 defen-

99 2013 163 2042 dere
174 2012 375 2051 perseverant:
390 2020 441 2041 nec
456 2011 653 2050 considerant,
670 2013 766 2053 quales
775 2012 838 2051 fiat
849 2014 920 2053 ,sed
935 2023 973 2045 ex

98 2052 149 2083 boc
161 2054 295 2093 proh-atus
312 2058 400 2091 atque
415 2061 500 2083 veras
520 2052 571 2092 effe
585 2053 736 2093 conficiunt
748 2078 756 2092 ,
774 2058 849 2096 quod
864 2064 910 2086 eas
925 2063 972 2086 ve-

95 2099 167 2125 teres
193 2095 394 2125 tradia'crunt:
417 2100 555 2134 tantaque
571 2093 610 2135 eft
625 2094 782 2128 aziam-nas
799 2095 970 2136 vetustatis,

97 2141 131 2169 ut
146 2136 290 2176 inquirere
308 2137 339 2165 in
357 2144 437 2173 eam,
453 2136 549 2176 scelus
564 2134 615 2176 effe
627 2138 760 2169 ducatur.
803 2137 972 2170 Lactantio

97 2177 209 2209 addam
222 2177 446 2218 Symmachum
464 2177 513 2208 lily.
530 2184 575 2209 10.
593 2176 686 2218 Epist.
702 2189 753 2218 54.
776 2179 900 2219 ausum,
916 2190 972 2212 eo-

98 2220 173 2250 dem
195 2218 319 2258 prorsus
342 2226 531 2259 argumento
554 2228 612 2259 pro
629 2230 678 2251 ara
704 2221 855 2253 Victoriae
878 2231 972 2262 quam

95 2260 198 2290 everti
222 2260 377 2291 volebant
401 2259 567 2291 Christiani
586 2284 596 2299 ,
619 2262 659 2293 ad
682 2262 808 2304 Imppp.
837 2262 967 2296 Valent.

95 2300 263 2332 Tlieodos.
291 2301 321 2332 δι’
348 2300 462 2333 Arcad.
487 2300 671 2341 sequentem
696 2304 805 2336 facere
829 2304 969 2336 Relatio-

93 2352 178 2374 nem.
222 2339 329 2382 Nfler
353 2342 491 2383 laborpro
507 2343 657 2375 tinnientia
672 2344 768 2382 velim
788 2347 868 2376 (lucit
884 2356 970 2378 excit-

94 2385 165 2415 hias.
188 2386 236 2415 cui
250 2385 325 2414 cuim
338 2386 432 2424 arrigis
447 2387 623 2425 commodat,
639 2388 714 2427 quod
730 2385 866 2427 instituta
881 2389 969 2428 majo-

93 2435 178 2463 ritat,
201 2427 277 2466 qaod
299 2427 396 2464 patria
414 2426 488 2467 jara
512 2425 633 2466 &fata
657 2429 857 2468 defendimus,
881 2439 969 2471 quam

93 2473 248 2507 temporum
262 2466 386 2507 glorite?
401 2477 462 2508 qtae
477 2473 537 2498 tum
548 2466 586 2508 est
604 2470 710 2509 major,
727 2480 793 2501 cum
806 2471 887 2501 vohis
905 2481 969 2502 con-

94 2513 141 2538 tra
156 2517 259 2539 morem
272 2513 427 2548 parentum
445 2509 608 2548 intelligitis
623 2508 697 2542 nihil
712 2511 802 2543 licere.
834 2512 969 2544 Ostendi

94 2551 180 2588 quod
196 2550 348 2588 intend0‚
372 2549 509 2581 noluiss‘e.
522 2550 669 2584 Gentiles
692 2554 808 2594 inquiri
823 2554 854 2586 in
872 2555 968 2586 ratio-

96 2589 254 2637 nemsuae
279 2591 462 2631 religionis,
486 2593 581 2633 longa
606 2593 838 2627 consuetudine
856 2596 969 2636 proba-

97 2638 157 2669 tae3
179 2640 309 2672 ejusque
325 2633 534 2665 mutationem
552 2635 692 2667 habuisse
710 2646 769 2676 pro
786 2636 922 2676 scelere,
945 2638 969 2668 i-

98 2672 225 2717 deoque
242 2681 299 2712 pro
312 2672 420 2716 illicita
433 2673 583 2714 Principi.
600 2676 652 2708 Sic
670 2687 747 2709 vero
766 2686 898 2719 apparet
915 2688 969 2710 oc-

97 2716 180 2758 cario
201 2713 230 2742 δε
246 2714 335 2743 caula
351 2714 417 2759 (1.1.
434 2725 462 2746 2.
498 2715 554 2747 Est
573 2718 644 2757 illa,
667 2726 702 2750 ut
719 2720 805 2757 dixi,
829 2719 969 2760 Impera-

97 2762 177 2785 toris
197 2753 395 2784 Constantini
407 2777 416 2792 ,
432 2755 462 2786 δε
480 2755 592 2797 scripta
613 2759 752 2791 Proculo
764 2784 772 2799 ‚
790 2761 969 2793 Proconsu-

95 2797 115 2827 li
137 2794 254 2826 Africa:
277 2795 463 2840 (quomodo
488 2797 584 2829 habet
610 2800 776 2842 Inscriptio
796 2804 826 2834 in
844 2803 971 2843 quibus-

96 2838 168 2867 dam
194 2837 448 2877 exemplaribus)
472 2838 544 2869 inde
569 2840 605 2871 fit
621 2842 698 2873 mihi
726 2844 913 2883 probabste,
934 2844 970 2875 il.

94 2879 159 2910 lum
182 2877 426 2914 proconsulem,
449 2877 538 2910 forte
559 2879 725 2915 Gentilem
749 2908 758 2923 ,
782 2887 924 2927 acceptis
952 2895 970 2916 a

97 2919 310 2951 Constantino
334 2920 489 2952 mandatis
506 2943 516 2958 ‚
548 2931 588 2953 ex
613 2931 723 2956 vetere
746 2926 969 2966 superstitione

97 2961 173 3001 quid
188 2960 455 2998 inf‹›rniantibu8‚
471 2960 580 2994 feciss‘e
591 2963 812 3006 Relationem,
830 2969 859 2999 ei
876 2978 971 3008 quam

98 3013 138 3035 ex
160 3001 355 3042 Symmacho
380 3003 470 3033 attuli
499 3012 565 3035 non
589 3005 791 3047 diffiniilem3
814 3010 844 3041 in
870 3019 972 3050 eaque

97 3043 271 3084 quaefiviffe
294 3053 309 3074 a
339 3043 576 3078 Constantino:
609 3046 728 3079 essetne
762 3049 900 3091 Principi
923 3052 972 3091 jus

95 3087 227 3126 fasque,
250 3085 473 3116 aanor-itatem
497 3086 736 3120 consuetudinis
752 3090 888 3132 ususque
906 3093 971 3124 lon-

93 3129 172 3168 gaevi
191 3128 349 3157 contraria
370 3127 439 3166 lege
457 3126 647 3170 infringere:
665 3131 694 3161 ὅς
707 3130 768 3163 effe
784 3134 970 3174 rescriptum

95 3171 134 3200 ab
158 3168 373 3207 Imperatore,
397 3168 645 3204 Consuetudinis
673 3172 808 3214 ususque
832 3174 970 3217 longaevi

91 3217 156 3242 non
181 3209 242 3241 effe
266 3211 361 3242 Vilem
386 3211 627 3247 auctoritatem:
651 3213 801 3255 (Litotes
824 3216 892 3258 cst,
916 3217 970 3251 mi-

1018 353 1074 386 fit:
1099 353 1197 394 magis
1224 363 1364 385 errorem
1389 354 1510 392 videri3
1533 363 1596 385 neo
1619 352 1802 384 succurrere
1826 361 1902 384 cau-

1017 394 1100 433 sam,
1125 405 1181 426 eur
1204 395 1307 426 minus
1333 395 1424 436 lege,
1447 404 1541 436 quam
1567 395 1691 426 ratione
1706 417 1716 433 ,
1739 395 1901 426 vincatur.

1015 437 1094 468 Aliis
1112 437 1194 468 aliud
1212 436 1316 468 sedet:
1333 436 1385 468 sed
1401 437 1485 475 dixi,
1504 437 1582 478 quid
1599 437 1676 467 mihi
1694 436 1850 467 videatur.
1865 435 1901 467 id

1015 477 1037 510 fi
1055 487 1120 510 non
1137 479 1175 510 ad
1194 479 1371 518 liquidum,
1396 478 1504 510 saltem
1527 480 1566 509 ad
1585 478 1752 517 probabile
1770 478 1900 509 illorum

1017 528 1221 561 temporum,
1245 521 1388 551 accedit:
1413 521 1628 559 lubenterque
1652 521 1727 551 ideo
1750 519 1897 551 adscribo

1016 562 1111 593 etiam
1133 562 1197 592 hoc
1214 561 1398 600 Prudentii,
1422 561 1618 604 Symmacho
1645 561 1687 592 ita
1705 561 1898 602 responden-

1019 606 1057 635 tis
1073 603 1121 634 lib.
1144 613 1170 636 Ι.
1190 603 1299 634 Contra
1315 603 1530 644 Symmachum.

1059 644 1119 676 Illa
1135 650 1326 685 tyrannorum
1335 645 1440 685 fuerat
1454 645 1594 676 medicina
1605 668 1613 682 ‚
1637 645 1735 675 videre

1058 686 1123 730 „sz'
1131 686 1231 727 status
1249 693 1316 717 ante
1331 687 1423 717 oculos
1436 687 1623 728 praestmtilizis
1641 697 1674 716 tic
1686 687 1830 726 perituris

1058 730 1232 768 Competeret
1248 729 1349 768 rebus,
1373 738 1425 760 nec
1440 738 1539 760 curam
1555 728 1687 760 adbibere
1696 728 1826 767 futuris.

1017 767 1114 800 Plane
1133 792 1142 808 ,
1168 769 1222 801 etsi
1245 770 1326 801 mala
1350 769 1551 802 consuetudo
1569 793 1578 809 ‚
1612 769 1742 800 detesto
1767 777 1899 806 errore,

1008 819 1081 841 non
1108 810 1205 841 faciat
1224 811 1274 850 J'us
1298 812 1330 842 in
1357 811 1523 851 futurum3
1547 820 1611 843 non
1630 819 1735 842 tamen
1754 810 1899 850 iniquum

1015 850 1131 889 fuerit,
1149 861 1219 882 eam
1236 862 1252 882 a
1265 861 1360 892 poena
1377 853 1528 885 excusare
1544 855 1574 885 in
1594 853 1803 893 praeteritum.
1828 850 1899 892 Op·

1016 893 1094 924 time
1114 894 1236 927 Seneca
1255 894 1304 926 lib.
1321 904 1350 925 2.
1368 894 1415 925 De
1430 895 1477 926 ira
1492 906 1516 927 c.
1532 905 1561 932 9.
1580 895 1617 929 ὅ)
1638 904 1684 927 10.
1716 893 1787 926 Hac
1803 895 1900 924 condi-

1015 935 1090 964 tione
1108 935 1172 964 nati
1184 936 1284 973 sanias
1296 957 1305 973 ,
1329 936 1468 967 animalia
1485 938 1608 968 obnoxia
1632 946 1690 968 non
1704 935 1893 977 paucioribus

1014 976 1107 1006 aritini
1122 998 1131 1013 ,
1156 985 1244 1016 quam
1267 978 1390 1015 corporis
1413 979 1535 1009 morbis:
1556 988 1614 1009 non
1637 979 1753 1020 quidem
1777 977 1896 1017 obtusa,

1014 1026 1065 1047 nec
1081 1018 1166 1047 tarda
1180 1039 1189 1054 ,
1212 1017 1260 1052 led
1277 1019 1410 1049 acumine
1426 1017 1519 1059 nostro
1535 1020 1607 1051 male
1623 1020 1754 1056 mentitu
1773 1018 1845 1050 alter
1857 1018 1900 1049 ad-

1014 1059 1068 1089 tcri
1083 1058 1223 1088 vitiorum
1237 1059 1374 1099 exempla.
1399 1062 1518 1101 quisque
1532 1061 1670 1102 sequitur
1693 1062 1802 1101 priores
1823 1060 1897 1091 male

1014 1101 1070 1130 iter
1092 1099 1237 1141 ingreffos.
1261 1101 1334 1140 qaid
1357 1101 1391 1131 ni
1414 1103 1539 1133 babeant
1564 1105 1773 1138 excusationem
1790 1126 1799 1140 ,
1830 1112 1897 1132 cum

1009 1141 1129 1182 publica
1144 1142 1196 1171 via
1212 1142 1401 1174 erraverint?
1423 1144 1454 1174 in
1470 1142 1603 1184 fingitios
1610 1144 1751 1183 severitas
1772 1144 1898 1185 Impera-

1014 1183 1085 1214 toris
1100 1180 1300 1224 distringitur.
1333 1190 1364 1214 at
1389 1184 1543 1225 nectffaria
1560 1187 1649 1216 venia
1671 1184 1729 1225 est,
1754 1187 1803 1217 ubi
1818 1191 1897 1216 totus

1013 1225 1137 1263 deseruit
1157 1226 1311 1256 exercitus.
1341 1227 1413 1266 quid
1437 1226 1510 1258 tollit
1524 1228 1604 1257 'iram
1614 1227 1783 1267 sapientis?
1807 1228 1896 1258 turba

1008 1266 1205 1306 peccantium.
1229 1266 1368 1309 intelligit
1377 1289 1388 1306 ,
1401 1277 1489 1308 quam
1506 1270 1640 1309 iniquum
1658 1268 1694 1302 ὃ)
1704 1268 1897 1309 periculosum

1005 1306 1065 1346 fit,
1088 1308 1175 1347 trasei
1189 1308 1302 1348 publico
1323 1310 1406 1340 vitio.

1054 1348 1198 1380 Effectus
1215 1349 1455 1382 consuetudinis
1479 1350 1543 1389 est,
1568 1350 1681 1383 imitari
1699 1351 1804 1392 legem
1820 1350 1848 1391 §.
1865 1359 1896 1386 9,

1013 1388 1087 1431 Inft.
1104 1391 1136 1421 de
1152 1390 1226 1431 Jur.
1237 1389 1354 1423 Natur.
1372 1393 1391 1424 l.
1408 1393 1462 1424 ult.
1478 1393 1512 1425 C.
1537 1392 1613 1434 Qua:
1622 1391 1664 1431 sit
1685 1393 1762 1434 long.
1780 1392 1896 1430 consite-

1014 1433 1077 1463 tuci.
1099 1432 1238 1470 Julianus
1257 1433 1277 1464 l.
1296 1443 1346 1474 32.
1365 1434 1393 1475 §.
1417 1444 1443 1466 1.
1462 1434 1489 1465 l).
1510 1440 1531 1465 t.
1553 1435 1614 1474 ait,
1639 1443 1709 1466 eam
1725 1443 1785 1475 pro
1802 1434 1896 1475 lege,

1013 1474 1047 1505 id
1064 1474 1128 1512 est,
1152 1481 1314 1515 tamquam
1334 1476 1457 1516 legem,
1475 1475 1624 1507 custodiri
1636 1476 1654 1508 ἶ)
1678 1477 1784 1508 addita
1801 1477 1899 1507 ratio-

1014 1524 1075 1554 ne;
1100 1517 1188 1555 quod
1205 1515 1276 1557 ipsis
1293 1516 1416 1557 legibus
1434 1517 1517 1549 nulla
1535 1518 1594 1548 alia
1610 1527 1652 1549 ex
1667 1516 1758 1549 causa
1775 1527 1834 1549 nos
1851 1526 1898 1548 te·

1014 1558 1166 1588 uentibus
1184 1581 1192 1596 ‚
1224 1566 1318 1598 quam
1345 1559 1433 1599 quod
1463 1559 1584 1599 judicio
1614 1559 1730 1599 Populi
1756 1567 1898 1599 receptae

1014 1597 1102 1630 sunt:
1127 1600 1245 1630 merito
1271 1601 1366 1631 etiam
1392 1610 1429 1631 ea
1445 1609 1515 1640 quae
1533 1599 1598 1632 fine
1616 1600 1683 1631 ullo
1700 1599 1818 1640 scripto
1835 1600 1898 1631 Po-

1014 1640 1104 1681 pulus
1122 1641 1289 1680 probavit,
1314 1642 1472 1673 tenebunt
1495 1650 1625 1673 omnes:
1649 1651 1748 1682 quum
1768 1640 1899 1682 praeser-

1014 1682 1070 1713 tim
1089 1683 1132 1714 nil
1150 1682 1289 1721 interiit3
1306 1692 1411 1715 utrum
1430 1684 1633 1715 voluntatem
1651 1685 1735 1715 luam
1752 1684 1897 1724 Populus

1015 1722 1164 1764 suffragio
1180 1724 1342 1764 declaret3
1359 1734 1395 1757 an
1413 1726 1506 1757 rebus
1522 1725 1593 1766 ipsis
1607 1724 1747 1756 &factis
1763 1726 1834 1766 plus
1852 1726 1897 1757 ait

1014 1765 1147 1803 Paulus,
1161 1766 1210 1806 jus
1228 1775 1292 1797 non
1311 1766 1501 1807 scriptumin
1520 1774 1643 1798 tantum
1661 1767 1834 1807 probatum
1850 1777 1899 1799 es-

1014 1805 1065 1845 se3
1084 1815 1118 1837 ut
1134 1817 1198 1839 non
1215 1807 1314 1839 fuerit
1330 1808 1476 1847 necesse,
1497 1809 1615 1850 scripto
1634 1809 1665 1840 id
1683 1809 1899 1850 comprehen-

1015 1848 1090 1879 dere
1112 1849 1131 1879 l.
1149 1853 1199 1889 36.
1218 1849 1244 1880 h.
1265 1855 1286 1882 t.
1333 1850 1380 1882 Ita
1398 1852 1438 1882 de
1455 1850 1553 1882 causis
1571 1851 1601 1881 in
1617 1850 1733 1891 quibus
1749 1860 1816 1883 non
1833 1852 1896 1883 uti-

1014 1898 1084 1920 mur
1098 1889 1167 1929 jure
1185 1890 1304 1931 scripto
1321 1893 1349 1923 d.
1367 1892 1387 1924 l.
1402 1903 1451 1933 32.
1466 1898 1513 1932 pr.
1541 1890 1699 1932 Ulpianus
1718 1892 1738 1924 l.
1756 1902 1807 1934 33.
1825 1893 1853 1924 b.
1873 1898 1898 1925 t.

1015 1930 1057 1962 fic
1075 1932 1242 1971 exprimit:
1265 1932 1424 1965 Diuturim
1446 1933 1615 1974 consuetudo
1633 1940 1683 1975 pro
1695 1934 1761 1975 jure
1783 1933 1820 1969 δὲ)
1835 1935 1898 1975 lege

1015 1973 1047 2003 in
1063 1972 1107 2003 bis
1121 1983 1184 2014 quae
1199 1984 1256 2005 non
1274 1975 1428 2015 exscripto
1442 1977 1615 2014 descendunt
1625 1998 1635 2014 ‚
1659 1977 1804 2013 observari
1808 1975 1897 2016 filet.

1015 2014 1082 2053 Jam
1100 2024 1178 2046 vero
1196 2015 1216 2047 fi
1236 2015 1272 2047 fit
1289 2017 1341 2048 lex
1359 2016 1492 2057 scripta,
1517 2017 1546 2048 δε
1565 2017 1606 2049 de
1623 2017 1689 2057 eJus
1705 2018 1898 2058 interpreta-

1016 2057 1106 2087 tione
1124 2065 1299 2097 quaeratur:
1322 2059 1365 2088 ait
1382 2058 1578 2090 Callistratus
1595 2058 1614 2088 l.
1631 2067 1682 2099 37.
1695 2059 1723 2090 h.
1742 2063 1763 2090 t.
1785 2058 1848 2091 esse
1863 2060 1899 2092 in

1016 2098 1125 2137 primis
1142 2099 1393 2140 inspiciendum,
1409 2109 1474 2141 quo
1490 2101 1559 2141 jure
1576 2100 1689 2131 civitas
1708 2108 1796 2133 retro
1815 2101 1846 2133 in
1864 2111 1900 2133 e-

1012 2139 1154 2179 jusmodi
1178 2140 1297 2172 casibus
1323 2140 1374 2172 usa
1397 2141 1478 2173 fuit:
1501 2142 1657 2181 optimam
1686 2143 1771 2174 enirn
1786 2142 1899 2184 legum

1015 2183 1225 2221 interpretem
1241 2181 1597 2224 ess‘erconsuetudinem.
1615 2183 1805 2225 subjicitque
1816 2185 1897 2224 l.38,

1015 2221 1248 2263 Imperatorem
1268 2223 1423 2257 Severum
1438 2224 1644 2265 rescripsisse,
1659 2226 1689 2257 in
1708 2226 1899 2266 ambiguita-

1016 2265 1101 2295 tibus
1116 2274 1187 2304 quae
1204 2275 1245 2297 ex
1260 2266 1383 2306 legibus
1399 2265 1664 2307 proficiscuntur,
1682 2267 1802 2299 debere
1819 2276 1899 2300 con-

1013 2305 1233 2346 suetudinem,
1250 2315 1305 2339 aut
1320 2317 1425 2341 rerum
1442 2316 1603 2350 perpetuo
1619 2308 1761 2340 similiter
1775 2309 1900 2347 judica-

1014 2355 1116 2392 tarum
1134 2348 1375 2390 auctoritatem,
1399 2351 1464 2382 vim
1481 2351 1587 2391 legum
1604 2350 1763 2381 obtinere.
1792 2350 1897 2393 Leges

1013 2389 1109 2430 igitur
1132 2390 1510 2430 imitatur-consuetudo.
1535 2392 1638 2429 addo,
1662 2392 1758 2423 etiam
1776 2393 1897 2425 retinet

1013 2431 1034 2461 l.
1050 2430 1105 2462 ult.
1122 2431 1155 2462 C.
1187 2431 1262 2476 Qiae
1272 2431 1315 2470 sit
1331 2433 1407 2475 long.
1430 2433 1553 2472 consuet.
1580 2432 1783 2465 Modestinus
1798 2434 1819 2465 1.
1840 2445 1894 2475 40.

1012 2472 1040 2503 h.
1061 2479 1084 2503 t.
1108 2473 1205 2512 dicit,
1223 2474 1310 2515 quod
1329 2476 1434 2515 legem
1451 2475 1600 2515 scriptam
1614 2474 1795 2506 confirmat.
1820 2477 1896 2516 quia

1012 2513 1067 2553 (ut
1087 2513 1226 2553 Julianus
1242 2516 1285 2546 ait
1300 2517 1328 2547 d.
1345 2517 1363 2547 l.
1381 2526 1430 2556 32.
1447 2516 1476 2557 §.
1498 2515 1546 2555 1.)
1568 2515 1641 2556 ipsae
1655 2517 1741 2557 leges
1761 2517 1845 2550 nulla
1863 2528 1896 2549 a·

1012 2555 1053 2585 lia
1069 2565 1109 2586 ex
1126 2555 1216 2587 causa
1232 2566 1291 2588 nos
1310 2565 1441 2596 tenent,
1465 2566 1560 2597 quam
1584 2559 1673 2599 quod
1691 2559 1814 2599 judicio
1834 2559 1895 2591 Po·

1013 2597 1079 2637 puli
1093 2606 1234 2638 receptae
1251 2598 1333 2630 sunt.
1359 2599 1460 2642 Quod
1479 2598 1500 2631 fi
1518 2599 1579 2630 est:
1602 2609 1640 2631 an
1656 2602 1826 2639 miramur,
1851 2602 1896 2632 le-

1010 2647 1068 2679 ges
1086 2640 1183 2671 etiam
1201 2641 1298 2671 tacita
1312 2641 1427 2681 Populi
1445 2641 1631 2680 voluntate,
1646 2642 1683 2673 idv
1697 2642 1762 2681 est,
1785 2642 1895 2674 desue-

1013 2680 1126 2711 tudine
1137 2704 1146 2719 ,
1162 2689 1215 2712 aut
1230 2684 1389 2713 contraria
1404 2682 1653 2723 consuetudi-ne,
1669 2684 1738 2715 tolli
1756 2692 1810 2715 aut
1827 2694 1893 2717 mu-

1013 2721 1099 2753 tari?
1122 2723 1210 2762 atqui
1228 2722 1368 2762 Julianus
1382 2724 1410 2754 d.
1428 2724 1450 2755 l.
1465 2734 1515 2764 32.
1533 2723 1562 2765 ᾗ.
1584 2733 1609 2756 1.
1634 2725 1822 2764 reffiffime,
1847 2727 1892 2755 in-

1014 2763 1101 2802 quit,
1118 2764 1213 2795 etiam
1230 2765 1306 2795 illud
1322 2773 1490 2806 receptum
1505 2767 1587 2805 ess'e3
1603 2774 1637 2798 ut
1655 2768 1743 2808 leges
1761 2777 1826 2798 non
1847 2766 1894 2796 so-

1014 2803 1078 2835 lum
1107 2803 1255 2846 suffragio
1277 2807 1488 2847 legislatoris,
1512 2809 1545 2840 id
1571 2807 1635 2847 est,
1660 2808 1801 2848 expressa
1825 2807 1891 2846 ejus

1013 2846 1202 2885 voluntate3
1218 2847 1374 2880 sedetiam
1393 2849 1494 2880 tacito
1503 2849 1657 2882 consensu
1675 2849 1817 2881 omnium
1835 2857 1893 2887 per

1013 2886 1255 2920 desuetudinem
1280 2890 1484 2931 abrogentur.
1528 2892 1582 2923 Sic
1610 2891 1775 2931 Julianus:
1799 2898 1892 2927 aeque

1013 2927 1202 2974 justinianus
1228 2930 1258 2972 §.
1286 2940 1334 2963 11.
1356 2931 1430 2973 lnfl.
1456 2933 1574 2974 dejure
1597 2939 1698 2963 natur.
1723 2939 1782 2961 nec
1809 2939 1892 2969 opus

1014 2970 1171 3010 pluribus:
1193 2981 1226 3002 re
1243 2972 1326 3004 clara
1343 2974 1373 3005 ἃ
1391 2982 1489 3008 certa.
1507 2975 1616 3006 saltem
1636 2981 1764 3012 patere,
1780 2980 1892 3002 mone-

1014 3011 1062 3050 1‘i;
1086 3013 1171 3051 quod
1191 3012 1212 3045 fi
1229 3015 1302 3054 quid
1315 3037 1324 3053 ,
1349 3015 1556 3048 exolescente
1575 3016 1664 3054 lege,
1689 3013 1818 3043 interim
1835 3022 1893 3052 pet·

1015 3053 1276 3088 consuetudinem
1303 3058 1476 3098 recipiatur
1492 3081 1502 3095 ‚
1532 3057 1562 3087 id
1587 3054 1717 3095 perinde
1741 3054 1891 3094 obtinet,

1015 3103 1052 3125 ac
1076 3094 1097 3126 fi
1116 3096 1198 3127 nulla
1215 3097 1267 3129 lex
1283 3098 1397 3138 scripta
1414 3097 1530 3129 fuisset.
1555 3096 1588 3127 id
1604 3103 1736 3135 apparet
1759 3097 1890 3137 egregio

1015 3138 1164 3177 exemplo
1180 3137 1210 3179 §.
1230 3148 1258 3180 7.
1284 3139 1358 3182 Inst.
1375 3142 1408 3170 de
1430 3139 1559 3180 injuriis.
1610 3137 1760 3181 Moratur
1783 3147 1890 3170 tamen

1013 3178 1131 3210 multos
1149 3180 1168 3210 l.
1186 3191 1215 3211 2.
1239 3181 1272 3212 C.
1308 3184 1381 3213 Uuae
1390 3180 1432 3218 fit
1447 3182 1522 3220 long.
1543 3179 1723 3221 consuetudo.
1769 3179 1892 3213 Verum

1013 3218 1095 3252 hanc
1110 3221 1297 3262 paulo-ante
1306 3216 1458 3264 Exposui.

1119 3302 1145 3335 Β
1167 3312 1187 3344 :3
1827 3302 1897 3336 Tra
