2108 3479
211 116 237 149 4
769 91 1078 126 GERARDI

210 189 262 222 via
281 185 429 219 definitur
442 183 490 223 jus
509 181 602 220 eundi
615 202 624 219 ,
647 179 785 220 agendi,
806 178 835 209 &
852 175 1032 209 ambulandi
1047 175 1068 207 l.

215 240 244 262 1.
261 228 302 259 D.
318 230 350 258 de
364 226 548 264 servitutibus
559 222 729 263 praediorum
749 217 928 260 rusticorum.

254 279 282 309 3.
320 267 510 299 Clamabunt
542 263 628 295 forte
660 261 712 292 hic
743 259 936 299 Interpretes
951 280 961 294 ‚
998 266 1071 303 cum

212 308 382 342 Francisco
399 307 581 342 Honnano,
608 301 646 333 V.
674 301 732 332 CL.
752 301 782 331 in
797 301 826 332 d.
841 300 860 330 l.
880 308 905 330 1.
933 297 1072 343 [ic-acci-

214 350 367 392 piendum
389 346 449 378 effe
474 344 642 376 ambulandi
657 342 787 373 verbum
807 351 816 379 ;
847 338 931 381 quafi
949 339 1070 384 dicere-

216 401 267 423 tur
283 414 293 430 ,
324 387 523 422 commeandi
541 386 579 416 ad
598 394 646 416 res
666 383 773 413 vicino
800 381 919 422 praedio
937 379 1073 425 nec-ella

215 435 275 463 rias
294 454 303 469 ,
335 439 398 461 non
425 426 571 467 spatiandi
590 425 682 455 animi
701 422 789 454 causa
812 432 848 453 ac
871 422 1070 452 valetudims.

216 472 280 504 Sed
299 468 499 509 respondebo
516 490 525 504 ‚
555 475 621 497 non
644 463 705 496 cll'e
720 473 840 495 temere
856 461 1072 494 recedendum

216 524 233 545 a
251 513 445 552 proprietate
463 508 633 538 verborum
650 529 659 545 ‚
692 515 707 536 a
726 514 785 545 qua
804 504 857 544 Jus
879 503 983 534 Civile
1006 512 1072 533 non

214 555 366 585 abhorret
385 563 392 583 ε
424 548 553 581 differre
572 556 676 578 autem
700 546 762 585 <ut
783 544 936 576 Ausonius
955 543 1074 584 Popma

214 600 276 635 jam
292 592 515 625 animadvertit
536 590 583 620 lib.
607 598 631 619 1.
651 587 698 618 De
712 586 880 627 differentiis
897 585 1074 623 verborum)

215 636 262 667 ire
281 635 309 665 ἃ
324 633 482 665 ambulare
500 630 665 661 haetenus:
687 630 773 667 quod
790 628 842 666 qui
865 628 907 665 it,
937 628 962 658 is
977 635 1075 666 porro

216 677 342 718 pei-git,
367 673 417 705 seii
436 671 560 710 tranfit,
583 669 652 701 fere
671 671 782 710 plenus
800 668 944 709 negotii:
975 669 1000 698 is
1023 676 1075 698 ve-

216 728 273 755 ro,
311 716 364 756 qui
394 714 533 745 ambulat
551 735 559 748 ,
597 712 784 751 plerumque
815 708 935 741 otiosus
966 707 1075 749 spatia-

217 767 288 795 tur,
324 758 353 788 &
374 755 477 796 spatiis
502 753 590 784 fatus
609 754 638 783 in
667 750 715 782 sua
741 751 1075 792 vestigia'revertitum

215 799 354 830 sanitatis
382 795 613 828 anioeiiitatisve
642 791 756 824 causa:
790 801 886 832 atque
920 801 960 822 eo
989 789 1075 822 sensu

218 840 387 871 Suetonius
412 839 443 868 in
460 833 592 875 Angusto
616 845 640 865 c.
663 839 710 873 853.
736 833 831 871 Mox,
855 833 974 873 inquit,
1003 831 1077 863 nihil

217 881 316 918 aliud,
346 889 432 919 quam
448 877 618 907 vedebatur
636 899 645 914 ,
675 875 711 909 &⁹
729 874 928 906 deambulabat
944 897 954 913 ‚
985 874 1027 904 ita
1044 878 1076 904 ut

216 924 249 953 ‘ii-z
267 919 512 958 extreiltiss'ptztiis
521 917 681 957 subsultim
696 918 866 947 decurreret.

256 972 284 1002 4.
309 961 497 992 Clamabunt
514 968 643 998 quoque
660 967 731 988 cuin
752 957 928 988 doctissimo
946 956 1077 996 Cujacio

216 1003 265 1034 lili.
290 1013 338 1034 22.
366 1001 484 1041 Olffer-v.
509 1010 533 1030 C.
552 1009 601 1040 35.
626 1008 690 1031 non
711 999 928 1039 denegindam
949 997 1078 1028 habenti

215 1047 278 1077 iter
301 1042 362 1074 effe
387 1041 661 1073 ambulationem:
695 1041 839 1080 quamvis
865 1040 1004 1079 alioquin
1030 1039 1079 1078 jus

217 1085 398 1117 ambulandi
417 1082 633 1123 spatiandique
663 1091 719 1122 per
742 1081 771 1111 se
795 1090 860 1112 non
887 1080 923 1112 fit
947 1080 1078 1110 servitus

218 1135 271 1159 aut
285 1127 332 1166 jus
352 1125 482 1166 praedii:
506 1133 570 1156 non
587 1124 670 1154 enim
690 1122 857 1153 continere
874 1121 982 1163 praedii
999 1121 1080 1151 utili-

218 1174 338 1205 tatem,
362 1167 479 1197 nedum
498 1165 714 1196 neceffitatem
731 1173 740 1202 ;
771 1162 823 1195 scd
839 1171 961 1194 tantum
981 1161 1080 1193 homi-

218 1209 266 1241 nis
283 1208 518 1244 amoenitatem,
543 1214 596 1237 aut
621 1205 802 1243 sanitatem,
827 1204 994 1244 respicere.
1038 1202 1080 1234 At

218 1259 284 1282 non
310 1250 407 1290 inagis
436 1247 606 1279 ausculto:
637 1256 707 1278 nain
734 1254 768 1277 ut
787 1245 933 1277 omittam
959 1253 994 1275 ea
1010 1252 1080 1284 quae

219 1292 261 1324 de
288 1289 476 1331 aqnaedustu
493 1312 502 1327 ,
534 1288 564 1319 ἁ
588 1288 627 1319 de
654 1285 819 1328 prospectu
837 1310 847 1326 ,
879 1286 960 1317 die’ta
992 1284 1081 1322 sunt3

189 1350 191 1352 -
219 1332 308 1364 testis
327 1331 371 1363 est
391 1330 542 1371 Ulpianus
557 1330 588 1360 in
606 1331 635 1360 d.
652 1330 670 1359 ί.
689 1334 717 1363 8.
739 1328 768 1369 §.
790 1337 814 1359 1.
835 1328 939 1359 valere
954 1325 1082 1371 servitu-

221 1383 306 1408 tenu
333 1380 366 1404 ut
383 1372 477 1404 liceat
502 1370 578 1402 milii
597 1394 606 1409 ,
640 1371 724 1410 tigna
742 1369 915 1400 immittere
931 1370 961 1399 in
986 1367 1083 1398 vicini

219 1415 374 1456 parietem
391 1436 400 1452 ‚
433 1412 586 1453 supraque
603 1420 638 1442 ca
658 1420 743 1451 tigna
760 1411 920 1451 porticum
946 1408 1082 1439 ambula·

220 1455 336 1488 toriam
354 1453 481 1493 facere,
502 1461 533 1484 at
549 1452 568 1484 fi
588 1462 624 1484 ea
643 1454 727 1484 valet
744 1474 754 1490 ,
785 1460 841 1482 cur
860 1460 925 1481 non
942 1448 1084 1493 fimiliter

221 1497 327 1529 valeat
345 1495 496 1533 servitus,
520 1501 555 1525 ut
573 1492 713 1534 spatiari,
746 1500 780 1523 ut
803 1491 983 1529 ambulare,
1006 1490 1083 1522 mihi

221 1538 255 1570 in
271 1546 328 1569 tuo
343 1535 463 1568 liceat?
487 1545 552 1567 non
568 1535 652 1568 enim
674 1532 819 1572 interest,
844 1540 948 1564 utrum
964 1532 994 1563 in
1013 1540 1084 1572 por·

221 1579 289 1611 ticu
303 1601 312 1616 ,
335 1587 374 1609 an
397 1575 566 1615 infundo,
590 1575 769 1607 ambuletur
785 1584 795 1614 3
826 1583 886 1605 nec
903 1574 1001 1614 magis
1020 1582 1083 1604 am-

220 1620 378 1652 bulatoria
394 1617 538 1659 porticus
562 1617 601 1649 ad
626 1617 734 1657 praedii
758 1615 929 1647 utilitatem
953 1621 1006 1645 aut
1032 1623 1086 1645 ne-

224 1660 398 1692 ccffitatem
421 1659 581 1700 pertinet,
605 1667 696 1700 quani
711 1657 758 1698 jus
775 1657 806 1688 in
823 1656 928 1688 alieno
953 1655 1084 1696 spatian-

223 1703 255 1734 di
281 1701 344 1733 fine
368 1701 507 1741 porticu.
548 1699 608 1731 His
625 1700 725 1739 adjice
741 1720 751 1736 ,
783 1698 870 1738 quod
890 1696 1086 1736 consequen-

222 1748 297 1782 tiae‚
327 1743 399 1782 quia
423 1742 611 1782 plerumque
636 1749 744 1780 parum
769 1740 800 1770 in
825 1738 967 1778 usujuris
987 1737 1086 1780 confi·

223 1785 397 1821 derantur,
430 1783 537 1823 paffim
561 1792 577 1812 a
600 1781 842 1812 definitionibus
867 1787 1085 1811 removentur.

222 1826 332 1866 itaque
368 1823 389 1855 fi
415 1824 465 1865 jus
496 1822 675 1856 ambulandi
703 1819 792 1852 foret
815 1822 1088 1853 annumerandum

222 1866 271 1899 his
283 1890 292 1904 ,
318 1875 387 1906 quae
404 1864 504 1905 magis
520 1873 576 1904 per
590 1862 867 1902 consequentiam,
891 1871 985 1901 quam
1005 1870 1089 1901 prin-

225 1907 392 1947 cipaliter,
413 1905 560 1936 veniunt:
584 1904 668 1934 idem
688 1912 745 1933 Vlae
760 1911 855 1942 atque
872 1903 994 1933 itineris
1013 1900 1088 1932 defi-

225 1948 402 1980 nitionibus
419 1955 483 1977 nou
502 1944 607 1976 fuisset
627 1942 775 1975 insertum
794 1953 802 1975 ι
834 1950 868 1973 ιιι
895 1943 944 1974 vel
963 1952 1003 1973 ei<
1024 1942 1089 1973 col-

227 1990 349 2021 latione
365 1987 449 2018 aCtus
467 1987 589 2026 viaeque
613 1985 798 2025 intelligitur
814 1984 897 2024 apud
916 1982 1089 2023 Ulpianum

226 2030 246 2061 l.
265 2040 289 2062 1.
303 2029 342 2061 D.
354 2030 387 2059 de
400 2029 584 2058 servitutibus
599 2024 768 2066 rusticormn
779 2027 969 2065 prediorum:
984 2032 1090 2064 quam-

228 2081 323 2112 quam
340 2070 424 2101 enim
443 2069 466 2101 is
483 2069 534 2109 qui
553 2068 655 2099 astum
676 2067 791 2105 habet,
815 2066 874 2096 iter
896 2074 1023 2105 quoque
1041 2065 1091 2095 ha-

228 2113 322 2150 beat,
347 2120 451 2150 eoque
470 2111 514 2141 uti
534 2109 597 2141 fine
611 2109 759 2148 jumentq
774 2107 886 2147 poffit,
905 2107 1042 2138 similiter
1059 2112 1092 2136 ut

227 2154 259 2187 iii
277 2155 327 2184 via
343 2152 544 2183 observatur:
569 2149 692 2181 constat
711 2156 813 2179 tamen
831 2172 840 2185 ,
873 2148 966 2179 eundi
991 2146 1091 2179 sacul-

231 2203 330 2226 tatem
347 2193 385 2224 ab
405 2192 491 2224 astus
509 2190 695 2224 definitione
714 2190 860 2228 excludi3
883 2198 947 2220 non
964 2188 1091 2220 excludi

229 2246 248 2268 a
262 2234 475 2275 descriptione
495 2233 575 2271 viae,
599 2232 671 2272 quia
691 2239 754 2263 tam
773 2232 852 2267 iter,
875 2239 968 2271 quam
987 2230 1091 2268 astus,

229 2279 292 2309 viae
315 2275 499 2308 naturaliter
524 2273 627 2309 inest3
658 2281 761 2311 neque
782 2271 880 2312 magis
898 2272 948 2302 via
965 2271 1026 2302 fine
1043 2271 1091 2302 iti-

230 2327 323 2356 nere,
347 2325 440 2357 quam
458 2315 521 2347 fine
537 2315 626 2351 astu,
646 2313 858 2344 constituitur.
901 2312 962 2345 Sed
981 2322 998 2344 e
1016 2321 1094 2343 con·

232 2361 330 2391 trario
346 2360 394 2399 jus
411 2357 524 2398 agendi
543 2359 573 2387 in
590 2355 659 2387 anu
678 2355 766 2385 venit
788 2364 828 2385 ex
845 2354 874 2384 vi
892 2363 929 2385 ac
952 2354 1094 2394 proprie·

233 2408 298 2432 tate
315 2399 423 2438 verbi3
451 2399 499 2438 jus
518 2397 610 2429 eundi
631 2403 752 2428 tantuin
777 2405 817 2427 ey.
836 2394 1022 2434 praesumpta
1042 2404 1092 2434 pa-

231 2441 416 2473 ciscentium
437 2446 560 2472 mente:
584 2438 721 2477 ideoque
742 2436 847 2476 potest
863 2437 948 2468 aetus
965 2437 1027 2467 fine
1045 2438 1093 2467 iti·

231 2492 328 2520 nere,
351 2481 430 2513 sicut
446 2481 504 2511 iter
523 2479 585 2511 fine
601 2479 690 2516 atta,
723 2478 845 2509 haberi:
877 2485 912 2508 ut
930 2477 1014 2508 belle
1030 2477 1093 2508 dii-

231 2531 323 2565 putat
345 2521 538 2554 Franciseuz'
556 2519 722 2551 Duarenus
747 2520 794 2550 lib.
814 2529 838 2550 1.
866 2518 1018 2559 Disputat.
1042 2528 1093 2549 cin-

231 2564 337 2604 niverss
361 2570 420 2603 cap.
437 2572 486 2603 31.
510 2562 540 2593 δι
558 2560 621 2601 ipse
639 2560 785 2600 Cujacius
801 2559 873 2591 disto
889 2560 947 2591 loco
966 2569 1032 2591 non
1051 2560 1094 2600 ig-

231 2613 337 2638 norat.
361 2603 481 2645 quodfi
496 2603 559 2636 est:
584 2601 782 2643 perspicuum
801 2601 846 2633 est
862 2625 872 2640 ,
902 2602 989 2641 quod
1011 2601 1095 2640 dixi,

232 2646 418 2679 servitutem
446 2644 554 2684 praedii
582 2643 667 2674 recte
691 2643 838 2674 constitui
864 2643 908 2673 ob
933 2643 1096 2681 amoenita-

233 2696 301 2720 tem
327 2694 381 2718 aut
407 2686 491 2718 aliud
514 2685 606 2726 quale
634 2685 726 2726 quale
742 2685 950 2715 commodum
971 2695 978 2715 :
1008 2683 1096 2722 quod

234 2728 291 2762 etfi
316 2728 532 2771 principaliter
555 2735 619 2757 non
650 2725 795 2766 respiciat
815 2725 904 2756 fundi
931 2725 1095 2757 neceffita-

235 2780 322 2805 tem;
342 2768 432 2801 fundi
451 2776 555 2799 tamen
572 2766 634 2798 cfi'e
651 2767 809 2798 creditur:
826 2767 924 2798 modo
941 2766 973 2798 id
992 2767 1095 2797 aCtum

233 2811 272 2843 fit
289 2834 299 2850 ‚
329 2817 365 2842 ιιι
380 2808 584 2850 possess'orem
601 2809 665 2848 ejus
685 2816 842 2847 perpetuo
860 2806 1005 2848 sequatur
1022 2818 1031 2845 3
1066 2808 1096 2839 ὅ(

233 2852 277 2884 fic
297 2860 481 2883 connexum
498 2859 570 2880 cum
594 2848 716 2888 fundo,
739 2858 812 2881 eum
834 2858 1036 2890 quacumque
1052 2858 1096 2881 ra-

234 2894 324 2925 tione
345 2892 443 2924 faciat
461 2889 691 2930 pretiosiorem.

274 2945 304 2971 ς.
336 2933 377 2965 Λι
396 2957 406 2971 ,
441 2933 485 2964 Ut
510 2940 626 2973 pomum
653 2932 797 2970 decerpere
828 2930 930 2969 liceat,
963 2930 1038 2972 [ἃ]
1064 2937 1097 2961 ut

227 2975 376 3015 spatiari,
403 2974 486 3016 [ἕο-ὓ]
510 2978 544 3005 ut
568 2982 678 3004 coenare
693 2974 723 3002 in
740 2971 829 3002 alieno
842 2971 992 3012 poffimus,
1008 2974 1096 3008 servi-

237 3022 285 3046 tus
300 3017 405 3054 imponi
421 3025 478 3047 non
497 3012 585 3055 potest
601 3014 619 3045 l.
638 3018 662 3047 8.
687 3013 728 3044 D.
744 3014 776 3043 cle
789 3014 988 3052 servitutibus.
1032 3012 1096 3044 Hic

237 3056 328 3087 locus
353 3057 560 3088 doffisfimum
577 3064 737 3095 quemque
765 3054 972 3094 Interpretem
993 3055 1095 3085 tui-ba-

235 3097 284 3127 vit
303 3097 404 3129 adeo:
429 3106 462 3129 ut
481 3097 532 3128 alii
554 3104 686 3138 propter
701 3105 773 3127 eum
793 3096 977 3136 negaverint
993 3117 1002 3131 ‚
1029 3095 1096 3134 jura

238 3137 327 3177 pomi
355 3138 574 3177 decerpendi,
607 3139 749 3177 itemque
779 3137 945 3175 coenandi,
978 3137 1008 3168 ἅ
1032 3135 1096 3175 spa·

239 3177 360 3217 nandi,
390 3178 421 3210 in
440 3179 543 3211 alieno
563 3179 755 3220 praediorum
778 3177 979 3211 servitutibus
1002 3186 1097 3209 annu-

1149 85 1379 121 NoonT

1113 174 1246 208 merari:
1267 173 1317 204 alii
1338 183 1375 205 ea
1390 182 1431 206 ne
1447 171 1649 215 personarum
1664 171 1793 215 quidem
1815 172 1970 209 servituti-

1113 217 1172 248 bus
1195 214 1351 246 accenseri
1371 215 1541 247 voluerint.
1559 216 1622 247 vid.
1638 213 1814 253 Accitrfius,
1835 215 1871 250 ὅ)
1890 215 1972 248 Dua-

1113 266 1200 289 renus
1217 258 1263 287 ad.
1281 257 1309 287 cz.
1328 255 1348 288 l.
1365 260 1394 290 8.
1417 255 1570 288 Fiirnerius
1584 256 1656 288 aitte
1679 257 1733 288 loco
1745 280 1754 296 ,
1791 258 1928 298 Cujacius
1943 258 1973 290 d.

1113 299 1161 330 lib.
1181 307 1230 329 22.
1256 297 1406 337 Observat.
1423 304 1487 338 cap.
1507 307 1556 338 35.
1580 297 1616 333 &³
1631 298 1679 330 lib.
1696 307 1745 337 ²4,
1771 298 1890 335 Olilerv.
1910 305 1973 337 cap.

1114 349 1163 371 22.
1203 338 1321 370 Verum
1344 348 1417 370 cum
1444 339 1654 372 manifestiora
1679 339 1738 371 sint
1763 347 1973 381 argumenta,

1115 389 1185 421 quae
1204 378 1293 417 supra
1310 381 1399 411 attuli
1421 390 1479 420 pro
1504 381 1660 412 contraria
1678 387 1767 420 parte
1783 404 1793 420 ‚
1826 390 1920 419 quam
1937 389 1974 411 ut

1114 420 1292 453 diffimulari
1316 428 1460 461 queant3
1489 421 1645 453 calculum
1668 431 1774 454 meum
1799 421 1883 453 hisce
1907 430 1975 454 non

1114 462 1238 502 adjicio.
1293 460 1365 493 Nec
1391 463 1488 503 magis
1516 462 1663 494 affentior
1686 464 1758 494 viris
1781 463 1975 501 clai-iffimis‚

1114 502 1251 543 johanni
1268 501 1397 534 Corafio
1417 504 1446 534 δι
1471 503 1642 544 Eguinario
1666 504 1805 535 Baroni:
1836 505 1975 535 volenti-

1116 546 1174 576 bus
1193 567 1202 582 ,
1235 543 1317 575 hanc
1338 543 1400 575 effe
1427 544 1511 575 Pauli
1536 544 1742 583 sententiam,
1775 544 1819 576 Ut
1842 554 1976 586 pomum

1118 588 1292 626 decerpere
1312 609 1321 624 ,
1349 593 1384 622 ut
1407 584 1527 625 spatiari
1547 609 1556 624 ,
1588 594 1622 617 ut
1639 596 1784 624 coenare,
1814 587 1844 618 in
1868 586 1975 616 alieno

1118 628 1214 659 liceat
1231 650 1240 665 ,
1273 624 1409 658 servitus*
1425 627 1546 667 imponi
1570 636 1633 658 non
1660 627 1765 668 potest
1783 637 1793 665 ς
1823 627 1844 658 fi
1862 626 1977 657 consti-

1120 675 1223 700 tuatur
1245 668 1284 698 ab
1308 668 1415 708 aliquo
1441 669 1494 708 qui
1523 678 1586 700 non
1611 668 1647 699 fit
1675 668 1837 700 servientis
1867 668 1977 709 praedii

1118 710 1289 744 domiiius;
1321 716 1374 739 aut
1397 707 1419 740 si
1442 710 1637 740 concedatur
1654 710 1744 740 alicui
1768 710 1819 750 qui
1842 718 1906 739 non
1925 708 1979 739 ha·

1118 751 1192 782 beat
1219 750 1370 791 praedium
1389 773 1398 787 ,
1431 750 1481 780 vel
1502 760 1564 781 non
1590 749 1705 782 habeat
1723 751 1875 791 praedium
1901 750 1979 780 vici-

1118 801 1203 823 num.
1248 790 1301 822 Est
1318 791 1401 822 enim
1420 790 1490 821 haec
1515 800 1599 822 mera
1621 791 1728 829 fictio,
1752 801 1856 831 neque
1874 791 1979 822 verbis

1118 831 1334 873 jurisconsulti
1359 831 1487 863 subnixa
1505 855 1514 870 ,
1546 842 1607 864 nec
1636 834 1709 865 alias
1738 833 1856 864 habens
1886 833 1980 863 ratio-

1119 884 1203 905 ncm.
1246 876 1356 913 utique
1374 883 1445 904 cum
1462 873 1496 904 fit
1513 883 1685 905 commune
1706 875 1783 912 viae,
1807 874 1907 912 actui,
1931 874 1980 904 iti·

1121 915 1207 952 nei-i,
1237 913 1421 953 caeterisque
1438 916 1587 946 omnibus
1611 914 1839 950 servitutibus:
1870 923 1907 945 ut
1927 924 1981 945 ne-

1122 966 1184 996 que
1210 955 1324 996 pofiint
1340 955 1378 985 ab
1402 955 1465 986 alio
1492 956 1648 994 concedi,
1671 966 1764 995 quam
1782 966 1798 987 a
1818 955 1981 988 l'ervientie

1121 997 1208 1028 fundi
1225 997 1377 1033 domino,
1402 1005 1506 1036 neque
1522 996 1561 1027 ab
1577 997 1639 1027 alio
1655 998 1795 1038 adquiri,
1818 1006 1912 1038 quam
1929 996 1983 1028 tui

1122 1039 1259 1069 vicinum
1277 1037 1429 1077 praedium
1449 1036 1510 1068 est:
1535 1037 1610 1076 quid
1629 1047 1709 1075 opus
1729 1038 1788 1069 fuit
1807 1062 1817 1077 ‚
1843 1037 1984 1079 speciali-

1123 1088 1170 1111 ter
1188 1081 1216 1109 in
1234 1078 1280 1109 his
1298 1078 1549 1119 exprImi,quod
1568 1079 1715 1109 omnibus
1732 1079 1889 1111 inhaeret?
1907 1079 1983 1110 Pro-

1121 1120 1255 1152 babilius
1276 1119 1340 1158 est,
1372 1118 1470 1159 (haec
1493 1128 1561 1150 mea
1587 1120 1795 1160 conjectura)
1819 1120 1884 1150 hoc
1907 1121 1983 1151 loco

1121 1161 1177 1193 usu
1195 1161 1320 1198 venire,
1342 1161 1429 1200 quod
1447 1159 1584 1200 Julianus
1600 1160 1706 1192 scribit
1724 1161 1745 1192 ί.
1761 1169 1811 1201 51.
1835 1160 1863 1202 §.
1887 1170 1914 1193 2‘.
1940 1159 1984 1192 D.

1123 1204 1173 1234 Aci
1188 1203 1274 1241 tegern
1294 1201 1445 1242 Aquiliam
1463 1224 1473 1238 ,
1505 1202 1603 1232 multa
1623 1201 1684 1234 elle
1701 1201 1775 1242 Jure
1792 1201 1888 1233 Civili
1907 1210 1988 1232 con·

1125 1252 1171 1275 tra
1187 1245 1340 1275 rationem
1360 1241 1534 1283 disputandi
1550 1252 1698 1283 recepta3
1727 1243 1864 1283 ideoque
1882 1251 1916 1274 ut
1931 1243 1987 1274 ali-

1125 1286 1175 1322 bi,
1202 1285 1241 1314 ita
1259 1283 1327 1321 hic,
1353 1282 1552 1324 separandam
1577 1283 1638 1315 esse
1662 1285 1799 1325 regulam
1820 1294 1838 1315 a
1854 1283 1987 1315 consue·

1126 1326 1237 1357 tudine
1264 1325 1380 1365 regulae
1406 1326 1590 1357 contraria:
1622 1327 1740 1366 quippe
1765 1325 1820 1356 ctfi
1838 1325 1875 1356 ab
1893 1326 1986 1357 initio

1126 1367 1167 1399 ita
1183 1367 1230 1407 jus
1245 1365 1362 1404 fucrit,
1385 1374 1421 1397 ιιι
1442 1365 1646 1397 servitutibus
1663 1376 1728 1398 non
1744 1375 1988 1398 annumeraren-

1126 1416 1176 1440 tur
1200 1417 1270 1448 quae
1297 1415 1419 1438 tantum
1451 1407 1606 1439 haberent
1637 1407 1759 1438 caus-im
1788 1407 1987 1446 voluptatis3

1127 1450 1198 1489 quia
1215 1448 1328 1488 praedia
1347 1448 1470 1489 praediis
1489 1457 1620 1489 propter
1637 1448 1728 1489 Ipsius
1747 1449 1852 1489 praedii
1870 1449 1988 1480 utilita-

1128 1499 1192 1522 tem
1212 1490 1382 1528 servirent,
1412 1499 1472 1521 nec
1492 1489 1636 1530 prodesse
1655 1491 1815 1521 videi-etur
1834 1488 1990 1528 servitm,

1128 1540 1261 1571 quoquo
1280 1532 1378 1562 modo
1400 1530 1589 1570 profutura,
1613 1541 1676 1572 arg.
1696 1531 1715 1563 l.
1736 1541 1785 1571 23.
1810 1530 1852 1562 D.
1875 1531 1908 1561 ale
1921 1536 1989 1567 pac·

1126 1575 1192 1604 tis:
1224 1572 1340 1604 delude
1366 1580 1470 1604 tamen
1495 1571 1586 1603 fuifi'e
1610 1571 1833 1603 consuetudini
1858 1572 1989 1608 datum,

1126 1622 1162 1645 ut
1185 1613 1318 1644 servitus
1344 1623 1407 1644 non
1431 1614 1533 1645 minus
1558 1614 1596 1644 ad
1616 1613 1832 1645 amoenitatem
1850 1636 1860 1651 ‚
1894 1621 1991 1652 quain

1129 1656 1167 1687 ad
1192 1654 1277 1686 usum
1300 1655 1407 1695 praedii
1424 1677 1435 1693 ,
1465 1653 1615 1686 constitui
1644 1654 1758 1696 posset.
1807 1653 1853 1685 Et
1874 1660 1991 1685 movet

1129 1706 1181 1728 nie
1200 1719 1209 1735 ‚
1249 1697 1338 1736 quod
1362 1696 1559 1736 Pomponius
1587 1696 1640 1727 lib.
1668 1705 1719 1738 34.
1751 1695 1789 1727 ad
1813 1695 1962 1727 Sabinum
1978 1716 1991 1733 ,

1129 1737 1214 1774 Hoc,
1238 1738 1359 1778 inquit,
1377 1737 1444 1779 jure
1466 1739 1596 1776 utimur,
1628 1742 1660 1768 ut
1675 1739 1760 1768 etiam
1782 1747 1839 1768 non
1862 1737 1900 1768 ad
1922 1737 1990 1767 irri-

1127 1780 1258 1821 gandum
1274 1801 1283 1815 ,
1301 1780 1355 1816 secl
1377 1779 1484 1818 pecoris
1507 1785 1593 1816 caum
1617 1778 1663 1808 vel
1681 1779 1854 1809 amaenitatis
1870 1801 1879 1816 ‚
1913 1785 1992 1818 aqua

1131 1821 1198 1850 duci
1216 1818 1296 1859 poffit
1316 1819 1335 1849 l.
1355 1829 1382 1859 3.
1411 1819 1440 1849 D
1470 1821 1503 1852 de
1527 1829 1603 1859 aqua
1624 1821 1794 1858 qimticliuna
1821 1818 1857 1853 ἐξ
1880 1816 1990 1849 tetzva.

1133 1860 1233 1899 Item,
1258 1861 1346 1900 quod
1364 1859 1517 1900 Ulpianus
1534 1861 1563 1890 in
1583 1860 1601 1890 l.
1627 1868 1650 1890 1.
1676 1859 1705 1901 §.
1728 1868 1771 1891 11.
1803 1860 1841 1891 D.
1861 1862 1918 1890 eod.
1944 1862 1992 1890 tit.

1132 1902 1211 1933 Illud
1227 1924 1235 1937 ,
1260 1900 1348 1938 infit,
1373 1903 1532 1941 queritur,
1556 1906 1655 1931 utrum
1675 1911 1706 1932 ea
1723 1906 1838 1932 tantum
1855 1910 1932 1941 aqua
1947 1900 1992 1930 his

1132 1941 1290 1972 interdieta
1312 1944 1494 1972 contineatur
1509 1965 1518 1978 ‚
1548 1951 1610 1982 quae
1633 1943 1670 1972 ad
1687 1951 1791 1983 agrum
1807 1943 1992 1982 irrigandum

1127 1984 1271 2023 pertinet,
1302 1992 1341 2013 an
1357 1992 1423 2013 vero
1441 1984 1551 2020 omnis,
1582 1983 1667 2012 eiiam
1685 1992 1718 2013 ea
1732 2005 1742 2020 ‚
1772 1992 1833 2024 quae
1850 1984 1886 2013 aii
1909 1987 1992 2021 usum

1134 2023 1170 2058 &³
1198 2025 1370 2054 commodum
1391 2033 1425 2054 πο
1440 2033 1518 2055 trum
1533 2023 1550 2054 ?
1581 2023 1621 2053 Et
1647 2024 1696 2054 hoc
1707 2024 1776 2065 jure
1791 2026 1902 2054 utimur
1918 2046 1927 2060 ‚
1957 2027 1992 2054 ut

1134 2066 1189 2095 brec
1208 2074 1318 2105 quoque
1335 2066 1525 2095 contineatur.
1568 2064 1689 2104 Propter
1706 2066 1799 2106 quo-l,
1828 2062 1937 2100 etiamsi
1960 2066 1991 2094 iit

1133 2108 1247 2137 urbana
1256 2107 1365 2146 praedia
1383 2108 1446 2146 quis
1462 2115 1568 2146 aquam
1584 2108 1684 2136 ducere
1700 2107 1772 2137 velit
1788 2128 1798 2141 ‚
1829 2108 1878 2136 hoc
1902 2107 1991 2136 inter-

1134 2147 1241 2178 dit-ziam
1256 2148 1347 2178 locam
1363 2148 1461 2177 hahere
1478 2145 1571 2186 potest.
1614 2146 1727 2178 Sensus
1743 2148 1827 2178 enim
1843 2145 1887 2178 est
1898 2170 1906 2182 ,
1926 2156 1993 2178 mo-

1134 2189 1219 2220 ribus
1243 2187 1410 2219 obtinuisse
1431 2189 1577 2219 adversus
1596 2189 1734 2229 rigorem
1751 2188 1823 2228 juris
1837 2212 1847 2226 ,
1876 2197 1911 2218 ut
1927 2196 1991 2218 non

1135 2237 1256 2260 tantum
1276 2230 1314 2260 ad
1332 2230 1542 2270 irrigandum,
1565 2229 1596 2260 id
1612 2229 1674 2267 est,
1699 2230 1737 2260 ad
1760 2228 1845 2260 usum
1864 2228 1993 2260 ncceffi-

1135 2279 1298 2310 tatetnque
1319 2272 1446 2311 praedii3
1479 2269 1529 2301 sed
1549 2271 1644 2301 etiam
1663 2273 1701 2302 ad
1719 2271 1885 2311 quodlibet
1904 2279 1994 2300 coin-

1135 2312 1267 2344 modum
1286 2311 1424 2343 nostrum
1443 2335 1453 2350 ,
1480 2321 1515 2342 ιιι
1532 2321 1675 2351 pecoris,
1708 2313 1759 2343 vel
1781 2311 1993 2349 amoenitatis,

1136 2352 1225 2384 causa
1247 2353 1450 2393 aquaeduftus
1476 2354 1570 2393 poilit
1595 2352 1755 2385 constitui.
1805 2353 1912 2395 Quare
1939 2361 1995 2391 pe·

1135 2395 1224 2426 rinde
1240 2394 1384 2425 habentia
1401 2404 1450 2425 res
1468 2396 1512 2425 eit
1524 2418 1533 2432 ,
1557 2403 1592 2424 ac
1612 2393 1632 2425 fi
1650 2395 1763 2426 Paulus
1781 2394 1844 2424 hoc
1863 2392 1995 2433 scripsis-

1135 2435 1179 2466 set
1198 2437 1318 2467 inodo:
1342 2434 1387 2465 Ut
1406 2445 1536 2475 pomum
1553 2436 1790 2476 dcccrpere,ut
1808 2434 1947 2474 spatiari,
1960 2440 1995 2465 ιιι

1137 2486 1263 2508 coenare
1280 2478 1310 2508 in
1330 2478 1434 2508 alieno
1453 2478 1563 2513 liceat,
1593 2476 1724 2508 serVitus
1743 2477 1870 2516 quidem
1891 2476 1994 2515 impo-

1137 2519 1168 2549 ni
1193 2528 1258 2549 nnn
1282 2518 1405 2558 potest:
1435 2527 1575 2549 attamen
1591 2541 1601 2556 ‚
1632 2516 1653 2548 fi
1673 2519 1879 2558 imponatur,
1908 2516 1994 2547 utilis

1136 2561 1197 2591 erit
1214 2558 1392 2598 impositio:
1416 2559 1480 2590 hoc
1498 2560 1581 2590 enim
1599 2559 1665 2598 jure
1683 2561 1808 2589 utimur.

1175 2605 1204 2631 6.
1235 2600 1333 2644 Quod
1358 2601 1455 2632 miror
1477 2610 1541 2631 non
1566 2600 1628 2631 effe
1653 2599 1852 2630 observatum
1875 2608 1891 2629 a
1920 2597 1997 2629 viris

1140 2642 1256 2674 doetis:
1271 2643 1323 2681 qui
1340 2642 1480 2683 alioquin
1497 2643 1619 2681 optime
1637 2640 1776 2672 habuere
1792 2647 1996 2679 compertum

1139 2684 1171 2715 id
1195 2685 1282 2724 quod
1300 2693 1348 2714 res
1366 2682 1431 2721 est,
1461 2692 1557 2714 omne
1575 2692 1656 2722 pene
1681 2681 1735 2722 Jus
1753 2681 1893 2713 nostrum
1917 2689 1996 2711 con·

1140 2725 1218 2756 stare
1240 2725 1450 2756 centonibus:
1473 2725 1503 2755 in
1523 2724 1636 2763 quibus
1654 2724 1804 2763 pleraque
1825 2721 1997 2761 compluri-

1138 2767 1196 2799 bus
1211 2767 1307 2805 locis,
1331 2765 1383 2796 sed
1402 2775 1466 2797 non
1485 2766 1595 2796 eadem
1613 2774 1761 2804 peraeque
1784 2765 1997 2798 dexteritate.

1140 2808 1273 2846 tradita,
1305 2806 1467 2838 chii-aceras
1492 2807 1660 2837 continent
1684 2804 1944 2842 iiiextricabiles;
1974 2803 1998 2834 fi

1140 2849 1202 2880 sola
1220 2848 1284 2880 fine
1302 2848 1368 2880 aliis
1389 2848 1597 2889 penfitentur:
1622 2847 1817 2878 intellectum
1836 2855 1913 2876 vero
1930 2854 1998 2876 non

1140 2890 1315 2931 effugiunt3
1338 2888 1377 2927 fi,
1401 2890 1543 2921 oninium
1561 2889 1708 2920 locorum
1735 2887 1817 2918 facta
1835 2894 2000 2926 compara-

1141 2933 1229 2961 tione
1243 2954 1251 2967 ,
1274 2931 1315 2968 is,
1337 2930 1390 2970 qui
1405 2939 1514 2970 parum
1534 2929 1618 2960 rene
1637 2938 1689 2960 aut
1706 2931 1809 2960 minus
1827 2929 1921 2969 plene
1943 2926 1999 2956 de-

1139 2972 1271 3012 scriptus
1290 2971 1351 3009 est,
1378 2981 1441 3010 ope
1466 2971 1614 3012 planioris
1635 2970 1818 3010 adjuvetur:
1850 2974 1946 3009 prout
1963 2975 1997 2997 e-

1139 3014 1212 3044 tiam
1239 3014 1270 3044 in
1301 3012 1464 3044 emersuris
1497 3012 1689 3053 quandoque
1721 3008 1998 3042 contrarietatibus·

1139 3053 1318 3092 observari,
1334 3054 1395 3094 jani
1414 3055 1491 3085 olim
1510 3053 1612 3084 voluit
1630 3052 1815 3092 Justinianus
1833 3051 1863 3080 in
1882 3049 1899 3080 l.
1920 3059 1947 3079 2.
1965 3047 1995 3089 §.

1145 3106 1176 3136 ¹5
1213 3096 1244 3126 C.
1266 3097 1298 3126 de
1315 3101 1409 3126 vetere
1421 3096 1489 3136 jure
1503 3095 1697 3125 enucleando:
1727 3094 1756 3124 <Sc
1781 3099 1933 3131 praeterea
1951 3088 1996 3119 fa-

1139 3138 1200 3168 cile
1224 3136 1330 3175 potest
1353 3136 1525 3168 clarescere
1548 3145 1590 3167 ex
1609 3134 1782 3166 collatione
1809 3132 1838 3173 ᾗ.
1860 3143 1889 3172 ‘l-
1923 3128 1997 3169 last.

1140 3177 1203 3223 Qui
1219 3176 1381 3217 testamento
1409 3183 1515 3210 tutores
1539 3178 1604 3209 clari
1617 3174 1732 3218 poffunt
1747 3183 1820 3205 cum
1843 3173 1863 3205 l.
1889 3181 1935 3212 27.
1955 3170 1997 3223 D.

1965 3223 1997 3241 13:
