2036 3495
513 113 603 150 DE

663 112 1384 153 Usurnucru1.1n.11.

1782 129 1854 167 379

754 227 967 264 CAPUT
1034 227 1130 265 VH.

447 307 499 344 An
515 308 627 354 capitis
641 307 869 353 deminutione,
896 307 939 348 &³
955 320 1015 356 qua
1032 310 1199 344 aitiittatirr
1216 308 1440 357 zfiiffrufft'ns?

107 412 209 446 bfolvi
224 407 341 445 modos
352 413 468 454 quibus
484 410 712 445 usumfructum
729 413 832 452 finiri,
848 412 925 444 Pau-

40 416 100 492 Α
121 457 169 488 lus
185 455 228 486 ait
253 453 301 486 lib.
319 465 350 497 3.
378 454 507 486 Sentent.
531 460 579 487 tit.
603 458 632 486 6.
658 455 687 497 §.
715 460 764 489 28.
794 454 925 487 Restant

41 498 156 538 quibus
176 497 345 528 amittatur.
383 497 462 529 tales
482 496 596 528 Paulus
614 500 732 529 eodem
753 498 827 528 loeo
843 497 924 528 facit

39 536 184 580 quinque
204 548 284 580 quos
301 539 482 570 enumeravi
505 538 595 578 supra
613 539 720 579 capite
738 549 770 570 v.
798 538 922 570 Famili-

40 589 91 612 am
108 582 206 613 ducet
222 581 336 620 capitis
352 580 500 611 minutio.
535 589 605 620 quae
622 580 667 613 est
684 579 778 612 status
797 590 921 621 permu-

40 623 122 653 tatio
141 623 158 653 t.
176 630 202 653 1.
222 621 264 652 D.
282 622 315 652 cle
329 623 421 662 capite
437 623 570 653 minutis.
596 623 621 654 is
639 630 745 654 autem
762 622 859 654 status
876 622 922 653 est

39 664 174 704 triplex:
192 663 724 702 libertatis,civitatis,&familiae.
740 663 921 705 sicigitur&

40 705 157 746 triplex
173 704 287 745 capitis
304 705 458 737 minutio:
477 706 631 744 maxima,
647 707 770 744 media,
788 708 818 737 <St
834 706 922 737 mini-

40 754 107 777 ma:
123 747 260 778 maxima
276 746 459 778 libertatem
470 747 593 785 ,media
603 748 923 787 civitatem‚minirna

39 787 189 819 familiam
210 795 311 819 mutat
327 788 346 819 l.
364 789 419 819 ult.
440 788 484 820 D.
502 790 558 820 eod.
578 790 624 822 tit.
649 789 694 821 est
712 798 839 828 tamen,
869 789 923 820 ubi

39 830 155 870 duplex
172 830 306 868 dicitur,
325 831 439 871 capitis
457 831 612 863 minutio:
637 832 695 863 alia
713 840 844 872 magna,
864 832 923 862 alia

36 871 160 907 minor:
183 872 266 903 nulla
289 872 365 912 juris
391 871 589 904 offensione:
613 881 648 904 ut
675 874 789 904 tradidi
815 873 863 904 lio.
888 882 918 903 2.

38 913 192 951 Observat.
210 923 234 944 c.
253 923 303 944 21.
329 913 424 954 igitur
442 913 774 955 tollitur-*ususfructus
789 914 858 955 jure
875 914 918 944 ci-

36 949 90 985 vili
115 955 228 995 capitis
252 955 450 993 minutione,
474 956 503 987 ἃ
521 956 652 996 quidem
671 956 779 988 omni:
803 954 865 986 five
882 954 919 987 fit

35 997 172 1028 maxima
184 1020 193 1034 ,
205 996 268 1028 sive
280 998 401 1036 media,
414 997 477 1029 five
493 998 633 1030 minima.
651 1007 767 1038 nempe
783 996 919 1028 ususfru-

37 1038 105 1069 ctus
123 1039 167 1069 eit
184 1039 231 1078 jus
249 1038 414 1078 personae,
436 1039 523 1078 quod
545 1040 629 1080 perit
648 1038 766 1071 sublata
784 1038 918 1078 persona

36 1080 89 1111 cui
119 1079 285 1111 debeatur.
317 1079 419 1118 fitque
444 1081 475 1112 id
492 1091 556 1112 non
575 1090 698 1112 tantum
716 1089 840 1118 morte,
865 1078 918 1111 sed

36 1122 132 1152 etiam
153 1121 247 1152 ssatus
265 1123 462 1154 mutatione:
478 1122 552 1162 quia
570 1122 629 1154 hac
646 1123 746 1156 homo
764 1122 801 1153 fit
821 1120 918 1160 alius,

36 1172 132 1203 quam
150 1161 222 1194 fuit.
252 1161 289 1194 fit
307 1165 392 1195 enim
412 1173 453 1195 ex
470 1164 573 1195 libero
593 1163 719 1201 servus,
744 1171 798 1194 aut
816 1172 857 1193 ex
878 1162 920 1193 ci-

34 1214 76 1235 ve
93 1205 296 1245 peregi-inus,
316 1213 368 1235 aut
388 1215 429 1236 ex
446 1204 672 1244 patrefamilias
691 1204 918 1235 filiusfamilias.

34 1245 96 1284 ita,
122 1248 209 1285 quod
238 1245 350 1278 Paulus
375 1246 526 1287 indigitat
551 1247 579 1277 d.
596 1248 640 1277 tit.
660 1249 689 1277 ό.
708 1245 737 1287 §.
757 1255 806 1282 29.
831 1246 919 1276 omni

34 1287 148 1327 capitis
166 1287 345 1317 minutione
357 1287 480 1318 tollitur
497 1286 705 1320 ususfructus.
730 1287 827 1318 verba
844 1286 920 1317 Pau-

34 1328 74 1360 li:
100 1327 211 1367 Capitis
228 1329 385 1359 minutione
400 1328 547 1360 amittitur
569 1328 825 1371 (ususfructus),
841 1327 871 1365 fi
886 1329 918 1359 in

35 1371 159 1409 institam
176 1368 367 1409 fruetuarius
391 1371 574 1411 deportetur,
597 1371 644 1401 vet
654 1369 684 1408 fi
698 1380 735 1401 ex
752 1369 839 1409 catilli
859 1379 916 1400 me-

34 1410 99 1446 talli
109 1411 213 1450 servus
226 1417 317 1451 ρατηερ
333 1410 494 1451 efficicitur,
505 1419 558 1443 aut
569 1410 723 1450 sistatuin
742 1421 778 1442 ex
795 1412 917 1452 adroga-

34 1454 128 1489 tione,
152 1452 197 1483 vet
215 1453 364 1492 adoptione
384 1456 549 1485 mutaverit
601 1453 711 1485 Recte.
737 1463 811 1484 nam
827 1453 917 1484 ouini

34 1495 148 1533 capitis
172 1495 351 1525 minutione
375 1494 436 1525 esse
462 1495 574 1527 delinit
600 1495 624 1526 is
642 1496 692 1526 cui
712 1495 806 1526 datus
822 1494 866 1526 est
884 1504 918 1525 u-

32 1533 224 1568 susfructus:
249 1535 279 1567 ἃ
302 1535 354 1575 qui
383 1535 446 1567 effe
469 1538 587 1577 «epit,
612 1538 640 1568 ei
667 1546 732 1568 non
752 1537 796 1568 est
813 1536 916 1568 datus.

38 1585 162 1608 certum
176 1578 206 1607 id
224 1578 255 1608 in
273 1579 409 1608 maxima
424 1577 453 1608 δι
472 1579 578 1610 media
594 1578 707 1619 capitis
725 1578 918 1609 minutione.

34 1625 261 1658 comparantur
287 1619 370 1650 enim
397 1629 470 1650 cum
495 1627 600 1651 morte
625 1621 644 1651 l.
669 1623 721 1660 63.
749 1619 777 1661 ὃ.
798 1619 852 1650 ult.
873 1618 917 1650 D.

34 1659 95 1691 Pro
106 1661 202 1700 jocio.-
227 1669 333 1698 ireque
350 1659 516 1692 absurdum
536 1661 599 1699 est,
622 1660 872 1699 usumfructum,
888 1661 921 1693 id

32 1700 99 1738 est,
122 1700 265 1741 persona²
282 1702 347 1741 jus,
363 1702 509 1744 eittingui
526 1712 618 1743 aeque
636 1703 724 1734 civili
739 1712 777 1733 ac
796 1711 918 1734 natura-

34 1743 56 1774 li
75 1741 215 1782 personae
232 1751 357 1775 morte:
380 1753 453 1775 cum
469 1751 603 1784 utraque
622 1744 775 1775 tollantur
792 1744 859 1784 ejus
873 1744 920 1784 ju-

34 1792 84 1821 ra,
102 1792 175 1814 cum
194 1784 318 1823 civilia,
336 1793 402 1816 tuin
418 1785 580 1816 naturalia.
605 1785 658 1816 sed
677 1784 776 1816 visum
792 1784 838 1817 est
856 1785 920 1817 Ve-

36 1824 178 1862 teribus,
191 1825 274 1856 idem
286 1825 320 1856 in
337 1826 467 1858 minima
485 1826 599 1866 capitis
617 1827 798 1858 minutione
813 1826 920 1859 obser-

33 1875 131 1897 vare:
155 1867 227 1906 quia
253 1865 463 1906 ususfructus,
488 1867 543 1899 etsi
567 1868 712 1908 quaedam
737 1868 856 1899 habeat
878 1877 920 1900 ex

35 1906 145 1945 factm
170 1916 275 1939 tamen
303 1909 474 1947 plurimum
495 1919 538 1941 ex
554 1910 621 1949 jure
639 1917 813 1941 mutuatur.
846 1919 918 1949 quae

34 1959 114 1980 vero
135 1949 208 1987 iuris
224 1950 328 1981 civilis
347 1949 416 1981 sunt
428 1975 437 1989 ‚
452 1951 521 1989 jure
539 1951 643 1991 civili,
659 1952 690 1982 id
707 1950 772 1990 est,
789 1950 920 1982 minima

34 1990 147 2029 capitis
163 1991 359 2030 minutione,
384 1993 626 2033 extinguuntur.
664 1992 757 2024 aliter
771 2002 809 2024 ac
827 1992 847 2024 fl
867 1992 917 2023 ha.

33 2032 149 2063 bitatio
169 2032 310 2071 legetur,
329 2041 383 2064 aut
403 2034 543 2074 legatum
562 2034 760 2075 relinquatur
777 2034 807 2065 in
826 2044 916 2065 men-

34 2072 79 2104 ses
96 2072 234 2115 singulos
251 2075 350 2106 autin
367 2084 469 2106 annos
486 2075 634 2116 singulos.
657 2085 728 2107 nam
745 2083 918 2115 utrumque

35 2115 149 2153 capitis
174 2116 396 2147 deminutione
418 2116 617 2157 perseverat:
641 2117 795 2149 videlicet
811 2140 821 2156 ,
845 2118 918 2157 quia

35 2157 98 2187 tale
115 2157 252 2197 legatum
269 2158 369 2198 magis
386 2158 417 2189 iu
436 2158 524 2190 facto
537 2182 546 2197 ‚
571 2168 665 2200 quam
682 2159 711 2189 in
727 2159 796 2199 jure
808 2183 817 2197 ‚
842 2168 918 2190 con-

35 2197 119 2229 fistit.
156 2198 496 2240 hanc'differcntiam,
518 2208 555 2231 ut
580 2200 656 2231 inihi
687 2201 833 2240 videtur,
858 2201 916 2232 ob-

36 2238 175 2270 servavit
195 2239 400 2274 Modestinus
423 2242 472 2274 lto.
497 2246 526 2276 8.
553 2241 827 2282 Dz'fferentz'orum:
860 2240 917 2273 etsi

35 2287 160 2312 tantum
186 2290 280 2312 unam
305 2282 370 2322 ejus
397 2292 518 2322 partem
539 2284 681 2323 poluerit
695 2282 916 2315 Tribonianus

34 2321 67 2353 in
96 2321 115 2353 l.
138 2331 184 2354 10.
207 2322 250 2353 D.
275 2324 308 2354 cie
332 2326 423 2364 capite
445 2325 586 2356 minutis:
609 2333 734 2356 mutato
762 2326 860 2357 altera
884 2325 916 2356 in

35 2371 125 2403 parte
139 2363 207 2403 jure
223 2372 336 2396 vetere
352 2366 382 2396 in
398 2365 418 2396 l.
442 2369 487 2397 16.
506 2366 534 2408 §.
555 2366 609 2397 ult.
632 2367 664 2397 C.
685 2368 718 2397 de
737 2366 916 2406 usufrut‘tu:

35 2413 72 2435 ut
99 2405 194 2444 paulo
220 2406 290 2446 post
314 2407 450 2438 dicetur.
496 2408 623 2439 iuterim
642 2408 803 2443 monebo,
829 2408 916 2448 quod

36 2455 77 2477 ex
94 2454 204 2478 vetere
221 2448 276 2478 illo
292 2447 360 2487 jure
381 2448 424 2480 fic
440 2448 618 2480 indistincte
636 2448 742 2480 scribit
760 2448 918 2489 Ulpianus

36 2486 57 2517 l.
75 2495 102 2518 1.
121 2487 159 2518 D.
178 2487 292 2533 Quibus
308 2490 397 2520 modis
420 2489 604 2530 ulus-frustm
621 2492 789 2527 cainonem,
811 2490 917 2526 Umm-

32 2527 168 2567 fructum
186 2531 283 2560 amitii
298 2532 399 2572 capitis
414 2532 575 2562 minutione
591 2530 712 2572 constat.
752 2532 794 2564 Et
811 2531 918 2563 obser-

39 2571 172 2600 vandum
184 2593 193 2608 ,
219 2572 306 2611 quod
323 2573 429 2612 addit,
449 2574 546 2604 Parvi
561 2574 666 2612 refert,
684 2580 784 2605 utrum
797 2572 916 2615 jzcrefit

40 2606 211 2648 constitutus
233 2612 414 2650 ostisfrottzis
430 2637 440 2653 ,
471 2625 511 2645 aiz
534 2623 600 2646 vero
625 2616 746 2646 tuitione
768 2617 916 2648 Praetoris.

38 2651 159 2690 proinde
182 2654 306 2683 traditus
327 2664 436 2695 quoque
462 2656 665 2695 ususfrzittm,
689 2658 757 2688 item
773 2657 916 2696 infundo

41 2690 196 2731 vefflgali,
219 2693 265 2723 vel
279 2695 428 2734 superficie
444 2707 501 2728 που
512 2697 581 2737 jure
597 2696 771 2739 constitutus
784 2724 792 2738 ‚
814 2700 917 2738 capitis

41 2733 200 2762 viziizutioize
224 2735 379 2767 amittitur.
414 2735 568 2778 Ulpianus
592 2739 622 2771 ὅτ.
648 2740 720 2778 hic,
744 2741 775 2772 ἃ
795 2741 824 2771 in
845 2740 865 2770 l.
886 2749 915 2774 9.

34 2772 70 2818 §.
93 2782 120 2805 1.
138 2772 180 2805 D.
209 2773 455 2820 Ulufruftunrius
477 2781 713 2820 quemadmodum
736 2789 838 2813 cavent
861 2781 917 2812 du-

39 2816 160 2854 plicem
184 2814 264 2846 facit
290 2816 535 2851 usumfructum:
560 2831 656 2853 unum
683 2823 734 2862 qui
760 2823 827 2864 ipso
848 2823 917 2862 jure

39 2857 270 2888 constituatur:
293 2858 425 2890 alterum
451 2861 503 2900 qui
528 2861 653 2893 constet
679 2864 818 2896 tuitione
836 2864 917 2894 l'rae-

41 2899 132 2930 toris.
165 2898 295 2937 eiusque
313 2901 495 2940 exemplum
511 2903 626 2940 procul
643 2904 741 2936 dubio
758 2906 917 2946 optimum

30 2940 131 2983 ‘quod
145 2937 303 2979 Ulpianus
321 2942 349 2971 ά.
367 2941 386 2971 l.
407 2950 432 2971 1.
453 2943 545 2981 ponit
566 2943 596 2974 in
614 2954 655 2975 eo
671 2947 725 2984 qui
743 2948 774 2978 iu
791 2944 916 2986 superfi-

42 2981 113 3022 cie,
129 2988 183 3014 aut
199 2981 231 3013 in
249 2981 396 3024 vectigali
412 2981 515 3016 fundo
532 2984 744 3019 constituitur.
763 2989 817 3030 qui
834 2987 920 3019 enim

82 3267 162 3302 Tm
186 3270 214 3304 I.

968 413 1067 445 habet
1082 412 1218 446 fundum
1234 415 1330 447 talem
1346 423 1399 446 aut
1415 414 1632 457 superficiem,
1657 426 1722 449 non
1740 416 1785 450 est
1804 415 1850 449 su-

967 455 1110 495 perficiei
1129 465 1183 488 aut
1206 456 1297 489 fundi
1316 458 1484 497 dominus;
1508 457 1560 490 sed
1578 459 1608 489 in
1626 468 1667 490 eo
1684 459 1736 499 jus
1753 459 1851 490 habet

966 497 985 527 l.
1010 506 1054 533 19-
1073 497 1114 528 D.
1132 502 1165 529 cte
1182 501 1284 530 domno
1303 499 1419 539 infecto.
1451 509 1516 532 non
1542 501 1638 541 igitur
1662 500 1767 542 potest
1784 500 1849 540 ejus

966 538 1194 571 usumfructum
1211 540 1425 572 constituere:
1449 540 1529 572 ficut
1550 551 1612 572 nec
1629 542 1734 582 potest
1753 542 1780 573 ei
1798 542 1852 574 aii·

966 589 1016 612 am
1041 579 1227 613 servitutem
1252 582 1431 624 imponere.
1463 584 1493 614 ὅ(
1516 591 1619 614 tamen
1639 584 1658 614 ti
1677 584 1850 614 constituat

966 622 1032 662 eJus
1049 623 1293 663 usumfructum,
1311 624 1387 656 licet
1406 634 1470 656 non
1491 624 1629 656 subfistat
1647 624 1713 665 ipso
1729 626 1797 665 jure
1816 634 1849 655 u-

966 663 1157 703 iussi-uetus,
1175 674 1280 697 tamen
1295 666 1365 706 jure
1382 666 1538 698 Praetoiio
1555 665 1720 697 sustinetur
1735 668 1755 698 ί.
1776 675 1800 698 1.
1819 666 1849 707 §.

965 708 995 736 6.
1014 704 1057 736 D.
1076 705 1333 747 [lestiperficiebus.
1358 708 1410 739 ubi
1422 709 1507 740 enirn
1524 708 1626 749 coepit
1641 708 1760 739 l’roetor
1776 718 1851 739 euni

967 747 1021 787 qui
1039 746 1139 778 habet
1158 748 1355 788 superficiem
1368 775 1376 788 ,
1396 759 1448 781 aut
1467 759 1575 791 ugrum
1595 750 1800 790 vectigalem,
1818 750 1851 780 id

967 787 1030 826 est,
1056 787 1402 831 empliytcuticaritim,
1426 792 1546 824 domini
1563 792 1640 823 loco
1658 792 1794 828 babere,
1818 791 1850 821 &

966 829 995 859 ei
1014 832 1263 863 accommodare
1279 834 1390 865 utilem
1416 833 1447 865 in
1466 842 1535 865 rem
1558 832 1736 865 aaronem:
1762 832 1852 864 dein-

968 871 1008 900 de
1033 870 1234 910 consequens
1259 873 1342 910 fuit3
1368 883 1403 907 ut
1427 875 1562 915 perinde
1590 883 1732 906 tueretur
1750 875 1850 906 usum-

964 910 1105 943 fructum
1124 913 1163 943 ab
1180 913 1227 945 his
1245 915 1455 948 constitutum
1467 941 1477 955 ‚
1494 926 1532 948 ac
1549 916 1570 948 fi
1587 926 1604 948 a
1623 917 1758 949 domino
1772 926 1852 948 con-

960 951 1087 999 stitutus
1107 953 1195 985 effet.
1224 955 1301 987 illud
1322 957 1375 996 qui
1393 959 1561 998 procedit:
1585 959 1674 999 quod
1689 967 1790 999 porro
1807 959 1852 989 ait

962 993 1139 1041 Ulpianus,
1159 997 1310 1028 traditum
1327 1007 1459 1038 quoque
1475 1000 1704 1033 usumfruetum
1719 1010 1785 1032 non
1801 1000 1850 1040 ip-

961 1034 995 1066 so
1007 1045 1097 1075 jure,
1113 1035 1165 1068 sed
1176 1036 1326 1069 Praetoris
1343 1041 1481 1072 tuitione
1497 1041 1694 1074 consistere?
1711 1043 1851 1083 primum

964 1076 1147 1115 sciendum,
1173 1078 1402 1113 usumfructum
1423 1083 1493 1122 jure
1515 1084 1603 1115 civili
1623 1093 1689 1115 non
1708 1084 1852 1115 traditio·

963 1118 1094 1165 ne,.sed
1111 1120 1141 1149 in
1158 1119 1226 1159 jure
1242 1121 1382 1153 ceffionc
1399 1123 1570 1163 constitui;
1594 1125 1724 1157 auctore
1740 1124 1852 1166 Ulpia-

963 1169 1006 1191 no
1025 1169 1056 1190 m
1075 1159 1191 1201 Fragm.
1212 1163 1259 1193 tit.
1281 1172 1327 1199 19.
1346 1163 1375 1205 ᾗ.
1397 1174 1442 1196 ii.
1468 1166 1607 1204 deinde,
1633 1176 1682 1197 res
1701 1167 1853 1209 incorpo—

964 1202 1043 1232 rales
1064 1203 1192 1243 proprie
1210 1212 1276 1235 non
1296 1206 1374 1236 tradi
1392 1206 1472 1245 Lug.
1491 1206 1523 1248 §.
1547 1216 1571 1238 i.
1593 1207 1634 1238 D.
1650 1209 1683 1238 cle
1699 1210 1853 1250 adquiren-

963 1244 997 1273 do
1015 1252 1112 1273 rerum
1128 1245 1272 1276 dominio.-
1296 1245 1347 1277 sed
1365 1246 1451 1287 quali
1469 1249 1549 1279 tradi
1567 1249 1711 1290 intelligi.
1737 1259 1777 1280 ita
1795 1259 1853 1281 tra-

965 1285 1040 1314 dita:
1059 1293 1124 1316 non
1143 1285 1307 1318 subsistunt
1323 1288 1392 1328 jure
1410 1288 1518 1327 civili,
1542 1288 1593 1322 fed
1607 1290 1678 1330 jure
1695 1291 1852 1322 Piaetorio

963 1325 1129 1358 leivantur
1145 1327 1163 1357 l.
1183 1337 1232 1360 20.
1250 1327 1292 1360 D.
1322 1331 1355 1360 cle
1371 1330 1568 1370 firmitatibus
1584 1355 1595 1371 ,
1624 1333 1644 1363 l.
1665 1342 1690 1364 1.
1710 1331 1738 1374 §.
1760 1343 1788 1364 2.
1808 1332 1851 1364 D.

961 1368 1199 1405 deservitutz'liux
1215 1368 1390 1410 rusticorum
1403 1374 1589 1412 praeiliorum.

986 1408 1103 1454 ‘Quod
1119 1410 1273 1451 exposui,
1299 1422 1390 1444 vetus
1404 1415 1453 1454 jus
1470 1413 1525 1446 est.
1556 1423 1714 1447 mutatum
1733 1424 1749 1446 a
1764 1415 1853 1456 justi,

961 1459 1058 1481 niano
1075 1451 1094 1481 l.
1109 1457 1176 1492 pen.
1200 1452 1226 1494 §.
1245 1454 1299 1483 ult.
1322 1454 1355 1485 C.
1375 1455 1408 1486 de
1424 1455 1601 1495 ztlufrztetu:
1628 1458 1730 1489 voluit
1746 1459 1771 1489 is
1793 1457 1854 1489 im-

961 1501 1113 1536 perator,
1138 1492 1368 1527 usumfructum
1393 1497 1464 1528 tolli
1488 1497 1643 1539 deinceps
1663 1500 1777 1540 capitis
1796 1501 1854 1531 mi-

963 1541 1098 1565 nutione
1118 1542 1241 1567 tantum
1259 1538 1397 1569 maxima
1414 1538 1444 1569 δὲ
1460 1539 1585 1578 media;
1603 1550 1668 1571 non
1684 1543 1782 1572 etiam
1797 1542 1854 1572 mi-

963 1576 1066 1606 nima:
1091 1584 1191 1616 pum,
1216 1579 1306 1618 quod
1323 1579 1460 1610 maxima
1477 1580 1507 1610 <Sc
1524 1581 1629 1612 media
1648 1583 1744 1613 morti
1762 1592 1852 1614 com-

964 1625 1134 1657 parantur:
1159 1619 1289 1651 iiiiniina
1307 1629 1439 1661 contra,
1456 1620 1512 1652 etfi
1531 1630 1634 1655 mutet
1650 1622 1780 1655 familiae
1795 1624 1853 1656 sta-

965 1666 1053 1697 tum,
1077 1668 1185 1701 eoque
1211 1661 1303 1695 aliam
1326 1661 1425 1694 faciat
1449 1662 1637 1704 personam,
1662 1671 1768 1697 tamen
1792 1675 1852 1705 pro

963 1709 1070 1745 morte
1087 1710 1152 1733 non
1171 1702 1328 1743 habetur3
1352 1705 1492 1746 denique
1510 1705 1634 1738 constat
1651 1708 1749 1748 magis
1766 1707 1853 1740 civili

963 1741 1158 1782 iubtilitate,
1182 1753 1275 1782 quam
1293 1746 1426 1778 naturali
1442 1747 1578 1779 ratione.
1609 1747 1802 1788 justinianus
1820 1752 1851 1781 d.

963 1782 1015 1814 loc.
1033 1783 1071 1830 id
1088 1784 1140 1815 tali
1159 1784 1300 1817 ostendit
1316 1788 1480 1828 exemplo.
1506 1787 1609 1834 Quare
1623 1789 1739 1830 enimsi
1751 1790 1852 1831 filius-

956 1824 1095 1864 famzlzas
1112 1826 1209 1865 suerit
1232 1827 1276 1867 is,
1297 1829 1349 1868 qui
1369 1829 1585 1870 usmnsruetuin
1602 1831 1703 1872 habet,
1719 1833 1802 1874 forte
1816 1842 1853 1865 ex

962 1864 1101 1906 castrenfi
1120 1868 1253 1914 peculio,
1277 1871 1328 1900 uoz·
1350 1880 1401 1901 nec
1411 1874 1496 1912 patri
1512 1873 1700 1913 ususfructus
1718 1876 1851 1917 adquiri-

963 1912 1014 1937 tur
1024 1931 1046 1953 „
1056 1910 1082 1938 ei
1097 1907 1267 1950 paffeſjmii,
1287 1918 1340 1957 per
1364 1912 1617 1953 emancipationem
1639 1924 1704 1947 euin
1719 1919 1850 1950 amiitat.

962 1947 1076 1996 Senius
1099 1951 1158 1982 est:
1187 1953 1274 1992 quod
1300 1953 1520 1988 filiusfamilias
1543 1958 1803 1998 emancipatione
1822 1969 1853 1990 a·

961 1998 1063 2021 mittit
1079 1990 1310 2025 usumfruttum
1326 2005 1367 2026 ex
1379 1996 1526 2029 castrensi
1543 1999 1672 2037 peculio
1688 1999 1744 2032 fibi
1760 2009 1852 2032 com-

960 2039 1125 2072 paratum:
1141 2043 1331 2075 quamquam
1345 2037 1370 2068 is
1381 2037 1576 2071 ususnuctus
1591 2048 1707 2081 utpote
1717 2041 1852 2082 sequens

962 2072 1268 2121 castrensis-peculii
1293 2077 1434 2117 causam,
1459 2090 1633 2122 numquam
1657 2084 1696 2115 ad
1710 2084 1779 2123 ejus
1796 2094 1850 2125 pa-

962 2122 1044 2146 trem
1061 2124 1233 2162 pertinum
1248 2127 1290 2149 ne
1306 2127 1381 2151 ante
1396 2123 1690 2163 emancipationem
1705 2125 1850 2166 quidem.

962 2166 999 2188 ea
1014 2166 1095 2203 yero
1112 2167 1143 2203 in
1164 2167 1198 2189 re
1220 2168 1306 2204 mera
1323 2160 1368 2192 est
1386 2161 1561 2203 subtilitas,
1584 2159 1708 2198 nullum
1727 2168 1848 2200 liabens

960 2198 1187 2231 rationabilem
1206 2209 1339 2233 exitum.
1370 2204 1468 2245 igitur
1484 2215 1593 2238 motus
1611 2206 1677 2238 hoe
1694 2211 1847 2251 exemplo

962 2239 1144 2279 Imperator
1158 2242 1227 2287 φὶ.
1241 2250 1308 2283 pen.
1328 2243 1357 2285 §.
1376 2246 1429 2276 ult.
1454 2248 1559 2278 noluit
1576 2248 1730 2291 deinceps
1747 2251 1848 2284 usum-

960 2281 1098 2326 sruflum
1122 2292 1251 2315 minima
1277 2285 1344 2317 toln
1364 2288 1475 2328 capitis
1493 2290 1717 2322 deminutione
1734 2302 1796 2334 qua
1813 2304 1850 2325 o-

959 2323 1015 2354 lim
1040 2323 1225 2371 tollebantur.
1269 2325 1348 2358 Dixi
1373 2330 1461 2369 quod
1488 2331 1565 2362 milii
1585 2333 1721 2365 videtur.
1768 2336 1846 2367 Aliis

961 2364 1087 2404 placet,
1109 2373 1268 2398 rationem
1287 2371 1401 2401 mutati
1417 2371 1491 2410 juris
1508 2381 1621 2412 petere
1637 2383 1678 2405 ex
1696 2374 1715 2406 l.
1734 2376 1788 2409 ult.
1812 2378 1846 2409 C.

961 2406 994 2436 de
1003 2407 1285 2452 ’emancipationibus
1298 2412 1469 2443 tz'berorzmz:
1485 2414 1515 2444 in
1531 2423 1591 2452 qua
1608 2415 1765 2450 tolluntur
1781 2428 1846 2451 em·

961 2455 1091 2494 ptiones
1115 2458 1152 2480 ac
1177 2451 1402 2491 venditiones,
1426 2456 1751 2498 nianumiiiionesque
1768 2461 1846 2492 ima-

961 2497 1110 2529 gmarrae,
1135 2491 1249 2531 quibus
1273 2491 1356 2524 filius
1372 2494 1446 2532 Jure
1463 2494 1558 2528 Civili
1578 2498 1608 2529 iu
1628 2497 1772 2533 servilem
1790 2503 1845 2535 sta-

963 2538 1031 2561 tum
1054 2531 1296 2576 detrudebatur.
1327 2535 1380 2566 sed
1403 2538 1491 2576 quod
1515 2539 1669 2580 dixerim,
1694 2551 1774 2582 pace
1791 2554 1845 2576 eo·

962 2581 1031 2603 rum
1048 2581 1103 2619 qui
1119 2572 1161 2605 fic
1176 2573 1333 2614 sentiunt,
1358 2587 1462 2610 errant
1481 2587 1549 2611 tota
1567 2581 1625 2612 via.
1658 2583 1713 2616 etii
1734 2587 1843 2619 viden-

960 2621 1010 2645 tur
1035 2613 1089 2645 {ibi
1113 2615 1263 2647 idoneam
1280 2617 1390 2650 facere
1404 2620 1643 2654 collectionem.
1675 2636 1740 2659 unu
1757 2629 1842 2661 enim

960 2655 1024 2686 huc
1035 2655 1174 2702 respexit
1193 2658 1391 2700 Imperator3
1408 2671 1448 2693 ne
1466 2665 1572 2700 potuit
1588 2666 1718 2704 quidem
1738 2679 1778 2701 eo
1797 2680 1844 2701 re-

959 2695 1091 2736 spicere.
1104 2699 1220 2744 itane‘?
1243 2699 1379 2740 subiecta
1394 2704 1496 2737 oculis
1511 2704 1752 2746 Subscriptione
1770 2713 1842 2743 uti-i-

961 2747 1062 2777 usque
1081 2739 1158 2786 legis
1175 2743 1360 2782 apparebit,
1384 2745 1411 2776 d.
1429 2744 1448 2776 l.
1469 2746 1524 2785 ult.
1550 2747 1612 2780 effe
1630 2750 1841 2790 posteriorem

961 2780 988 2810 d.
1006 2780 1107 2826 [φεμ.
1131 2789 1178 2828 ita
1194 2790 1259 2830 non
1277 2785 1413 2824 potuiffe
1429 2788 1587 2821 rationem
1608 2790 1698 2832 hujus
1716 2793 1843 2824 Consti-

961 2828 1095 2866 tutionis
1113 2830 1178 2863 peti
1195 2832 1236 2856 ex
1250 2825 1302 2857 illa
1318 2835 1388 2867 quae
1405 2837 1471 2861 tum
1489 2832 1632 2863 nondum
1651 2843 1726 2864 erat.
1756 2834 1842 2865 Veri-

961 2860 1098 2909 similius-
1115 2865 1184 2905 quis
1207 2867 1376 2908 conjiciat,
1400 2870 1591 2912 interpolata
1617 2884 1656 2905 ex
1681 2876 1708 2916 ᾗ,
1732 2884 1755 2905 i.
1773 2875 1839 2907 sz.1.

956 2910 1024 2944 pen.
1050 2904 1112 2936 elie
1138 2915 1154 2937 a
1179 2904 1384 2941 Triboniano
1408 2912 1567 2952 postrema
1595 2914 1678 2946 Pauli
1699 2917 1793 2946 verba
1810 2917 1840 2949 in

962 2945 982 2976 l.
997 2955 1022 2976 1.
1042 2945 1084 2976 D.
1101 2948 1134 2978 de
1152 2948 1205 2988 usa
1220 2949 1256 2984 &
1272 2952 1430 2991 usufrufiu
1447 2955 1558 2995 legato,
1575 2956 1695 2986 insertis
1713 2958 1840 2997 verbis,

963 2995 999 3018 ex
1014 2996 1121 3030 magna
1135 2992 1232 3032 cause.
1269 2992 1332 3027 Sed
1350 2995 1390 3027 de
1407 2998 1519 3037 capitis
1536 2997 1715 3028 minutione
1733 2998 1817 3032 iiius,

1143 3281 1282 3314 12be
