<?xml version="1.0" encoding="UTF-8"?>
<!DOCTYPE html PUBLIC "-//W3C//DTD XHTML 1.0 Transitional//EN"
    "http://www.w3.org/TR/xhtml1/DTD/xhtml1-transitional.dtd">
<html xmlns="http://www.w3.org/1999/xhtml" xml:lang="en" lang="en">
 <head>
  <title>
</title>
<meta http-equiv="Content-Type" content="text/html;charset=utf-8" />
  <meta name='ocr-system' content='tesseract 3.04.00' />
  <meta name='ocr-capabilities' content='ocr_page ocr_carea ocr_par ocr_line ocrx_word'/>
</head>
<body>
  <div class='ocr_page' id='page_1' title='image "./gerardinoodtnovi00nood_0959.png"; bbox 0 0 2036 3495; ppageno 0'>
   <div class='ocr_carea' id='block_1_1' title="bbox 384 76 923 118">
    <p class='ocr_par' dir='ltr' id='par_1_1' title="bbox 384 76 923 118">
     <span class='ocr_line' id='line_1_1' title="bbox 384 76 923 118; baseline -0.011 0"><span class='ocrx_word' id='word_1_1' title='bbox 384 77 440 118; x_wconf 79' lang='lat' dir='ltr'>AD</span> <span class='ocrx_word' id='word_1_2' title='bbox 466 81 556 115; x_wconf 79' lang='lat' dir='ltr'>L113.</span> <span class='ocrx_word' id='word_1_3' title='bbox 586 77 695 113; x_wconf 83' lang='lat' dir='ltr'>XXII.</span> <span class='ocrx_word' id='word_1_4' title='bbox 723 77 825 112; x_wconf 80' lang='lat' dir='ltr'>T1T.</span> <span class='ocrx_word' id='word_1_5' title='bbox 855 76 923 112; x_wconf 84' lang='lat' dir='ltr'>VI.</span> 
     </span>
    </p>
   </div>
   <div class='ocr_carea' id='block_1_2' title="bbox 975 74 1814 123">
    <p class='ocr_par' dir='ltr' id='par_1_2' title="bbox 975 74 1814 123">
     <span class='ocr_line' id='line_1_2' title="bbox 975 74 1814 123; baseline -0.002 -11"><span class='ocrx_word' id='word_1_6' title='bbox 975 75 1025 112; x_wconf 88' lang='lat' dir='ltr'>De</span> <span class='ocrx_word' id='word_1_7' title='bbox 1029 76 1113 122; x_wconf 82' lang='lat' dir='ltr'>juris</span> <span class='ocrx_word' id='word_1_8' title='bbox 1132 74 1172 115; x_wconf 62' lang='grc' dir='ltr'>ὅ)</span> <span class='ocrx_word' id='word_1_9' title='bbox 1185 74 1270 122; x_wconf 55' lang='lat' dir='ltr'>fabii</span> <span class='ocrx_word' id='word_1_10' title='bbox 1288 76 1475 122; x_wconf 74' lang='lat' dir='ltr'>ignorantia.</span> <span class='ocrx_word' id='word_1_11' title='bbox 1746 79 1814 123; x_wconf 62' lang='lat' dir='ltr'>372²r</span> 
     </span>
    </p>
   </div>
   <div class='ocr_carea' id='block_1_3' title="bbox 30 163 1814 212">
    <p class='ocr_par' dir='ltr' id='par_1_3' title="bbox 30 163 1814 212">
     <span class='ocr_line' id='line_1_3' title="bbox 30 163 1814 212; baseline -0.006 -7"><span class='ocrx_word' id='word_1_12' title='bbox 30 169 174 212; x_wconf 80' lang='lat' dir='ltr'>lucrum,</span> <span class='ocrx_word' id='word_1_13' title='bbox 204 178 269 203; x_wconf 90' lang='lat' dir='ltr'>non</span> <span class='ocrx_word' id='word_1_14' title='bbox 298 169 393 202; x_wconf 85' lang='lat' dir='ltr'>etiam</span> <span class='ocrx_word' id='word_1_15' title='bbox 430 169 553 202; x_wconf 83' lang='lat' dir='ltr'>adferre</span> <span class='ocrx_word' id='word_1_16' title='bbox 577 167 744 204; x_wconf 86' lang='lat' dir='ltr'>damnum,</span> <span class='ocrx_word' id='word_1_17' title='bbox 785 172 817 196; x_wconf 87' lang='lat' dir='ltr'>at</span> <span class='ocrx_word' id='word_1_18' title='bbox 842 173 903 196; x_wconf 91' lang='lat' dir='ltr'>nec</span> <span class='ocrx_word' id='word_1_19' title='bbox 947 165 979 196; x_wconf 94' lang='lat' dir='ltr'>lo</span> <span class='ocrx_word' id='word_1_20' title='bbox 997 166 1024 197; x_wconf 79' lang='lat' dir='ltr'>d.</span> <span class='ocrx_word' id='word_1_21' title='bbox 1040 165 1059 196; x_wconf 79' lang='lat' dir='ltr'>l.</span> <span class='ocrx_word' id='word_1_22' title='bbox 1073 174 1100 202; x_wconf 89' lang='lat'>9.</span> <span class='ocrx_word' id='word_1_23' title='bbox 1119 166 1148 206; x_wconf 86' lang='lat'>§.</span> <span class='ocrx_word' id='word_1_24' title='bbox 1171 174 1193 196; x_wconf 81' lang='lat' dir='ltr'>t.</span> <span class='ocrx_word' id='word_1_25' title='bbox 1234 164 1263 195; x_wconf 88' lang='lat' dir='ltr'>Si</span> <span class='ocrx_word' id='word_1_26' title='bbox 1282 164 1499 196; x_wconf 80' lang='lat' dir='ltr'>filiusfamilias</span> <span class='ocrx_word' id='word_1_27' title='bbox 1522 163 1613 196; x_wconf 89' lang='lat' dir='ltr'>miles</span> <span class='ocrx_word' id='word_1_28' title='bbox 1628 172 1645 194; x_wconf 83' lang='lat' dir='ltr'>a</span> <span class='ocrx_word' id='word_1_29' title='bbox 1661 164 1814 196; x_wconf 86' lang='lat' dir='ltr'>commili-</span> 
     </span>
    </p>
   </div>
   <div class='ocr_carea' id='block_1_4' title="bbox 32 205 907 2139">
    <p class='ocr_par' dir='ltr' id='par_1_4' title="bbox 32 205 907 2139">
     <span class='ocr_line' id='line_1_4' title="bbox 32 205 900 248; baseline -0.013 -1"><span class='ocrx_word' id='word_1_30' title='bbox 32 217 148 247; x_wconf 85' lang='lat' dir='ltr'>damno</span> <span class='ocrx_word' id='word_1_31' title='bbox 166 215 313 246; x_wconf 86' lang='lat' dir='ltr'>eximere.</span> <span class='ocrx_word' id='word_1_32' title='bbox 333 210 410 243; x_wconf 87' lang='lat' dir='ltr'>Non</span> <span class='ocrx_word' id='word_1_33' title='bbox 430 212 492 242; x_wconf 85' lang='lat' dir='ltr'>alio</span> <span class='ocrx_word' id='word_1_34' title='bbox 508 209 606 243; x_wconf 88' lang='lat' dir='ltr'>modo</span> <span class='ocrx_word' id='word_1_35' title='bbox 623 208 748 248; x_wconf 86' lang='lat' dir='ltr'>accipio</span> <span class='ocrx_word' id='word_1_36' title='bbox 765 206 829 237; x_wconf 90' lang='lat' dir='ltr'>hoc</span> <span class='ocrx_word' id='word_1_37' title='bbox 846 205 900 238; x_wconf 89' lang='lat' dir='ltr'>Pa·</span> 
     </span>
     <span class='ocr_line' id='line_1_5' title="bbox 32 245 895 296; baseline -0.013 -9"><span class='ocrx_word' id='word_1_38' title='bbox 32 256 147 296; x_wconf 82' lang='lat' dir='ltr'>piniani</span> <span class='ocrx_word' id='word_1_39' title='bbox 166 257 184 286; x_wconf 82' lang='lat' dir='ltr'>l.</span> <span class='ocrx_word' id='word_1_40' title='bbox 209 264 236 292; x_wconf 81' lang='lat'>7.</span> <span class='ocrx_word' id='word_1_41' title='bbox 263 254 290 284; x_wconf 83' lang='lat' dir='ltr'>d.</span> <span class='ocrx_word' id='word_1_42' title='bbox 314 258 334 283; x_wconf 77' lang='lat' dir='ltr'>t.</span> <span class='ocrx_word' id='word_1_43' title='bbox 353 253 439 293; x_wconf 78' lang='lat' dir='ltr'>Jurz&#39;s</span> <span class='ocrx_word' id='word_1_44' title='bbox 455 250 622 293; x_wconf 79' lang='lat' dir='ltr'>ignorantia</span> <span class='ocrx_word' id='word_1_45' title='bbox 645 258 701 279; x_wconf 83' lang='lat' dir='ltr'>non</span> <span class='ocrx_word' id='word_1_46' title='bbox 720 245 832 288; x_wconf 70' lang='lat' dir='ltr'>prodest</span> <span class='ocrx_word' id='word_1_47' title='bbox 847 249 895 277; x_wconf 82' lang='lat' dir='ltr'>ad-</span> 
     </span>
     <span class='ocr_line' id='line_1_6' title="bbox 35 290 897 340; baseline -0.012 -12"><span class='ocrx_word' id='word_1_48' title='bbox 35 300 146 340; x_wconf 73' lang='lat' dir='ltr'>quirere</span> <span class='ocrx_word' id='word_1_49' title='bbox 165 296 340 327; x_wconf 66' lang='lat' dir='ltr'>volentibus:</span> <span class='ocrx_word' id='word_1_50' title='bbox 359 297 448 335; x_wconf 79' lang='lat' dir='ltr'>suum</span> <span class='ocrx_word' id='word_1_51' title='bbox 463 301 530 324; x_wconf 84' lang='lat' dir='ltr'>vero</span> <span class='ocrx_word' id='word_1_52' title='bbox 542 290 704 330; x_wconf 72' lang='lat' dir='ltr'>petentibus</span> <span class='ocrx_word' id='word_1_53' title='bbox 722 298 778 319; x_wconf 80' lang='lat' dir='ltr'>non</span> <span class='ocrx_word' id='word_1_54' title='bbox 799 294 897 318; x_wconf 77' lang='lat' dir='ltr'>nocet:</span> 
     </span>
     <span class='ocr_line' id='line_1_7' title="bbox 36 330 895 376; baseline -0.013 -7"><span class='ocrx_word' id='word_1_55' title='bbox 36 348 113 369; x_wconf 81' lang='lat' dir='ltr'>item</span> <span class='ocrx_word' id='word_1_56' title='bbox 132 340 160 368; x_wconf 84' lang='lat' dir='ltr'>iu</span> <span class='ocrx_word' id='word_1_57' title='bbox 178 337 197 367; x_wconf 90' lang='lat' dir='ltr'>l.</span> <span class='ocrx_word' id='word_1_58' title='bbox 218 342 245 370; x_wconf 79' lang='lat'>8.</span> <span class='ocrx_word' id='word_1_59' title='bbox 262 335 351 376; x_wconf 71' lang='lat' dir='ltr'>Juris</span> <span class='ocrx_word' id='word_1_60' title='bbox 375 344 450 365; x_wconf 83' lang='lat' dir='ltr'>error</span> <span class='ocrx_word' id='word_1_61' title='bbox 474 342 523 363; x_wconf 80' lang='lat' dir='ltr'>nec</span> <span class='ocrx_word' id='word_1_62' title='bbox 531 332 664 372; x_wconf 85' lang='lat' dir='ltr'>soeminis</span> <span class='ocrx_word' id='word_1_63' title='bbox 679 333 709 361; x_wconf 73' lang='lat' dir='ltr'>z&#39;n</span> <span class='ocrx_word' id='word_1_64' title='bbox 726 330 895 368; x_wconf 81' lang='lat' dir='ltr'><em>compendiis</em></span> 
     </span>
     <span class='ocr_line' id='line_1_8' title="bbox 33 371 895 421; baseline -0.012 -12"><span class='ocrx_word' id='word_1_65' title='bbox 33 372 150 421; x_wconf 64' lang='lat' dir='ltr'>prodest.</span> <span class='ocrx_word' id='word_1_66' title='bbox 163 378 300 409; x_wconf 67' lang='lat' dir='ltr'>Caezerum</span> <span class='ocrx_word' id='word_1_67' title='bbox 317 376 444 407; x_wconf 74' lang='lat' dir='ltr'>omnibus</span> <span class='ocrx_word' id='word_1_68' title='bbox 453 375 530 416; x_wconf 80' lang='lat' dir='ltr'>juris</span> <span class='ocrx_word' id='word_1_69' title='bbox 545 381 622 403; x_wconf 85' lang='lat' dir='ltr'>error</span> <span class='ocrx_word' id='word_1_70' title='bbox 636 373 666 403; x_wconf 86' lang='lat' dir='ltr'>in</span> <span class='ocrx_word' id='word_1_71' title='bbox 683 372 794 401; x_wconf 71' lang='lat' dir='ltr'>damnis</span> <span class='ocrx_word' id='word_1_72' title='bbox 809 371 895 400; x_wconf 78' lang='lat' dir='ltr'>amic-</span> 
     </span>
     <span class='ocr_line' id='line_1_9' title="bbox 35 410 893 458; baseline -0.012 -7"><span class='ocrx_word' id='word_1_73' title='bbox 35 415 124 452; x_wconf 66' lang='lat' dir='ltr'>tendce</span> <span class='ocrx_word' id='word_1_74' title='bbox 138 419 250 458; x_wconf 72' lang='lat' dir='ltr'>reisue</span> <span class='ocrx_word' id='word_1_75' title='bbox 267 428 322 448; x_wconf 81' lang='lat' dir='ltr'>non</span> <span class='ocrx_word' id='word_1_76' title='bbox 338 423 425 448; x_wconf 74' lang='lat' dir='ltr'>nocer.</span> <span class='ocrx_word' id='word_1_77' title='bbox 459 413 569 446; x_wconf 87' lang='lat' dir='ltr'>Sensus</span> <span class='ocrx_word' id='word_1_78' title='bbox 588 412 746 456; x_wconf 74' lang='lat' dir='ltr'>PapIniani</span> <span class='ocrx_word' id='word_1_79' title='bbox 765 410 829 447; x_wconf 84' lang='lat' dir='ltr'>cst,</span> <span class='ocrx_word' id='word_1_80' title='bbox 851 411 893 450; x_wconf 84' lang='lat' dir='ltr'>ju·</span> 
     </span>
     <span class='ocr_line' id='line_1_10' title="bbox 32 453 893 499; baseline -0.015 -5"><span class='ocrx_word' id='word_1_81' title='bbox 32 463 73 494; x_wconf 85' lang='lat' dir='ltr'>ris</span> <span class='ocrx_word' id='word_1_82' title='bbox 90 469 228 492; x_wconf 88' lang='lat' dir='ltr'>errorem</span> <span class='ocrx_word' id='word_1_83' title='bbox 247 467 350 499; x_wconf 86' lang='lat' dir='ltr'>neque</span> <span class='ocrx_word' id='word_1_84' title='bbox 374 466 491 493; x_wconf 85' lang='lat' dir='ltr'>mares,</span> <span class='ocrx_word' id='word_1_85' title='bbox 513 463 617 499; x_wconf 84' lang='lat' dir='ltr'>neque</span> <span class='ocrx_word' id='word_1_86' title='bbox 642 453 788 485; x_wconf 81' lang='lat' dir='ltr'>foeminas</span> <span class='ocrx_word' id='word_1_87' title='bbox 806 460 893 482; x_wconf 88' lang='lat' dir='ltr'>com-</span> 
     </span>
     <span class='ocr_line' id='line_1_11' title="bbox 35 494 896 538; baseline -0.014 -4"><span class='ocrx_word' id='word_1_88' title='bbox 35 503 135 535; x_wconf 78' lang='lat' dir='ltr'>modo</span> <span class='ocrx_word' id='word_1_89' title='bbox 154 501 298 538; x_wconf 86' lang='lat' dir='ltr'>afficere;</span> <span class='ocrx_word' id='word_1_90' title='bbox 321 502 390 530; x_wconf 87' lang='lat' dir='ltr'>nam</span> <span class='ocrx_word' id='word_1_91' title='bbox 413 496 443 528; x_wconf 91' lang='lat' dir='ltr'>in</span> <span class='ocrx_word' id='word_1_92' title='bbox 469 495 564 528; x_wconf 82' lang='lat' dir='ltr'>lucris</span> <span class='ocrx_word' id='word_1_93' title='bbox 589 494 696 526; x_wconf 82' lang='lat' dir='ltr'>obeffe</span> <span class='ocrx_word' id='word_1_94' title='bbox 721 494 870 524; x_wconf 88' lang='lat' dir='ltr'>omnibus</span> <span class='ocrx_word' id='word_1_95' title='bbox 886 514 896 530; x_wconf 95' lang='lat'>,</span> 
     </span>
     <span class='ocr_line' id='line_1_12' title="bbox 34 536 897 579; baseline -0.013 -4"><span class='ocrx_word' id='word_1_96' title='bbox 34 550 98 575; x_wconf 87' lang='lat' dir='ltr'>tam</span> <span class='ocrx_word' id='word_1_97' title='bbox 114 543 269 579; x_wconf 85' lang='lat' dir='ltr'>foeminis,</span> <span class='ocrx_word' id='word_1_98' title='bbox 290 547 380 579; x_wconf 85' lang='lat' dir='ltr'>quam</span> <span class='ocrx_word' id='word_1_99' title='bbox 397 537 558 569; x_wconf 85' lang='lat' dir='ltr'>maribus:</span> <span class='ocrx_word' id='word_1_100' title='bbox 589 538 619 567; x_wconf 91' lang='lat' dir='ltr'>in</span> <span class='ocrx_word' id='word_1_101' title='bbox 645 536 765 567; x_wconf 87' lang='lat' dir='ltr'>damnis</span> <span class='ocrx_word' id='word_1_102' title='bbox 790 540 897 565; x_wconf 85' lang='lat' dir='ltr'>autem</span> 
     </span>
     <span class='ocr_line' id='line_1_13' title="bbox 35 578 897 624; baseline -0.012 -9"><span class='ocrx_word' id='word_1_103' title='bbox 35 589 100 616; x_wconf 77' lang='lat' dir='ltr'>‘non</span> <span class='ocrx_word' id='word_1_104' title='bbox 126 581 269 624; x_wconf 84' lang='lat' dir='ltr'><strong>prodesse</strong></span> <span class='ocrx_word' id='word_1_105' title='bbox 287 579 442 612; x_wconf 87' lang='lat' dir='ltr'>omnibus.</span> <span class='ocrx_word' id='word_1_106' title='bbox 475 578 584 610; x_wconf 75' lang='lat' dir='ltr'>itane?</span> <span class='ocrx_word' id='word_1_107' title='bbox 608 586 672 608; x_wconf 88' lang='lat' dir='ltr'>non</span> <span class='ocrx_word' id='word_1_108' title='bbox 696 584 814 607; x_wconf 85' lang='lat' dir='ltr'>nocere</span> <span class='ocrx_word' id='word_1_109' title='bbox 835 583 897 606; x_wconf 91' lang='lat' dir='ltr'>non</span> 
     </span>
     <span class='ocr_line' id='line_1_14' title="bbox 35 615 899 662; baseline -0.013 -5"><span class='ocrx_word' id='word_1_110' title='bbox 35 625 80 657; x_wconf 86' lang='lat' dir='ltr'>est</span> <span class='ocrx_word' id='word_1_111' title='bbox 90 622 247 662; x_wconf 81' lang='lat' dir='ltr'>prodesse:</span> <span class='ocrx_word' id='word_1_112' title='bbox 261 621 309 652; x_wconf 85' lang='lat' dir='ltr'>scd</span> <span class='ocrx_word' id='word_1_113' title='bbox 327 620 371 652; x_wconf 86' lang='lat' dir='ltr'>est</span> <span class='ocrx_word' id='word_1_114' title='bbox 390 621 528 652; x_wconf 86' lang='lat' dir='ltr'>medium</span> <span class='ocrx_word' id='word_1_115' title='bbox 545 620 627 650; x_wconf 89' lang='lat' dir='ltr'>inter</span> <span class='ocrx_word' id='word_1_116' title='bbox 644 626 762 662; x_wconf 87' lang='lat' dir='ltr'>nocere</span> <span class='ocrx_word' id='word_1_117' title='bbox 779 615 810 647; x_wconf 71' lang='grc' dir='ltr'>ὁ(</span> <span class='ocrx_word' id='word_1_118' title='bbox 827 624 899 656; x_wconf 88' lang='lat' dir='ltr'>pro-</span> 
     </span>
     <span class='ocr_line' id='line_1_15' title="bbox 36 657 899 699; baseline -0.014 0"><span class='ocrx_word' id='word_1_119' title='bbox 36 666 139 699; x_wconf 81' lang='lat' dir='ltr'>deffe:</span> <span class='ocrx_word' id='word_1_120' title='bbox 170 671 202 695; x_wconf 91' lang='lat' dir='ltr'>ut</span> <span class='ocrx_word' id='word_1_121' title='bbox 225 673 287 694; x_wconf 88' lang='lat' dir='ltr'>non</span> <span class='ocrx_word' id='word_1_122' title='bbox 316 662 399 694; x_wconf 74' lang='lat' dir='ltr'>velle</span> <span class='ocrx_word' id='word_1_123' title='bbox 422 661 466 693; x_wconf 88' lang='lat' dir='ltr'>est</span> <span class='ocrx_word' id='word_1_124' title='bbox 492 662 629 692; x_wconf 84' lang='lat' dir='ltr'>medium</span> <span class='ocrx_word' id='word_1_125' title='bbox 654 663 737 690; x_wconf 78' lang='lat' dir='ltr'>inter</span> <span class='ocrx_word' id='word_1_126' title='bbox 760 657 845 688; x_wconf 90' lang='lat' dir='ltr'>velle</span> <span class='ocrx_word' id='word_1_127' title='bbox 869 657 899 688; x_wconf 86' lang='lat'>&amp;</span> 
     </span>
     <span class='ocr_line' id='line_1_16' title="bbox 37 698 899 745; baseline -0.013 -6"><span class='ocrx_word' id='word_1_128' title='bbox 37 708 142 744; x_wconf 88' lang='lat' dir='ltr'>nolle,</span> <span class='ocrx_word' id='word_1_129' title='bbox 166 704 292 736; x_wconf 67' lang='lat' dir='ltr'>auetore</span> <span class='ocrx_word' id='word_1_130' title='bbox 310 703 442 743; x_wconf 81' lang='lat' dir='ltr'>Cujacio</span> <span class='ocrx_word' id='word_1_131' title='bbox 459 703 506 733; x_wconf 78' lang='lat' dir='ltr'>lib.</span> <span class='ocrx_word' id='word_1_132' title='bbox 522 713 551 743; x_wconf 86' lang='lat'>5.</span> <span class='ocrx_word' id='word_1_133' title='bbox 569 701 687 739; x_wconf 64' lang='lat' dir='ltr'>Observ.</span> <span class='ocrx_word' id='word_1_134' title='bbox 705 710 729 730; x_wconf 85' lang='lat' dir='ltr'>c.</span> <span class='ocrx_word' id='word_1_135' title='bbox 741 709 790 740; x_wconf 80' lang='lat'>39.</span> <span class='ocrx_word' id='word_1_136' title='bbox 809 698 899 745; x_wconf 62' lang='lat' dir='ltr'>Pute-</span> 
     </span>
     <span class='ocr_line' id='line_1_17' title="bbox 38 740 901 788; baseline -0.012 -9"><span class='ocrx_word' id='word_1_137' title='bbox 38 758 106 780; x_wconf 85' lang='lat' dir='ltr'>mus</span> <span class='ocrx_word' id='word_1_138' title='bbox 128 746 240 788; x_wconf 74' lang='lat' dir='ltr'>igitur.</span> <span class='ocrx_word' id='word_1_139' title='bbox 260 745 388 777; x_wconf 85' lang='lat' dir='ltr'>Paulum</span> <span class='ocrx_word' id='word_1_140' title='bbox 406 745 435 775; x_wconf 91' lang='lat' dir='ltr'>in</span> <span class='ocrx_word' id='word_1_141' title='bbox 454 745 481 775; x_wconf 81' lang='lat' dir='ltr'>d.</span> <span class='ocrx_word' id='word_1_142' title='bbox 504 743 524 775; x_wconf 79' lang='lat' dir='ltr'>l.</span> <span class='ocrx_word' id='word_1_143' title='bbox 542 752 571 779; x_wconf 86' lang='lat'>9.</span> <span class='ocrx_word' id='word_1_144' title='bbox 593 749 643 783; x_wconf 83' lang='lat' dir='ltr'>pr.</span> <span class='ocrx_word' id='word_1_145' title='bbox 660 749 731 772; x_wconf 90' lang='lat' dir='ltr'>cum</span> <span class='ocrx_word' id='word_1_146' title='bbox 749 742 807 778; x_wconf 88' lang='lat' dir='ltr'>ait,</span> <span class='ocrx_word' id='word_1_147' title='bbox 824 740 901 779; x_wconf 80' lang='lat' dir='ltr'>Juri&#39;s</span> 
     </span>
     <span class='ocr_line' id='line_1_18' title="bbox 37 781 900 831; baseline -0.014 -9"><span class='ocrx_word' id='word_1_148' title='bbox 37 790 239 831; x_wconf 74' lang='lat' dir='ltr'>ignorantiam</span> <span class='ocrx_word' id='word_1_149' title='bbox 258 787 373 824; x_wconf 83' lang='lat' dir='ltr'>cuique</span> <span class='ocrx_word' id='word_1_150' title='bbox 392 794 529 822; x_wconf 83' lang='lat' dir='ltr'>nocere,</span> <span class='ocrx_word' id='word_1_151' title='bbox 546 793 609 815; x_wconf 88' lang='lat' dir='ltr'>non</span> <span class='ocrx_word' id='word_1_152' title='bbox 632 781 900 822; x_wconf 79' lang='lat' dir='ltr'>fignificare‚eam</span> 
     </span>
     <span class='ocr_line' id='line_1_19' title="bbox 37 820 900 871; baseline -0.013 -9"><span class='ocrx_word' id='word_1_153' title='bbox 37 833 152 871; x_wconf 85' lang='lat' dir='ltr'>cuique</span> <span class='ocrx_word' id='word_1_154' title='bbox 169 830 316 860; x_wconf 84' lang='lat' dir='ltr'>damnum</span> <span class='ocrx_word' id='word_1_155' title='bbox 337 826 477 858; x_wconf 86' lang='lat' dir='ltr'>adferre:</span> <span class='ocrx_word' id='word_1_156' title='bbox 508 835 570 857; x_wconf 91' lang='lat' dir='ltr'>non</span> <span class='ocrx_word' id='word_1_157' title='bbox 591 824 674 856; x_wconf 90' lang='lat' dir='ltr'>enim</span> <span class='ocrx_word' id='word_1_158' title='bbox 702 825 745 867; x_wconf 79' lang='lat' dir='ltr'>ita</span> <span class='ocrx_word' id='word_1_159' title='bbox 763 821 832 867; x_wconf 48' lang='lat' dir='ltr'>el&#39;tq</span> <span class='ocrx_word' id='word_1_160' title='bbox 847 820 900 852; x_wconf 89' lang='lat' dir='ltr'>sed</span> 
     </span>
     <span class='ocr_line' id='line_1_20' title="bbox 37 865 900 909; baseline -0.014 -6"><span class='ocrx_word' id='word_1_161' title='bbox 37 877 103 904; x_wconf 82' lang='lat' dir='ltr'>non</span> <span class='ocrx_word' id='word_1_162' title='bbox 130 869 273 909; x_wconf 80' lang='lat' dir='ltr'><strong>prodesse</strong></span> <span class='ocrx_word' id='word_1_163' title='bbox 305 877 440 907; x_wconf 79' lang='lat' dir='ltr'>cuique;</span> <span class='ocrx_word' id='word_1_164' title='bbox 478 867 508 898; x_wconf 89' lang='lat' dir='ltr'>id</span> <span class='ocrx_word' id='word_1_165' title='bbox 533 865 576 898; x_wconf 87' lang='lat' dir='ltr'>est</span> <span class='ocrx_word' id='word_1_166' title='bbox 591 889 600 905; x_wconf 93' lang='lat'>,</span> <span class='ocrx_word' id='word_1_167' title='bbox 631 870 746 896; x_wconf 76' lang='lat' dir='ltr'>erranti</span> <span class='ocrx_word' id='word_1_168' title='bbox 782 870 900 909; x_wconf 82' lang='lat' dir='ltr'>cuique</span> 
     </span>
     <span class='ocr_line' id='line_1_21' title="bbox 37 903 903 946; baseline -0.015 0"><span class='ocrx_word' id='word_1_169' title='bbox 37 921 102 946; x_wconf 88' lang='lat' dir='ltr'>non</span> <span class='ocrx_word' id='word_1_170' title='bbox 122 912 288 942; x_wconf 83' lang='lat' dir='ltr'>subvenire</span> <span class='ocrx_word' id='word_1_171' title='bbox 304 908 449 940; x_wconf 81' lang='lat' dir='ltr'>adversus</span> <span class='ocrx_word' id='word_1_172' title='bbox 462 909 608 940; x_wconf 87' lang='lat' dir='ltr'>damnum</span> <span class='ocrx_word' id='word_1_173' title='bbox 625 906 710 945; x_wconf 85' lang='lat' dir='ltr'>quod</span> <span class='ocrx_word' id='word_1_174' title='bbox 728 904 823 941; x_wconf 79' lang='lat' dir='ltr'>facit3</span> <span class='ocrx_word' id='word_1_175' title='bbox 839 903 903 934; x_wconf 76' lang='lat' dir='ltr'>sive</span> 
     </span>
     <span class='ocr_line' id='line_1_22' title="bbox 38 946 902 990; baseline -0.014 -4"><span class='ocrx_word' id='word_1_176' title='bbox 38 961 194 986; x_wconf 83' lang='lat' dir='ltr'>errantem</span> <span class='ocrx_word' id='word_1_177' title='bbox 210 959 335 983; x_wconf 89' lang='lat' dir='ltr'>omnem</span> <span class='ocrx_word' id='word_1_178' title='bbox 355 959 417 982; x_wconf 89' lang='lat' dir='ltr'>non</span> <span class='ocrx_word' id='word_1_179' title='bbox 437 949 557 990; x_wconf 84' lang='lat' dir='ltr'>semper</span> <span class='ocrx_word' id='word_1_180' title='bbox 572 950 688 980; x_wconf 87' lang='lat' dir='ltr'>damno</span> <span class='ocrx_word' id='word_1_181' title='bbox 705 947 790 984; x_wconf 80' lang='lat' dir='ltr'>quod</span> <span class='ocrx_word' id='word_1_182' title='bbox 802 946 902 990; x_wconf 60' lang='lat' dir='ltr'>incur-5</span> 
     </span>
     <span class='ocr_line' id='line_1_23' title="bbox 38 985 901 1034; baseline -0.013 -7"><span class='ocrx_word' id='word_1_183' title='bbox 38 995 96 1034; x_wconf 80' lang='lat' dir='ltr'>rit,</span> <span class='ocrx_word' id='word_1_184' title='bbox 120 994 269 1025; x_wconf 59' lang='lat' dir='ltr'>eximeret</span> <span class='ocrx_word' id='word_1_185' title='bbox 307 991 394 1034; x_wconf 87' lang='lat' dir='ltr'>Quid</span> <span class='ocrx_word' id='word_1_186' title='bbox 417 990 595 1022; x_wconf 77' lang='lat' dir='ltr'>haeremus?</span> <span class='ocrx_word' id='word_1_187' title='bbox 625 986 789 1033; x_wconf 79' lang='lat' dir='ltr'>manifesta</span> <span class='ocrx_word' id='word_1_188' title='bbox 815 985 901 1031; x_wconf 80' lang='lat' dir='ltr'>Pauli</span> 
     </span>
     <span class='ocr_line' id='line_1_24' title="bbox 40 1027 900 1072; baseline -0.012 -5"><span class='ocrx_word' id='word_1_189' title='bbox 40 1034 196 1068; x_wconf 83' lang='lat' dir='ltr'>sententia</span> <span class='ocrx_word' id='word_1_190' title='bbox 215 1036 244 1065; x_wconf 92' lang='lat' dir='ltr'>in</span> <span class='ocrx_word' id='word_1_191' title='bbox 264 1034 291 1064; x_wconf 86' lang='lat' dir='ltr'>d.</span> <span class='ocrx_word' id='word_1_192' title='bbox 310 1034 329 1064; x_wconf 78' lang='lat' dir='ltr'>l.</span> <span class='ocrx_word' id='word_1_193' title='bbox 348 1043 375 1070; x_wconf 89' lang='lat'>9.</span> <span class='ocrx_word' id='word_1_194' title='bbox 393 1032 422 1072; x_wconf 85' lang='lat'>§.</span> <span class='ocrx_word' id='word_1_195' title='bbox 444 1032 496 1063; x_wconf 73' lang='lat' dir='ltr'>ult.</span> <span class='ocrx_word' id='word_1_196' title='bbox 527 1032 590 1063; x_wconf 90' lang='lat' dir='ltr'>hoc</span> <span class='ocrx_word' id='word_1_197' title='bbox 606 1030 704 1062; x_wconf 91' lang='lat' dir='ltr'>modo</span> <span class='ocrx_word' id='word_1_198' title='bbox 721 1027 900 1059; x_wconf 79' lang='lat' dir='ltr'>scribentls:</span> 
     </span>
     <span class='ocr_line' id='line_1_25' title="bbox 42 1067 901 1117; baseline -0.014 -8"><span class='ocrx_word' id='word_1_199' title='bbox 42 1076 144 1109; x_wconf 78' lang='lat' dir='ltr'>Sciant</span> <span class='ocrx_word' id='word_1_200' title='bbox 155 1076 347 1117; x_wconf 76' lang='lat' dir='ltr'>ignorantiam</span> <span class='ocrx_word' id='word_1_201' title='bbox 350 1074 447 1114; x_wconf 58' lang='lat' dir='ltr'>facti,</span> <span class='ocrx_word' id='word_1_202' title='bbox 458 1082 513 1104; x_wconf 90' lang='lat' dir='ltr'>non</span> <span class='ocrx_word' id='word_1_203' title='bbox 516 1073 596 1114; x_wconf 84' lang='lat' dir='ltr'>juris</span> <span class='ocrx_word' id='word_1_204' title='bbox 609 1069 748 1112; x_wconf 76' lang='lat' dir='ltr'>prodcffe:</span> <span class='ocrx_word' id='word_1_205' title='bbox 766 1078 815 1100; x_wconf 83' lang='lat' dir='ltr'>nec</span> <span class='ocrx_word' id='word_1_206' title='bbox 824 1067 901 1108; x_wconf 78' lang='lat' dir='ltr'>stul-</span> 
     </span>
     <span class='ocr_line' id='line_1_26' title="bbox 44 1113 901 1158; baseline -0.012 -9"><span class='ocrx_word' id='word_1_207' title='bbox 44 1120 82 1150; x_wconf 77' lang='lat' dir='ltr'>tis</span> <span class='ocrx_word' id='word_1_208' title='bbox 91 1118 179 1158; x_wconf 73' lang='lat' dir='ltr'>fiilere</span> <span class='ocrx_word' id='word_1_209' title='bbox 191 1116 341 1155; x_wconf 80' lang='lat' dir='ltr'>succurri,</span> <span class='ocrx_word' id='word_1_210' title='bbox 356 1115 409 1155; x_wconf 76' lang='lat' dir='ltr'>sed</span> <span class='ocrx_word' id='word_1_211' title='bbox 425 1116 594 1146; x_wconf 68' lang='lat' dir='ltr'>errantibus.</span> <span class='ocrx_word' id='word_1_212' title='bbox 630 1113 742 1145; x_wconf 86' lang='lat' dir='ltr'>Paulus</span> <span class='ocrx_word' id='word_1_213' title='bbox 761 1117 901 1142; x_wconf 87' lang='lat' dir='ltr'>errorem</span> 
     </span>
     <span class='ocr_line' id='line_1_27' title="bbox 43 1150 900 1200; baseline -0.012 -10"><span class='ocrx_word' id='word_1_214' title='bbox 43 1160 117 1200; x_wconf 84' lang='lat' dir='ltr'>juris</span> <span class='ocrx_word' id='word_1_215' title='bbox 135 1166 231 1189; x_wconf 87' lang='lat' dir='ltr'>vocat</span> <span class='ocrx_word' id='word_1_216' title='bbox 250 1152 424 1188; x_wconf 86' lang='lat' dir='ltr'>stultitiam·</span> <span class='ocrx_word' id='word_1_217' title='bbox 445 1165 545 1196; x_wconf 87' lang='lat' dir='ltr'>eaque</span> <span class='ocrx_word' id='word_1_218' title='bbox 561 1153 712 1194; x_wconf 88' lang='lat' dir='ltr'>loquendi</span> <span class='ocrx_word' id='word_1_219' title='bbox 730 1152 832 1183; x_wconf 88' lang='lat' dir='ltr'>forma</span> <span class='ocrx_word' id='word_1_220' title='bbox 849 1150 900 1181; x_wconf 91' lang='lat' dir='ltr'>de-</span> 
     </span>
     <span class='ocr_line' id='line_1_28' title="bbox 44 1193 899 1242; baseline -0.012 -11"><span class='ocrx_word' id='word_1_221' title='bbox 44 1202 139 1242; x_wconf 75' lang='lat' dir='ltr'>signat</span> <span class='ocrx_word' id='word_1_222' title='bbox 155 1197 216 1231; x_wconf 80' lang='lat' dir='ltr'>effe</span> <span class='ocrx_word' id='word_1_223' title='bbox 241 1206 380 1229; x_wconf 88' lang='lat' dir='ltr'>errorem</span> <span class='ocrx_word' id='word_1_224' title='bbox 396 1220 406 1236; x_wconf 94' lang='lat'>,</span> <span class='ocrx_word' id='word_1_225' title='bbox 430 1195 480 1228; x_wconf 87' lang='lat' dir='ltr'>sed</span> <span class='ocrx_word' id='word_1_226' title='bbox 504 1195 653 1233; x_wconf 77' lang='lat' dir='ltr'>crass‘um,</span> <span class='ocrx_word' id='word_1_227' title='bbox 675 1195 707 1225; x_wconf 88' lang='lat' dir='ltr'>id</span> <span class='ocrx_word' id='word_1_228' title='bbox 725 1193 788 1239; x_wconf 83' lang='lat' dir='ltr'>est,</span> <span class='ocrx_word' id='word_1_229' title='bbox 806 1193 899 1238; x_wconf 68' lang='lat' dir='ltr'>latam</span> 
     </span>
     <span class='ocr_line' id='line_1_29' title="bbox 41 1235 899 1281; baseline -0.012 -8"><span class='ocrx_word' id='word_1_230' title='bbox 41 1241 186 1281; x_wconf 86' lang='lat' dir='ltr'>culpam,</span> <span class='ocrx_word' id='word_1_231' title='bbox 209 1239 271 1271; x_wconf 87' lang='lat' dir='ltr'>five</span> <span class='ocrx_word' id='word_1_232' title='bbox 289 1239 425 1279; x_wconf 85' lang='lat' dir='ltr'>supinam</span> <span class='ocrx_word' id='word_1_233' title='bbox 443 1238 472 1270; x_wconf 72' lang='grc' dir='ltr'>δι</span> <span class='ocrx_word' id='word_1_234' title='bbox 488 1237 636 1269; x_wconf 86' lang='lat' dir='ltr'>summam</span> <span class='ocrx_word' id='word_1_235' title='bbox 658 1235 899 1276; x_wconf 81' lang='lat' dir='ltr'>neghgentiam,</span> 
     </span>
     <span class='ocr_line' id='line_1_30' title="bbox 38 1277 901 1322; baseline -0.012 -8"><span class='ocrx_word' id='word_1_236' title='bbox 38 1284 122 1314; x_wconf 80' lang='lat' dir='ltr'>nulla</span> <span class='ocrx_word' id='word_1_237' title='bbox 138 1283 260 1322; x_wconf 83' lang='lat' dir='ltr'>dignam</span> <span class='ocrx_word' id='word_1_238' title='bbox 277 1282 384 1311; x_wconf 86' lang='lat' dir='ltr'>venia:</span> <span class='ocrx_word' id='word_1_239' title='bbox 407 1280 545 1319; x_wconf 87' lang='lat' dir='ltr'>ideoque</span> <span class='ocrx_word' id='word_1_240' title='bbox 559 1287 619 1310; x_wconf 86' lang='lat' dir='ltr'>nec</span> <span class='ocrx_word' id='word_1_241' title='bbox 632 1277 671 1308; x_wconf 87' lang='lat' dir='ltr'>ad</span> <span class='ocrx_word' id='word_1_242' title='bbox 693 1278 813 1308; x_wconf 89' lang='lat' dir='ltr'>lucrum</span> <span class='ocrx_word' id='word_1_243' title='bbox 831 1283 901 1315; x_wconf 90' lang='lat' dir='ltr'>pro-</span> 
     </span>
     <span class='ocr_line' id='line_1_31' title="bbox 43 1316 899 1360; baseline -0.012 -5"><span class='ocrx_word' id='word_1_244' title='bbox 43 1323 144 1360; x_wconf 79' lang='lat' dir='ltr'>desse,</span> <span class='ocrx_word' id='word_1_245' title='bbox 174 1330 234 1352; x_wconf 89' lang='lat' dir='ltr'>nec</span> <span class='ocrx_word' id='word_1_246' title='bbox 255 1322 372 1352; x_wconf 83' lang='lat' dir='ltr'>damno</span> <span class='ocrx_word' id='word_1_247' title='bbox 398 1320 546 1351; x_wconf 88' lang='lat' dir='ltr'>liberare:</span> <span class='ocrx_word' id='word_1_248' title='bbox 576 1319 607 1350; x_wconf 90' lang='lat' dir='ltr'>id</span> <span class='ocrx_word' id='word_1_249' title='bbox 631 1318 714 1349; x_wconf 87' lang='lat' dir='ltr'>enim</span> <span class='ocrx_word' id='word_1_250' title='bbox 739 1316 803 1354; x_wconf 90' lang='lat' dir='ltr'>est,</span> <span class='ocrx_word' id='word_1_251' title='bbox 834 1324 899 1346; x_wconf 90' lang='lat' dir='ltr'>non</span> 
     </span>
     <span class='ocr_line' id='line_1_32' title="bbox 42 1357 899 1399; baseline -0.011 -3"><span class='ocrx_word' id='word_1_252' title='bbox 42 1364 141 1396; x_wconf 84' lang='lat' dir='ltr'>stultis</span> <span class='ocrx_word' id='word_1_253' title='bbox 153 1362 305 1399; x_wconf 80' lang='lat' dir='ltr'>succurri,</span> <span class='ocrx_word' id='word_1_254' title='bbox 323 1362 371 1392; x_wconf 78' lang='lat' dir='ltr'>led</span> <span class='ocrx_word' id='word_1_255' title='bbox 381 1357 568 1392; x_wconf 86' lang='lat' dir='ltr'>errantibus.</span> <span class='ocrx_word' id='word_1_256' title='bbox 587 1359 638 1391; x_wconf 91' lang='lat' dir='ltr'>Sic</span> <span class='ocrx_word' id='word_1_257' title='bbox 648 1358 777 1390; x_wconf 86' lang='lat' dir='ltr'>Paulus:</span> <span class='ocrx_word' id='word_1_258' title='bbox 795 1364 899 1397; x_wconf 86' lang='lat' dir='ltr'>quam-</span> 
     </span>
     <span class='ocr_line' id='line_1_33' title="bbox 42 1396 900 1444; baseline -0.008 -9"><span class='ocrx_word' id='word_1_259' title='bbox 42 1414 135 1444; x_wconf 79' lang='lat' dir='ltr'>quam</span> <span class='ocrx_word' id='word_1_260' title='bbox 152 1413 214 1435; x_wconf 92' lang='lat' dir='ltr'>non</span> <span class='ocrx_word' id='word_1_261' title='bbox 233 1402 390 1440; x_wconf 83' lang='lat' dir='ltr'>absolute,</span> <span class='ocrx_word' id='word_1_262' title='bbox 412 1410 472 1432; x_wconf 90' lang='lat' dir='ltr'>nec</span> <span class='ocrx_word' id='word_1_263' title='bbox 486 1396 549 1433; x_wconf 86' lang='lat' dir='ltr'>fine</span> <span class='ocrx_word' id='word_1_264' title='bbox 574 1399 803 1432; x_wconf 84' lang='lat' dir='ltr'>moderatione.</span> <span class='ocrx_word' id='word_1_265' title='bbox 825 1406 900 1429; x_wconf 92' lang='lat' dir='ltr'>con-</span> 
     </span>
     <span class='ocr_line' id='line_1_34' title="bbox 44 1440 901 1484; baseline -0.008 -8"><span class='ocrx_word' id='word_1_266' title='bbox 44 1449 90 1476; x_wconf 83' lang='lat' dir='ltr'>tra</span> <span class='ocrx_word' id='word_1_267' title='bbox 107 1449 149 1476; x_wconf 84' lang='lat' dir='ltr'>ait</span> <span class='ocrx_word' id='word_1_268' title='bbox 174 1446 200 1476; x_wconf 80' lang='lat' dir='ltr'>d.</span> <span class='ocrx_word' id='word_1_269' title='bbox 227 1444 245 1474; x_wconf 86' lang='lat' dir='ltr'>l.</span> <span class='ocrx_word' id='word_1_270' title='bbox 271 1453 299 1479; x_wconf 82' lang='lat'>9·</span> <span class='ocrx_word' id='word_1_271' title='bbox 316 1442 345 1484; x_wconf 84' lang='lat'>§.</span> <span class='ocrx_word' id='word_1_272' title='bbox 365 1453 392 1484; x_wconf 82' lang='lat'>3.</span> <span class='ocrx_word' id='word_1_273' title='bbox 419 1442 499 1474; x_wconf 87' lang='lat' dir='ltr'>hanc</span> <span class='ocrx_word' id='word_1_274' title='bbox 525 1442 686 1483; x_wconf 78' lang='lat' dir='ltr'>regulam,</span> <span class='ocrx_word' id='word_1_275' title='bbox 714 1440 802 1480; x_wconf 79' lang='lat' dir='ltr'>Juris</span> <span class='ocrx_word' id='word_1_276' title='bbox 823 1441 901 1480; x_wconf 78' lang='lat' dir='ltr'>igno-</span> 
     </span>
     <span class='ocr_line' id='line_1_35' title="bbox 40 1480 903 1524; baseline -0.008 -7"><span class='ocrx_word' id='word_1_277' title='bbox 40 1488 167 1517; x_wconf 50' lang='lat' dir='ltr'>santiam</span> <span class='ocrx_word' id='word_1_278' title='bbox 182 1494 238 1516; x_wconf 82' lang='lat' dir='ltr'>non</span> <span class='ocrx_word' id='word_1_279' title='bbox 252 1481 374 1524; x_wconf 76' lang='lat' dir='ltr'>proaeffe</span> <span class='ocrx_word' id='word_1_280' title='bbox 386 1507 395 1521; x_wconf 96' lang='lat'>,</span> <span class='ocrx_word' id='word_1_281' title='bbox 418 1493 434 1514; x_wconf 90' lang='lat' dir='ltr'>a</span> <span class='ocrx_word' id='word_1_282' title='bbox 451 1482 602 1515; x_wconf 79' lang='lat' dir='ltr'>Labeone</span> <span class='ocrx_word' id='word_1_283' title='bbox 620 1484 662 1513; x_wconf 81' lang='lat' dir='ltr'>ita</span> <span class='ocrx_word' id='word_1_284' title='bbox 677 1482 796 1522; x_wconf 81' lang='lat' dir='ltr'>accipi,</span> <span class='ocrx_word' id='word_1_285' title='bbox 819 1480 840 1512; x_wconf 86' lang='lat' dir='ltr'>fi</span> <span class='ocrx_word' id='word_1_286' title='bbox 851 1482 903 1520; x_wconf 81' lang='lat' dir='ltr'>Ju-</span> 
     </span>
     <span class='ocr_line' id='line_1_36' title="bbox 39 1522 903 1564; baseline -0.007 -6"><span class='ocrx_word' id='word_1_287' title='bbox 39 1525 219 1558; x_wconf 77' lang='lat' dir='ltr'>risconsulti</span> <span class='ocrx_word' id='word_1_288' title='bbox 235 1534 360 1564; x_wconf 84' lang='lat' dir='ltr'>copiam</span> <span class='ocrx_word' id='word_1_289' title='bbox 379 1525 528 1561; x_wconf 84' lang='lat' dir='ltr'>haberet,</span> <span class='ocrx_word' id='word_1_290' title='bbox 550 1524 602 1555; x_wconf 84' lang='lat' dir='ltr'>vel</span> <span class='ocrx_word' id='word_1_291' title='bbox 618 1522 668 1554; x_wconf 87' lang='lat' dir='ltr'>sua</span> <span class='ocrx_word' id='word_1_292' title='bbox 678 1522 842 1563; x_wconf 87' lang='lat' dir='ltr'>prudentia</span> <span class='ocrx_word' id='word_1_293' title='bbox 859 1522 903 1552; x_wconf 90' lang='lat' dir='ltr'>in-</span> 
     </span>
     <span class='ocr_line' id='line_1_37' title="bbox 39 1563 899 1603; baseline -0.007 -4"><span class='ocrx_word' id='word_1_294' title='bbox 39 1567 170 1599; x_wconf 67' lang='lat' dir='ltr'>structus</span> <span class='ocrx_word' id='word_1_295' title='bbox 187 1566 241 1603; x_wconf 81' lang='lat' dir='ltr'>sit,</span> <span class='ocrx_word' id='word_1_296' title='bbox 265 1574 298 1596; x_wconf 89' lang='lat' dir='ltr'>ut</span> <span class='ocrx_word' id='word_1_297' title='bbox 317 1566 366 1596; x_wconf 88' lang='lat' dir='ltr'>cui</span> <span class='ocrx_word' id='word_1_298' title='bbox 385 1564 478 1596; x_wconf 89' lang='lat' dir='ltr'>facile</span> <span class='ocrx_word' id='word_1_299' title='bbox 496 1563 531 1596; x_wconf 83' lang='lat' dir='ltr'>fi&#39;t</span> <span class='ocrx_word' id='word_1_300' title='bbox 548 1563 641 1602; x_wconf 91' lang='lat' dir='ltr'>scire,</span> <span class='ocrx_word' id='word_1_301' title='bbox 660 1565 688 1595; x_wconf 92' lang='lat' dir='ltr'>ei</span> <span class='ocrx_word' id='word_1_302' title='bbox 706 1563 899 1594; x_wconf 87' lang='lat' dir='ltr'>detrimento</span> 
     </span>
     <span class='ocr_line' id='line_1_38' title="bbox 41 1603 899 1647; baseline -0.006 -8"><span class='ocrx_word' id='word_1_303' title='bbox 41 1608 78 1640; x_wconf 85' lang='lat' dir='ltr'>fit</span> <span class='ocrx_word' id='word_1_304' title='bbox 93 1608 166 1647; x_wconf 76' lang='lat' dir='ltr'>iuris</span> <span class='ocrx_word' id='word_1_305' title='bbox 181 1606 365 1647; x_wconf 75' lang='lat' dir='ltr'>ignorantia.</span> <span class='ocrx_word' id='word_1_306' title='bbox 390 1605 430 1636; x_wconf 85' lang='lat' dir='ltr'>Et</span> <span class='ocrx_word' id='word_1_307' title='bbox 445 1606 675 1643; x_wconf 79' lang='lat' dir='ltr'>convenienter</span> <span class='ocrx_word' id='word_1_308' title='bbox 699 1604 747 1635; x_wconf 78' lang='lat' dir='ltr'>liis</span> <span class='ocrx_word' id='word_1_309' title='bbox 765 1603 864 1635; x_wconf 81' lang='lat' dir='ltr'>rursus</span> <span class='ocrx_word' id='word_1_310' title='bbox 881 1603 899 1635; x_wconf 89' lang='lat' dir='ltr'>l.</span> 
     </span>
     <span class='ocr_line' id='line_1_39' title="bbox 48 1644 900 1687; baseline -0.005 -7"><span class='ocrx_word' id='word_1_311' title='bbox 48 1658 95 1680; x_wconf 87' lang='lat'>10.</span> <span class='ocrx_word' id='word_1_312' title='bbox 116 1648 154 1679; x_wconf 90' lang='lat' dir='ltr'>D.</span> <span class='ocrx_word' id='word_1_313' title='bbox 176 1650 210 1678; x_wconf 79' lang='lat' dir='ltr'>cle</span> <span class='ocrx_word' id='word_1_314' title='bbox 226 1646 436 1687; x_wconf 73' lang='lat' dir='ltr'>honor.poſjeffi</span> <span class='ocrx_word' id='word_1_315' title='bbox 453 1646 514 1685; x_wconf 81' lang='lat' dir='ltr'>ait,</span> <span class='ocrx_word' id='word_1_316' title='bbox 536 1647 603 1678; x_wconf 86' lang='lat' dir='ltr'>satis</span> <span class='ocrx_word' id='word_1_317' title='bbox 625 1644 706 1683; x_wconf 77' lang='lat' dir='ltr'>esse,</span> <span class='ocrx_word' id='word_1_318' title='bbox 728 1649 822 1685; x_wconf 88' lang='lat' dir='ltr'>quem</span> <span class='ocrx_word' id='word_1_319' title='bbox 847 1644 900 1676; x_wconf 90' lang='lat' dir='ltr'>ha-</span> 
     </span>
     <span class='ocr_line' id='line_1_40' title="bbox 43 1685 903 1728; baseline -0.003 -7"><span class='ocrx_word' id='word_1_320' title='bbox 43 1687 141 1721; x_wconf 75' lang='lat' dir='ltr'>buisse·</span> <span class='ocrx_word' id='word_1_321' title='bbox 158 1688 281 1728; x_wconf 88' lang='lat' dir='ltr'>copiam</span> <span class='ocrx_word' id='word_1_322' title='bbox 301 1697 409 1719; x_wconf 90' lang='lat' dir='ltr'>eorum</span> <span class='ocrx_word' id='word_1_323' title='bbox 427 1696 506 1728; x_wconf 89' lang='lat' dir='ltr'>quos</span> <span class='ocrx_word' id='word_1_324' title='bbox 523 1686 720 1719; x_wconf 81' lang='lat' dir='ltr'>consuleret:</span> <span class='ocrx_word' id='word_1_325' title='bbox 742 1685 903 1718; x_wconf 83' lang='lat' dir='ltr'>scientiam</span> 
     </span>
     <span class='ocr_line' id='line_1_41' title="bbox 43 1726 903 1769; baseline -0.005 -7"><span class='ocrx_word' id='word_1_326' title='bbox 43 1731 127 1762; x_wconf 90' lang='lat' dir='ltr'>enim</span> <span class='ocrx_word' id='word_1_327' title='bbox 145 1739 208 1760; x_wconf 86' lang='lat' dir='ltr'>non</span> <span class='ocrx_word' id='word_1_328' title='bbox 229 1728 309 1760; x_wconf 89' lang='lat' dir='ltr'>hanc</span> <span class='ocrx_word' id='word_1_329' title='bbox 328 1727 427 1769; x_wconf 82' lang='lat' dir='ltr'>accipi</span> <span class='ocrx_word' id='word_1_330' title='bbox 450 1733 519 1769; x_wconf 71' lang='lat' dir='ltr'>quae</span> <span class='ocrx_word' id='word_1_331' title='bbox 540 1727 830 1769; x_wconf 77' lang='lat' dir='ltr'>jurisprudentibus</span> <span class='ocrx_word' id='word_1_332' title='bbox 846 1726 903 1766; x_wconf 88' lang='lat' dir='ltr'>fit,</span> 
     </span>
     <span class='ocr_line' id='line_1_42' title="bbox 43 1768 900 1810; baseline -0.004 -8"><span class='ocrx_word' id='word_1_333' title='bbox 43 1770 94 1802; x_wconf 81' lang='lat' dir='ltr'>secl</span> <span class='ocrx_word' id='word_1_334' title='bbox 113 1780 179 1802; x_wconf 81' lang='lat' dir='ltr'>earn</span> <span class='ocrx_word' id='word_1_335' title='bbox 205 1779 298 1810; x_wconf 88' lang='lat' dir='ltr'>quam</span> <span class='ocrx_word' id='word_1_336' title='bbox 322 1770 390 1809; x_wconf 86' lang='lat' dir='ltr'>quis</span> <span class='ocrx_word' id='word_1_337' title='bbox 409 1777 462 1800; x_wconf 87' lang='lat' dir='ltr'>aut</span> <span class='ocrx_word' id='word_1_338' title='bbox 484 1778 541 1808; x_wconf 80' lang='lat' dir='ltr'>per</span> <span class='ocrx_word' id='word_1_339' title='bbox 556 1769 586 1800; x_wconf 89' lang='lat' dir='ltr'>se</span> <span class='ocrx_word' id='word_1_340' title='bbox 601 1768 735 1808; x_wconf 85' lang='lat' dir='ltr'>habeat,</span> <span class='ocrx_word' id='word_1_341' title='bbox 757 1776 811 1799; x_wconf 87' lang='lat' dir='ltr'>aut</span> <span class='ocrx_word' id='word_1_342' title='bbox 828 1777 900 1800; x_wconf 57' lang='lat' dir='ltr'>con»</span> 
     </span>
     <span class='ocr_line' id='line_1_43' title="bbox 41 1806 905 1851; baseline -0.003 -8"><span class='ocrx_word' id='word_1_343' title='bbox 41 1812 171 1843; x_wconf 81' lang='lat' dir='ltr'>sulendo</span> <span class='ocrx_word' id='word_1_344' title='bbox 196 1812 418 1851; x_wconf 82' lang='lat' dir='ltr'>prudentiores</span> <span class='ocrx_word' id='word_1_345' title='bbox 442 1810 567 1851; x_wconf 80' lang='lat' dir='ltr'>adsequi</span> <span class='ocrx_word' id='word_1_346' title='bbox 592 1806 707 1851; x_wconf 86' lang='lat' dir='ltr'>potest.</span> <span class='ocrx_word' id='word_1_347' title='bbox 732 1809 839 1849; x_wconf 86' lang='lat' dir='ltr'>Atque</span> <span class='ocrx_word' id='word_1_348' title='bbox 862 1810 905 1841; x_wconf 84' lang='lat' dir='ltr'>ita</span> 
     </span>
     <span class='ocr_line' id='line_1_44' title="bbox 40 1851 904 1893; baseline -0.003 -8"><span class='ocrx_word' id='word_1_349' title='bbox 40 1853 101 1885; x_wconf 86' lang='lat' dir='ltr'>est:</span> <span class='ocrx_word' id='word_1_350' title='bbox 124 1854 197 1893; x_wconf 82' lang='lat' dir='ltr'>juris</span> <span class='ocrx_word' id='word_1_351' title='bbox 213 1851 404 1893; x_wconf 73' lang='lat' dir='ltr'>ignorantia,</span> <span class='ocrx_word' id='word_1_352' title='bbox 429 1861 492 1883; x_wconf 90' lang='lat' dir='ltr'>non</span> <span class='ocrx_word' id='word_1_353' title='bbox 509 1852 554 1883; x_wconf 91' lang='lat' dir='ltr'>est</span> <span class='ocrx_word' id='word_1_354' title='bbox 568 1851 743 1892; x_wconf 77' lang='lat' dir='ltr'>ignorantia</span> <span class='ocrx_word' id='word_1_355' title='bbox 758 1851 832 1882; x_wconf 86' lang='lat' dir='ltr'>arti&#39;s</span> <span class='ocrx_word' id='word_1_356' title='bbox 849 1859 904 1882; x_wconf 85' lang='lat' dir='ltr'>no·</span> 
     </span>
     <span class='ocr_line' id='line_1_45' title="bbox 41 1892 904 1934; baseline -0.002 -9"><span class='ocrx_word' id='word_1_357' title='bbox 41 1895 127 1926; x_wconf 64' lang='lat' dir='ltr'>strae:</span> <span class='ocrx_word' id='word_1_358' title='bbox 152 1894 201 1925; x_wconf 88' lang='lat' dir='ltr'>sed</span> <span class='ocrx_word' id='word_1_359' title='bbox 225 1894 299 1933; x_wconf 87' lang='lat' dir='ltr'>juris</span> <span class='ocrx_word' id='word_1_360' title='bbox 323 1892 519 1934; x_wconf 82' lang='lat' dir='ltr'>pervulgati,</span> <span class='ocrx_word' id='word_1_361' title='bbox 543 1893 573 1924; x_wconf 68' lang='grc' dir='ltr'>δι</span> <span class='ocrx_word' id='word_1_362' title='bbox 596 1892 744 1924; x_wconf 78' lang='lat' dir='ltr'>omnibus</span> <span class='ocrx_word' id='word_1_363' title='bbox 761 1893 841 1924; x_wconf 87' lang='lat' dir='ltr'>noti.</span> <span class='ocrx_word' id='word_1_364' title='bbox 865 1901 904 1923; x_wconf 91' lang='lat' dir='ltr'>eo</span> 
     </span>
     <span class='ocr_line' id='line_1_46' title="bbox 40 1932 905 1976; baseline -0.002 -10"><span class='ocrx_word' id='word_1_365' title='bbox 40 1936 111 1976; x_wconf 79' lang='lat' dir='ltr'>jure</span> <span class='ocrx_word' id='word_1_366' title='bbox 144 1934 312 1966; x_wconf 82' lang='lat' dir='ltr'>censentur</span> <span class='ocrx_word' id='word_1_367' title='bbox 342 1935 427 1975; x_wconf 84' lang='lat' dir='ltr'>leges</span> <span class='ocrx_word' id='word_1_368' title='bbox 466 1934 594 1973; x_wconf 87' lang='lat' dir='ltr'>publice</span> <span class='ocrx_word' id='word_1_369' title='bbox 623 1932 799 1974; x_wconf 81' lang='lat' dir='ltr'>propositae.</span> <span class='ocrx_word' id='word_1_370' title='bbox 829 1936 905 1973; x_wconf 83' lang='lat' dir='ltr'>quas</span> 
     </span>
     <span class='ocr_line' id='line_1_47' title="bbox 43 1973 905 2016; baseline -0.002 -9"><span class='ocrx_word' id='word_1_371' title='bbox 43 1985 154 2007; x_wconf 75' lang='lat' dir='ltr'>omnes</span> <span class='ocrx_word' id='word_1_372' title='bbox 180 1976 300 2013; x_wconf 87' lang='lat' dir='ltr'>sciunt,</span> <span class='ocrx_word' id='word_1_373' title='bbox 333 1975 362 2006; x_wconf 72' lang='grc' dir='ltr'>ἃ</span> <span class='ocrx_word' id='word_1_374' title='bbox 388 1975 583 2016; x_wconf 87' lang='lat' dir='ltr'>intelligunt:</span> <span class='ocrx_word' id='word_1_375' title='bbox 612 1974 681 2006; x_wconf 89' lang='lat' dir='ltr'>sunt</span> <span class='ocrx_word' id='word_1_376' title='bbox 702 1973 785 2006; x_wconf 89' lang='lat' dir='ltr'>enim</span> <span class='ocrx_word' id='word_1_377' title='bbox 809 1973 905 2005; x_wconf 84' lang='lat' dir='ltr'>finitae</span> 
     </span>
     <span class='ocr_line' id='line_1_48' title="bbox 43 2014 906 2056; baseline -0.002 -8"><span class='ocrx_word' id='word_1_378' title='bbox 43 2024 95 2048; x_wconf 83' lang='lat' dir='ltr'>aut</span> <span class='ocrx_word' id='word_1_379' title='bbox 119 2016 180 2047; x_wconf 79' lang='lat' dir='ltr'>esse</span> <span class='ocrx_word' id='word_1_380' title='bbox 203 2016 332 2047; x_wconf 87' lang='lat' dir='ltr'>debent.</span> <span class='ocrx_word' id='word_1_381' title='bbox 353 2016 473 2056; x_wconf 33' lang='lat' dir='ltr'>,utique</span> <span class='ocrx_word' id='word_1_382' title='bbox 497 2015 623 2055; x_wconf 88' lang='lat' dir='ltr'>publice</span> <span class='ocrx_word' id='word_1_383' title='bbox 650 2014 837 2056; x_wconf 84' lang='lat' dir='ltr'>propofitae,</span> <span class='ocrx_word' id='word_1_384' title='bbox 868 2015 906 2047; x_wconf 88' lang='lat' dir='ltr'>ab</span> 
     </span>
     <span class='ocr_line' id='line_1_49' title="bbox 43 2055 905 2097; baseline 0 -9"><span class='ocrx_word' id='word_1_385' title='bbox 43 2057 189 2090; x_wconf 86' lang='lat' dir='ltr'>omnibus</span> <span class='ocrx_word' id='word_1_386' title='bbox 214 2058 272 2097; x_wconf 88' lang='lat' dir='ltr'>legi</span> <span class='ocrx_word' id='word_1_387' title='bbox 299 2055 434 2096; x_wconf 81' lang='lat' dir='ltr'>possunt.</span> <span class='ocrx_word' id='word_1_388' title='bbox 458 2058 544 2095; x_wconf 78' lang='lat' dir='ltr'>quod</span> <span class='ocrx_word' id='word_1_389' title='bbox 567 2056 588 2088; x_wconf 83' lang='lat' dir='ltr'><strong>fi</strong></span> <span class='ocrx_word' id='word_1_390' title='bbox 613 2060 681 2096; x_wconf 85' lang='lat' dir='ltr'>quis</span> <span class='ocrx_word' id='word_1_391' title='bbox 707 2066 758 2088; x_wconf 87' lang='lat' dir='ltr'>eas</span> <span class='ocrx_word' id='word_1_392' title='bbox 780 2065 844 2088; x_wconf 90' lang='lat' dir='ltr'>non</span> <span class='ocrx_word' id='word_1_393' title='bbox 862 2056 905 2088; x_wconf 90' lang='lat' dir='ltr'>le·</span> 
     </span>
     <span class='ocr_line' id='line_1_50' title="bbox 42 2097 907 2139; baseline -0.001 -9"><span class='ocrx_word' id='word_1_394' title='bbox 42 2098 142 2139; x_wconf 83' lang='lat' dir='ltr'>gerit,</span> <span class='ocrx_word' id='word_1_395' title='bbox 164 2107 235 2130; x_wconf 87' lang='lat' dir='ltr'>cum</span> <span class='ocrx_word' id='word_1_396' title='bbox 259 2097 359 2138; x_wconf 86' lang='lat' dir='ltr'>posset</span> <span class='ocrx_word' id='word_1_397' title='bbox 377 2098 405 2128; x_wconf 69' lang='grc' dir='ltr'>ἃ</span> <span class='ocrx_word' id='word_1_398' title='bbox 428 2098 560 2129; x_wconf 84' lang='lat' dir='ltr'>deberet</span> <span class='ocrx_word' id='word_1_399' title='bbox 583 2098 707 2138; x_wconf 82' lang='lat' dir='ltr'>legere;</span> <span class='ocrx_word' id='word_1_400' title='bbox 730 2097 783 2129; x_wconf 83' lang='lat' dir='ltr'>fibi</span> <span class='ocrx_word' id='word_1_401' title='bbox 808 2099 907 2138; x_wconf 90' lang='lat' dir='ltr'>impu-</span> 
     </span>
    </p>
   </div>
   <div class='ocr_carea' id='block_1_5' title="bbox 45 2138 910 2179">
    <p class='ocr_par' dir='ltr' id='par_1_5' title="bbox 45 2138 910 2179">
     <span class='ocr_line' id='line_1_51' title="bbox 45 2138 910 2179; baseline -0.001 -8"><span class='ocrx_word' id='word_1_402' title='bbox 45 2142 92 2172; x_wconf 83' lang='lat' dir='ltr'>tet</span> <span class='ocrx_word' id='word_1_403' title='bbox 107 2145 211 2170; x_wconf 71' lang='lat' dir='ltr'>earum</span> <span class='ocrx_word' id='word_1_404' title='bbox 230 2138 604 2179; x_wconf 77' lang='lat' dir='ltr'>ignorantiamzideoque</span> <span class='ocrx_word' id='word_1_405' title='bbox 620 2139 656 2170; x_wconf 91' lang='lat' dir='ltr'>iis</span> <span class='ocrx_word' id='word_1_406' title='bbox 676 2140 808 2179; x_wconf 89' lang='lat' dir='ltr'>perinde</span> <span class='ocrx_word' id='word_1_407' title='bbox 823 2146 910 2170; x_wconf 58' lang='lat' dir='ltr'>tenc-³</span> 
     </span>
    </p>
   </div>
   <div class='ocr_carea' id='block_1_6' title="bbox 43 2178 909 2877">
    <p class='ocr_par' dir='ltr' id='par_1_6' title="bbox 44 2178 909 2468">
     <span class='ocr_line' id='line_1_52' title="bbox 44 2178 909 2221; baseline 0 -10"><span class='ocrx_word' id='word_1_408' title='bbox 44 2188 114 2218; x_wconf 87' lang='lat' dir='ltr'>tur,</span> <span class='ocrx_word' id='word_1_409' title='bbox 138 2189 174 2211; x_wconf 91' lang='lat' dir='ltr'>ac</span> <span class='ocrx_word' id='word_1_410' title='bbox 189 2178 209 2211; x_wconf 87' lang='lat' dir='ltr'><strong>fi</strong></span> <span class='ocrx_word' id='word_1_411' title='bbox 227 2189 278 2211; x_wconf 89' lang='lat' dir='ltr'>eas</span> <span class='ocrx_word' id='word_1_412' title='bbox 300 2180 399 2211; x_wconf 83' lang='lat' dir='ltr'>sciret.</span> <span class='ocrx_word' id='word_1_413' title='bbox 425 2181 512 2220; x_wconf 88' lang='lat' dir='ltr'>quod</span> <span class='ocrx_word' id='word_1_414' title='bbox 536 2179 555 2211; x_wconf 84' lang='lat' dir='ltr'>fi</span> <span class='ocrx_word' id='word_1_415' title='bbox 583 2189 650 2220; x_wconf 75' lang='lat' dir='ltr'>qnae</span> <span class='ocrx_word' id='word_1_416' title='bbox 673 2182 703 2212; x_wconf 92' lang='lat' dir='ltr'>in</span> <span class='ocrx_word' id='word_1_417' title='bbox 725 2180 847 2221; x_wconf 86' lang='lat' dir='ltr'>legibus</span> <span class='ocrx_word' id='word_1_418' title='bbox 866 2180 909 2211; x_wconf 86' lang='lat' dir='ltr'>vi-</span> 
     </span>
     <span class='ocr_line' id='line_1_53' title="bbox 44 2219 908 2262; baseline -0.001 -9"><span class='ocrx_word' id='word_1_419' title='bbox 44 2222 154 2253; x_wconf 86' lang='lat' dir='ltr'>deatur</span> <span class='ocrx_word' id='word_1_420' title='bbox 177 2219 380 2261; x_wconf 81' lang='lat' dir='ltr'>ambiguitas:</span> <span class='ocrx_word' id='word_1_421' title='bbox 411 2220 479 2252; x_wconf 91' lang='lat' dir='ltr'>sunt</span> <span class='ocrx_word' id='word_1_422' title='bbox 499 2221 574 2261; x_wconf 82' lang='lat' dir='ltr'>juris</span> <span class='ocrx_word' id='word_1_423' title='bbox 591 2221 683 2261; x_wconf 85' lang='lat' dir='ltr'>periti</span> <span class='ocrx_word' id='word_1_424' title='bbox 700 2230 780 2261; x_wconf 86' lang='lat' dir='ltr'>quos</span> <span class='ocrx_word' id='word_1_425' title='bbox 803 2220 908 2262; x_wconf 85' lang='lat' dir='ltr'>potest</span> 
     </span>
     <span class='ocr_line' id='line_1_54' title="bbox 45 2261 907 2302; baseline -0.001 -8"><span class='ocrx_word' id='word_1_426' title='bbox 45 2263 227 2299; x_wconf 79' lang='lat' dir='ltr'>consulere,</span> <span class='ocrx_word' id='word_1_427' title='bbox 252 2261 391 2302; x_wconf 81' lang='lat' dir='ltr'>quisquis</span> <span class='ocrx_word' id='word_1_428' title='bbox 408 2262 541 2293; x_wconf 84' lang='lat' dir='ltr'>dubitat.</span> <span class='ocrx_word' id='word_1_429' title='bbox 572 2263 613 2293; x_wconf 88' lang='lat' dir='ltr'>ita</span> <span class='ocrx_word' id='word_1_430' title='bbox 639 2262 733 2294; x_wconf 86' lang='lat' dir='ltr'>facile</span> <span class='ocrx_word' id='word_1_431' title='bbox 754 2261 816 2301; x_wconf 88' lang='lat' dir='ltr'>est,</span> <span class='ocrx_word' id='word_1_432' title='bbox 842 2263 907 2293; x_wconf 93' lang='lat' dir='ltr'>uni-</span> 
     </span>
     <span class='ocr_line' id='line_1_55' title="bbox 44 2302 907 2343; baseline 0.001 -10"><span class='ocrx_word' id='word_1_433' title='bbox 44 2304 160 2343; x_wconf 83' lang='lat' dir='ltr'>cuique</span> <span class='ocrx_word' id='word_1_434' title='bbox 177 2302 271 2341; x_wconf 84' lang='lat' dir='ltr'>scire,</span> <span class='ocrx_word' id='word_1_435' title='bbox 294 2312 358 2343; x_wconf 90' lang='lat' dir='ltr'>quo</span> <span class='ocrx_word' id='word_1_436' title='bbox 373 2303 439 2342; x_wconf 83' lang='lat' dir='ltr'>jure</span> <span class='ocrx_word' id='word_1_437' title='bbox 456 2305 528 2334; x_wconf 87' lang='lat' dir='ltr'>eum</span> <span class='ocrx_word' id='word_1_438' title='bbox 545 2303 573 2333; x_wconf 94' lang='lat' dir='ltr'>in</span> <span class='ocrx_word' id='word_1_439' title='bbox 597 2303 728 2334; x_wconf 89' lang='lat' dir='ltr'>civitate</span> <span class='ocrx_word' id='word_1_440' title='bbox 750 2304 795 2334; x_wconf 85' lang='lat' dir='ltr'>uti</span> <span class='ocrx_word' id='word_1_441' title='bbox 811 2311 907 2342; x_wconf 90' lang='lat' dir='ltr'>opor-</span> 
     </span>
     <span class='ocr_line' id='line_1_56' title="bbox 45 2343 907 2385; baseline 0 -10"><span class='ocrx_word' id='word_1_442' title='bbox 45 2352 120 2375; x_wconf 88' lang='lat' dir='ltr'>teat.</span> <span class='ocrx_word' id='word_1_443' title='bbox 146 2345 177 2376; x_wconf 90' lang='lat' dir='ltr'>id</span> <span class='ocrx_word' id='word_1_444' title='bbox 191 2353 268 2375; x_wconf 88' lang='lat' dir='ltr'>vero</span> <span class='ocrx_word' id='word_1_445' title='bbox 289 2343 409 2375; x_wconf 87' lang='lat' dir='ltr'>nescire</span> <span class='ocrx_word' id='word_1_446' title='bbox 433 2344 483 2374; x_wconf 91' lang='lat' dir='ltr'>vel</span> <span class='ocrx_word' id='word_1_447' title='bbox 507 2343 668 2385; x_wconf 81' lang='lat' dir='ltr'>negligere</span> <span class='ocrx_word' id='word_1_448' title='bbox 695 2343 758 2382; x_wconf 89' lang='lat' dir='ltr'>est,</span> <span class='ocrx_word' id='word_1_449' title='bbox 789 2344 907 2375; x_wconf 72' lang='lat' dir='ltr'>nescire</span> 
     </span>
     <span class='ocr_line' id='line_1_57' title="bbox 44 2384 908 2425; baseline 0.001 -9"><span class='ocrx_word' id='word_1_450' title='bbox 44 2387 130 2425; x_wconf 87' lang='lat' dir='ltr'>quod</span> <span class='ocrx_word' id='word_1_451' title='bbox 156 2385 254 2416; x_wconf 89' lang='lat' dir='ltr'>sciunt</span> <span class='ocrx_word' id='word_1_452' title='bbox 278 2394 397 2416; x_wconf 84' lang='lat' dir='ltr'>omnes.</span> <span class='ocrx_word' id='word_1_453' title='bbox 421 2394 490 2424; x_wconf 84' lang='lat' dir='ltr'>quae</span> <span class='ocrx_word' id='word_1_454' title='bbox 509 2385 727 2417; x_wconf 84' lang='lat' dir='ltr'>inexcusabilis</span> <span class='ocrx_word' id='word_1_455' title='bbox 743 2384 788 2416; x_wconf 86' lang='lat' dir='ltr'>est</span> <span class='ocrx_word' id='word_1_456' title='bbox 809 2384 908 2417; x_wconf 90' lang='lat' dir='ltr'>stulti-</span> 
     </span>
     <span class='ocr_line' id='line_1_58' title="bbox 46 2424 690 2468; baseline 0.003 -11"><span class='ocrx_word' id='word_1_457' title='bbox 46 2428 102 2464; x_wconf 79' lang='lat' dir='ltr'>tia,</span> <span class='ocrx_word' id='word_1_458' title='bbox 128 2435 218 2467; x_wconf 84' lang='lat' dir='ltr'>quam</span> <span class='ocrx_word' id='word_1_459' title='bbox 235 2427 359 2466; x_wconf 85' lang='lat' dir='ltr'>culpam</span> <span class='ocrx_word' id='word_1_460' title='bbox 377 2426 467 2457; x_wconf 84' lang='lat' dir='ltr'>latam</span> <span class='ocrx_word' id='word_1_461' title='bbox 485 2424 690 2468; x_wconf 77' lang='lat' dir='ltr'>appellamus.</span> 
     </span>
    </p>

    <p class='ocr_par' dir='ltr' id='par_1_7' title="bbox 43 2466 907 2877">
     <span class='ocr_line' id='line_1_59' title="bbox 89 2466 907 2509; baseline 0 -11"><span class='ocrx_word' id='word_1_462' title='bbox 89 2467 183 2498; x_wconf 85' lang='lat' dir='ltr'>Plane</span> <span class='ocrx_word' id='word_1_463' title='bbox 200 2467 311 2498; x_wconf 82' lang='lat' dir='ltr'>Paulus</span> <span class='ocrx_word' id='word_1_464' title='bbox 331 2468 360 2498; x_wconf 89' lang='lat' dir='ltr'>in</span> <span class='ocrx_word' id='word_1_465' title='bbox 381 2469 409 2498; x_wconf 85' lang='lat' dir='ltr'>d.</span> <span class='ocrx_word' id='word_1_466' title='bbox 427 2467 447 2498; x_wconf 87' lang='lat' dir='ltr'>l.</span> <span class='ocrx_word' id='word_1_467' title='bbox 465 2477 494 2504; x_wconf 89' lang='lat'>9.</span> <span class='ocrx_word' id='word_1_468' title='bbox 509 2474 544 2508; x_wconf 86' lang='lat' dir='ltr'>pr</span> <span class='ocrx_word' id='word_1_469' title='bbox 566 2467 640 2509; x_wconf 54' lang='grc' dir='ltr'>ὃς.</span> <span class='ocrx_word' id='word_1_470' title='bbox 663 2477 688 2500; x_wconf 92' lang='lat'>1.</span> <span class='ocrx_word' id='word_1_471' title='bbox 704 2466 824 2508; x_wconf 87' lang='lat' dir='ltr'>excipit</span> <span class='ocrx_word' id='word_1_472' title='bbox 839 2469 907 2507; x_wconf 74' lang='lat' dir='ltr'>per-</span> 
     </span>
     <span class='ocr_line' id='line_1_60' title="bbox 48 2506 907 2549; baseline 0.002 -12"><span class='ocrx_word' id='word_1_473' title='bbox 48 2506 136 2537; x_wconf 88' lang='lat' dir='ltr'>sonas</span> <span class='ocrx_word' id='word_1_474' title='bbox 159 2511 306 2547; x_wconf 81' lang='lat' dir='ltr'>quasdam</span> <span class='ocrx_word' id='word_1_475' title='bbox 330 2508 444 2548; x_wconf 88' lang='lat' dir='ltr'>quibus</span> <span class='ocrx_word' id='word_1_476' title='bbox 470 2508 646 2549; x_wconf 74' lang='lat' dir='ltr'>permissum</span> <span class='ocrx_word' id='word_1_477' title='bbox 670 2509 723 2547; x_wconf 82' lang='lat' dir='ltr'>fit,</span> <span class='ocrx_word' id='word_1_478' title='bbox 745 2510 793 2549; x_wconf 89' lang='lat' dir='ltr'>jus</span> <span class='ocrx_word' id='word_1_479' title='bbox 819 2507 907 2549; x_wconf 81' lang='lat' dir='ltr'>igno-</span> 
     </span>
     <span class='ocr_line' id='line_1_61' title="bbox 48 2548 907 2591; baseline 0.002 -13"><span class='ocrx_word' id='word_1_480' title='bbox 48 2552 132 2578; x_wconf 78' lang='lat' dir='ltr'>rare:</span> <span class='ocrx_word' id='word_1_481' title='bbox 147 2548 223 2578; x_wconf 89' lang='lat' dir='ltr'>tales</span> <span class='ocrx_word' id='word_1_482' title='bbox 239 2548 299 2579; x_wconf 88' lang='lat' dir='ltr'>esse</span> <span class='ocrx_word' id='word_1_483' title='bbox 314 2551 358 2591; x_wconf 74' lang='lat' dir='ltr'>ait</span> <span class='ocrx_word' id='word_1_484' title='bbox 368 2549 626 2590; x_wconf 82' lang='lat' dir='ltr'>minoresviginti</span> <span class='ocrx_word' id='word_1_485' title='bbox 643 2551 785 2590; x_wconf 88' lang='lat' dir='ltr'>quinque</span> <span class='ocrx_word' id='word_1_486' title='bbox 801 2549 907 2582; x_wconf 88' lang='lat' dir='ltr'>annis:</span> 
     </span>
     <span class='ocr_line' id='line_1_62' title="bbox 47 2587 907 2634; baseline 0.003 -16"><span class='ocrx_word' id='word_1_487' title='bbox 47 2587 195 2632; x_wconf 81' lang='lat' dir='ltr'>suadente</span> <span class='ocrx_word' id='word_1_488' title='bbox 211 2588 387 2634; x_wconf 74' lang='lat' dir='ltr'>lubricitate</span> <span class='ocrx_word' id='word_1_489' title='bbox 403 2590 543 2629; x_wconf 84' lang='lat' dir='ltr'>consilii,</span> <span class='ocrx_word' id='word_1_490' title='bbox 555 2591 629 2622; x_wconf 83' lang='lat' dir='ltr'>huic</span> <span class='ocrx_word' id='word_1_491' title='bbox 644 2589 729 2622; x_wconf 86' lang='lat' dir='ltr'>aetati</span> <span class='ocrx_word' id='word_1_492' title='bbox 745 2590 879 2622; x_wconf 89' lang='lat' dir='ltr'>succurri</span> <span class='ocrx_word' id='word_1_493' title='bbox 897 2613 907 2629; x_wconf 93' lang='lat'>,</span> 
     </span>
     <span class='ocr_line' id='line_1_63' title="bbox 48 2628 907 2671; baseline 0.002 -11"><span class='ocrx_word' id='word_1_494' title='bbox 48 2638 144 2669; x_wconf 87' lang='lat' dir='ltr'>atque</span> <span class='ocrx_word' id='word_1_495' title='bbox 161 2628 355 2668; x_wconf 65' lang='lat' dir='ltr'>inminuere,</span> <span class='ocrx_word' id='word_1_496' title='bbox 377 2636 449 2663; x_wconf 84' lang='lat' dir='ltr'>cum</span> <span class='ocrx_word' id='word_1_497' title='bbox 466 2632 496 2663; x_wconf 93' lang='lat' dir='ltr'>in</span> <span class='ocrx_word' id='word_1_498' title='bbox 514 2632 635 2664; x_wconf 85' lang='lat' dir='ltr'>damnis</span> <span class='ocrx_word' id='word_1_499' title='bbox 647 2655 657 2671; x_wconf 91' lang='lat'>,</span> <span class='ocrx_word' id='word_1_500' title='bbox 681 2641 747 2663; x_wconf 86' lang='lat' dir='ltr'>tum</span> <span class='ocrx_word' id='word_1_501' title='bbox 766 2633 796 2663; x_wconf 93' lang='lat' dir='ltr'>in</span> <span class='ocrx_word' id='word_1_502' title='bbox 814 2632 907 2663; x_wconf 85' lang='lat' dir='ltr'>lucris</span> 
     </span>
     <span class='ocr_line' id='line_1_64' title="bbox 44 2670 906 2717; baseline 0.003 -17"><span class='ocrx_word' id='word_1_503' title='bbox 44 2675 174 2717; x_wconf 80' lang='lat' dir='ltr'>quoque</span> <span class='ocrx_word' id='word_1_504' title='bbox 186 2680 193 2701; x_wconf 74' lang='grc' dir='ltr'>ε</span> <span class='ocrx_word' id='word_1_505' title='bbox 205 2670 290 2709; x_wconf 89' lang='lat' dir='ltr'>quod</span> <span class='ocrx_word' id='word_1_506' title='bbox 301 2671 328 2700; x_wconf 69' lang='grc' dir='ltr'>ἀ</span> <span class='ocrx_word' id='word_1_507' title='bbox 340 2671 630 2710; x_wconf 87' lang='lat' dir='ltr'>supraobservatum</span> <span class='ocrx_word' id='word_1_508' title='bbox 648 2674 705 2704; x_wconf 86' lang='lat' dir='ltr'>sub</span> <span class='ocrx_word' id='word_1_509' title='bbox 715 2672 847 2711; x_wconf 75' lang='lat' dir='ltr'>Titulo,</span> <span class='ocrx_word' id='word_1_510' title='bbox 861 2671 906 2704; x_wconf 76' lang='lat' dir='ltr'>De</span> 
     </span>
     <span class='ocr_line' id='line_1_65' title="bbox 44 2709 904 2753; baseline 0.002 -11"><span class='ocrx_word' id='word_1_511' title='bbox 44 2712 210 2742; x_wconf 66' lang='lat' dir='ltr'>minoribus.</span> <span class='ocrx_word' id='word_1_512' title='bbox 237 2709 321 2741; x_wconf 87' lang='lat' dir='ltr'>ldem</span> <span class='ocrx_word' id='word_1_513' title='bbox 349 2710 458 2745; x_wconf 84' lang='lat' dir='ltr'>Paulus</span> <span class='ocrx_word' id='word_1_514' title='bbox 485 2716 635 2746; x_wconf 87' lang='lat' dir='ltr'>concedit</span> <span class='ocrx_word' id='word_1_515' title='bbox 651 2714 809 2752; x_wconf 85' lang='lat' dir='ltr'>foeminis,</span> <span class='ocrx_word' id='word_1_516' title='bbox 834 2723 904 2753; x_wconf 83' lang='lat' dir='ltr'>pro·</span> 
     </span>
     <span class='ocr_line' id='line_1_66' title="bbox 43 2750 905 2792; baseline 0.003 -9"><span class='ocrx_word' id='word_1_517' title='bbox 43 2758 117 2792; x_wconf 86' lang='lat' dir='ltr'>pter</span> <span class='ocrx_word' id='word_1_518' title='bbox 133 2750 345 2783; x_wconf 82' lang='lat' dir='ltr'>infirmitatem</span> <span class='ocrx_word' id='word_1_519' title='bbox 362 2752 468 2784; x_wconf 85' lang='lat' dir='ltr'>sexus:</span> <span class='ocrx_word' id='word_1_520' title='bbox 491 2754 541 2786; x_wconf 81' lang='lat' dir='ltr'>sed</span> <span class='ocrx_word' id='word_1_521' title='bbox 557 2752 605 2786; x_wconf 80' lang='lat' dir='ltr'>his</span> <span class='ocrx_word' id='word_1_522' title='bbox 624 2765 688 2787; x_wconf 86' lang='lat' dir='ltr'>non</span> <span class='ocrx_word' id='word_1_523' title='bbox 712 2756 742 2787; x_wconf 92' lang='lat' dir='ltr'>in</span> <span class='ocrx_word' id='word_1_524' title='bbox 760 2754 905 2787; x_wconf 86' lang='lat' dir='ltr'>omnibus</span> 
     </span>
     <span class='ocr_line' id='line_1_67' title="bbox 46 2791 907 2836; baseline 0.002 -12"><span class='ocrx_word' id='word_1_525' title='bbox 46 2792 160 2836; x_wconf 77' lang='lat' dir='ltr'>causis,</span> <span class='ocrx_word' id='word_1_526' title='bbox 177 2791 228 2823; x_wconf 89' lang='lat' dir='ltr'>sed</span> <span class='ocrx_word' id='word_1_527' title='bbox 246 2794 277 2823; x_wconf 88' lang='lat' dir='ltr'>in</span> <span class='ocrx_word' id='word_1_528' title='bbox 294 2791 495 2832; x_wconf 83' lang='lat' dir='ltr'>quibusdam:</span> <span class='ocrx_word' id='word_1_529' title='bbox 518 2804 615 2835; x_wconf 91' lang='lat' dir='ltr'>puto,</span> <span class='ocrx_word' id='word_1_530' title='bbox 630 2798 661 2828; x_wconf 90' lang='lat' dir='ltr'>in</span> <span class='ocrx_word' id='word_1_531' title='bbox 680 2796 799 2828; x_wconf 87' lang='lat' dir='ltr'>damnis</span> <span class='ocrx_word' id='word_1_532' title='bbox 819 2796 907 2827; x_wconf 85' lang='lat' dir='ltr'>dum-</span> 
     </span>
     <span class='ocr_line' id='line_1_68' title="bbox 45 2833 907 2877; baseline 0.001 -12"><span class='ocrx_word' id='word_1_533' title='bbox 45 2836 222 2871; x_wconf 83' lang='lat' dir='ltr'>taxat‚non</span> <span class='ocrx_word' id='word_1_534' title='bbox 239 2833 333 2864; x_wconf 87' lang='lat' dir='ltr'>etiam</span> <span class='ocrx_word' id='word_1_535' title='bbox 353 2834 383 2864; x_wconf 88' lang='lat' dir='ltr'>in</span> <span class='ocrx_word' id='word_1_536' title='bbox 401 2834 620 2875; x_wconf 85' lang='lat' dir='ltr'>lucris:eoque</span> <span class='ocrx_word' id='word_1_537' title='bbox 631 2838 807 2877; x_wconf 88' lang='lat' dir='ltr'>pertinere,</span> <span class='ocrx_word' id='word_1_538' title='bbox 819 2837 907 2876; x_wconf 88' lang='lat' dir='ltr'>quod</span> 
     </span>
    </p>
   </div>
   <div class='ocr_carea' id='block_1_7' title="bbox 0 2873 906 2916">
    <p class='ocr_par' dir='ltr' id='par_1_8' title="bbox 0 2873 906 2916">
     <span class='ocr_line' id='line_1_69' title="bbox 0 2873 906 2916; baseline 0.001 -9"><span class='ocrx_word' id='word_1_539' title='bbox 0 2902 1 2910; x_wconf 68' lang='grc'>,</span> <span class='ocrx_word' id='word_1_540' title='bbox 44 2876 77 2907; x_wconf 85' lang='lat' dir='ltr'>in</span> <span class='ocrx_word' id='word_1_541' title='bbox 97 2873 240 2915; x_wconf 82' lang='lat' dir='ltr'>praesenti</span> <span class='ocrx_word' id='word_1_542' title='bbox 263 2874 351 2904; x_wconf 80' lang='lat' dir='ltr'>addit</span> <span class='ocrx_word' id='word_1_543' title='bbox 380 2873 515 2907; x_wconf 78' lang='lat' dir='ltr'>Paulus.-</span> <span class='ocrx_word' id='word_1_544' title='bbox 537 2876 573 2912; x_wconf 59' lang='grc' dir='ltr'><em>ἃ</em></span> <span class='ocrx_word' id='word_1_545' title='bbox 595 2880 653 2910; x_wconf 80' lang='lat' dir='ltr'>ideo</span> <span class='ocrx_word' id='word_1_546' title='bbox 671 2878 765 2916; x_wconf 85' lang='lat' dir='ltr'>ficubi</span> <span class='ocrx_word' id='word_1_547' title='bbox 787 2887 842 2909; x_wconf 87' lang='lat' dir='ltr'>non</span> <span class='ocrx_word' id='word_1_548' title='bbox 867 2874 906 2916; x_wconf 68' lang='lat' dir='ltr'>⁶²st</span> 
     </span>
    </p>
   </div>
   <div class='ocr_carea' id='block_1_8' title="bbox 2 3098 7 3234">
    <p class='ocr_par' dir='ltr' id='par_1_9' title="bbox 2 3098 7 3260">
     <span class='ocr_line' id='line_1_70' title="bbox 2 3098 7 3234; baseline 0 0"><span class='ocrx_word' id='word_1_549' title='bbox 2 3098 7 3234; x_wconf 67' lang='lat' dir='ltr'>l</span> 
     </span>
    </p>
   </div>
   <div class='ocr_carea' id='block_1_9' title="bbox 40 2914 906 3084">
    <p class='ocr_par' dir='ltr' id='par_1_10' title="bbox 40 2914 906 3084">
     <span class='ocr_line' id='line_1_71' title="bbox 42 2914 906 2961; baseline 0.003 -14"><span class='ocrx_word' id='word_1_550' title='bbox 42 2915 194 2961; x_wconf 55' lang='lat' dir='ltr'>desidum,</span> <span class='ocrx_word' id='word_1_551' title='bbox 214 2915 262 2960; x_wconf 53' lang='lat' dir='ltr'>(ed</span> <span class='ocrx_word' id='word_1_552' title='bbox 280 2914 359 2959; x_wconf 58' lang='lat' dir='ltr'>jurir</span> <span class='ocrx_word' id='word_1_553' title='bbox 380 2916 563 2956; x_wconf 70' lang='lat' dir='ltr'>ignorantia,</span> <span class='ocrx_word' id='word_1_554' title='bbox 591 2928 649 2951; x_wconf 86' lang='lat' dir='ltr'>non</span> <span class='ocrx_word' id='word_1_555' title='bbox 673 2920 828 2951; x_wconf 78' lang='lat' dir='ltr'>laedumur.</span> <span class='ocrx_word' id='word_1_556' title='bbox 854 2918 906 2950; x_wconf 91' lang='lat' dir='ltr'>Ne</span> 
     </span>
     <span class='ocr_line' id='line_1_72' title="bbox 40 2956 905 3000; baseline 0.002 -12"><span class='ocrx_word' id='word_1_557' title='bbox 40 2956 300 3000; x_wconf 35' lang='lat' dir='ltr'>milites&#39;qurdem</span> <span class='ocrx_word' id='word_1_558' title='bbox 326 2956 377 2986; x_wconf 81' lang='lat' dir='ltr'>hic</span> <span class='ocrx_word' id='word_1_559' title='bbox 402 2959 538 2996; x_wconf 86' lang='lat' dir='ltr'>praeterit</span> <span class='ocrx_word' id='word_1_560' title='bbox 559 2958 688 2992; x_wconf 79' lang='lat' dir='ltr'>Paulus:</span> <span class='ocrx_word' id='word_1_561' title='bbox 712 2960 843 2992; x_wconf 86' lang='lat' dir='ltr'>favente</span> <span class='ocrx_word' id='word_1_562' title='bbox 860 2960 905 2990; x_wconf 91' lang='lat' dir='ltr'>eis</span> 
     </span>
     <span class='ocr_line' id='line_1_73' title="bbox 41 2998 906 3037; baseline 0.001 -7"><span class='ocrx_word' id='word_1_563' title='bbox 41 2998 239 3037; x_wconf 73' lang='lat' dir='ltr'>simplicitate</span> <span class='ocrx_word' id='word_1_564' title='bbox 263 3000 388 3029; x_wconf 75' lang='lat' dir='ltr'>armata:</span> <span class='ocrx_word' id='word_1_565' title='bbox 408 2998 542 3030; x_wconf 83' lang='lat' dir='ltr'>militiae:</span> <span class='ocrx_word' id='word_1_566' title='bbox 564 3009 633 3033; x_wconf 86' lang='lat' dir='ltr'>nam</span> <span class='ocrx_word' id='word_1_567' title='bbox 652 3002 733 3033; x_wconf 84' lang='lat' dir='ltr'>hanc</span> <span class='ocrx_word' id='word_1_568' title='bbox 749 3002 906 3032; x_wconf 85' lang='lat' dir='ltr'>rationem</span> 
     </span>
     <span class='ocr_line' id='line_1_74' title="bbox 43 3038 902 3084; baseline 0.005 -14"><span class='ocrx_word' id='word_1_569' title='bbox 43 3038 147 3071; x_wconf 87' lang='lat' dir='ltr'>adfert</span> <span class='ocrx_word' id='word_1_570' title='bbox 161 3038 341 3071; x_wconf 77' lang='lat' dir='ltr'>Antoninus</span> <span class='ocrx_word' id='word_1_571' title='bbox 363 3038 384 3070; x_wconf 51' lang='lat' dir='ltr'>l,</span> <span class='ocrx_word' id='word_1_572' title='bbox 411 3048 438 3072; x_wconf 88' lang='lat'>1.</span> <span class='ocrx_word' id='word_1_573' title='bbox 463 3039 495 3073; x_wconf 93' lang='lat' dir='ltr'>C.</span> <span class='ocrx_word' id='word_1_574' title='bbox 514 3041 541 3074; x_wconf 82' lang='lat' dir='ltr'>b.</span> <span class='ocrx_word' id='word_1_575' title='bbox 559 3046 581 3075; x_wconf 76' lang='lat' dir='ltr'>t.</span> <span class='ocrx_word' id='word_1_576' title='bbox 615 3041 808 3084; x_wconf 81' lang='lat' dir='ltr'>Exemplum</span> <span class='ocrx_word' id='word_1_577' title='bbox 826 3041 902 3074; x_wconf 82' lang='lat' dir='ltr'>Pau-</span> 
     </span>
    </p>
   </div>
   <div class='ocr_carea' id='block_1_10' title="bbox 77 3190 221 3224">
    <p class='ocr_par' dir='ltr' id='par_1_11' title="bbox 77 3190 221 3224">
     <span class='ocr_line' id='line_1_75' title="bbox 77 3190 221 3224; baseline 0 0"><span class='ocrx_word' id='word_1_578' title='bbox 77 3190 156 3224; x_wconf 86' lang='lat' dir='ltr'><strong><em>Tom.</em></strong></span> <span class='ocrx_word' id='word_1_579' title='bbox 178 3191 221 3224; x_wconf 88' lang='grc' dir='ltr'>ΙΙ.</span> 
     </span>
    </p>
   </div>
   <div class='ocr_carea' id='block_1_11' title="bbox 937 203 1819 2840">
    <p class='ocr_par' dir='ltr' id='par_1_12' title="bbox 937 203 1814 576">
     <span class='ocr_line' id='line_1_76' title="bbox 945 203 1812 245; baseline 0 -9"><span class='ocrx_word' id='word_1_580' title='bbox 945 213 1022 237; x_wconf 86' lang='lat' dir='ltr'>tone</span> <span class='ocrx_word' id='word_1_581' title='bbox 1043 206 1135 238; x_wconf 84' lang='lat' dir='ltr'>heres</span> <span class='ocrx_word' id='word_1_582' title='bbox 1156 205 1330 244; x_wconf 84' lang='lat' dir='ltr'>institutus,</span> <span class='ocrx_word' id='word_1_583' title='bbox 1355 203 1472 237; x_wconf 80' lang='lat' dir='ltr'>nesciat</span> <span class='ocrx_word' id='word_1_584' title='bbox 1486 205 1540 237; x_wconf 80' lang='lat' dir='ltr'>sibi</span> <span class='ocrx_word' id='word_1_585' title='bbox 1565 206 1662 236; x_wconf 88' lang='lat' dir='ltr'>etiam</span> <span class='ocrx_word' id='word_1_586' title='bbox 1679 204 1741 236; x_wconf 82' lang='lat' dir='ltr'>sine</span> <span class='ocrx_word' id='word_1_587' title='bbox 1760 214 1812 245; x_wconf 85' lang='lat' dir='ltr'>pa-</span> 
     </span>
     <span class='ocr_line' id='line_1_77' title="bbox 944 245 1811 287; baseline -0.001 -10"><span class='ocrx_word' id='word_1_588' title='bbox 944 254 991 278; x_wconf 78' lang='lat' dir='ltr'>tre</span> <span class='ocrx_word' id='word_1_589' title='bbox 1010 247 1104 279; x_wconf 88' lang='lat' dir='ltr'>licere</span> <span class='ocrx_word' id='word_1_590' title='bbox 1121 247 1226 285; x_wconf 87' lang='lat' dir='ltr'>adire;</span> <span class='ocrx_word' id='word_1_591' title='bbox 1249 257 1285 277; x_wconf 88' lang='lat' dir='ltr'>ac</span> <span class='ocrx_word' id='word_1_592' title='bbox 1312 246 1481 287; x_wconf 68' lang='lat' dir='ltr'>praefatur,</span> <span class='ocrx_word' id='word_1_593' title='bbox 1504 247 1591 287; x_wconf 86' lang='lat' dir='ltr'>quod</span> <span class='ocrx_word' id='word_1_594' title='bbox 1610 255 1666 286; x_wconf 88' lang='lat' dir='ltr'>per</span> <span class='ocrx_word' id='word_1_595' title='bbox 1684 245 1811 277; x_wconf 80' lang='lat' dir='ltr'>Consti·</span> 
     </span>
     <span class='ocr_line' id='line_1_78' title="bbox 941 286 1809 332; baseline 0.001 -15"><span class='ocrx_word' id='word_1_596' title='bbox 941 289 1082 321; x_wconf 83' lang='lat' dir='ltr'>tutiones</span> <span class='ocrx_word' id='word_1_597' title='bbox 1098 288 1289 327; x_wconf 75' lang='lat' dir='ltr'>principales</span> <span class='ocrx_word' id='word_1_598' title='bbox 1305 289 1353 328; x_wconf 84' lang='lat' dir='ltr'>jus</span> <span class='ocrx_word' id='word_1_599' title='bbox 1376 288 1520 332; x_wconf 80' lang='lat' dir='ltr'>ignorare</span> <span class='ocrx_word' id='word_1_600' title='bbox 1543 286 1666 328; x_wconf 86' lang='lat' dir='ltr'>potest:</span> <span class='ocrx_word' id='word_1_601' title='bbox 1689 288 1718 318; x_wconf 73' lang='grc' dir='ltr'><strong>ἁ</strong></span> <span class='ocrx_word' id='word_1_602' title='bbox 1734 287 1809 318; x_wconf 87' lang='lat' dir='ltr'>ideo</span> 
     </span>
     <span class='ocr_line' id='line_1_79' title="bbox 938 327 1813 368; baseline -0.001 -9"><span class='ocrx_word' id='word_1_603' title='bbox 938 328 967 359; x_wconf 89' lang='lat' dir='ltr'>ei</span> <span class='ocrx_word' id='word_1_604' title='bbox 985 330 1051 361; x_wconf 89' lang='lat' dir='ltr'>dies</span> <span class='ocrx_word' id='word_1_605' title='bbox 1077 329 1224 360; x_wconf 82' lang='lat' dir='ltr'>aditionis</span> <span class='ocrx_word' id='word_1_606' title='bbox 1250 338 1313 359; x_wconf 88' lang='lat' dir='ltr'>non</span> <span class='ocrx_word' id='word_1_607' title='bbox 1331 330 1426 359; x_wconf 78' lang='lat' dir='ltr'>cedit.</span> <span class='ocrx_word' id='word_1_608' title='bbox 1451 329 1537 368; x_wconf 86' lang='lat' dir='ltr'>quod</span> <span class='ocrx_word' id='word_1_609' title='bbox 1555 328 1599 359; x_wconf 88' lang='lat' dir='ltr'>est</span> <span class='ocrx_word' id='word_1_610' title='bbox 1615 327 1813 359; x_wconf 62' lang='lat' dir='ltr'>notandum}</span> 
     </span>
     <span class='ocr_line' id='line_1_80' title="bbox 938 368 1810 410; baseline 0 -11"><span class='ocrx_word' id='word_1_611' title='bbox 938 372 1010 409; x_wconf 82' lang='lat' dir='ltr'>quia</span> <span class='ocrx_word' id='word_1_612' title='bbox 1035 370 1108 401; x_wconf 73' lang='lat' dir='ltr'>inde</span> <span class='ocrx_word' id='word_1_613' title='bbox 1132 377 1279 410; x_wconf 83' lang='lat' dir='ltr'>apparet,</span> <span class='ocrx_word' id='word_1_614' title='bbox 1310 369 1339 399; x_wconf 89' lang='lat' dir='ltr'>ei</span> <span class='ocrx_word' id='word_1_615' title='bbox 1360 370 1434 408; x_wconf 86' lang='lat' dir='ltr'>juris</span> <span class='ocrx_word' id='word_1_616' title='bbox 1454 370 1664 410; x_wconf 81' lang='lat' dir='ltr'>ignorantiam</span> <span class='ocrx_word' id='word_1_617' title='bbox 1689 378 1753 400; x_wconf 85' lang='lat' dir='ltr'>non</span> <span class='ocrx_word' id='word_1_618' title='bbox 1777 368 1810 400; x_wconf 90' lang='lat' dir='ltr'>in</span> 
     </span>
     <span class='ocr_line' id='line_1_81' title="bbox 939 408 1811 450; baseline 0 -8"><span class='ocrx_word' id='word_1_619' title='bbox 939 411 1060 442; x_wconf 83' lang='lat' dir='ltr'>damnis</span> <span class='ocrx_word' id='word_1_620' title='bbox 1087 418 1225 448; x_wconf 71' lang='lat' dir='ltr'>tantum,</span> <span class='ocrx_word' id='word_1_621' title='bbox 1257 410 1307 440; x_wconf 86' lang='lat' dir='ltr'>sed</span> <span class='ocrx_word' id='word_1_622' title='bbox 1331 409 1360 440; x_wconf 91' lang='lat' dir='ltr'>in</span> <span class='ocrx_word' id='word_1_623' title='bbox 1389 410 1482 442; x_wconf 88' lang='lat' dir='ltr'>lucris</span> <span class='ocrx_word' id='word_1_624' title='bbox 1498 419 1629 450; x_wconf 82' lang='lat' dir='ltr'>quoque</span> <span class='ocrx_word' id='word_1_625' title='bbox 1653 408 1811 450; x_wconf 81' lang='lat' dir='ltr'>prodeffe.</span> 
     </span>
     <span class='ocr_line' id='line_1_82' title="bbox 937 450 1814 487; baseline 0.001 -6"><span class='ocrx_word' id='word_1_626' title='bbox 937 450 990 482; x_wconf 88' lang='lat' dir='ltr'>De</span> <span class='ocrx_word' id='word_1_627' title='bbox 1006 451 1125 483; x_wconf 66' lang='lat' dir='ltr'>rust²cis</span> <span class='ocrx_word' id='word_1_628' title='bbox 1148 452 1175 482; x_wconf 87' lang='lat' dir='ltr'>d.</span> <span class='ocrx_word' id='word_1_629' title='bbox 1193 452 1211 481; x_wconf 81' lang='lat' dir='ltr'>l.</span> <span class='ocrx_word' id='word_1_630' title='bbox 1228 460 1257 487; x_wconf 83' lang='lat'>9.</span> <span class='ocrx_word' id='word_1_631' title='bbox 1280 451 1344 481; x_wconf 82' lang='lat' dir='ltr'>silet</span> <span class='ocrx_word' id='word_1_632' title='bbox 1368 450 1489 482; x_wconf 79' lang='lat' dir='ltr'>Paulus.</span> <span class='ocrx_word' id='word_1_633' title='bbox 1512 451 1556 482; x_wconf 87' lang='lat' dir='ltr'>est</span> <span class='ocrx_word' id='word_1_634' title='bbox 1576 459 1681 483; x_wconf 89' lang='lat' dir='ltr'>tamen</span> <span class='ocrx_word' id='word_1_635' title='bbox 1706 451 1756 483; x_wconf 91' lang='lat' dir='ltr'>vel</span> <span class='ocrx_word' id='word_1_636' title='bbox 1779 450 1814 482; x_wconf 69' lang='lat' dir='ltr'>iti</span> 
     </span>
     <span class='ocr_line' id='line_1_83' title="bbox 940 490 1812 532; baseline 0.002 -10"><span class='ocrx_word' id='word_1_637' title='bbox 940 491 988 523; x_wconf 86' lang='lat' dir='ltr'>his</span> <span class='ocrx_word' id='word_1_638' title='bbox 1022 500 1111 524; x_wconf 60' lang='lat' dir='ltr'>caussa</span> <span class='ocrx_word' id='word_1_639' title='bbox 1149 491 1362 532; x_wconf 79' lang='lat' dir='ltr'>benignitatis.</span> <span class='ocrx_word' id='word_1_640' title='bbox 1399 490 1564 532; x_wconf 59' lang='lat' dir='ltr'>virgilium</span> <span class='ocrx_word' id='word_1_641' title='bbox 1604 492 1676 524; x_wconf 81' lang='lat' dir='ltr'>audi</span> <span class='ocrx_word' id='word_1_642' title='bbox 1705 493 1754 526; x_wconf 74' lang='lat' dir='ltr'>lib.</span> <span class='ocrx_word' id='word_1_643' title='bbox 1779 501 1812 524; x_wconf 63' lang='lat'>2¹.</span> 
     </span>
     <span class='ocr_line' id='line_1_84' title="bbox 940 533 1502 576; baseline -0.002 -11"><span class='ocrx_word' id='word_1_644' title='bbox 940 533 1073 576; x_wconf 83' lang='lat' dir='ltr'>Georgic.</span> <span class='ocrx_word' id='word_1_645' title='bbox 1090 533 1162 574; x_wconf 74' lang='lat' dir='ltr'>veis.</span> <span class='ocrx_word' id='word_1_646' title='bbox 1177 543 1249 575; x_wconf 84' lang='lat'>501.</span> <span class='ocrx_word' id='word_1_647' title='bbox 1499 565 1502 568; x_wconf 69' lang='grc'>,</span> 
     </span>
    </p>

    <p class='ocr_par' dir='ltr' id='par_1_13' title="bbox 1303 574 1558 616">
     <span class='ocr_line' id='line_1_85' title="bbox 1303 574 1558 616; baseline 0 -10"><span class='ocrx_word' id='word_1_648' title='bbox 1303 575 1368 606; x_wconf 78' lang='lat' dir='ltr'>Nec</span> <span class='ocrx_word' id='word_1_649' title='bbox 1377 574 1478 614; x_wconf 86' lang='lat' dir='ltr'>ferrea</span> <span class='ocrx_word' id='word_1_650' title='bbox 1486 575 1558 616; x_wconf 76' lang='lat' dir='ltr'>jura</span> 
     </span>
    </p>

    <p class='ocr_par' dir='ltr' id='par_1_14' title="bbox 938 614 1819 2500">
     <span class='ocr_line' id='line_1_86' title="bbox 984 614 1725 656; baseline 0.001 -10"><span class='ocrx_word' id='word_1_651' title='bbox 984 614 1178 656; x_wconf 72' lang='lat' dir='ltr'>Insanunzque</span> <span class='ocrx_word' id='word_1_652' title='bbox 1188 616 1292 655; x_wconf 80' lang='lat' dir='ltr'>forum</span> <span class='ocrx_word' id='word_1_653' title='bbox 1308 622 1359 646; x_wconf 78' lang='lat' dir='ltr'>auc</span> <span class='ocrx_word' id='word_1_654' title='bbox 1372 615 1470 656; x_wconf 78' lang='lat' dir='ltr'>populi</span> <span class='ocrx_word' id='word_1_655' title='bbox 1484 616 1630 646; x_wconf 79' lang='lat' dir='ltr'>tabularia</span> <span class='ocrx_word' id='word_1_656' title='bbox 1639 615 1725 647; x_wconf 62' lang='lat' dir='ltr'>vidie.</span> 
     </span>
     <span class='ocr_line' id='line_1_87' title="bbox 942 655 1812 699; baseline 0 -11"><span class='ocrx_word' id='word_1_657' title='bbox 942 656 1030 699; x_wconf 82' lang='lat' dir='ltr'>Quid</span> <span class='ocrx_word' id='word_1_658' title='bbox 1050 656 1078 688; x_wconf 90' lang='lat' dir='ltr'>ni</span> <span class='ocrx_word' id='word_1_659' title='bbox 1095 657 1189 697; x_wconf 81' lang='lat' dir='ltr'>igitur</span> <span class='ocrx_word' id='word_1_660' title='bbox 1206 657 1264 688; x_wconf 86' lang='lat' dir='ltr'>hac</span> <span class='ocrx_word' id='word_1_661' title='bbox 1288 665 1376 696; x_wconf 81' lang='lat' dir='ltr'>parte</span> <span class='ocrx_word' id='word_1_662' title='bbox 1394 657 1489 688; x_wconf 87' lang='lat' dir='ltr'>etiarn</span> <span class='ocrx_word' id='word_1_663' title='bbox 1514 655 1679 688; x_wconf 86' lang='lat' dir='ltr'>rusticitati</span> <span class='ocrx_word' id='word_1_664' title='bbox 1701 656 1812 688; x_wconf 81' lang='lat' dir='ltr'>subve-</span> 
     </span>
     <span class='ocr_line' id='line_1_88' title="bbox 943 696 1811 738; baseline 0 -9"><span class='ocrx_word' id='word_1_665' title='bbox 943 699 1069 730; x_wconf 81' lang='lat' dir='ltr'>matur?</span> <span class='ocrx_word' id='word_1_666' title='bbox 1093 706 1188 738; x_wconf 85' lang='lat' dir='ltr'>atque</span> <span class='ocrx_word' id='word_1_667' title='bbox 1203 700 1233 729; x_wconf 90' lang='lat' dir='ltr'>id</span> <span class='ocrx_word' id='word_1_668' title='bbox 1251 698 1355 738; x_wconf 85' lang='lat' dir='ltr'>placet</span> <span class='ocrx_word' id='word_1_669' title='bbox 1377 696 1516 738; x_wconf 89' lang='lat' dir='ltr'>Ulpiano</span> <span class='ocrx_word' id='word_1_670' title='bbox 1541 697 1560 728; x_wconf 84' lang='lat' dir='ltr'>l.</span> <span class='ocrx_word' id='word_1_671' title='bbox 1599 706 1624 728; x_wconf 77' lang='lat' dir='ltr'>i.</span> <span class='ocrx_word' id='word_1_672' title='bbox 1646 697 1675 738; x_wconf 85' lang='lat'>§.</span> <span class='ocrx_word' id='word_1_673' title='bbox 1693 697 1747 728; x_wconf 74' lang='lat' dir='ltr'>ult.</span> <span class='ocrx_word' id='word_1_674' title='bbox 1766 697 1811 729; x_wconf 88' lang='lat' dir='ltr'>D.</span> 
     </span>
     <span class='ocr_line' id='line_1_89' title="bbox 943 737 1809 778; baseline -0.002 -8"><span class='ocrx_word' id='word_1_675' title='bbox 943 741 975 770; x_wconf 80' lang='lat' dir='ltr'>de</span> <span class='ocrx_word' id='word_1_676' title='bbox 985 741 1098 770; x_wconf 80' lang='lat' dir='ltr'>edendo.</span> <span class='ocrx_word' id='word_1_677' title='bbox 1122 740 1184 771; x_wconf 91' lang='lat' dir='ltr'>imo</span> <span class='ocrx_word' id='word_1_678' title='bbox 1201 739 1252 770; x_wconf 85' lang='lat' dir='ltr'>hic</span> <span class='ocrx_word' id='word_1_679' title='bbox 1269 740 1374 778; x_wconf 83' lang='lat' dir='ltr'>addit,</span> <span class='ocrx_word' id='word_1_680' title='bbox 1391 739 1422 770; x_wconf 70' lang='lat' dir='ltr'>&lt;Sc</span> <span class='ocrx_word' id='word_1_681' title='bbox 1439 740 1505 770; x_wconf 87' lang='lat' dir='ltr'>aliis</span> <span class='ocrx_word' id='word_1_682' title='bbox 1517 737 1673 769; x_wconf 87' lang='lat' dir='ltr'>subveniri</span> <span class='ocrx_word' id='word_1_683' title='bbox 1692 747 1731 769; x_wconf 85' lang='lat' dir='ltr'>ex</span> <span class='ocrx_word' id='word_1_684' title='bbox 1750 738 1809 769; x_wconf 88' lang='lat' dir='ltr'>alia</span> 
     </span>
     <span class='ocr_line' id='line_1_90' title="bbox 939 778 1809 821; baseline -0.003 -9"><span class='ocrx_word' id='word_1_685' title='bbox 939 781 1017 821; x_wconf 88' lang='lat' dir='ltr'>justa</span> <span class='ocrx_word' id='word_1_686' title='bbox 1039 781 1138 812; x_wconf 73' lang='lat' dir='ltr'>causa.</span> <span class='ocrx_word' id='word_1_687' title='bbox 1167 789 1227 812; x_wconf 86' lang='lat' dir='ltr'>nec</span> <span class='ocrx_word' id='word_1_688' title='bbox 1253 782 1383 816; x_wconf 68' lang='lat' dir='ltr'>dubito,</span> <span class='ocrx_word' id='word_1_689' title='bbox 1408 780 1482 820; x_wconf 88' lang='lat' dir='ltr'>quin</span> <span class='ocrx_word' id='word_1_690' title='bbox 1508 779 1565 812; x_wconf 76' lang='lat' dir='ltr'>sint</span> <span class='ocrx_word' id='word_1_691' title='bbox 1586 778 1760 811; x_wconf 87' lang='lat' dir='ltr'>enumerati</span> <span class='ocrx_word' id='word_1_692' title='bbox 1790 788 1809 810; x_wconf 79' lang='lat' dir='ltr'>a</span> 
     </span>
     <span class='ocr_line' id='line_1_91' title="bbox 944 819 1807 862; baseline -0.005 -9"><span class='ocrx_word' id='word_1_693' title='bbox 944 821 1042 853; x_wconf 87' lang='lat' dir='ltr'>Paulo</span> <span class='ocrx_word' id='word_1_694' title='bbox 1061 822 1080 852; x_wconf 84' lang='lat' dir='ltr'>l.</span> <span class='ocrx_word' id='word_1_695' title='bbox 1110 832 1157 862; x_wconf 82' lang='lat'>25.</span> <span class='ocrx_word' id='word_1_696' title='bbox 1184 822 1213 862; x_wconf 84' lang='lat'>§.</span> <span class='ocrx_word' id='word_1_697' title='bbox 1242 830 1266 852; x_wconf 91' lang='lat'>1.</span> <span class='ocrx_word' id='word_1_698' title='bbox 1296 821 1335 852; x_wconf 82' lang='lat' dir='ltr'>D.</span> <span class='ocrx_word' id='word_1_699' title='bbox 1352 823 1384 852; x_wconf 80' lang='lat' dir='ltr'>de</span> <span class='ocrx_word' id='word_1_700' title='bbox 1394 823 1504 862; x_wconf 80' lang='lat' dir='ltr'>prohat.</span> <span class='ocrx_word' id='word_1_701' title='bbox 1526 821 1577 858; x_wconf 91' lang='lat' dir='ltr'>hi,</span> <span class='ocrx_word' id='word_1_702' title='bbox 1600 821 1646 851; x_wconf 80' lang='lat' dir='ltr'>vel</span> <span class='ocrx_word' id='word_1_703' title='bbox 1656 819 1807 862; x_wconf 84' lang='lat' dir='ltr'>pupillus,</span> 
     </span>
     <span class='ocr_line' id='line_1_92' title="bbox 944 861 1812 903; baseline -0.001 -10"><span class='ocrx_word' id='word_1_704' title='bbox 944 863 991 894; x_wconf 83' lang='lat' dir='ltr'>vel</span> <span class='ocrx_word' id='word_1_705' title='bbox 1005 864 1115 900; x_wconf 81' lang='lat' dir='ltr'>minor,</span> <span class='ocrx_word' id='word_1_706' title='bbox 1138 864 1184 892; x_wconf 79' lang='lat' dir='ltr'>vet</span> <span class='ocrx_word' id='word_1_707' title='bbox 1194 863 1315 901; x_wconf 80' lang='lat' dir='ltr'>mulier,</span> <span class='ocrx_word' id='word_1_708' title='bbox 1338 864 1385 893; x_wconf 82' lang='lat' dir='ltr'>vel</span> <span class='ocrx_word' id='word_1_709' title='bbox 1394 863 1473 902; x_wconf 71' lang='lat' dir='ltr'>forte</span> <span class='ocrx_word' id='word_1_710' title='bbox 1486 864 1536 893; x_wconf 78' lang='lat' dir='ltr'>vir</span> <span class='ocrx_word' id='word_1_711' title='bbox 1550 862 1664 903; x_wconf 83' lang='lat' dir='ltr'>quidem</span> <span class='ocrx_word' id='word_1_712' title='bbox 1676 861 1812 902; x_wconf 60' lang='lat' dir='ltr'>perfecte</span> 
     </span>
     <span class='ocr_line' id='line_1_93' title="bbox 944 901 1811 944; baseline -0.001 -10"><span class='ocrx_word' id='word_1_713' title='bbox 944 904 1056 942; x_wconf 70' lang='lat' dir='ltr'>termis,</span> <span class='ocrx_word' id='word_1_714' title='bbox 1072 902 1125 944; x_wconf 78' lang='lat' dir='ltr'>sed</span> <span class='ocrx_word' id='word_1_715' title='bbox 1140 904 1235 942; x_wconf 79' lang='lat' dir='ltr'>miles,</span> <span class='ocrx_word' id='word_1_716' title='bbox 1251 904 1297 934; x_wconf 82' lang='lat' dir='ltr'>vel</span> <span class='ocrx_word' id='word_1_717' title='bbox 1315 904 1474 942; x_wconf 68' lang='lat' dir='ltr'>agricultor</span> <span class='ocrx_word' id='word_1_718' title='bbox 1490 903 1526 937; x_wconf 61' lang='grc' dir='ltr'>δέ)</span> <span class='ocrx_word' id='word_1_719' title='bbox 1535 901 1697 942; x_wconf 84' lang='lat' dir='ltr'>forensium</span> <span class='ocrx_word' id='word_1_720' title='bbox 1712 911 1811 933; x_wconf 83' lang='lat' dir='ltr'>rerum</span> 
     </span>
     <span class='ocr_line' id='line_1_94' title="bbox 943 943 1813 985; baseline -0.002 -9"><span class='ocrx_word' id='word_1_721' title='bbox 943 952 1059 984; x_wconf 82' lang='lat' dir='ltr'>expers,</span> <span class='ocrx_word' id='word_1_722' title='bbox 1083 945 1129 976; x_wconf 84' lang='lat' dir='ltr'>vel</span> <span class='ocrx_word' id='word_1_723' title='bbox 1144 945 1217 976; x_wconf 78' lang='lat' dir='ltr'>alias</span> <span class='ocrx_word' id='word_1_724' title='bbox 1226 943 1409 985; x_wconf 73' lang='lat' dir='ltr'>fimpsicz‘tate</span> <span class='ocrx_word' id='word_1_725' title='bbox 1428 946 1559 983; x_wconf 74' lang='lat' dir='ltr'>gaudens</span> <span class='ocrx_word' id='word_1_726' title='bbox 1577 943 1613 978; x_wconf 65' lang='lat' dir='ltr'>&amp;J</span> <span class='ocrx_word' id='word_1_727' title='bbox 1629 943 1739 982; x_wconf 74' lang='lat' dir='ltr'>defidice</span> <span class='ocrx_word' id='word_1_728' title='bbox 1762 944 1813 974; x_wconf 85' lang='lat' dir='ltr'>de-</span> 
     </span>
     <span class='ocr_line' id='line_1_95' title="bbox 944 984 1812 1027; baseline 0 -11"><span class='ocrx_word' id='word_1_729' title='bbox 944 986 1034 1017; x_wconf 76' lang='lat' dir='ltr'>ditus.</span> <span class='ocrx_word' id='word_1_730' title='bbox 1056 984 1151 1017; x_wconf 67' lang='lat' dir='ltr'>Dista</span> <span class='ocrx_word' id='word_1_731' title='bbox 1168 986 1208 1017; x_wconf 91' lang='lat' dir='ltr'>de</span> <span class='ocrx_word' id='word_1_732' title='bbox 1225 986 1516 1027; x_wconf 86' lang='lat' dir='ltr'>pupillo,minore,</span> <span class='ocrx_word' id='word_1_733' title='bbox 1528 984 1812 1024; x_wconf 76' lang='lat' dir='ltr'>muliere,milite,</span> 
     </span>
     <span class='ocr_line' id='line_1_96' title="bbox 945 1026 1813 1068; baseline -0.001 -10"><span class='ocrx_word' id='word_1_734' title='bbox 945 1028 996 1059; x_wconf 87' lang='lat' dir='ltr'>vel</span> <span class='ocrx_word' id='word_1_735' title='bbox 1014 1028 1224 1068; x_wconf 86' lang='lat' dir='ltr'>agricultore,</span> <span class='ocrx_word' id='word_1_736' title='bbox 1249 1026 1278 1058; x_wconf 75' lang='grc' dir='ltr'>ἀ</span> <span class='ocrx_word' id='word_1_737' title='bbox 1293 1027 1461 1058; x_wconf 78' lang='lat' dir='ltr'>forensium</span> <span class='ocrx_word' id='word_1_738' title='bbox 1478 1035 1580 1058; x_wconf 86' lang='lat' dir='ltr'>rerum</span> <span class='ocrx_word' id='word_1_739' title='bbox 1597 1034 1751 1066; x_wconf 86' lang='lat' dir='ltr'>experte,</span> <span class='ocrx_word' id='word_1_740' title='bbox 1775 1026 1813 1057; x_wconf 91' lang='lat' dir='ltr'>li·</span> 
     </span>
     <span class='ocr_line' id='line_1_97' title="bbox 944 1065 1811 1109; baseline -0.002 -9"><span class='ocrx_word' id='word_1_741' title='bbox 944 1076 1053 1108; x_wconf 83' lang='lat' dir='ltr'>quent.</span> <span class='ocrx_word' id='word_1_742' title='bbox 1078 1068 1130 1099; x_wconf 85' lang='lat' dir='ltr'>sed</span> <span class='ocrx_word' id='word_1_743' title='bbox 1148 1068 1217 1108; x_wconf 81' lang='lat' dir='ltr'>quis</span> <span class='ocrx_word' id='word_1_744' title='bbox 1233 1067 1302 1104; x_wconf 82' lang='lat' dir='ltr'>ille,</span> <span class='ocrx_word' id='word_1_745' title='bbox 1327 1068 1401 1099; x_wconf 82' lang='lat' dir='ltr'>alias</span> <span class='ocrx_word' id='word_1_746' title='bbox 1419 1067 1604 1108; x_wconf 77' lang='lat' dir='ltr'>fimplicitate</span> <span class='ocrx_word' id='word_1_747' title='bbox 1625 1069 1756 1109; x_wconf 83' lang='lat' dir='ltr'>gaudens</span> <span class='ocrx_word' id='word_1_748' title='bbox 1772 1065 1811 1101; x_wconf 65' lang='grc' dir='ltr'>δέ)</span> 
     </span>
     <span class='ocr_line' id='line_1_98' title="bbox 943 1107 1812 1148; baseline -0.001 -8"><span class='ocrx_word' id='word_1_749' title='bbox 943 1109 1051 1148; x_wconf 78' lang='lat' dir='ltr'>desidite</span> <span class='ocrx_word' id='word_1_750' title='bbox 1065 1109 1203 1141; x_wconf 78' lang='lat' dir='ltr'>deditus?</span> <span class='ocrx_word' id='word_1_751' title='bbox 1227 1108 1418 1141; x_wconf 84' lang='lat' dir='ltr'>Scholiastes</span> <span class='ocrx_word' id='word_1_752' title='bbox 1445 1108 1578 1141; x_wconf 81' lang='lat' dir='ltr'>Graecus</span> <span class='ocrx_word' id='word_1_753' title='bbox 1596 1109 1645 1140; x_wconf 83' lang='lat' dir='ltr'>lib.</span> <span class='ocrx_word' id='word_1_754' title='bbox 1660 1118 1712 1140; x_wconf 88' lang='lat'>22.</span> <span class='ocrx_word' id='word_1_755' title='bbox 1729 1107 1812 1146; x_wconf 81' lang='lat' dir='ltr'>Rafi-</span> 
     </span>
     <span class='ocr_line' id='line_1_99' title="bbox 943 1149 1809 1195; baseline -0.001 -13"><span class='ocrx_word' id='word_1_756' title='bbox 943 1151 988 1182; x_wconf 82' lang='lat' dir='ltr'>lic.</span> <span class='ocrx_word' id='word_1_757' title='bbox 1006 1152 1051 1182; x_wconf 74' lang='lat' dir='ltr'>tic.</span> <span class='ocrx_word' id='word_1_758' title='bbox 1074 1152 1100 1183; x_wconf 76' lang='lat'>1.</span> <span class='ocrx_word' id='word_1_759' title='bbox 1118 1151 1162 1182; x_wconf 75' lang='lat' dir='ltr'>lit.</span> <span class='ocrx_word' id='word_1_760' title='bbox 1181 1150 1220 1195; x_wconf 58' lang='lat' dir='ltr'>Q</span> <span class='ocrx_word' id='word_1_761' title='bbox 1240 1157 1305 1181; x_wconf 85' lang='lat' dir='ltr'>tom.</span> <span class='ocrx_word' id='word_1_762' title='bbox 1322 1160 1352 1191; x_wconf 83' lang='lat'>3.</span> <span class='ocrx_word' id='word_1_763' title='bbox 1365 1157 1433 1190; x_wconf 83' lang='lat' dir='ltr'>pag.</span> <span class='ocrx_word' id='word_1_764' title='bbox 1455 1160 1506 1189; x_wconf 83' lang='lat'>41·</span> <span class='ocrx_word' id='word_1_765' title='bbox 1520 1150 1702 1182; x_wconf 87' lang='lat' dir='ltr'>Monachos</span> <span class='ocrx_word' id='word_1_766' title='bbox 1717 1149 1809 1181; x_wconf 86' lang='lat' dir='ltr'>dicit.</span> 
     </span>
     <span class='ocr_line' id='line_1_100' title="bbox 944 1190 1813 1233; baseline -0.002 -9"><span class='ocrx_word' id='word_1_767' title='bbox 944 1193 1109 1233; x_wconf 86' lang='lat' dir='ltr'>imperite:</span> <span class='ocrx_word' id='word_1_768' title='bbox 1126 1195 1196 1223; x_wconf 87' lang='lat' dir='ltr'>nam</span> <span class='ocrx_word' id='word_1_769' title='bbox 1215 1192 1266 1223; x_wconf 89' lang='lat' dir='ltr'>ubi</span> <span class='ocrx_word' id='word_1_770' title='bbox 1283 1191 1440 1223; x_wconf 79' lang='lat' dir='ltr'>Monachi</span> <span class='ocrx_word' id='word_1_771' title='bbox 1456 1191 1541 1224; x_wconf 86' lang='lat' dir='ltr'>Pauli</span> <span class='ocrx_word' id='word_1_772' title='bbox 1560 1190 1733 1231; x_wconf 79' lang='lat' dir='ltr'>tempore?</span> <span class='ocrx_word' id='word_1_773' title='bbox 1749 1191 1813 1231; x_wconf 91' lang='lat' dir='ltr'>pri-</span> 
     </span>
     <span class='ocr_line' id='line_1_101' title="bbox 942 1232 1814 1275; baseline -0.002 -10"><span class='ocrx_word' id='word_1_774' title='bbox 942 1233 1175 1275; x_wconf 85' lang='lat' dir='ltr'>miinAEgypto</span> <span class='ocrx_word' id='word_1_775' title='bbox 1185 1232 1310 1265; x_wconf 88' lang='lat' dir='ltr'>ortisub</span> <span class='ocrx_word' id='word_1_776' title='bbox 1328 1233 1533 1264; x_wconf 87' lang='lat' dir='ltr'>Diocletiano</span> <span class='ocrx_word' id='word_1_777' title='bbox 1550 1232 1814 1270; x_wconf 83' lang='lat' dir='ltr'>&amp;Maximiano,</span> 
     </span>
     <span class='ocr_line' id='line_1_102' title="bbox 942 1273 1812 1315; baseline -0.002 -9"><span class='ocrx_word' id='word_1_778' title='bbox 942 1275 1108 1307; x_wconf 81' lang='lat' dir='ltr'>occafione</span> <span class='ocrx_word' id='word_1_779' title='bbox 1126 1274 1377 1315; x_wconf 86' lang='lat' dir='ltr'>persecutionum</span> <span class='ocrx_word' id='word_1_780' title='bbox 1389 1282 1465 1314; x_wconf 86' lang='lat' dir='ltr'>quas</span> <span class='ocrx_word' id='word_1_781' title='bbox 1483 1273 1525 1305; x_wconf 89' lang='lat' dir='ltr'>illi</span> <span class='ocrx_word' id='word_1_782' title='bbox 1537 1273 1699 1313; x_wconf 81' lang='lat' dir='ltr'>Principes</span> <span class='ocrx_word' id='word_1_783' title='bbox 1716 1281 1812 1313; x_wconf 87' lang='lat' dir='ltr'>quam</span> 
     </span>
     <span class='ocr_line' id='line_1_103' title="bbox 942 1313 1815 1356; baseline -0.002 -8"><span class='ocrx_word' id='word_1_784' title='bbox 942 1316 1063 1356; x_wconf 75' lang='lat' dir='ltr'>injtiste,</span> <span class='ocrx_word' id='word_1_785' title='bbox 1075 1324 1138 1347; x_wconf 89' lang='lat' dir='ltr'>tam</span> <span class='ocrx_word' id='word_1_786' title='bbox 1154 1316 1347 1354; x_wconf 83' lang='lat' dir='ltr'>crudeliter,</span> <span class='ocrx_word' id='word_1_787' title='bbox 1359 1313 1503 1347; x_wconf 87' lang='lat' dir='ltr'>adversus</span> <span class='ocrx_word' id='word_1_788' title='bbox 1516 1313 1708 1346; x_wconf 87' lang='lat' dir='ltr'>Christianos</span> <span class='ocrx_word' id='word_1_789' title='bbox 1723 1323 1815 1346; x_wconf 81' lang='lat' dir='ltr'>exer-</span> 
     </span>
     <span class='ocr_line' id='line_1_104' title="bbox 942 1355 1815 1397; baseline -0.003 -9"><span class='ocrx_word' id='word_1_790' title='bbox 942 1358 1068 1389; x_wconf 86' lang='lat' dir='ltr'>cebant.</span> <span class='ocrx_word' id='word_1_791' title='bbox 1107 1356 1158 1388; x_wconf 86' lang='lat' dir='ltr'>De</span> <span class='ocrx_word' id='word_1_792' title='bbox 1174 1355 1347 1388; x_wconf 89' lang='lat' dir='ltr'>Monachis</span> <span class='ocrx_word' id='word_1_793' title='bbox 1372 1357 1487 1397; x_wconf 80' lang='lat' dir='ltr'>igitur,</span> <span class='ocrx_word' id='word_1_794' title='bbox 1505 1355 1559 1396; x_wconf 91' lang='lat' dir='ltr'>qui</span> <span class='ocrx_word' id='word_1_795' title='bbox 1575 1363 1643 1386; x_wconf 91' lang='lat' dir='ltr'>tum</span> <span class='ocrx_word' id='word_1_796' title='bbox 1661 1363 1749 1386; x_wconf 83' lang='lat' dir='ltr'>erant</span> <span class='ocrx_word' id='word_1_797' title='bbox 1767 1356 1815 1386; x_wconf 91' lang='lat' dir='ltr'>in-</span> 
     </span>
     <span class='ocr_line' id='line_1_105' title="bbox 942 1397 1813 1440; baseline -0.002 -11"><span class='ocrx_word' id='word_1_798' title='bbox 942 1398 1083 1440; x_wconf 78' lang='lat' dir='ltr'>cogniti,</span> <span class='ocrx_word' id='word_1_799' title='bbox 1106 1399 1249 1439; x_wconf 85' lang='lat' dir='ltr'>cogitare</span> <span class='ocrx_word' id='word_1_800' title='bbox 1262 1408 1326 1430; x_wconf 89' lang='lat' dir='ltr'>non</span> <span class='ocrx_word' id='word_1_801' title='bbox 1343 1397 1448 1438; x_wconf 89' lang='lat' dir='ltr'>potuit</span> <span class='ocrx_word' id='word_1_802' title='bbox 1467 1397 1590 1429; x_wconf 89' lang='lat' dir='ltr'>Paulus.</span> <span class='ocrx_word' id='word_1_803' title='bbox 1619 1403 1726 1428; x_wconf 86' lang='lat' dir='ltr'>tamen</span> <span class='ocrx_word' id='word_1_804' title='bbox 1742 1405 1813 1436; x_wconf 80' lang='lat' dir='ltr'>quae</span> 
     </span>
     <span class='ocr_line' id='line_1_106' title="bbox 945 1436 1815 1478; baseline -0.003 -7"><span class='ocrx_word' id='word_1_805' title='bbox 945 1439 1051 1471; x_wconf 84' lang='lat' dir='ltr'>Graeci</span> <span class='ocrx_word' id='word_1_806' title='bbox 1073 1438 1271 1478; x_wconf 87' lang='lat' dir='ltr'>Scholiastae,</span> <span class='ocrx_word' id='word_1_807' title='bbox 1294 1448 1331 1470; x_wconf 86' lang='lat' dir='ltr'>ea</span> <span class='ocrx_word' id='word_1_808' title='bbox 1356 1436 1387 1470; x_wconf 72' lang='grc' dir='ltr'>δι</span> <span class='ocrx_word' id='word_1_809' title='bbox 1411 1437 1551 1470; x_wconf 87' lang='lat' dir='ltr'>Emundi</span> <span class='ocrx_word' id='word_1_810' title='bbox 1575 1436 1728 1476; x_wconf 85' lang='lat' dir='ltr'>Merillii,</span> <span class='ocrx_word' id='word_1_811' title='bbox 1750 1437 1815 1469; x_wconf 81' lang='lat' dir='ltr'>fuit</span> 
     </span>
     <span class='ocr_line' id='line_1_107' title="bbox 943 1478 1816 1521; baseline -0.005 -8"><span class='ocrx_word' id='word_1_812' title='bbox 943 1480 1093 1513; x_wconf 81' lang='lat' dir='ltr'>sententia</span> <span class='ocrx_word' id='word_1_813' title='bbox 1106 1481 1154 1511; x_wconf 81' lang='lat' dir='ltr'>lz&#39;b.</span> <span class='ocrx_word' id='word_1_814' title='bbox 1166 1483 1193 1515; x_wconf 82' lang='lat'>8.</span> <span class='ocrx_word' id='word_1_815' title='bbox 1212 1480 1334 1521; x_wconf 76' lang='lat' dir='ltr'>observ.</span> <span class='ocrx_word' id='word_1_816' title='bbox 1352 1489 1376 1511; x_wconf 89' lang='lat' dir='ltr'>c.</span> <span class='ocrx_word' id='word_1_817' title='bbox 1388 1488 1436 1511; x_wconf 34' lang='lat'>20,</span> <span class='ocrx_word' id='word_1_818' title='bbox 1454 1478 1508 1510; x_wconf 79' lang='lat' dir='ltr'>nisi</span> <span class='ocrx_word' id='word_1_819' title='bbox 1527 1480 1614 1519; x_wconf 83' lang='lat' dir='ltr'>quod</span> <span class='ocrx_word' id='word_1_820' title='bbox 1631 1478 1713 1509; x_wconf 88' lang='lat' dir='ltr'>hanc</span> <span class='ocrx_word' id='word_1_821' title='bbox 1729 1479 1816 1518; x_wconf 81' lang='lat' dir='ltr'>adJ&#39;e-</span> 
     </span>
     <span class='ocr_line' id='line_1_108' title="bbox 946 1518 1816 1558; baseline -0.005 -5"><span class='ocrx_word' id='word_1_822' title='bbox 946 1523 1085 1554; x_wconf 71' lang='lat' dir='ltr'>ctionem</span> <span class='ocrx_word' id='word_1_823' title='bbox 1103 1520 1248 1554; x_wconf 88' lang='lat' dir='ltr'>adscribit</span> <span class='ocrx_word' id='word_1_824' title='bbox 1262 1520 1479 1558; x_wconf 81' lang='lat' dir='ltr'>Tribohian0‚</span> <span class='ocrx_word' id='word_1_825' title='bbox 1495 1520 1534 1550; x_wconf 93' lang='lat' dir='ltr'>de</span> <span class='ocrx_word' id='word_1_826' title='bbox 1551 1518 1727 1551; x_wconf 84' lang='lat' dir='ltr'>Christiana</span> <span class='ocrx_word' id='word_1_827' title='bbox 1742 1520 1816 1550; x_wconf 86' lang='lat' dir='ltr'>reli-</span> 
     </span>
     <span class='ocr_line' id='line_1_109' title="bbox 942 1559 1814 1605; baseline -0.005 -10"><span class='ocrx_word' id='word_1_828' title='bbox 942 1563 1057 1605; x_wconf 87' lang='lat' dir='ltr'>gione,</span> <span class='ocrx_word' id='word_1_829' title='bbox 1088 1571 1124 1594; x_wconf 92' lang='lat' dir='ltr'>ut</span> <span class='ocrx_word' id='word_1_830' title='bbox 1148 1563 1210 1601; x_wconf 89' lang='lat' dir='ltr'>ait,</span> <span class='ocrx_word' id='word_1_831' title='bbox 1239 1571 1347 1604; x_wconf 89' lang='lat' dir='ltr'>parum</span> <span class='ocrx_word' id='word_1_832' title='bbox 1370 1561 1455 1593; x_wconf 62' lang='lat' dir='ltr'>recte</span> <span class='ocrx_word' id='word_1_833' title='bbox 1476 1559 1632 1592; x_wconf 84' lang='lat' dir='ltr'>sentienti.</span> <span class='ocrx_word' id='word_1_834' title='bbox 1655 1560 1719 1592; x_wconf 88' lang='lat' dir='ltr'>Sed</span> <span class='ocrx_word' id='word_1_835' title='bbox 1743 1569 1814 1591; x_wconf 88' lang='lat' dir='ltr'>mea</span> 
     </span>
     <span class='ocr_line' id='line_1_110' title="bbox 942 1599 1814 1645; baseline -0.005 -9"><span class='ocrx_word' id='word_1_836' title='bbox 942 1605 1023 1637; x_wconf 90' lang='lat' dir='ltr'>ratio</span> <span class='ocrx_word' id='word_1_837' title='bbox 1039 1604 1103 1642; x_wconf 90' lang='lat' dir='ltr'>est,</span> <span class='ocrx_word' id='word_1_838' title='bbox 1126 1612 1257 1645; x_wconf 87' lang='lat' dir='ltr'>parcere</span> <span class='ocrx_word' id='word_1_839' title='bbox 1279 1602 1502 1640; x_wconf 84' lang='lat' dir='ltr'>Triboniano,</span> <span class='ocrx_word' id='word_1_840' title='bbox 1524 1609 1621 1642; x_wconf 85' lang='lat' dir='ltr'>atque</span> <span class='ocrx_word' id='word_1_841' title='bbox 1642 1599 1814 1639; x_wconf 85' lang='lat' dir='ltr'>illumsim-</span> 
     </span>
     <span class='ocr_line' id='line_1_111' title="bbox 938 1642 1814 1688; baseline -0.002 -11"><span class='ocrx_word' id='word_1_842' title='bbox 938 1646 1069 1688; x_wconf 73' lang='lat' dir='ltr'>plicitate</span> <span class='ocrx_word' id='word_1_843' title='bbox 1081 1646 1257 1686; x_wconf 77' lang='lat' dir='ltr'>gaudentem</span> <span class='ocrx_word' id='word_1_844' title='bbox 1273 1644 1310 1679; x_wconf 69' lang='lat'>&amp;⁹</span> <span class='ocrx_word' id='word_1_845' title='bbox 1325 1642 1437 1682; x_wconf 83' lang='lat' dir='ltr'>defidiae</span> <span class='ocrx_word' id='word_1_846' title='bbox 1451 1643 1579 1674; x_wconf 77' lang='lat' dir='ltr'>deditum</span> <span class='ocrx_word' id='word_1_847' title='bbox 1595 1642 1693 1675; x_wconf 87' lang='lat' dir='ltr'>Paulo</span> <span class='ocrx_word' id='word_1_848' title='bbox 1712 1642 1814 1675; x_wconf 84' lang='lat' dir='ltr'>vindi-</span> 
     </span>
     <span class='ocr_line' id='line_1_112' title="bbox 945 1683 1816 1726; baseline -0.003 -7"><span class='ocrx_word' id='word_1_849' title='bbox 945 1696 1027 1719; x_wconf 88' lang='lat' dir='ltr'>care.</span> <span class='ocrx_word' id='word_1_850' title='bbox 1052 1685 1151 1718; x_wconf 88' lang='lat' dir='ltr'>Causa</span> <span class='ocrx_word' id='word_1_851' title='bbox 1175 1695 1254 1718; x_wconf 84' lang='lat' dir='ltr'>meae</span> <span class='ocrx_word' id='word_1_852' title='bbox 1287 1684 1578 1726; x_wconf 79' lang='lat' dir='ltr'>interpretationis:</span> <span class='ocrx_word' id='word_1_853' title='bbox 1600 1683 1688 1724; x_wconf 92' lang='lat' dir='ltr'>quod</span> <span class='ocrx_word' id='word_1_854' title='bbox 1709 1683 1816 1724; x_wconf 79' lang='lat' dir='ltr'>hujus-</span> 
     </span>
     <span class='ocr_line' id='line_1_113' title="bbox 945 1723 1816 1766; baseline -0.005 -6"><span class='ocrx_word' id='word_1_855' title='bbox 945 1728 1033 1760; x_wconf 81' lang='lat' dir='ltr'>modi</span> <span class='ocrx_word' id='word_1_856' title='bbox 1056 1728 1203 1760; x_wconf 86' lang='lat' dir='ltr'>homines</span> <span class='ocrx_word' id='word_1_857' title='bbox 1234 1736 1300 1759; x_wconf 91' lang='lat' dir='ltr'>non</span> <span class='ocrx_word' id='word_1_858' title='bbox 1323 1731 1397 1759; x_wconf 83' lang='lat' dir='ltr'>cum</span> <span class='ocrx_word' id='word_1_859' title='bbox 1421 1725 1595 1757; x_wconf 87' lang='lat' dir='ltr'>Monachis</span> <span class='ocrx_word' id='word_1_860' title='bbox 1620 1723 1683 1756; x_wconf 79' lang='lat' dir='ltr'>effe</span> <span class='ocrx_word' id='word_1_861' title='bbox 1705 1733 1816 1766; x_wconf 88' lang='lat' dir='ltr'>coepe-</span> 
     </span>
     <span class='ocr_line' id='line_1_114' title="bbox 946 1767 1819 1807; baseline -0.003 -6"><span class='ocrx_word' id='word_1_862' title='bbox 946 1776 1029 1801; x_wconf 88' lang='lat' dir='ltr'>runt.</span> <span class='ocrx_word' id='word_1_863' title='bbox 1051 1777 1163 1801; x_wconf 87' lang='lat' dir='ltr'>contra</span> <span class='ocrx_word' id='word_1_864' title='bbox 1179 1768 1310 1801; x_wconf 87' lang='lat' dir='ltr'>fuerunt</span> <span class='ocrx_word' id='word_1_865' title='bbox 1325 1768 1369 1800; x_wconf 92' lang='lat' dir='ltr'>illi</span> <span class='ocrx_word' id='word_1_866' title='bbox 1384 1767 1524 1807; x_wconf 87' lang='lat' dir='ltr'>semper,</span> <span class='ocrx_word' id='word_1_867' title='bbox 1544 1768 1639 1798; x_wconf 86' lang='lat' dir='ltr'>etiam</span> <span class='ocrx_word' id='word_1_868' title='bbox 1648 1774 1722 1798; x_wconf 86' lang='lat' dir='ltr'>ante</span> <span class='ocrx_word' id='word_1_869' title='bbox 1739 1767 1819 1798; x_wconf 92' lang='lat' dir='ltr'>Mo·</span> 
     </span>
     <span class='ocr_line' id='line_1_115' title="bbox 945 1807 1817 1850; baseline -0.003 -8"><span class='ocrx_word' id='word_1_870' title='bbox 945 1809 1086 1850; x_wconf 89' lang='lat' dir='ltr'>nachos‚</span> <span class='ocrx_word' id='word_1_871' title='bbox 1117 1811 1147 1842; x_wconf 72' lang='grc' dir='ltr'>ἀ</span> <span class='ocrx_word' id='word_1_872' title='bbox 1164 1810 1269 1842; x_wconf 87' lang='lat' dir='ltr'>adhuc</span> <span class='ocrx_word' id='word_1_873' title='bbox 1286 1809 1374 1849; x_wconf 90' lang='lat' dir='ltr'>sunt,</span> <span class='ocrx_word' id='word_1_874' title='bbox 1405 1812 1521 1850; x_wconf 71' lang='lat' dir='ltr'>praeter</span> <span class='ocrx_word' id='word_1_875' title='bbox 1545 1807 1729 1840; x_wconf 77' lang='lat' dir='ltr'>Monachus</span> <span class='ocrx_word' id='word_1_876' title='bbox 1771 1807 1817 1839; x_wconf 86' lang='lat' dir='ltr'>ita</span> 
     </span>
     <span class='ocr_line' id='line_1_116' title="bbox 945 1848 1817 1924; baseline -0.003 -41"><span class='ocrx_word' id='word_1_877' title='bbox 945 1853 1046 1924; x_wconf 54' lang='grc' dir='ltr'>ξυιυς</span> <span class='ocrx_word' id='word_1_878' title='bbox 1075 1852 1105 1884; x_wconf 86' lang='lat'>&amp;</span> <span class='ocrx_word' id='word_1_879' title='bbox 1128 1852 1193 1883; x_wconf 85' lang='lat' dir='ltr'>hoc</span> <span class='ocrx_word' id='word_1_880' title='bbox 1215 1851 1381 1883; x_wconf 83' lang='lat' dir='ltr'>hominum</span> <span class='ocrx_word' id='word_1_881' title='bbox 1403 1851 1500 1892; x_wconf 83' lang='lat' dir='ltr'>genus</span> <span class='ocrx_word' id='word_1_882' title='bbox 1527 1857 1544 1880; x_wconf 88' lang='lat' dir='ltr'>a</span> <span class='ocrx_word' id='word_1_883' title='bbox 1569 1848 1668 1882; x_wconf 83' lang='lat' dir='ltr'>Paulo</span> <span class='ocrx_word' id='word_1_884' title='bbox 1690 1848 1817 1890; x_wconf 86' lang='lat' dir='ltr'>opponi</span> 
     </span>
     <span class='ocr_line' id='line_1_117' title="bbox 960 1889 1817 1935; baseline -0.002 -10"><span class='ocrx_word' id='word_1_885' title='bbox 960 1893 1067 1925; x_wconf 72' lang='lat' dir='ltr'>‘omini</span> <span class='ocrx_word' id='word_1_886' title='bbox 1090 1893 1233 1935; x_wconf 85' lang='lat' dir='ltr'>diligenti</span> <span class='ocrx_word' id='word_1_887' title='bbox 1255 1892 1285 1924; x_wconf 72' lang='grc' dir='ltr'>δε</span> <span class='ocrx_word' id='word_1_888' title='bbox 1304 1892 1440 1924; x_wconf 86' lang='lat' dir='ltr'>studioso</span> <span class='ocrx_word' id='word_1_889' title='bbox 1462 1889 1696 1933; x_wconf 79' lang='lat' dir='ltr'>patrifamilias:</span> <span class='ocrx_word' id='word_1_890' title='bbox 1718 1896 1817 1930; x_wconf 86' lang='lat' dir='ltr'>quem</span> 
     </span>
     <span class='ocr_line' id='line_1_118' title="bbox 947 1930 1816 1976; baseline -0.003 -11"><span class='ocrx_word' id='word_1_891' title='bbox 947 1936 1030 1965; x_wconf 90' lang='lat' dir='ltr'>circa</span> <span class='ocrx_word' id='word_1_892' title='bbox 1045 1933 1139 1967; x_wconf 88' lang='lat' dir='ltr'>finem</span> <span class='ocrx_word' id='word_1_893' title='bbox 1149 1933 1331 1976; x_wconf 82' lang='lat' dir='ltr'>principiid.</span> <span class='ocrx_word' id='word_1_894' title='bbox 1347 1933 1367 1965; x_wconf 86' lang='lat' dir='ltr'>l.</span> <span class='ocrx_word' id='word_1_895' title='bbox 1380 1943 1428 1974; x_wconf 87' lang='lat'>25.</span> <span class='ocrx_word' id='word_1_896' title='bbox 1438 1933 1538 1964; x_wconf 84' lang='lat' dir='ltr'>noluit</span> <span class='ocrx_word' id='word_1_897' title='bbox 1555 1931 1714 1972; x_wconf 82' lang='lat' dir='ltr'>praesumi‚</span> <span class='ocrx_word' id='word_1_898' title='bbox 1730 1930 1816 1963; x_wconf 63' lang='lat' dir='ltr'>fasta</span> 
     </span>
     <span class='ocr_line' id='line_1_119' title="bbox 947 1971 1818 2015; baseline -0.005 -8"><span class='ocrx_word' id='word_1_899' title='bbox 947 1975 1107 2007; x_wconf 87' lang='lat' dir='ltr'>solutione</span> <span class='ocrx_word' id='word_1_900' title='bbox 1130 1975 1181 2007; x_wconf 90' lang='lat' dir='ltr'>sua</span> <span class='ocrx_word' id='word_1_901' title='bbox 1197 1974 1282 2006; x_wconf 84' lang='lat' dir='ltr'>bona</span> <span class='ocrx_word' id='word_1_902' title='bbox 1308 1974 1421 2014; x_wconf 89' lang='lat' dir='ltr'>sponte</span> <span class='ocrx_word' id='word_1_903' title='bbox 1432 1973 1576 2015; x_wconf 75' lang='lat' dir='ltr'>jactasse,</span> <span class='ocrx_word' id='word_1_904' title='bbox 1599 1981 1672 2005; x_wconf 91' lang='lat' dir='ltr'>cum</span> <span class='ocrx_word' id='word_1_905' title='bbox 1692 1971 1768 2004; x_wconf 74' lang='lat' dir='ltr'>esset</span> <span class='ocrx_word' id='word_1_906' title='bbox 1784 1982 1818 2004; x_wconf 86' lang='lat' dir='ltr'>a·</span> 
     </span>
     <span class='ocr_line' id='line_1_120' title="bbox 947 2014 1818 2058; baseline -0.003 -10"><span class='ocrx_word' id='word_1_907' title='bbox 947 2016 1069 2058; x_wconf 91' lang='lat' dir='ltr'>lioquin</span> <span class='ocrx_word' id='word_1_908' title='bbox 1085 2017 1224 2056; x_wconf 80' lang='lat' dir='ltr'>prudens</span> <span class='ocrx_word' id='word_1_909' title='bbox 1242 2014 1272 2048; x_wconf 89' lang='lat'>&amp;</span> <span class='ocrx_word' id='word_1_910' title='bbox 1290 2016 1330 2048; x_wconf 85' lang='lat' dir='ltr'>ad</span> <span class='ocrx_word' id='word_1_911' title='bbox 1345 2025 1394 2048; x_wconf 88' lang='lat' dir='ltr'>res</span> <span class='ocrx_word' id='word_1_912' title='bbox 1409 2015 1475 2047; x_wconf 81' lang='lat' dir='ltr'>suas</span> <span class='ocrx_word' id='word_1_913' title='bbox 1491 2021 1640 2046; x_wconf 87' lang='lat' dir='ltr'>attentus.</span> <span class='ocrx_word' id='word_1_914' title='bbox 1654 2015 1749 2055; x_wconf 86' lang='lat' dir='ltr'>longe</span> <span class='ocrx_word' id='word_1_915' title='bbox 1764 2014 1818 2045; x_wconf 88' lang='lat' dir='ltr'>ali-</span> 
     </span>
     <span class='ocr_line' id='line_1_121' title="bbox 953 2054 1815 2098; baseline -0.003 -9"><span class='ocrx_word' id='word_1_916' title='bbox 953 2065 1019 2094; x_wconf 88' lang='lat' dir='ltr'>ter,</span> <span class='ocrx_word' id='word_1_917' title='bbox 1041 2067 1077 2089; x_wconf 90' lang='lat' dir='ltr'>ac</span> <span class='ocrx_word' id='word_1_918' title='bbox 1095 2057 1116 2089; x_wconf 87' lang='lat' dir='ltr'>fi</span> <span class='ocrx_word' id='word_1_919' title='bbox 1133 2057 1188 2095; x_wconf 84' lang='lat' dir='ltr'>fit,</span> <span class='ocrx_word' id='word_1_920' title='bbox 1212 2058 1242 2089; x_wconf 93' lang='lat' dir='ltr'>id</span> <span class='ocrx_word' id='word_1_921' title='bbox 1267 2057 1329 2096; x_wconf 86' lang='lat' dir='ltr'>est,</span> <span class='ocrx_word' id='word_1_922' title='bbox 1352 2057 1370 2088; x_wconf 85' lang='lat' dir='ltr'>fi</span> <span class='ocrx_word' id='word_1_923' title='bbox 1385 2056 1556 2098; x_wconf 87' lang='lat' dir='ltr'>probetur,</span> <span class='ocrx_word' id='word_1_924' title='bbox 1580 2056 1671 2093; x_wconf 85' lang='lat' dir='ltr'>alias,</span> <span class='ocrx_word' id='word_1_925' title='bbox 1694 2054 1724 2086; x_wconf 89' lang='lat' dir='ltr'>id</span> <span class='ocrx_word' id='word_1_926' title='bbox 1749 2055 1815 2094; x_wconf 87' lang='lat' dir='ltr'>est,</span> 
     </span>
     <span class='ocr_line' id='line_1_122' title="bbox 952 2095 1815 2140; baseline -0.003 -9"><span class='ocrx_word' id='word_1_927' title='bbox 952 2098 1057 2140; x_wconf 83' lang='lat' dir='ltr'>paffim</span> <span class='ocrx_word' id='word_1_928' title='bbox 1069 2121 1078 2135; x_wconf 90' lang='lat'>,</span> <span class='ocrx_word' id='word_1_929' title='bbox 1099 2097 1163 2130; x_wconf 80' lang='lat' dir='ltr'>five</span> <span class='ocrx_word' id='word_1_930' title='bbox 1179 2099 1208 2130; x_wconf 90' lang='lat' dir='ltr'>in</span> <span class='ocrx_word' id='word_1_931' title='bbox 1227 2098 1385 2139; x_wconf 86' lang='lat' dir='ltr'>plerisque</span> <span class='ocrx_word' id='word_1_932' title='bbox 1399 2107 1416 2129; x_wconf 89' lang='lat' dir='ltr'>a</span> <span class='ocrx_word' id='word_1_933' title='bbox 1440 2098 1568 2136; x_wconf 78' lang='lat' dir='ltr'>natura,</span> <span class='ocrx_word' id='word_1_934' title='bbox 1591 2101 1652 2128; x_wconf 90' lang='lat' dir='ltr'>non</span> <span class='ocrx_word' id='word_1_935' title='bbox 1670 2095 1733 2127; x_wconf 85' lang='lat' dir='ltr'>hoc</span> <span class='ocrx_word' id='word_1_936' title='bbox 1749 2105 1815 2128; x_wconf 91' lang='lat' dir='ltr'>uno</span> 
     </span>
     <span class='ocr_line' id='line_1_123' title="bbox 951 2136 1817 2181; baseline -0.001 -11"><span class='ocrx_word' id='word_1_937' title='bbox 951 2140 1041 2179; x_wconf 91' lang='lat' dir='ltr'>casu,</span> <span class='ocrx_word' id='word_1_938' title='bbox 1063 2138 1153 2171; x_wconf 83' lang='lat' dir='ltr'>fuiffe</span> <span class='ocrx_word' id='word_1_939' title='bbox 1168 2138 1367 2180; x_wconf 76' lang='lat' dir='ltr'>simplicitate</span> <span class='ocrx_word' id='word_1_940' title='bbox 1382 2139 1542 2181; x_wconf 80' lang='lat' dir='ltr'>gaudens,</span> <span class='ocrx_word' id='word_1_941' title='bbox 1567 2137 1598 2169; x_wconf 74' lang='grc' dir='ltr'>δι</span> <span class='ocrx_word' id='word_1_942' title='bbox 1619 2136 1739 2169; x_wconf 84' lang='lat' dir='ltr'>defidiae</span> <span class='ocrx_word' id='word_1_943' title='bbox 1762 2138 1817 2169; x_wconf 88' lang='lat' dir='ltr'>de-</span> 
     </span>
     <span class='ocr_line' id='line_1_124' title="bbox 951 2179 1818 2221; baseline -0.002 -9"><span class='ocrx_word' id='word_1_944' title='bbox 951 2182 1043 2213; x_wconf 89' lang='lat' dir='ltr'>ditus.</span> <span class='ocrx_word' id='word_1_945' title='bbox 1069 2180 1122 2212; x_wconf 87' lang='lat' dir='ltr'>Sic</span> <span class='ocrx_word' id='word_1_946' title='bbox 1139 2180 1216 2213; x_wconf 88' lang='lat' dir='ltr'>mihi</span> <span class='ocrx_word' id='word_1_947' title='bbox 1233 2179 1424 2221; x_wconf 81' lang='lat' dir='ltr'>persuade03</span> <span class='ocrx_word' id='word_1_948' title='bbox 1447 2189 1507 2212; x_wconf 87' lang='lat' dir='ltr'>nec</span> <span class='ocrx_word' id='word_1_949' title='bbox 1523 2179 1656 2218; x_wconf 84' lang='lat' dir='ltr'>dubito,</span> <span class='ocrx_word' id='word_1_950' title='bbox 1679 2179 1755 2218; x_wconf 90' lang='lat' dir='ltr'>quin</span> <span class='ocrx_word' id='word_1_951' title='bbox 1773 2187 1818 2210; x_wconf 89' lang='lat' dir='ltr'>ta-</span> 
     </span>
     <span class='ocr_line' id='line_1_125' title="bbox 950 2218 1817 2263; baseline -0.003 -8"><span class='ocrx_word' id='word_1_952' title='bbox 950 2223 987 2255; x_wconf 91' lang='lat' dir='ltr'>lis</span> <span class='ocrx_word' id='word_1_953' title='bbox 1003 2222 1101 2254; x_wconf 84' lang='lat' dir='ltr'>homo</span> <span class='ocrx_word' id='word_1_954' title='bbox 1125 2221 1161 2254; x_wconf 85' lang='lat' dir='ltr'>fit</span> <span class='ocrx_word' id='word_1_955' title='bbox 1183 2222 1268 2257; x_wconf 88' lang='lat' dir='ltr'>idem</span> <span class='ocrx_word' id='word_1_956' title='bbox 1290 2223 1387 2254; x_wconf 91' lang='lat' dir='ltr'>tutori</span> <span class='ocrx_word' id='word_1_957' title='bbox 1410 2222 1463 2263; x_wconf 85' lang='lat' dir='ltr'>qui</span> <span class='ocrx_word' id='word_1_958' title='bbox 1491 2220 1530 2252; x_wconf 87' lang='lat' dir='ltr'>ab</span> <span class='ocrx_word' id='word_1_959' title='bbox 1554 2218 1690 2260; x_wconf 87' lang='lat' dir='ltr'>Ulpiano</span> <span class='ocrx_word' id='word_1_960' title='bbox 1707 2219 1725 2251; x_wconf 87' lang='lat' dir='ltr'>l.</span> <span class='ocrx_word' id='word_1_961' title='bbox 1740 2230 1768 2261; x_wconf 82' lang='lat'>3.</span> <span class='ocrx_word' id='word_1_962' title='bbox 1786 2219 1817 2261; x_wconf 83' lang='lat'>§.</span> 
     </span>
     <span class='ocr_line' id='line_1_126' title="bbox 949 2260 1814 2304; baseline -0.001 -10"><span class='ocrx_word' id='word_1_963' title='bbox 949 2264 1003 2295; x_wconf 77' lang='lat' dir='ltr'>ult.</span> <span class='ocrx_word' id='word_1_964' title='bbox 1029 2260 1071 2294; x_wconf 91' lang='lat' dir='ltr'>D.</span> <span class='ocrx_word' id='word_1_965' title='bbox 1093 2264 1126 2294; x_wconf 80' lang='lat' dir='ltr'>de</span> <span class='ocrx_word' id='word_1_966' title='bbox 1143 2262 1262 2304; x_wconf 66' lang='lat' dir='ltr'>suspest.</span> <span class='ocrx_word' id='word_1_967' title='bbox 1287 2264 1341 2294; x_wconf 76' lang='lat' dir='ltr'>tut.</span> <span class='ocrx_word' id='word_1_968' title='bbox 1367 2263 1412 2294; x_wconf 91' lang='lat' dir='ltr'>ob</span> <span class='ocrx_word' id='word_1_969' title='bbox 1434 2262 1607 2303; x_wconf 79' lang='lat' dir='ltr'>ingenitam</span> <span class='ocrx_word' id='word_1_970' title='bbox 1631 2261 1814 2301; x_wconf 86' lang='lat' dir='ltr'>segnitiem,</span> 
     </span>
     <span class='ocr_line' id='line_1_127' title="bbox 950 2301 1816 2343; baseline -0.002 -8"><span class='ocrx_word' id='word_1_971' title='bbox 950 2304 1153 2336; x_wconf 87' lang='lat' dir='ltr'>rusticitatem</span> <span class='ocrx_word' id='word_1_972' title='bbox 1164 2327 1174 2343; x_wconf 92' lang='lat'>,</span> <span class='ocrx_word' id='word_1_973' title='bbox 1197 2304 1358 2342; x_wconf 86' lang='lat' dir='ltr'>inertiam,</span> <span class='ocrx_word' id='word_1_974' title='bbox 1371 2302 1601 2343; x_wconf 73' lang='lat' dir='ltr'>simplicitatem</span> <span class='ocrx_word' id='word_1_975' title='bbox 1612 2324 1622 2340; x_wconf 91' lang='lat'>,</span> <span class='ocrx_word' id='word_1_976' title='bbox 1643 2301 1816 2343; x_wconf 88' lang='lat' dir='ltr'>ineptiam,</span> 
     </span>
     <span class='ocr_line' id='line_1_128' title="bbox 950 2342 1813 2377; baseline -0.001 -1"><span class='ocrx_word' id='word_1_977' title='bbox 950 2346 1064 2377; x_wconf 91' lang='lat' dir='ltr'>dicitur</span> <span class='ocrx_word' id='word_1_978' title='bbox 1079 2355 1095 2377; x_wconf 89' lang='lat' dir='ltr'>a</span> <span class='ocrx_word' id='word_1_979' title='bbox 1113 2345 1211 2377; x_wconf 89' lang='lat' dir='ltr'>tutela</span> <span class='ocrx_word' id='word_1_980' title='bbox 1228 2344 1308 2376; x_wconf 89' lang='lat' dir='ltr'>salva</span> <span class='ocrx_word' id='word_1_981' title='bbox 1326 2344 1557 2376; x_wconf 86' lang='lat' dir='ltr'>existimatione</span> <span class='ocrx_word' id='word_1_982' title='bbox 1573 2342 1738 2374; x_wconf 88' lang='lat' dir='ltr'>removeri.</span> <span class='ocrx_word' id='word_1_983' title='bbox 1755 2343 1813 2375; x_wconf 85' lang='lat' dir='ltr'>hu-</span> 
     </span>
     <span class='ocr_line' id='line_1_129' title="bbox 947 2383 1815 2426; baseline -0.003 -8"><span class='ocrx_word' id='word_1_984' title='bbox 947 2386 1082 2426; x_wconf 88' lang='lat' dir='ltr'>jusmodi</span> <span class='ocrx_word' id='word_1_985' title='bbox 1107 2394 1196 2418; x_wconf 89' lang='lat' dir='ltr'>certe</span> <span class='ocrx_word' id='word_1_986' title='bbox 1219 2385 1381 2424; x_wconf 86' lang='lat' dir='ltr'>homines,</span> <span class='ocrx_word' id='word_1_987' title='bbox 1405 2386 1444 2416; x_wconf 85' lang='lat' dir='ltr'>ad</span> <span class='ocrx_word' id='word_1_988' title='bbox 1469 2394 1517 2416; x_wconf 89' lang='lat' dir='ltr'>res</span> <span class='ocrx_word' id='word_1_989' title='bbox 1538 2384 1689 2425; x_wconf 81' lang='lat' dir='ltr'>gerendas</span> <span class='ocrx_word' id='word_1_990' title='bbox 1711 2383 1815 2416; x_wconf 86' lang='lat' dir='ltr'>inido-</span> 
     </span>
     <span class='ocr_line' id='line_1_130' title="bbox 949 2425 1813 2468; baseline 0 -9"><span class='ocrx_word' id='word_1_991' title='bbox 949 2437 1046 2466; x_wconf 85' lang='lat' dir='ltr'>neos,</span> <span class='ocrx_word' id='word_1_992' title='bbox 1068 2428 1277 2468; x_wconf 83' lang='lat' dir='ltr'>negligentia,</span> <span class='ocrx_word' id='word_1_993' title='bbox 1300 2427 1443 2468; x_wconf 89' lang='lat' dir='ltr'>ignavia,</span> <span class='ocrx_word' id='word_1_994' title='bbox 1466 2426 1496 2457; x_wconf 74' lang='grc' dir='ltr'>ἃ</span> <span class='ocrx_word' id='word_1_995' title='bbox 1512 2425 1658 2457; x_wconf 82' lang='lat' dir='ltr'>fatuitate</span> <span class='ocrx_word' id='word_1_996' title='bbox 1674 2425 1813 2466; x_wconf 80' lang='lat' dir='ltr'>censeri,</span> 
     </span>
     <span class='ocr_line' id='line_1_131' title="bbox 950 2467 1540 2500; baseline -0.005 0"><span class='ocrx_word' id='word_1_997' title='bbox 950 2469 1161 2500; x_wconf 88' lang='lat' dir='ltr'>demonstravi</span> <span class='ocrx_word' id='word_1_998' title='bbox 1177 2468 1224 2499; x_wconf 85' lang='lat' dir='ltr'>lib.</span> <span class='ocrx_word' id='word_1_999' title='bbox 1240 2477 1263 2499; x_wconf 84' lang='lat'>1.</span> <span class='ocrx_word' id='word_1_1000' title='bbox 1284 2468 1427 2500; x_wconf 76' lang='lat' dir='ltr'>Probabit.</span> <span class='ocrx_word' id='word_1_1001' title='bbox 1443 2477 1468 2498; x_wconf 90' lang='lat' dir='ltr'>c.</span> <span class='ocrx_word' id='word_1_1002' title='bbox 1486 2467 1540 2498; x_wconf 75' lang='lat' dir='ltr'>ult.</span> 
     </span>
    </p>

    <p class='ocr_par' dir='ltr' id='par_1_15' title="bbox 947 2506 1813 2755">
     <span class='ocr_line' id='line_1_132' title="bbox 991 2506 1812 2547; baseline 0 -6"><span class='ocrx_word' id='word_1_1003' title='bbox 991 2509 1070 2541; x_wconf 84' lang='lat' dir='ltr'>Haec</span> <span class='ocrx_word' id='word_1_1004' title='bbox 1085 2509 1215 2546; x_wconf 88' lang='lat' dir='ltr'>Paulus;</span> <span class='ocrx_word' id='word_1_1005' title='bbox 1238 2510 1327 2547; x_wconf 89' lang='lat' dir='ltr'>(nam</span> <span class='ocrx_word' id='word_1_1006' title='bbox 1343 2509 1405 2540; x_wconf 88' lang='lat' dir='ltr'>huc</span> <span class='ocrx_word' id='word_1_1007' title='bbox 1420 2508 1538 2546; x_wconf 86' lang='lat' dir='ltr'>redeo)</span> <span class='ocrx_word' id='word_1_1008' title='bbox 1553 2507 1573 2540; x_wconf 87' lang='lat' dir='ltr'>fi</span> <span class='ocrx_word' id='word_1_1009' title='bbox 1588 2506 1715 2540; x_wconf 83' lang='lat' dir='ltr'>fitmera</span> <span class='ocrx_word' id='word_1_1010' title='bbox 1731 2507 1812 2547; x_wconf 87' lang='lat' dir='ltr'>Juris</span> 
     </span>
     <span class='ocr_line' id='line_1_133' title="bbox 951 2548 1813 2592; baseline -0.001 -11"><span class='ocrx_word' id='word_1_1011' title='bbox 951 2550 1061 2582; x_wconf 89' lang='lat' dir='ltr'>Civilis</span> <span class='ocrx_word' id='word_1_1012' title='bbox 1084 2550 1268 2592; x_wconf 77' lang='lat' dir='ltr'>ignorantia.</span> <span class='ocrx_word' id='word_1_1013' title='bbox 1292 2549 1343 2582; x_wconf 89' lang='lat' dir='ltr'>sed</span> <span class='ocrx_word' id='word_1_1014' title='bbox 1366 2548 1437 2588; x_wconf 76' lang='lat' dir='ltr'>fac,</span> <span class='ocrx_word' id='word_1_1015' title='bbox 1460 2549 1608 2581; x_wconf 62' lang='lat' dir='ltr'>delictum</span> <span class='ocrx_word' id='word_1_1016' title='bbox 1625 2550 1698 2581; x_wconf 87' lang='lat' dir='ltr'>dici.</span> <span class='ocrx_word' id='word_1_1017' title='bbox 1721 2550 1742 2581; x_wconf 86' lang='lat' dir='ltr'>fi</span> <span class='ocrx_word' id='word_1_1018' title='bbox 1759 2559 1813 2580; x_wconf 86' lang='lat' dir='ltr'>ve-</span> 
     </span>
     <span class='ocr_line' id='line_1_134' title="bbox 950 2590 1810 2633; baseline -0.002 -10"><span class='ocrx_word' id='word_1_1019' title='bbox 950 2592 1017 2623; x_wconf 89' lang='lat' dir='ltr'>niat</span> <span class='ocrx_word' id='word_1_1020' title='bbox 1035 2601 1075 2623; x_wconf 85' lang='lat' dir='ltr'>ex</span> <span class='ocrx_word' id='word_1_1021' title='bbox 1102 2592 1277 2632; x_wconf 85' lang='lat' dir='ltr'>ignorantia</span> <span class='ocrx_word' id='word_1_1022' title='bbox 1297 2592 1376 2633; x_wconf 86' lang='lat' dir='ltr'>juris</span> <span class='ocrx_word' id='word_1_1023' title='bbox 1402 2591 1548 2622; x_wconf 84' lang='lat' dir='ltr'>naturalis</span> <span class='ocrx_word' id='word_1_1024' title='bbox 1571 2591 1610 2621; x_wconf 89' lang='lat' dir='ltr'>ab</span> <span class='ocrx_word' id='word_1_1025' title='bbox 1634 2590 1698 2622; x_wconf 91' lang='lat' dir='ltr'>hoc</span> <span class='ocrx_word' id='word_1_1026' title='bbox 1714 2598 1810 2622; x_wconf 88' lang='lat' dir='ltr'>nemo</span> 
     </span>
     <span class='ocr_line' id='line_1_135' title="bbox 949 2631 1810 2673; baseline -0.003 -9"><span class='ocrx_word' id='word_1_1027' title='bbox 949 2632 1216 2673; x_wconf 87' lang='lat' dir='ltr'>excusatur:quia</span> <span class='ocrx_word' id='word_1_1028' title='bbox 1232 2633 1262 2664; x_wconf 87' lang='lat' dir='ltr'>id</span> <span class='ocrx_word' id='word_1_1029' title='bbox 1277 2633 1323 2673; x_wconf 86' lang='lat' dir='ltr'>jus</span> <span class='ocrx_word' id='word_1_1030' title='bbox 1339 2642 1354 2663; x_wconf 89' lang='lat' dir='ltr'>a</span> <span class='ocrx_word' id='word_1_1031' title='bbox 1371 2641 1480 2663; x_wconf 83' lang='lat' dir='ltr'>natura</span> <span class='ocrx_word' id='word_1_1032' title='bbox 1496 2631 1642 2665; x_wconf 82' lang='lat' dir='ltr'>omnibus</span> <span class='ocrx_word' id='word_1_1033' title='bbox 1658 2631 1810 2668; x_wconf 63' lang='lat' dir='ltr'>infusum,</span> 
     </span>
     <span class='ocr_line' id='line_1_136' title="bbox 948 2670 1809 2715; baseline -0.007 -9"><span class='ocrx_word' id='word_1_1034' title='bbox 948 2677 964 2706; x_wconf 84' lang='lat' dir='ltr'>a</span> <span class='ocrx_word' id='word_1_1035' title='bbox 980 2674 1068 2705; x_wconf 91' lang='lat' dir='ltr'>nullo</span> <span class='ocrx_word' id='word_1_1036' title='bbox 1085 2673 1220 2714; x_wconf 85' lang='lat' dir='ltr'>ignorari</span> <span class='ocrx_word' id='word_1_1037' title='bbox 1239 2673 1354 2714; x_wconf 88' lang='lat' dir='ltr'>potest.</span> <span class='ocrx_word' id='word_1_1038' title='bbox 1376 2674 1539 2715; x_wconf 85' lang='lat' dir='ltr'>Sapienter</span> <span class='ocrx_word' id='word_1_1039' title='bbox 1550 2672 1633 2705; x_wconf 84' lang='lat' dir='ltr'>Cato</span> <span class='ocrx_word' id='word_1_1040' title='bbox 1650 2671 1730 2713; x_wconf 87' lang='lat' dir='ltr'>apud</span> <span class='ocrx_word' id='word_1_1041' title='bbox 1746 2670 1809 2701; x_wconf 86' lang='lat' dir='ltr'>Lu·</span> 
     </span>
     <span class='ocr_line' id='line_1_137' title="bbox 947 2714 1357 2755; baseline -0.002 -8"><span class='ocrx_word' id='word_1_1042' title='bbox 947 2724 1061 2747; x_wconf 86' lang='lat' dir='ltr'>canum</span> <span class='ocrx_word' id='word_1_1043' title='bbox 1077 2714 1124 2746; x_wconf 81' lang='lat' dir='ltr'>lib.</span> <span class='ocrx_word' id='word_1_1044' title='bbox 1143 2724 1172 2751; x_wconf 91' lang='lat'>9.</span> <span class='ocrx_word' id='word_1_1045' title='bbox 1191 2717 1264 2754; x_wconf 65' lang='lat' dir='ltr'>versss</span> <span class='ocrx_word' id='word_1_1046' title='bbox 1286 2725 1357 2755; x_wconf 83' lang='lat'><em>575.</em></span> 
     </span>
    </p>

    <p class='ocr_par' dir='ltr' id='par_1_16' title="bbox 1006 2753 1663 2798">
     <span class='ocr_line' id='line_1_138' title="bbox 1006 2753 1663 2798; baseline -0.005 -11"><span class='ocrx_word' id='word_1_1047' title='bbox 1006 2774 1017 2779; x_wconf 96' lang='lat'><em>-</em></span> <span class='ocrx_word' id='word_1_1048' title='bbox 1038 2773 1048 2779; x_wconf 96' lang='lat'><em>-</em></span> <span class='ocrx_word' id='word_1_1049' title='bbox 1072 2774 1079 2779; x_wconf 93' lang='lat'><em>-</em></span> <span class='ocrx_word' id='word_1_1050' title='bbox 1106 2755 1248 2798; x_wconf 78' lang='lat' dir='ltr'>Dixitque</span> <span class='ocrx_word' id='word_1_1051' title='bbox 1260 2757 1340 2792; x_wconf 73' lang='lat' dir='ltr'>semel</span> <span class='ocrx_word' id='word_1_1052' title='bbox 1356 2756 1532 2797; x_wconf 83' lang='lat' dir='ltr'>nastentibus</span> <span class='ocrx_word' id='word_1_1053' title='bbox 1546 2753 1663 2792; x_wconf 73' lang='grc' dir='ltr'><em>ααὲἶον,</em></span> 
     </span>
    </p>

    <p class='ocr_par' dir='ltr' id='par_1_17' title="bbox 988 2793 1415 2840">
     <span class='ocr_line' id='line_1_139' title="bbox 988 2793 1415 2840; baseline 0.005 -13"><span class='ocrx_word' id='word_1_1054' title='bbox 988 2793 1142 2840; x_wconf 70' lang='lat' dir='ltr'>Quidquid</span> <span class='ocrx_word' id='word_1_1055' title='bbox 1148 2796 1224 2838; x_wconf 62' lang='lat' dir='ltr'>seire</span> <span class='ocrx_word' id='word_1_1056' title='bbox 1238 2797 1312 2829; x_wconf 82' lang='lat' dir='ltr'>licet.</span> <span class='ocrx_word' id='word_1_1057' title='bbox 1338 2815 1346 2821; x_wconf 93' lang='lat'><em>·</em></span> <span class='ocrx_word' id='word_1_1058' title='bbox 1371 2816 1381 2823; x_wconf 92' lang='lat'>-</span> <span class='ocrx_word' id='word_1_1059' title='bbox 1403 2813 1415 2820; x_wconf 94' lang='lat'>-</span> 
     </span>
    </p>
   </div>
   <div class='ocr_carea' id='block_1_12' title="bbox 983 592 1067 597">
    <p class='ocr_par' dir='ltr' id='par_1_18' title="bbox 983 592 1067 597">
     <span class='ocr_line' id='line_1_140' title="bbox 983 592 1067 597; baseline 0 0"><span class='ocrx_word' id='word_1_1060' title='bbox 983 592 1067 597; x_wconf 95' lang='lat' dir='ltr'> </span> 
     </span>
    </p>
   </div>
   <div class='ocr_carea' id='block_1_13' title="bbox 1093 593 1174 597">
    <p class='ocr_par' dir='ltr' id='par_1_19' title="bbox 1093 593 1174 597">
     <span class='ocr_line' id='line_1_141' title="bbox 1093 593 1174 597; baseline 0 0"><span class='ocrx_word' id='word_1_1061' title='bbox 1093 593 1174 597; x_wconf 95' lang='lat' dir='ltr'> </span> 
     </span>
    </p>
   </div>
   <div class='ocr_carea' id='block_1_14' title="bbox 1196 592 1280 598">
    <p class='ocr_par' dir='ltr' id='par_1_20' title="bbox 1196 592 1280 598">
     <span class='ocr_line' id='line_1_142' title="bbox 1196 592 1280 598; baseline 0 0"><span class='ocrx_word' id='word_1_1062' title='bbox 1196 592 1280 598; x_wconf 95' lang='lat' dir='ltr'> </span> 
     </span>
    </p>
   </div>
   <div class='ocr_carea' id='block_1_15' title="bbox 947 2833 1810 3045">
    <p class='ocr_par' dir='ltr' id='par_1_21' title="bbox 947 2833 1810 3045">
     <span class='ocr_line' id='line_1_143' title="bbox 949 2833 1808 2877; baseline -0.005 -9"><span class='ocrx_word' id='word_1_1063' title='bbox 949 2836 1105 2877; x_wconf 85' lang='lat' dir='ltr'>Exempla</span> <span class='ocrx_word' id='word_1_1064' title='bbox 1123 2839 1152 2869; x_wconf 92' lang='lat' dir='ltr'>in</span> <span class='ocrx_word' id='word_1_1065' title='bbox 1176 2839 1196 2869; x_wconf 89' lang='lat' dir='ltr'>l.</span> <span class='ocrx_word' id='word_1_1066' title='bbox 1221 2840 1249 2870; x_wconf 80' lang='lat'>2.</span> <span class='ocrx_word' id='word_1_1067' title='bbox 1279 2835 1311 2870; x_wconf 87' lang='lat' dir='ltr'>C.</span> <span class='ocrx_word' id='word_1_1068' title='bbox 1329 2840 1362 2870; x_wconf 77' lang='lat' dir='ltr'>de</span> <span class='ocrx_word' id='word_1_1069' title='bbox 1383 2839 1414 2871; x_wconf 85' lang='lat' dir='ltr'>in</span> <span class='ocrx_word' id='word_1_1070' title='bbox 1444 2846 1478 2869; x_wconf 83' lang='lat' dir='ltr'>us</span> <span class='ocrx_word' id='word_1_1071' title='bbox 1505 2836 1651 2872; x_wconf 83' lang='lat' dir='ltr'>vocando,</span> <span class='ocrx_word' id='word_1_1072' title='bbox 1674 2833 1750 2865; x_wconf 86' lang='lat' dir='ltr'>item</span> <span class='ocrx_word' id='word_1_1073' title='bbox 1776 2834 1808 2865; x_wconf 87' lang='lat' dir='ltr'>in</span> 
     </span>
     <span class='ocr_line' id='line_1_144' title="bbox 948 2875 1810 2921; baseline -0.007 -11"><span class='ocrx_word' id='word_1_1074' title='bbox 948 2878 968 2910; x_wconf 87' lang='lat' dir='ltr'>l.</span> <span class='ocrx_word' id='word_1_1075' title='bbox 980 2883 1029 2919; x_wconf 80' lang='lat'>38.</span> <span class='ocrx_word' id='word_1_1076' title='bbox 1049 2878 1091 2909; x_wconf 90' lang='lat' dir='ltr'>D.</span> <span class='ocrx_word' id='word_1_1077' title='bbox 1111 2880 1162 2910; x_wconf 75' lang='lat' dir='ltr'>Ad</span> <span class='ocrx_word' id='word_1_1078' title='bbox 1178 2880 1250 2921; x_wconf 78' lang='lat' dir='ltr'>Leg.</span> <span class='ocrx_word' id='word_1_1079' title='bbox 1267 2879 1333 2920; x_wconf 80' lang='lat' dir='ltr'>Jul.</span> <span class='ocrx_word' id='word_1_1080' title='bbox 1345 2881 1378 2911; x_wconf 83' lang='lat' dir='ltr'>de</span> <span class='ocrx_word' id='word_1_1081' title='bbox 1393 2890 1408 2911; x_wconf 82' lang='grc' dir='ltr'><em>α</em></span> <span class='ocrx_word' id='word_1_1082' title='bbox 1431 2880 1484 2910; x_wconf 82' lang='lat' dir='ltr'>ult.</span> <span class='ocrx_word' id='word_1_1083' title='bbox 1499 2878 1534 2912; x_wconf 48' lang='grc' dir='ltr'>ἐτ’)</span> <span class='ocrx_word' id='word_1_1084' title='bbox 1548 2875 1630 2920; x_wconf 58' lang='lat' dir='ltr'>halt.</span> <span class='ocrx_word' id='word_1_1085' title='bbox 1642 2875 1688 2905; x_wconf 88' lang='lat' dir='ltr'>D.</span> <span class='ocrx_word' id='word_1_1086' title='bbox 1699 2876 1732 2904; x_wconf 82' lang='lat' dir='ltr'>de</span> <span class='ocrx_word' id='word_1_1087' title='bbox 1746 2875 1810 2920; x_wconf 57' lang='lat' dir='ltr'>ritu</span> 
     </span>
     <span class='ocr_line' id='line_1_145' title="bbox 948 2915 1810 2960; baseline -0.003 -10"><span class='ocrx_word' id='word_1_1088' title='bbox 948 2925 1030 2960; x_wconf 71' lang='lat' dir='ltr'>nupt.</span> <span class='ocrx_word' id='word_1_1089' title='bbox 1047 2919 1283 2952; x_wconf 90' lang='lat' dir='ltr'>Miserationem</span> <span class='ocrx_word' id='word_1_1090' title='bbox 1301 2928 1404 2952; x_wconf 88' lang='lat' dir='ltr'>tamen</span> <span class='ocrx_word' id='word_1_1091' title='bbox 1423 2920 1521 2951; x_wconf 77' lang='lat' dir='ltr'>:etatis</span> <span class='ocrx_word' id='word_1_1092' title='bbox 1539 2916 1707 2955; x_wconf 81' lang='lat' dir='ltr'>aliquando</span> <span class='ocrx_word' id='word_1_1093' title='bbox 1723 2915 1810 2953; x_wconf 83' lang='lat' dir='ltr'>Judi-</span> 
     </span>
     <span class='ocr_line' id='line_1_146' title="bbox 947 2956 1809 3002; baseline -0.006 -11"><span class='ocrx_word' id='word_1_1094' title='bbox 947 2969 1018 2992; x_wconf 88' lang='lat' dir='ltr'>cem</span> <span class='ocrx_word' id='word_1_1095' title='bbox 1036 2960 1128 2992; x_wconf 79' lang='lat' dir='ltr'>etiam</span> <span class='ocrx_word' id='word_1_1096' title='bbox 1145 2961 1197 2992; x_wconf 91' lang='lat' dir='ltr'>hic</span> <span class='ocrx_word' id='word_1_1097' title='bbox 1211 2962 1248 2993; x_wconf 91' lang='lat' dir='ltr'>ad</span> <span class='ocrx_word' id='word_1_1098' title='bbox 1266 2962 1458 2994; x_wconf 86' lang='lat' dir='ltr'>mediocrem</span> <span class='ocrx_word' id='word_1_1099' title='bbox 1470 2966 1594 2998; x_wconf 88' lang='lat' dir='ltr'>poenam</span> <span class='ocrx_word' id='word_1_1100' title='bbox 1612 2956 1809 3002; x_wconf 77' lang='lat' dir='ltr'>producere,</span> 
     </span>
     <span class='ocr_line' id='line_1_147' title="bbox 947 2997 1744 3045; baseline -0.008 -12"><span class='ocrx_word' id='word_1_1101' title='bbox 947 3000 1176 3044; x_wconf 79' lang='lat' dir='ltr'>Tryphoninus</span> <span class='ocrx_word' id='word_1_1102' title='bbox 1193 3001 1296 3036; x_wconf 84' lang='lat' dir='ltr'>scribit</span> <span class='ocrx_word' id='word_1_1103' title='bbox 1313 3004 1332 3037; x_wconf 90' lang='lat' dir='ltr'>l.</span> <span class='ocrx_word' id='word_1_1104' title='bbox 1350 3013 1398 3045; x_wconf 83' lang='lat'>37.</span> <span class='ocrx_word' id='word_1_1105' title='bbox 1415 3001 1445 3042; x_wconf 85' lang='lat'>§.</span> <span class='ocrx_word' id='word_1_1106' title='bbox 1466 3009 1492 3030; x_wconf 85' lang='lat'>1.</span> <span class='ocrx_word' id='word_1_1107' title='bbox 1508 2997 1551 3029; x_wconf 89' lang='lat' dir='ltr'>D.</span> <span class='ocrx_word' id='word_1_1108' title='bbox 1565 2999 1599 3029; x_wconf 81' lang='lat' dir='ltr'>de</span> <span class='ocrx_word' id='word_1_1109' title='bbox 1614 2997 1744 3028; x_wconf 84' lang='lat' dir='ltr'>mznorib.</span> 
     </span>
    </p>
   </div>
   <div class='ocr_carea' id='block_1_16' title="bbox 1144 3185 1807 3226">
    <p class='ocr_par' dir='ltr' id='par_1_22' title="bbox 1144 3185 1807 3226">
     <span class='ocr_line' id='line_1_148' title="bbox 1144 3185 1807 3226; baseline -0.008 0"><span class='ocrx_word' id='word_1_1110' title='bbox 1144 3195 1217 3226; x_wconf 66' lang='grc' dir='ltr'>ΒΗ)</span> <span class='ocrx_word' id='word_1_1111' title='bbox 1653 3185 1807 3222; x_wconf 72' lang='lat' dir='ltr'><em>LIBER</em></span> 
     </span>
    </p>
   </div>
  </div>
 </body>
</html>
