2036 3495
151 138 220 172 114

152 216 265 257 agitur.
292 216 336 247 esi
360 222 464 245 autem
482 213 550 243 haec
574 210 727 250 superiori
747 209 915 242 diffimilis:
935 210 1024 241 ideo·

152 255 214 295 que
232 257 387 288 confundi
411 264 482 285 cum
501 262 537 284 ea
561 261 624 282 non
644 252 750 282 dehet.
781 260 854 282 cum
872 252 956 283 enim
975 252 1027 283 illa

152 299 189 331 fit
207 308 246 328 ex
266 305 418 335 recepto,
434 295 464 326 ὅ(
484 304 526 324 re1
545 292 776 333 persecutor-im
802 293 870 323 haec
886 292 931 324 est
943 292 1027 332 quau

153 349 192 370 ex
209 337 384 374 maleficio,
411 337 439 366 ἂ
459 335 600 375 poenalis.
624 333 705 364 hanc
722 334 895 373 (quantum
917 335 1028 374 accepi

153 390 194 410 ex
207 377 444 417 inscriptionel.
457 383 522 417 pen.
540 376 643 410 &alu
662 376 688 406 b.
705 377 746 416 z.)
762 376 929 415 conjunxit
947 376 1027 407 Prae-

153 429 205 451 tor
225 429 296 450 cum
316 418 431 450 Titulo
459 418 507 449 Ad
535 418 655 458 Legem
684 417 859 457 Aquiliam,
883 419 922 449 ad
942 418 1028 457 cujus

150 461 449 501 interpretationem
470 459 597 498 spec‘tat.
616 468 687 490 nam
706 460 793 498 prior
803 459 967 499 desumpta
984 458 1029 490 est

151 513 190 534 ex
211 502 294 533 Pauli
307 503 361 533 lib.
375 512 422 533 22.
443 502 492 532 Ad
510 500 679 539 Ediffikum3
695 499 853 540 posterior
868 510 906 532 ex
921 499 1027 540 Ulpia-

149 545 180 575 ni
201 544 243 574 lib
262 549 317 578 18:
341 544 454 583 quibus
472 542 558 574 libris
575 551 632 573 eos
656 542 776 582 Legem
794 541 952 581 Aquiliam
972 551 1026 572 ex-

149 584 305 625 posuisse,
332 595 372 616 ex
397 585 464 624 ejus
488 583 591 614 Tituli
612 582 809 623 Fragmentis
824 582 1027 614 manifestum

151 626 206 657 est.
231 626 347 658 Similis
366 627 447 657 attio
467 626 495 656 in
515 625 630 656 facturn
649 624 795 656 adversus
813 633 941 662 nautas,
957 633 1028 656 cau-

150 677 253 708 pones
264 692 272 707 ‚
290 670 319 699 <Sc
336 668 519 699 stabularios
530 690 538 704 ‚
557 665 717 706 proposita
736 675 750 695 a
764 665 902 697 Praetore
912 665 974 696 fuit
989 666 1029 696 de

149 710 240 741 furto
257 711 287 741 in
308 720 404 746 nave,
429 717 594 749 caupona,
612 716 665 738 aut
684 705 824 744 stabulo,
842 706 973 739 admiffo
990 707 1029 739 ab

148 751 216 787 his,
233 761 313 789 duos
330 751 492 782 adsunam
506 748 710 780 ministerium
730 749 770 779 ibi
783 748 964 780 adhibeant.
989 749 1029 780 de

151 793 211 823 hac
227 793 353 824 actione
374 791 491 832 scripsrt
509 790 786 830 Ulpianuslib.38.
804 792 852 822 Ad
862 789 1028 822 Edictum:

152 843 186 864 ut
204 835 304 874 liquet.
319 844 358 865 ex
374 834 393 864 l.
411 835 488 863 unic.
511 832 549 863 Ι).
568 831 653 862 zaim
668 832 777 869 advers?
792 837 874 862 naut.
894 839 975 873 caup.
992 832 1029 866 ὅ)

142 873 219 916 stab.
239 878 268 907 in
287 885 346 916 qua
364 873 458 906 restat
476 873 581 905 Ediffl
600 872 718 904 sensus:
737 882 808 904 nam
828 873 923 904 verba
941 874 1027 905 dele-

151 918 197 948 vit
214 918 307 958 longa
324 926 408 947 aetaa.
434 917 540 956 attigit
555 924 623 946 eam
643 915 800 946 aelionem
817 915 933 945 leviter
951 915 1029 947 Pau-

150 959 197 989 lus
217 959 234 989 l.
251 962 279 990 6.
293 966 336 999 pr.
349 958 384 992 ἐξ
400 958 464 1000 §.4
483 958 523 988 D.
539 957 565 988 h.
582 962 602 987 t.
621 955 766 987 differam
784 956 878 996 igitur
894 957 959 996 eJ'us
976 966 1029 988 ex-

149 1000 375 1040 plicationem:
400 1003 505 1030 donee
523 999 708 1038 perveniam
725 998 764 1028 ad
783 998 838 1028 lib.
855 1007 970 1029 XLVII.

194 1040 291 1073 Nunc
309 1050 468 1082 exponam
487 1040 633 1071 Edictum
653 1042 693 1070 de
712 1039 829 1070 damno
847 1039 957 1079 injuria
974 1040 1025 1070 da-

150 1090 186 1114 to
204 1085 235 1114 in
247 1093 348 1122 nave,
367 1091 531 1123 caupona,
552 1089 605 1112 aut
619 1080 752 1112 stabulo.
769 1081 833 1120 ejus
845 1080 946 1112 Edicn
961 1090 1026 1112 ver-

149 1126 189 1156 ba
207 1124 348 1157 fimiliter
364 1126 499 1165 periere.
525 1122 680 1154 sententia
697 1122 822 1153 videtur
838 1123 906 1153 talis
923 1121 1026 1154 fuisse.

150 1165 189 1198 In
204 1173 330 1206 nautas,
352 1173 508 1207 caupones,
527 1163 769 1204 &stabularios,
786 1162 816 1200 fi
830 1164 969 1193 damnum
985 1166 1027 1194 in—

144 1208 231 1249 juria
247 1210 349 1240 dacum
367 1211 420 1246 eric
434 1209 469 1238 ab
486 1207 530 1238 bis
544 1215 666 1247 quorum
681 1212 764 1245 opera
779 1214 901 1242 navem,
925 1211 1028 1245 caupo-

150 1259 237 1288 nam,
261 1257 315 1281 auc
333 1247 484 1290 stabulum
496 1272 505 1286 ,
532 1253 681 1284 exercent,
699 1248 730 1277 in
748 1247 868 1285 duplum
881 1246 1029 1287 judicium

151 1292 240 1323 dabo.-
262 1290 318 1329 m'ft
330 1293 537 1332 proedixerint,
550 1295 596 1331 rm
623 1289 822 1329 unusquisque
837 1297 880 1318 res
892 1288 1028 1327 [trasser-

150 1340 217 1371 νει,
237 1332 274 1367 &³
286 1333 465 1373 prceclifflom·
480 1328 703 1372 consensiwnfit.
722 1328 816 1360 Ratio
834 1328 939 1360 Edisti
951 1329 1029 1360 sum·

150 1384 212 1406 ma.
239 1375 314 1414 quid
328 1376 357 1405 ni
369 1375 454 1405 enim
473 1372 636 1404 exercitor
653 1371 759 1408 navis,
779 1379 933 1410 cauponae
947 1394 956 1409 ,
975 1377 1028 1401 aut

146 1415 281 1455 stabuli,
305 1415 429 1448 actione
447 1415 478 1446 in
497 1413 615 1446 fadum
636 1412 690 1443 suo
715 1413 846 1443 nomine
864 1419 1027 1451 teneatur,

151 1459 269 1490 damno
297 1458 405 1498 injuria
429 1457 504 1487 dato
530 1464 586 1495 per
611 1463 667 1485 eos
685 1462 822 1493 quorum
839 1462 937 1493 opera
959 1453 1027 1484 usus

149 1499 188 1531 fit
204 1501 235 1530 in
258 1508 358 1536 nave,
380 1506 544 1537 caupona,
568 1503 622 1527 aut
647 1494 799 1527 stabulo?
823 1504 895 1526 nam
913 1503 946 1526 ut
962 1494 1028 1534 ipse

149 1550 214 1572 non
243 1540 433 1578 deliquerit,
460 1539 512 1579 qui
533 1546 588 1577 per
607 1535 636 1567 se
654 1546 717 1567 non
737 1536 862 1568 dederit
878 1537 1027 1568 damnum

148 1583 278 1621 injuria:
296 1581 340 1612 est
358 1589 463 1611 tamen
480 1580 584 1619 aliqua
603 1578 668 1618 ejus
686 1578 801 1618 culpa;
823 1579 910 1617 quod
927 1578 1028 1610 malos

149 1624 331 1655 adhibuerit
351 1623 518 1658 homines,
542 1629 599 1660 per
617 1628 697 1659 quos
716 1619 773 1650 laeii
792 1620 821 1650 in
839 1629 938 1658 nave,
957 1629 1028 1651 cau-

149 1675 254 1706 pona,
272 1673 325 1695 aut
344 1663 486 1697 stabulo,
504 1662 573 1692 sunt
592 1660 738 1692 veCkores
751 1669 803 1691 aut
814 1661 954 1692 viatores
972 1662 1028 1701 l.5.

144 1708 177 1750 ᾖ.
195 1708 247 1739 uic.
266 1706 305 1737 D.
321 1707 354 1737 de
370 1705 452 1744 ohli'g.
470 1703 506 1738 ὅ)
524 1702 580 1735 ιιᾶ.
606 1702 703 1744 Igitur
720 1701 849 1733 interest
865 1703 947 1734 inter
965 1702 1029 1733 hoc

145 1752 180 1781 ά
197 1748 337 1788 superius
354 1746 513 1778 Edictum.
539 1753 610 1775 nam
628 1744 793 1775 exercitor-
811 1744 876 1775 illic
896 1752 1029 1784 propter

147 1798 316 1830 receptum
343 1797 489 1819 tenetur:
515 1786 566 1817 hic
592 1793 724 1825 propter
741 1786 890 1816 damnum
916 1785 1027 1824 injuria

148 1833 269 1865 datum.
295 1840 397 1869 eaque
414 1830 497 1866 duo,
517 1836 551 1858 ut
568 1827 638 1858 sunt
655 1825 794 1864 diversa,
812 1825 853 1857 fic
869 1826 1027 1857 confundi

144 1884 214 1907 non
236 1879 379 1913 oportet.
404 1871 434 1901 in
458 1868 625 1910 proposito
650 1875 756 1899 autem
782 1870 946 1899 exer-citor
962 1876 1028 1899 tan-

148 1924 217 1948 tum
240 1922 368 1946 tenetur
391 1913 430 1944 de
447 1911 534 1942 facto
557 1918 669 1941 eorum
693 1918 830 1950 quorum
856 1919 954 1949 opera
975 1918 1026 1940 na-

147 1966 222 1989 vem
233 1981 242 1995 ,
254 1963 444 1995 cauponam,
454 1962 506 1984 aut
517 1951 690 1990 stabulum,
703 1958 855 1983 exercet:
873 1950 926 1982 nisi
937 1951 1025 1991 quod

151 2007 256 2038 caupo
272 1998 367 2029 etiam
385 2005 444 2034 pro
462 1994 509 2025 his
527 1993 581 2034 qui
596 1992 757 2023 habitandi
774 1991 901 2024 causain
913 2002 1030 2033 caupo-

149 2050 190 2072 na
206 2040 294 2078 sunt‚
312 2037 524 2069 convenitur:
549 2034 679 2065 viatoris
696 2041 803 2065 autem
822 2035 972 2072 nomine,
997 2044 1029 2065 e-

149 2083 239 2123 iusve
257 2081 308 2120 qui
328 2078 467 2119 hospitio
478 2077 650 2117 repentino
667 2075 838 2115 recipitur,
854 2085 920 2107 non
939 2083 1028 2106 tene-

143 2122 236 2154 turi.
254 2126 283 2153 6.
300 2121 327 2163 ᾗ.
349 2131 375 2161 3.
394 2120 434 2151 D.
450 2120 476 2150 h.
493 2124 513 2149 t.
531 2118 663 2158 pulchra
680 2119 824 2156 ratione,
849 2126 917 2157 quae
936 2116 981 2148 est
999 2117 1030 2148 in

149 2165 166 2196 l.
186 2165 264 2194 unic.
281 2163 309 2204 §.
326 2163 379 2193 ult.
400 2161 440 2191 D.
470 2159 551 2191 Furti
568 2158 684 2199 advers.'
705 2165 789 2190 naut.
810 2166 891 2199 caup.
910 2156 1030 2199 &stab

150 2205 307 2246 Ulpianus
325 2204 343 2235 l.
361 2213 388 2243 7.
407 2203 433 2233 b.
451 2209 470 2232 ι.
489 2201 605 2238 debet,
623 2201 746 2240 inquit,
773 2201 935 2231 exercitor
955 2209 1031 2240 prae·

147 2248 228 2279 stare
250 2245 370 2277 factum
396 2244 539 2275 omnium
557 2251 720 2273 nautarum
737 2241 884 2280 suorum,
907 2242 970 2273 sive
992 2242 1026 2272 li-

148 2288 237 2327 beri,
260 2287 324 2319 five
349 2286 428 2318 servi
451 2285 528 2317 fint:
553 2293 625 2315 cum
652 2282 716 2322 ipse
734 2293 791 2314 eos
811 2283 865 2315 suo
885 2283 1029 2324 periculo

148 2330 339 2363 adhibuerit.
361 2327 416 2359 etfi
440 2327 527 2366 quod
557 2326 597 2356 de
620 2324 715 2356 servis
739 2323 857 2363 refert,
883 2332 958 2356 tunc
975 2334 1028 2356 ve-

148 2382 218 2404 rum
237 2371 302 2408 est3
319 2380 391 2401 cum
410 2369 532 2400 alienos
553 2366 718 2398 adhibuit:
742 2366 794 2397 hic
812 2367 896 2398 enim
915 2367 1028 2398 debuit:

149 2414 336 2453 explorare,
353 2411 440 2451 cujus
452 2409 527 2441 fidei
543 2417 640 2448 atque
657 2408 849 2439 innocentiae
866 2407 934 2439 fint.
957 2416 988 2438 at
1007 2407 1027 2439 fi

148 2456 298 2495 proprios
315 2453 479 2485 adhibuit:
497 2450 634 2482 fortaffis
646 2450 706 2480 erit
724 2450 817 2481 venia
827 2450 939 2490 dignus
952 2458 1026 2490 qua-

147 2496 171 2529 fi
196 2496 226 2526 in
252 2494 430 2526 domestico
456 2493 486 2524 ἃ
511 2490 684 2523 necessario
707 2492 812 2523 malo:
840 2491 932 2522 nimis
950 2500 1028 2522 nota

148 2537 312 2568 servorum
338 2535 488 2576 nequitia.
512 2542 611 2574 quare
636 2532 769 2570 sufficit,
794 2543 834 2564 ex
852 2533 900 2564 his
917 2533 1027 2572 quales

150 2578 259 2619 quales
270 2578 308 2608 ad
324 2577 537 2608 instruendam
549 2583 663 2607 navem
680 2574 875 2613 adhibuisse3
892 2574 921 2604 ἃ
934 2583 1028 2605 noxae

149 2619 316 2652 deditione
328 2619 521 2661 defungetur
540 2615 708 2658 d.l.7.§.4.
726 2617 814 2657 quod
830 2625 895 2648 non
911 2616 956 2646 ita
967 2615 1029 2647 else

282 128 445 163 Gaiitfflm
472 124 608 160 Noom·
634 123 753 173 CoMM.
783 121 838 156 An
866 122 940 156 Lm.
970 121 1033 156 IV.
1062 120 1146 157 Trr.
1175 121 1234 157 IX.
1262 122 1395 166 Nantce,
1412 131 1578 170 caupones,
1586 123 1759 170 stabularii
1768 155 1776 170 ,
1798 124 1865 166 &a

1069 211 1100 241 in
1117 219 1269 251 recepto,
1293 211 1381 252 supra
1399 211 1527 244 dictum.
1553 212 1659 254 Quid,
1683 213 1706 245 fi>
1721 223 1822 245 nautae
1839 215 1945 249 servus

1071 252 1218 284 damnum
1243 253 1394 285 dederit?
1419 262 1548 293 poterat
1573 255 1730 286 dubitari:
1755 257 1828 295 quia
1853 258 1944 297 hujus

1071 301 1125 324 aut
1142 293 1224 324 illius
1242 303 1345 326 nautae
1363 293 1469 326 servus
1486 304 1550 326 non
1569 296 1679 334 utiquc
1695 295 1740 327 est
1755 305 1867 334 nauta,
1890 307 1943 331 aut

1072 342 1229 374 tamquam
1247 336 1317 367 talis
1335 336 1373 367 ab
1389 338 1571 367 exercitore
1589 336 1767 368 adhibetur.
1801 338 1863 370 Sed
1879 349 1945 371 cre-

1071 376 1174 407 ditum
1190 376 1254 415 est,
1279 378 1486 417 aequiffimum
1503 378 1584 416 effe,
1607 378 1711 409 adhuc
1730 380 1759 410 in
1787 382 1945 412 exercito-

1071 426 1137 462 rem
1158 427 1199 448 eo
1215 420 1345 450 nomine
1363 420 1427 450 dari
1445 420 1603 450 actionem
1622 420 1733 451 utilem
1749 421 1803 451 cm.
1820 430 1846 461 7.
1863 421 1890 463 §.
1907 432 1944 464 3:

1072 467 1145 497 quia
1161 467 1195 489 ut
1212 459 1311 499 ipsum
1329 459 1414 491 hunc
1437 460 1559 492 servum
1577 470 1640 492 non
1660 461 1839 492 adhibuerit
1857 473 1947 495 exer-

1072 500 1173 545 citor,
1197 500 1337 540 ideoque
1364 502 1511 533 adversus
1534 511 1607 533 eum
1633 512 1698 533 non
1717 505 1810 534 detur
1826 504 1944 537 directa

1071 541 1173 572 actio:
1198 540 1266 572 usus
1284 549 1387 573 tamen
1406 542 1450 574 est
1475 542 1553 575 servi
1573 544 1729 583 domin03
1754 544 1941 586 paffusque,

1072 582 1197 613 servum
1211 591 1285 613 curn
1303 592 1343 613 eo
1361 583 1422 614 effe
1438 584 1468 615 in
1487 594 1577 616 nave.
1603 584 1655 616 sed
1673 595 1733 617 nec
1749 595 1945 627 magnopere

1072 622 1334 661 interest,utrum
1352 632 1408 664 per
1423 625 1521 665 ipsum
1539 627 1703 658 dominum
1716 651 1725 666 ,
1748 637 1786 658 an
1804 637 1860 667 per
1876 629 1942 668 ejus

1072 664 1216 703 servum,
1239 665 1388 696 damnum
1406 666 1514 706 injuria
1532 668 1639 699 datum
1657 667 1702 699 fit.
1741 668 1818 699 Inde
1839 669 1945 709 quaefi-

1073 714 1159 745 tum;
1181 705 1203 737 fi
1219 714 1321 737 nautae
1340 708 1422 738 inter
1440 707 1469 739 se
1493 710 1639 740 dederint
1659 710 1826 742 damnum:
1850 720 1887 742 an
1906 721 1945 742 co

1073 755 1226 779 oneretur
1241 749 1403 779 exercitor
1418 748 1434 780 ‘2
1458 759 1552 791 negat
1572 749 1727 791 Ulpianus
1744 753 1771 781 d.
1788 751 1805 782 l.
1817 761 1842 791 7.
1861 753 1890 794 §.
1907 763 1943 784 2:

1073 800 1113 820 eo
1133 789 1221 829 quod
1238 789 1325 820 laesus
1342 798 1408 820 non
1425 790 1508 821 reete
1525 800 1662 831 imputet
1677 794 1850 824 exercitori
1862 817 1871 832 ‚
1888 803 1945 826 cur
1991 794 1992 797 ’

1072 840 1127 862 eos
1145 830 1325 861 adhibuerit
1337 839 1444 861 nautas
1460 840 1500 862 ex
1518 833 1630 872 quibus
1645 833 1729 872 ipse,
1747 835 1824 864 citra
1836 845 1948 866 neces-

1071 872 1194 904 fitatem
1208 894 1217 909 ,
1235 871 1297 903 ess'e
1313 873 1455 913 elegerit.
1480 872 1585 914 Quid,
1602 874 1623 905 fi
1640 876 1709 915 quis
1726 874 1799 906 fit&
1811 884 1901 907 nauta
1914 876 1944 908 ὅς

1072 913 1257 945 mercator?
1274 913 1366 954 poffit
1381 914 1474 944 alicui
1493 915 1576 946 idem
1594 916 1709 948 videri:
1727 917 1799 956 quia
1817 919 1882 957 ejus
1898 917 1946 949 fa-

1072 955 1156 987 Ctum
1182 953 1263 985 solet
1285 955 1324 985 ab
1351 956 1531 987 exercitore
1556 955 1622 988 aliis
1643 959 1765 989 idcirco
1790 959 1947 998 praestari,

1072 997 1159 1037 quod
1176 997 1241 1036 ejus
1253 1005 1352 1036 opera
1369 998 1476 1028 utitur.
1492 998 1618 1029 interim
1631 1007 1692 1029 tam
1704 998 1749 1029 est
1766 1008 1944 1039 mercator,

1070 1047 1163 1077 quam
1183 1045 1293 1068 nauta:
1311 1037 1341 1069 &
1358 1037 1432 1069 ideo
1448 1039 1662 1072 exercitorem
1675 1040 1768 1071 etiam
1787 1040 1842 1081 ipsi
1859 1050 1949 1073 tene-

1070 1081 1114 1117 ri,
1135 1080 1233 1119 magis
1256 1079 1375 1119 placuit
1391 1081 1418 1111 d.
1435 1080 1453 1110 l.
1471 1089 1498 1120 7.
1514 1080 1541 1122 §.
1559 1090 1585 1111 2.
1607 1080 1671 1112 Sed
1687 1090 1836 1122 apparet,
1855 1092 1946 1115 exer-

1071 1122 1208 1152 citorem
1225 1120 1309 1160 quasi
1329 1130 1370 1152 ex
1386 1121 1546 1153 maleficio
1567 1124 1685 1153 teneri:
1708 1122 1730 1154 Γι
1748 1123 1786 1154 ab
1804 1123 1850 1155 his
1866 1133 1948 1164 quo-

1070 1172 1138 1194 rum
1149 1171 1246 1204 opera
1261 1161 1331 1193 usus
1342 1162 1395 1201 fit,
1407 1164 1556 1195 damnum
1574 1164 1684 1204 injuria
1700 1165 1808 1196 datum
1819 1164 1865 1197 fit.
1885 1174 1945 1197 nec

1071 1202 1117 1235 est
1135 1202 1369 1242 omittendum,
1392 1205 1478 1245 quod
1498 1205 1541 1236 ait
1558 1205 1673 1237 Paulus
1700 1206 1717 1237 l.
1735 1210 1762 1237 6.
1780 1207 1807 1237 h.
1825 1212 1845 1237 t.
1870 1207 1947 1240 licet

1072 1245 1167 1286 gratis
1183 1246 1400 1286 navigaveris,
1420 1247 1471 1277 vel
1486 1246 1516 1277 in
1533 1256 1678 1286 caupona
1697 1251 1792 1288 gratis
1808 1248 1948 1280 diverte-

1072 1288 1131 1325 ris,
1155 1295 1219 1317 non
1242 1294 1348 1318 tamen
1365 1287 1395 1318 in
1414 1286 1533 1319 faCkum
1549 1288 1690 1320 actiones
1705 1289 1761 1320 tibi
1779 1290 1949 1330 denegari,

1071 1328 1092 1359 fi
1109 1330 1258 1359 damnum
1275 1328 1385 1368 injuria
1401 1328 1501 1368 paffus
1519 1338 1564 1361 es.
1612 1328 1718 1361 Unum
1735 1329 1947 1370 desideratur,

1072 1378 1106 1400 ut
1123 1370 1273 1400 damnum
1289 1371 1398 1400 datum
1415 1370 1451 1401 fit
1467 1371 1496 1401 in
1515 1380 1615 1409 nave,
1641 1380 1803 1411 caupona,
1820 1381 1873 1402 aut
1893 1372 1949 1403 sta-

1064 1411 1163 1442 bulo:
1191 1420 1262 1442 nam
1279 1410 1299 1442 fi
1317 1419 1407 1442 extra
1423 1420 1554 1450 navem,
1573 1412 1649 1443 licet
1664 1422 1681 1443 a
1698 1413 1799 1445 nautis
1817 1414 1876 1444 erit
1894 1414 1946 1445 da-

1072 1461 1155 1484 tum:
1180 1452 1258 1483 nihil
1270 1456 1411 1492 pertinet
1424 1454 1460 1484 ad
1481 1453 1545 1486 hoc
1561 1453 1710 1485 Edistum
1727 1455 1753 1485 d.
1770 1454 1789 1485 l.
1808 1464 1835 1494 7.

1112 1494 1202 1525 Idem
1220 1495 1264 1524 ait
1284 1493 1405 1525 Praetor
1417 1517 1425 1532 ,
1442 1494 1461 1525 fi
1475 1495 1851 1534 exercitorpraedixerit‚
1866 1502 1902 1529 ut
1913 1504 1946 1526 u·

1072 1536 1266 1575 nusquisque
1289 1535 1455 1567 vectorum
1480 1546 1530 1568 res
1555 1535 1619 1567 suas
1646 1536 1766 1573 servet,
1790 1545 1895 1576 neque
1915 1536 1946 1568 se

1072 1576 1280 1617 praestiturum
1306 1577 1482 1617 damnum3
1510 1577 1540 1609 &
1561 1577 1708 1610 vestores
1730 1577 1946 1609 consenserint

1071 1618 1269 1658 praediilioni
1287 1618 1314 1648 d.
1330 1617 1348 1648 l.
1367 1627 1393 1658 7.

1112 1658 1278 1691 Postremo
1296 1660 1338 1689 ait
1356 1659 1495 1697 Praetor,
1522 1659 1557 1691 In
1576 1659 1695 1700 duplum
1712 1659 1850 1691 astionem
1866 1661 1946 1692 dabo.

1073 1700 1152 1732 Haec
1168 1699 1305 1731 clausula
1321 1709 1408 1731 extat
1426 1702 1455 1733 in
1472 1703 1499 1732 d.
1514 1701 1531 1732 i.
1543 1711 1571 1741 7.
1585 1701 1612 1742 ᾗ.
1632 1711 1657 1732 1.
1676 1711 1716 1733 ex
1735 1710 1835 1741 eaque
1852 1711 1948 1743 appa-

1070 1751 1136 1774 ret:
1161 1743 1248 1782 quod
1273 1742 1342 1773 haec
1363 1742 1446 1774 aCtio
1463 1742 1508 1774 est
1530 1743 1674 1782 poenalis.
1699 1750 1884 1774 nontamen
1903 1743 1948 1776 est

1069 1793 1192 1822 annua,
1216 1783 1266 1814 sed
1287 1792 1442 1824 perpetua
1467 1786 1495 1815 d.
1519 1785 1538 1815 l.
1561 1795 1588 1824 7.
1611 1784 1640 1826 §.
1659 1784 1711 1815 ult.
1729 1792 1762 1815 ut
1780 1793 1813 1815 ut
1830 1793 1946 1825 praeto-

1070 1826 1134 1857 ria:
1160 1825 1238 1856 ficut
1261 1825 1338 1856 furti
1357 1825 1515 1857 manifesti
1535 1826 1637 1864 aetio,
1662 1826 1806 1866 quamvis
1824 1836 1863 1857 ex
1880 1825 1949 1865 ipfi-

1071 1877 1105 1898 us
1125 1867 1272 1899 Praetoris
1291 1867 1509 1906 jurisdictione
1528 1866 1766 1908 proficiscatur,
1790 1876 1947 1908 perpetua

1070 1908 1124 1940 est.
1138 1915 1182 1949 pr.
1200 1906 1271 1948 Just.
1289 1911 1321 1939 ile
1332 1915 1439 1949 perpet.
1463 1908 1500 1944 &³
1518 1916 1600 1949 temp.
1618 1908 1671 1940 (ιὲἶ.
1691 1908 1802 1941 Minus
1822 1909 1948 1941 necess'e

1072 1950 1128 1989 fit,
1146 1951 1388 1990 moneri3quod
1407 1951 1476 1981 haec
1493 1952 1524 1981 in
1540 1951 1659 1982 sactum
1676 1951 1758 1982 aetio
1775 1960 1839 1981 non
1858 1951 1951 1982 datur

1072 1991 1220 2023 adversus
1238 1991 1390 2023 heredem
1410 1993 1610 2023 exercitoris.
1634 2001 1705 2023 nam
1724 1992 1755 2023 id
1772 1992 1817 2022 est
1834 1992 1946 2022 conse-

1072 2043 1172 2073 quens
1189 2041 1308 2064 naturae
1318 2033 1450 2065 astionis
1469 2034 1602 2074 poenalis
1618 2032 1703 2074 quasi
1717 2043 1757 2065 ex
1776 2033 1948 2064 maleficm.

1073 2075 1201 2107 Praeivit
1220 2083 1325 2106 tamen
1345 2075 1395 2106 vel
1413 2075 1472 2106 hac
1489 2075 1518 2106 in
1536 2083 1625 2116 parte
1641 2073 1795 2115 Ulpianus
1805 2076 1832 2104 d.
1847 2075 1865 2104 l.
1881 2084 1907 2114 7.
1919 2073 1948 2115 §.

1073 2117 1126 2148 ult.
1142 2115 1209 2147 Nifi
1225 2117 1278 2147 ille
1296 2117 1326 2148 in
1338 2116 1356 2147 l.
1371 2127 1399 2157 3.
1414 2116 1442 2158 ᾗ.
1452 2126 1481 2156 4.
1495 2115 1535 2147 D.
1554 2117 1580 2148 h.
1592 2122 1612 2147 t.
1629 2124 1742 2148 contra
1759 2115 1799 2147 sic
1815 2115 1945 2148 scribit:

1073 2157 1147 2189 Haec
1161 2164 1258 2189 autem
1274 2159 1314 2188 rei
1322 2158 1544 2199 persecutionem
1559 2159 1700 2197 continet,
1724 2163 1758 2188 ut
1776 2157 1950 2197 Pomponius

1072 2201 1134 2235 an,-
1152 2198 1188 2233 ἐξ
1205 2201 1263 2229 ideo
1281 2198 1316 2233 ἐξ
1332 2201 1364 2230 in
1380 2200 1526 2238 heredem,
1540 2199 1576 2234 ὅ*
1589 2205 1725 2240 perpetuo
1741 2199 1865 2230 dabitur.
1886 2198 1950 2231 Sed

1071 2241 1138 2272 noli
1155 2240 1286 2271 miscere
1303 2250 1373 2280 quae
1391 2240 1504 2272 distant
1523 2248 1597 2272 toto
1613 2241 1710 2272 coelo.
1736 2249 1807 2272 nam
1824 2241 1854 2271 in
1873 2242 1900 2271 d.
1918 2240 1946 2282 §.

1071 2292 1099 2321 4.
1116 2283 1154 2313 ab
1175 2281 1316 2322 Ulpiano
1337 2292 1402 2314 non
1421 2284 1595 2322 exponitur
1615 2282 1698 2314 aftio
1717 2283 1746 2313 in
1764 2281 1883 2313 factum
1904 2284 1945 2313 de

1072 2326 1190 2355 damno
1214 2324 1324 2364 injuria
1349 2325 1425 2356 dato
1448 2324 1481 2355 in
1506 2333 1606 2362 nave,
1630 2333 1795 2364 caupona,
1818 2331 1872 2354 aut
1889 2323 1946 2354 sta-

1070 2366 1168 2404 bulo;
1192 2365 1232 2397 de
1248 2375 1310 2405 qua
1327 2367 1430 2407 agitur
1448 2365 1478 2397 in
1505 2367 1532 2397 d.
1550 2365 1568 2396 l.
1585 2365 1636 2396 ult.
1654 2365 1682 2406 ᾗ,
1705 2365 1757 2396 ult.
1786 2364 1838 2395 sed
1862 2365 1946 2396 aCtio

1071 2407 1102 2438 in
1120 2406 1238 2439 facturn
1258 2408 1297 2438 de
1315 2415 1449 2448 recepto
1467 2416 1484 2438 a
1502 2415 1617 2446 nauta,
1633 2415 1799 2446 caupone,
1817 2415 1870 2437 aut
1887 2406 1944 2438 sta-

1070 2449 1214 2480 bulario:
1238 2458 1307 2488 quae
1326 2458 1391 2480 non
1409 2448 1454 2480 est
1472 2447 1556 2487 quasi
1573 2458 1612 2479 ex
1630 2448 1808 2485 maleficio,
1833 2447 1886 2479 sed
1904 2457 1947 2480 ex

1071 2490 1311 2521 conventione:
1328 2499 1389 2521 nec
1398 2490 1531 2530 poenalis
1546 2489 1577 2520 in
1594 2489 1744 2529 duplum,
1756 2488 1808 2521 sed
1824 2490 1867 2520 rei
1881 2498 1948 2530 pet-

1071 2531 1239 2562 secutoria.
1283 2530 1361 2563 Non
1386 2541 1467 2572 opus
1483 2531 1607 2562 verbis:
1630 2530 1693 2562 huc
1709 2531 1797 2562 ducit
1816 2531 1947 2563 varietas

1073 2573 1319 2613 Inscriptionum
1342 2573 1506 2612 utriusque
1530 2572 1661 2613 capitis,
1688 2581 1781 2612 quam
1808 2573 1947 2604 indicavi

1072 2614 1168 2655 paulo
1186 2623 1280 2653 ante,
1304 2614 1334 2645 &
1349 2614 1499 2647 annotavi
1515 2614 1638 2656 pridem
1657 2615 1740 2647 lim.
1755 2613 1874 2655 observ.
1884 2624 1907 2646 c.
1916 2622 1947 2651 9.

1872 3275 1938 3310 DI·
