2036 3495
289 80 351 115 An
378 78 466 113 Lis.
504 72 634 111 xvm.
662 72 764 110 Trr.
797 71 846 108 V.
875 68 925 106 De
941 67 1137 115 rescindenda
1158 72 1347 118 venditione,
1372 72 1415 116 ἐπ”
1430 77 1546 122 quando
1563 74 1631 118 &a

67 171 161 212 quale
186 169 230 202 est
255 178 295 200 ex
318 175 429 208 empto
454 166 550 205 actio,
579 161 790 209 exceptiones
813 161 935 208 insunt,

66 213 207 253 ideoque
229 213 426 250 emptionem
454 207 520 249 ipso
548 202 814 251 jure-infirmant.
864 204 935 249 Sic3

66 254 215 296 quamdiu
240 261 289 284 res
313 251 358 282 est
380 251 511 291 integra.
534 256 598 279 non
621 245 705 276 idem
723 244 784 283 est3
808 244 829 276 fi
847 244 935 290 desiit

64 295 128 328 ess'e
152 295 239 332 talis,
264 291 350 324 forte
380 293 482 332 pretio
509 288 612 321 soluto
629 307 638 325 ‚
669 294 722 316 aut
747 296 780 317 re
805 287 932 317 tradita:

63 338 119 370 nili
138 336 221 368 acius
240 342 370 375 quoque
388 333 485 373 priori
503 329 606 362 similis
629 335 717 358 retro
742 337 840 373 agens
858 337 931 358 ven·

64 377 218 410 ditionem
239 399 249 414 ‚
281 373 488 406 intercesserit
508 372 527 402 l.
549 380 574 401 i.
603 368 637 400 C.
662 367 783 411 Quand.
819 367 868 399 lic.
896 368 932 399 ab

65 428 107 452 em
129 425 150 450 t.
169 418 256 449 reced.
275 415 294 447 l.
312 421 362 457 58.
380 414 420 446 D.
436 411 552 452 depost.
571 411 589 442 l.
601 420 636 455 ⁶2.
654 411 695 442 1).
713 411 746 456 cie
763 412 830 454 rese.
843 410 930 445 vend.

103 426 212 491 &otest
229 457 322 500 igitur
344 455 464 496 emptio
488 453 632 484 venditio
654 451 786 483 rescindi
805 460 932 482 contra-

64 501 113 535 rio
130 501 285 541 emptoris
301 498 330 529 ἅ
346 494 519 528 venditoris
535 492 697 525 consensu.
723 503 759 524 an
783 502 879 524 etiam
897 492 931 523 si-

62 552 106 574 nc
121 542 187 573 eo?
211 539 331 581 potest:
363 537 382 569 fi
406 536 615 568 intervenerit
641 535 733 566 dolus
749 558 758 572 ‚
790 541 841 564 aut
869 543 930 564 me-

63 592 133 621 tus,
163 589 217 613 aut
245 588 342 612 error.
373 586 439 610 tum
466 578 548 608 enim
578 576 779 608 conti-actum
805 575 928 613 valere,

59 624 145 656 bona
168 623 246 655 fides
269 629 334 651 non
360 619 488 660 patitur.
534 618 596 650 Sed
620 619 659 649 de
687 618 760 648 dolo
785 617 814 647 ὅ(
842 623 929 647 metu

62 666 137 706 quia
152 673 190 695 ex
208 660 348 703 professo
366 661 414 701 egi
433 661 480 691 lib.
493 659 573 701 sing.
594 658 638 690 De
650 660 738 698 form.
749 660 856 689 emend.
874 658 927 688 (tol.

60 707 127 739 mal.
143 704 252 737 licebit
268 701 344 735 mibi
360 703 391 733 in
408 702 570 742 praesentia
588 699 782 742 supervacuo
802 708 930 740 parcere

56 745 168 782 labori.
209 744 262 776 De
285 753 395 776 errore
419 753 515 781 vero,
539 751 574 773 ut
591 751 640 773 res
659 751 817 779 merctur,
841 749 929 771 cura-

56 787 121 820 'tius
145 785 328 826 disputabo.
370 784 523 817 Errorem
546 783 708 815 consensui
731 782 793 828 effe
817 784 927 813 adver-

56 827 122 861 sum
134 852 143 868 ,
165 837 276 859 omnes
293 826 378 859 reste
395 826 535 858 censent.
560 825 679 856 constat
697 834 779 856 enim
797 822 927 854 consen-

56 864 106 903 sus
125 879 165 901 ex
185 869 329 906 duobus,
353 877 429 908 puta
453 878 493 898 ex
521 866 682 899 intelltCtu
700 867 728 898 ἂ
746 866 926 896 voluntate:

55 921 93 944 ac
109 911 186 942 ficut
206 910 404 941 voluntatem
423 909 469 942 vis
485 910 514 941 ἃ
534 916 652 945 metus,
670 908 711 939 ita
730 906 927 953 intellectum

55 963 147 985 error
171 951 328 983 excludit:
352 952 540 990 imperitiam
562 951 725 990 detegens.
752 949 810 993 hac
834 954 929 988 igitur

56 993 182 1027 ratione
199 991 368 1033 Ulpianus,
393 1002 457 1023 non
478 991 573 1023 videri
591 990 711 1032 inquit,
736 1000 788 1029 qui
805 996 927 1027 errant,

59 1034 239 1067 consentire
254 1035 272 1065 l.
293 1038 358 1066 116v
378 1033 415 1065 D.
434 1035 467 1064 de
483 1034 615 1074 reg.jur.
657 1032 816 1063 Caeterum
840 1039 929 1061 error

59 1077 104 1108 est
115 1078 230 1107 alitism
242 1076 521 1116 corpore‚aliusin
540 1073 771 1111 nomine,alius
789 1075 819 1102 in
838 1072 926 1117 sexu,

58 1117 177 1150 aliusin
188 1117 431 1157 qualitate‚alius
441 1116 470 1146 in
483 1117 595 1156 pretio.
606 1116 756 1156 Ulpianus
768 1113 808 1146 fic
817 1122 859 1144 ait
871 1114 887 1143 l.
900 1123 930 1149 9.

55 1160 108 1192 D.
134 1161 167 1190 de
189 1160 316 1190 contrat).
340 1164 406 1189 emt.
454 1158 523 1188 Sive
547 1159 577 1187 in
594 1158 654 1197 ipsa
671 1158 809 1197 emptione
827 1154 926 1194 diffen-

57 1201 148 1238 tiene,
166 1198 230 1238 five
245 1202 274 1230 in
287 1201 397 1240 pretio,
415 1198 524 1237 sivein
542 1208 597 1239 quo
613 1198 667 1229 alio
679 1221 687 1235 ,
710 1199 810 1237 emptio
829 1198 928 1243 imper-

50 1241 136 1282 febta
151 1240 200 1281 est.
226 1239 392 1272 Generalis
414 1239 457 1272 est
475 1241 498 1272 is
518 1239 636 1271 sermo:
661 1239 730 1270 Sive
747 1241 777 1269 in
794 1248 847 1280 quo
865 1238 930 1282 cil-zo.

57 1281 251 1315 Ciceronem
269 1283 338 1313 audi
358 1283 489 1322 Agraria
508 1290 551 1312 11.
568 1291 591 1312 c.
613 1290 657 1320 15.
678 1287 711 1320 p.
728 1289 796 1319 441.
820 1280 857 1309 nd
870 1278 928 1318 fin.

57 1323 195 1363 Longum
210 1324 331 1363 putavit
349 1322 385 1357 ἃ
402 1323 519 1361 timuit,
543 1331 577 1352 ne
593 1322 663 1362 quid
681 1322 857 1361 praeteri'ret:
879 1321 928 1350 ad-

49 1363 185 1406 scripsit,
211 1364 347 1395 Aliudve
374 1364 459 1403 quid.
494 1373 552 1404 qua
576 1364 715 1394 brevitate
736 1372 794 1392 reni
817 1361 929 1392 nullam

57 1406 107 1447 effe
124 1412 267 1446 exceptam
291 1406 405 1436 videtis.
450 1404 510 1435 Sed
529 1414 594 1435 rem
616 1402 787 1434 videamus.
833 1401 929 1433 Error

55 1448 174 1489 primus
202 1447 286 1477 cadit
310 1447 343 1477 in
369 1454 504 1485 corpus:
528 1454 578 1484 ut,
602 1444 622 1477 fi
647 1454 708 1489 ego
725 1454 775 1475 me
794 1443 927 1475 fundum

58 1498 166 1520 emere
190 1495 270 1528 puto
296 1486 542 1524 Cornelianum,
568 1494 601 1516 tu
626 1487 702 1516 mihi
729 1494 761 1516 te
788 1486 929 1516 vendere

58 1528 319 1570 Sempronianum
347 1527 478 1568 putasti:
500 1536 565 1559 tum
591 1537 669 1558 vero
696 1525 836 1566 Ulpiano
861 1527 881 1559 l.
898 1535 928 1563 9.

58 1570 86 1602 b.
104 1577 125 1601 t.
149 1570 232 1602 nulla
255 1569 381 1601 videtur
403 1569 540 1608 emptio,
566 1568 646 1608 quasi
672 1567 856 1606 imper-fieta
876 1567 930 1606 iit,

61 1611 116 1642 ubi
135 1616 283 1650 apparet,
308 1609 532 1640 contrahentes
558 1619 620 1640 non
643 1610 822 1640 consentire
842 1608 880 1639 de
897 1618 929 1640 re

61 1661 131 1692 quae
151 1651 316 1682 venditur.-
339 1656 373 1682 ηε
399 1650 565 1682 substancia
588 1650 759 1689 emptionis
786 1650 928 1690 postulat.

58 1693 171 1724 Altera
187 1691 336 1732 inspectio
361 1691 422 1729 est,
446 1691 466 1724 fi
495 1692 523 1723 in
542 1693 670 1723 nomine
687 1700 808 1723 eri-etur
825 1716 834 1730 ,
857 1701 929 1723 curn

58 1734 102 1766 de
119 1742 258 1774 corpore
276 1733 409 1763 constat.
426 1733 477 1764 hic
495 1743 570 1765 vei-o
590 1732 683 1773 magis
701 1732 762 1765 effe
780 1733 930 1773 Ulpianus

57 1782 170 1816 putat,
193 1782 228 1806 ut
245 1773 367 1815 emptio
387 1775 488 1806 valeat
509 1776 536 1806 d.
553 1776 570 1806 l.
589 1785 616 1811 9.
633 1774 660 1816 §.
679 1784 705 1806 i.
730 1783 790 1805 nec
809 1774 870 1806 line
886 1784 927 1805 ra-

59 1815 168 1848 tione:
192 1822 318 1856 reperta
341 1815 423 1847 enirn
445 1815 513 1846 sunt
543 1816 670 1847 nomina
695 1816 796 1847 rei-iim
823 1815 933 1856 signifi-

59 1857 231 1889 candarum
251 1858 365 1898 gratia:
392 1867 460 1897 quae
482 1857 500 1888 fi
526 1858 587 1888 alio
606 1858 752 1896 quolibet
771 1859 870 1889 modo
887 1858 930 1889 in-

63 1899 265 1938 telligantur,
290 1897 366 1929 nihil
384 1898 480 1930 refert
498 1898 516 1939 §
545 1909 583 1935 29
613 1898 683 1938 Inst.
700 1901 733 1929 de
750 1900 834 1940 legat.

105 1939 277 1971 Difficilior
302 1939 347 1970 est
372 1941 463 1970 tertia
482 1938 609 1979 Ulpiani
629 1939 832 1979 deliberatio,
855 1940 932 1978 quid

59 1980 134 2022 iuris
154 1980 208 2012 fit:
229 1980 249 2011 fi
273 1989 334 2011 non
360 1981 390 2012 in
416 1981 481 2019 ipso
499 1990 652 2021 corpore,
681 1982 730 2013 l'ed
751 1992 781 2013 in
800 1981 932 2013 substan-

58 2023 120 2060 tia,
144 2021 215 2059 vel,
238 2022 325 2060 quod
351 2022 455 2060 idem,
479 2021 508 2053 in
531 2024 704 2062 qualitate,
728 2023 778 2054 stu
804 2024 932 2054 materia

58 2063 167 2104 (fimili
186 2063 268 2094 enim
287 2064 386 2094 modo
408 2064 475 2094 haec
493 2065 692 2104 accipiuntur
716 2064 725 2095 l
755 2074 774 2101 9
801 2064 820 2106 §
849 2075 876 2095 2.
896 2063 932 2100 &⁹

55 2104 79 2135 1.
108 2113 155 2143 14.
183 2104 227 2134 D.
251 2105 284 2134 de
309 2105 428 2135 control>
461 2108 558 2145 enit.)
584 2104 618 2137 fit
649 2115 796 2138 erratum.
830 2116 932 2146 pone:

57 2153 188 2176 acetum
206 2153 263 2184 pro
282 2146 356 2176 vino
373 2147 536 2178 venditum
549 2170 558 2184 ‚
582 2157 623 2178 aes
640 2156 698 2187 pro
716 2157 808 2186 auro,
834 2148 933 2188 plum-

58 2186 135 2218 bum
156 2195 214 2225 pro
231 2195 379 2227 argento,
404 2188 452 2217 vel
471 2188 546 2228 quid
564 2189 647 2219 aliud
666 2198 800 2230 argento
818 2189 932 2221 simile?

59 2226 102 2259 ait
119 2226 294 2268 Ulpianus,
321 2228 509 2260 Marcellum
535 2228 669 2261 scribere
690 2253 700 2269 ‚
730 2231 930 2271 emptionem

58 2269 89 2300 ἂ
111 2267 330 2300 venditionem
350 2268 427 2300 effe:
451 2270 479 2301 ἃ
497 2270 633 2308 causari,
658 2272 744 2309 quod
766 2271 874 2311 utique
900 2272 931 2302 in

58 2319 173 2352 corpus
189 2308 372 2341 consensum
398 2309 462 2350 est3
484 2311 536 2342 etsi
562 2310 706 2343 admiss'us
730 2321 819 2343 error
842 2311 876 2343 fit
900 2313 931 2343 in

55 2352 189 2383 materia
208 2373 216 2387 ‚
249 2351 280 2382 id
312 2351 355 2383 est
374 2374 383 2390 ‚
414 2353 444 2382 in
476 2352 645 2390 qualitate,
675 2353 726 2383 seu
756 2352 932 2384 substantia.

55 2392 163 2432 Atque
182 2390 245 2432 ipse
262 2392 291 2423 in
310 2392 384 2423 vino
406 2393 585 2432 consentit3
608 2393 627 2425 fi
650 2394 749 2425 modo
777 2393 884 2426 vinum
902 2404 929 2425 a·

57 2435 134 2464 cuit.
158 2434 185 2464 &
210 2441 268 2473 pro
295 2434 418 2465 ratione
442 2433 581 2475 subjicit3
605 2434 676 2475 quia
702 2435 812 2466 eadem
832 2444 933 2475 prope

61 2473 107 2505 est
130 2474 213 2512 ἐσίω,
238 2475 270 2505 id
292 2475 355 2513 est,
381 2474 557 2507 substantia.
591 2476 709 2514 sensuS,
734 2483 859 2508 acetum
882 2477 932 2508 ali·

60 2515 138 2552 quid
155 2524 194 2546 ex
212 2515 284 2546 vino
300 2517 459 2554 retinere,
483 2515 503 2548 fi
522 2518 628 2549 vinum
647 2518 748 2548 acuit:
768 2526 932 2555 caeterum,

62 2554 85 2587 fi
102 2564 161 2586 non
181 2556 283 2595 acuit,
306 2556 358 2588 sed
381 2558 420 2589 ab
446 2557 537 2589 initio
568 2568 693 2590 acetum
713 2558 791 2596 fuit,
815 2567 848 2589 ut
869 2568 919 2589 em

62 2596 207 2634 bamma,
231 2596 262 2627 id
278 2596 339 2635 est,
362 2597 529 2637 intinctus,
548 2600 631 2631 aliud
651 2610 709 2640 pro
726 2601 787 2631 alio
807 2600 932 2631 venisse.

61 2636 92 2668 in
124 2637 266 2674 caeteslss
296 2638 327 2669 id
351 2639 394 2671 est
412 2663 421 2678 ,
451 2650 522 2672 cum
549 2651 589 2672 aes
617 2651 673 2682 pro
695 2651 790 2681 auro,
822 2643 930 2678 venit,

57 2678 245 2718 plumbum,
269 2677 330 2709 slve
354 2679 510 2719 stannum,
536 2691 595 2723 pro
625 2690 759 2723 argento
780 2706 789 2721 ,
814 2684 931 2714 nullam

62 2718 125 2750 esse
149 2719 386 2759 venditionem,
417 2724 567 2762 quotiens
591 2723 621 2755 in
647 2724 776 2755 materia
801 2733 930 2755 erratur.

61 2760 115 2791 Sic
129 2759 282 2800 Ulpianus
300 2760 331 2805 iii
350 2762 378 2792 cI.
395 2761 415 2792 l.
432 2771 459 2798 9.
478 2763 505 2804 §.
527 2774 554 2794 2.
576 2765 671 2804 idque
688 2766 716 2797 in
734 2766 751 2796 l.
772 2775 815 2797 11.
840 2766 932 2805 (quae

62 2800 108 2833 est
125 2810 165 2832 ex
181 2801 295 2832 eodem
313 2801 394 2832 libio
412 2807 459 2837 28.
507 2805 551 2836 Ad
568 2806 715 2837 Sabinum
739 2816 779 2837 ex
799 2817 863 2846 quo
887 2809 931 2837 eit

61 2845 89 2875 d.
106 2843 125 2872 l·
141 2851 171 2879 9-
196 2843 333 2881 ideoque
356 2844 383 2873 ei
407 2843 591 2886 jungenda)
622 2848 755 2888 exponit
781 2848 932 2885 exemplo

62 2884 128 2916 hoe
144 2882 376 2923 pulcherrimo:
401 2883 518 2917 Coecus
542 2890 617 2920 emit
635 2900 700 2921 rem
721 2899 789 2929 quae
807 2890 920 2920 diceba

61 2932 112 2957 tui·
134 2933 236 2955 aurea.
267 2933 303 2955 ea
324 2927 479 2965 reperitur
501 2937 596 2959 aenea.
628 2931 670 2962 ita
696 2930 859 2962 venditum
888 2929 933 2961 cst

59 2974 178 3004 corpus
196 2973 335 2997 certum:
360 2966 410 2997 sed
430 2968 459 2998 in
479 2972 607 3001 materia
625 2980 772 3003 erratum
791 2982 827 3003 an
846 2971 931 3003 valet

60 3006 209 3047 emptio?
233 3015 326 3046 negat
352 3008 512 3048 Ulpianus.
558 3012 653 3048 Atqui
681 3013 864 3044 consensum
888 3012 933 3043 est

59 3048 91 3080 in
109 3057 234 3087 corpus.
260 3047 386 3088 Nempe
405 3049 458 3080 sub
476 3051 711 3092 conditionem
731 3055 766 3085 fit
783 3064 932 3092 aiii-euim

58 3095 95 3121 ut
111 3099 174 3128 prae
199 3088 230 3120 se
254 3088 378 3121 ferebat
395 3093 553 3125 venditor.
576 3093 666 3125 aliter
684 3104 747 3126 non
774 3095 933 3126 consentit

59 3139 167 3162 coecus
193 3131 245 3170 qui
270 3141 332 3162 non
355 3132 450 3163 videt.
475 3133 585 3174 utique
611 3145 748 3176 corpuS‚
774 3139 860 3175 quod
879 3145 929 3167 vo-

56 3171 135 3211 luit,
158 3181 222 3205 non
238 3171 283 3205 cst
298 3182 446 3214 aureuin3
467 3174 518 3208 sed
535 3175 579 3209 est
600 3186 744 3217 aeneum,
769 3179 858 3218 quod
872 3187 927 3212 no*

1787 90 1856 127 319

979 158 1061 191 luit:
1092 159 1264 208 deficiente
1289 165 1479 198 conditione
1498 168 1533 199 -in
1558 177 1650 208 quam
1677 167 1852 208 consensit,

979 210 1042 231 non
1060 201 1105 248 est
1122 211 1254 249 emptio.
1284 206 1377 250 ‘Hoc
1404 210 1434 239 in
1459 218 1553 240 coeco
1570 209 1780 241 manifestum.
1825 210 1853 242 1-

979 242 1052 287 dem
1078 252 1107 273 in
1126 253 1165 274 eo
1182 254 1235 284 qui
1260 252 1347 279 videt
1372 251 1518 290 quidem,
1542 251 1593 282 sed
1619 251 1663 282 est
1682 252 1849 291 imperitus

979 282 1255 317 discernendarum
1289 290 1501 323 materiarum.
1533 301 1604 324 tiam
1638 301 1698 324 nec
1734 293 1788 323 ille
1817 292 1849 324 in

977 332 1093 363 corpus
1110 326 1344 371 quoda-uicum
1362 332 1497 370 dicitur,
1519 336 1698 374 contentit3
1722 334 1775 365 nisi
1795 333 1849 365 sub

977 368 1090 396 eadem
1113 369 1320 407 conditione,
1346 371 1366 402 si
1390 372 1425 403 fit
1447 384 1592 407 aureum:
1623 375 1713 416 quia,
1745 383 1779 406 ut
1805 375 1850 406 vi-

976 406 1049 436 deat
1066 415 1184 448 corpus
1205 410 1268 440 auri
1286 411 1429 444 colorem
1455 415 1595 455 haben33
1620 426 1724 449 utrum
1743 424 1851 448 tamen

975 456 1104 479 aureum
1134 449 1186 488 sit,
1218 459 1410 496 an0aeneum
1427 477 1436 492 ,
1469 465 1530 487 non
1556 457 1655 499 magis
1679 457 1848 497 discernit,

975 496 1071 528 quam
1095 498 1200 521 coecus
1225 501 1278 531 qui
1302 503 1364 525 non
1388 497 1485 528 videt.
1534 498 1586 529 Est
1612 509 1688 530 vero
1715 500 1764 531 vel
1785 500 1847 530 hoc

974 530 1080 569 (quod
1108 530 1221 578 Paulus
1245 534 1393 567 observat
1416 538 1445 567 in
1470 538 1489 568 l.
1513 541 1576 576 10.)
1599 540 1641 571 sic
1667 549 1848 581 temperan-

975 573 1071 610 dum,
1095 570 1162 604 Nili
1182 583 1310 606 aureum
1337 579 1465 617 quidem
1491 578 1606 612 suerit:
1632 582 1772 613 deterius
1795 591 1849 613 au-

974 620 1058 651 tem,
1083 623 1177 658 quam
1193 625 1321 656 emptor
1335 619 1536 651 existimaret.
1561 623 1659 661 cedo,
1684 632 1778 662 quam
1803 623 1848 655 ob

972 654 1064 686 rem?
1088 664 1160 694 quia
1183 657 1237 696 (ut
1253 661 1374 698 optime
1392 662 1543 701 Ulpianus
1560 663 1578 694 l.
1600 672 1645 702 14.
1666 673 1734 704 quae
1752 665 1849 697 etiam

972 695 1019 742 est
1033 705 1072 727 ex
1093 697 1144 744 ¹.¹b‘
1163 702 1210 743 2⁸3.
1236 699 1286 731 Ad
1305 700 1474 744 Sabinum)
1498 704 1594 735 babet
1618 705 1682 735 auri
1710 706 1847 743 aliquid:

972 742 1070 785 idque
1089 737 1228 784 luffiCit3
1252 750 1285 772 ut
1303 752 1366 774 non
1391 743 1421 775 in
1441 754 1555 784 corpus
1573 753 1716 786 tantum,
1740 748 1790 778 sed
1815 748 1849 779 in

971 778 1172 823 iubilantiam
1190 790 1339 823 quoque,
1364 787 1547 819 consensum
1566 795 1707 828 putetur.
1752 787 1849 820 vaiet

970 828 1066 860 igitur
1085 829 1159 851 tunc
1177 832 1310 862 emptio.

1016 861 1090 892 Mea
1108 871 1189 892 ratio
1208 864 1252 895 est
1267 889 1276 903 ,
1301 865 1385 899 idem
1405 867 1511 900 dicere
1528 869 1568 901 de
1586 879 1695 901 errore
1708 869 1740 901 in
1761 868 1848 903 sexu,

973 901 1076 933 Ecce:
1100 902 1170 945 Ego
1201 907 1307 937 vendo
1331 908 1388 939 tibi
1413 912 1590 942 mulierem.
1618 919 1651 942 tu
1679 920 1789 952 putas,
1814 921 1847 943 te

972 953 1078 989 emere
1100 953 1241 991 puerum.
1267 957 1304 979 an
1324 950 1368 980 est
1388 952 1569 983 consensum
1589 952 1619 984 in
1637 962 1755 992 corpus
1773 962 1849 984 ven·

972 986 1097 1032 ditum?
1121 995 1208 1027 atqui
1231 989 1308 1021 alius
1333 990 1377 1022 est
1404 1001 1501 1032 puer,
1529 995 1587 1025 alia
1616 995 1754 1026 mulier:
1786 1003 1848 1026 nec

970 1027 1136 1073 mulierem
1161 1030 1314 1070 cogitavit
1338 1040 1487 1072 emptor,
1513 1034 1562 1065 l'etl
1587 1044 1729 1075 puerum.
1762 1036 1848 1067 nulla

974 1071 1067 1111 igitur
1080 1068 1125 1100 est
1140 1079 1262 1110 emptio
1280 1072 1310 1103 ἀ
1331 1077 1488 1106 venditio:
1512 1077 1540 1106 in
1560 1087 1619 1115 qua
1637 1087 1700 1108 non
1722 1077 1765 1108 est
1784 1087 1848 1109 ma-

972 1120 1019 1152 gis
1045 1110 1236 1156 consensum
1269 1123 1362 1153 quam
1390 1115 1408 1147 fi
1434 1119 1566 1148 omnino
1591 1117 1626 1148 fit
1649 1127 1786 1149 erratum
1814 1119 1847 1150 in

974 1161 1113 1197 materia.
1138 1153 1230 1193 quid,
1257 1155 1274 1185 fl
1302 1166 1364 1198 ego
1391 1167 1554 1195 nutarem,
1579 1168 1630 1189 me
1654 1169 1761 1191 emere
1789 1161 1850 1191 vir-

972 1203 1096 1234 ginem,
1128 1203 1200 1226 cum
1232 1196 1309 1227 esset
1332 1199 1444 1229 mulier
1462 1199 1479 1230 ?
1506 1200 1567 1239 jam
1594 1201 1677 1231 valet
1710 1202 1847 1241 empiiO.

973 1245 1039 1275 quo
1061 1238 1274 1276 argumento?
1298 1239 1370 1278 quia
1399 1249 1462 1270 iion
1480 1242 1524 1271 eit
1542 1251 1678 1273 erratum
1701 1241 1730 1273 in
1751 1244 1846 1274 scitu:

975 1278 1038 1308 hoc
1062 1277 1130 1315 est,
1161 1279 1234 1318 quia
1259 1289 1321 1311 non
1353 1280 1399 1312 est
1423 1283 1557 1312 omnino
1586 1291 1733 1315 erratum.
1776 1283 1850 1315 Ain'

975 1319 1078 1350 vero?
1110 1319 1129 1350 fi
1155 1329 1263 1356 vacam
1287 1331 1353 1352 rem
1376 1322 1609 1355 confideremus
1625 1347 1634 1361 ,
1664 1324 1752 1355 simul
1783 1325 1848 1357 vim

974 1359 1123 1391 vocabuli
1139 1370 1204 1400 quo
1220 1363 1260 1392 de
1278 1364 1388 1404 agitur.
1438 1363 1585 1406 Virgines
1611 1366 1694 1403 apud
1716 1365 1847 1398 Latinos

973 1403 1121 1433 dicuntur
1137 1404 1302 1435 mulieres:
1330 1405 1358 1436 ἂ
1382 1406 1453 1437 vice
1470 1406 1557 1438 versa
1576 1407 1722 1439 mulieres
1740 1407 1849 1439 dicun-

973 1450 1024 1474 tui·
1046 1443 1208 1482 virgines:
1240 1445 1299 1476 illae
1326 1447 1458 1487 integi-ae
1475 1470 1485 1485 ,
1518 1447 1565 1478 hae
1585 1457 1754 1489 corruptae.
1787 1449 1849 1480 hac

971 1486 1094 1516 ratione
1121 1485 1204 1516 valet
1230 1488 1352 1526 emptio
1376 1486 1520 1527 stupratae
1546 1489 1676 1529 virginis
1692 1498 1762 1529 quae
1781 1498 1850 1522 cre·

973 1527 1057 1556 ditur
1081 1525 1228 1567 integra:
1268 1529 1339 1568 quia
1365 1537 1399 1559 ut
1425 1529 1533 1560 vitiata
1561 1529 1597 1561 fit
1624 1530 1654 1562 ἀ
1685 1530 1850 1571 deterior,

974 1576 1085 1606 utique
1108 1568 1152 1599 est
1178 1569 1309 1607 mulier,
1334 1570 1363 1600 ὅ(
1386 1578 1420 1601 ut
1448 1571 1532 1608 dixi,
1565 1571 1674 1612 virgo:
1698 1573 1851 1611 quc-mad-

972 1610 1106 1641 modum
1131 1609 1248 1641 diCtuin
1274 1611 1313 1641 de
1337 1620 1412 1642 auro
1436 1612 1465 1643 in
1492 1621 1556 1652 quo
1574 1621 1614 1643 aes
1639 1611 1684 1644 fit.
1730 1612 1849 1645 Firma-

974 1658 1115 1681 mentum
1145 1652 1191 1681 his
1216 1651 1328 1690 accipe
1354 1662 1369 1682 a
1387 1651 1610 1692 Tertulliano,
1636 1653 1682 1684 De
1706 1655 1850 1695 virginib.

972 1692 1087 1722 velana.
1104 1702 1127 1723 c.
1146 1703 1172 1732 5.
1217 1692 1322 1724 Verba
1338 1692 1538 1726 Tertulliani.
1584 1696 1638 1726 Seii
1653 1697 1790 1737 quoniam
1806 1698 1851 1729 ita

973 1734 1101 1764 mulieris
1124 1743 1223 1764 nomen
1249 1735 1410 1775 usurpant,
1435 1743 1467 1767 ut
1490 1746 1546 1767 non
1567 1743 1670 1776 putent
1697 1745 1849 1778 competere

976 1775 1067 1812 illuct,
1093 1773 1148 1813 nisi
1168 1777 1276 1816 eisoli,
1300 1787 1362 1818 quae
1383 1779 1483 1814 virum
1504 1778 1584 1818 paffa
1600 1777 1661 1816 fit,
1690 1781 1807 1819 probari
1829 1789 1851 1812 a

975 1817 1055 1846 nohis
1079 1822 1206 1857 oportet,
1230 1821 1427 1857 proprietatem
1450 1820 1510 1861 ejus
1540 1821 1674 1851 vocabuli
1697 1821 1734 1851 ud
1748 1826 1850 1856 sexum

975 1858 1081 1898 ipsum.
1108 1868 1165 1889 non
1182 1860 1218 1889 ad
1231 1861 1358 1899 gradum
1367 1864 1458 1900 sexus
1472 1863 1614 1901 pertinere
1626 1885 1633 1899 ‚
1653 1871 1708 1903 quo
1727 1871 1852 1893 commu-

975 1901 1051 1930 niter
1067 1901 1153 1930 etiam
1168 1900 1296 1941 virgines
1313 1909 1469 1934 censentur.
1497 1902 1562 1942 lpse
1585 1902 1735 1943 ulpianus
1753 1905 1771 1935 l.
1797 1914 1852 1944 25.

975 1940 1002 1982 §.
1037 1951 1065 1977 9.
1102 1940 1142 1972 D.
1167 1945 1200 1971 tle
1225 1953 1289 1972 aur.
1317 1950 1427 1984 argent.
1475 1944 1616 1975 Mulieres
1648 1954 1739 1975 omnes
1773 1947 1850 1985 clici,

975 1992 1158 2024 quoecwisque
1176 1982 1259 2017 flexus
1274 1982 1426 2024 foeminini
1441 1986 1520 2021 sunt.
1565 1986 1714 2017 Similiter
1741 1987 1850 2019 Cellas

975 2025 994 2054 l.
1014 2029 1061 2058 81.
1087 2024 1113 2064 §.
1139 2032 1163 2055 1.
1193 2024 1230 2055 D.
1252 2027 1284 2055 de
1307 2026 1407 2067 legatis
1431 2027 1478 2057 lib.
1497 2037 1515 2067 53
1571 2027 1751 2059 lllulierilnis
1774 2029 1851 2070 lega-

977 2066 1013 2095 tis
1030 2088 1038 2102 ,
1070 2067 1158 2097 etiaim
1180 2068 1309 2106 virgines
1335 2070 1498 2098 debentur:
1522 2067 1600 2105 ficut
1624 2071 1696 2100 viris
1721 2071 1849 2110 legatis,

975 2107 1062 2137 etiam
1083 2114 1188 2147 pueros
1210 2109 1302 2140 deberi
1325 2112 1506 2148 respondetur
1556 2109 1624 2141 Sic:
1655 2109 1674 2141 fi
1702 2114 1852 2143 venditor

976 2147 1126 2185 nescivit,
1155 2149 1297 2181 vitiatam
1329 2150 1391 2181 effe
1416 2152 1581 2189 virginem.
1613 2161 1664 2189 at,
1697 2151 1716 2183 ii
1739 2152 1850 2191 scivit3

977 2189 1067 2220 dolus
1084 2189 1145 2220 est:
1171 2199 1302 2230 propter
1319 2200 1413 2230 quern
1433 2191 1588 2233 Ulpianus
1607 2193 1625 2223 l.
1650 2202 1677 2223 ii
1710 2193 1728 2234 §
1753 2205 1782 2234 5.
1809 2193 1851 2226 D.

977 2232 1010 2261 de
1032 2230 1088 2261 ati.
1115 2238 1199 2272 empt.
1222 2232 1282 2271 ait,
1315 2234 1363 2274 agi
1386 2233 1493 2274 polle,
1524 2243 1558 2264 ut
1580 2236 1763 2267 conti-acius
1791 2236 1851 2268 dis·

975 2270 1120 2305 solvatur.

1017 2312 1098 2344 Vera
1116 2312 1184 2344 sunt
1208 2323 1276 2354 quae
1303 2314 1366 2346 dixi
1387 2316 1510 2346 omnia:
1535 2315 1587 2348 sed
1612 2315 1642 2348 in
1660 2316 1756 2349 varias
1772 2318 1851 2352 inci-

976 2354 1054 2385 dunt
1089 2354 1293 2388 difficultates
1314 2380 1323 2394 ‚
1360 2357 1411 2387 hic
1447 2357 1576 2388 minime
1608 2359 1849 2393 diffimulandas.

978 2395 1113 2427 Primam
1142 2405 1251 2427 movet
1273 2397 1385 2429 Paulus
1407 2398 1425 2427 l.
1446 2407 1493 2429 21.
1520 2398 1547 2439 §.
1570 2409 1596 2430 2.
1617 2399 1657 2431 D.
1676 2402 1708 2431 de
1724 2401 1778 2431 ιιέῖ.
1797 2412 1852 2434 em=

973 2438 1037 2481 pti:
1063 2437 1149 2475 cujus
1178 2439 1274 2469 verba
1303 2438 1369 2469 sunt
1396 2438 1567 2470 Florentiae
1590 2441 1677 2472 talia:
1702 2443 1855 2485 Qimmvis

972 2480 1062 2517 supra
1089 2480 1216 2509 diximus
1233 2503 1241 2515 ,
1274 2489 1338 2510 cum
1368 2482 1398 2510 in
1420 2489 1530 2520 corpore
1553 2485 1755 2519 consentiamus
1775 2508 1784 2523 ,
1816 2487 1849 2516 ἂι

976 2519 1117 2559 qualitate
1143 2527 1239 2550 autem
1271 2520 1488 2561 dissentiamus,
1521 2525 1684 2563 emptionem
1713 2524 1779 2565 effe:
1804 2533 1848 2557 ta-

977 2569 1040 2590 men
1058 2562 1189 2591 ‘venditor
1206 2570 1295 2591 teneri
1315 2564 1411 2599 (tebet,
1436 2567 1540 2604 quanti
1563 2564 1699 2605 interfi,
1722 2577 1778 2597 non
1798 2566 1849 2607 effe

976 2602 1130 2641 deceptum.
1160 2602 1195 2636 ὅ)
1216 2602 1244 2640 fi
1267 2606 1399 2634 venditor
1421 2614 1531 2646 qnoque
1553 2608 1688 2643 nesciet
1710 2609 1801 2639 veluti
1819 2606 1849 2646 si

976 2641 1082 2683 mensos
1104 2643 1185 2684 quast
1203 2647 1306 2674 cilrecis
1324 2654 1397 2676 enini
1414 2656 1475 2687 quae
1491 2648 1642 2687 nonsunt.
1691 2648 1753 2681 Hic
1772 2651 1848 2681 Pau-

976 2683 1023 2714 lus
1042 2693 1156 2725 negat,
1181 2687 1378 2724 emptionem
1403 2687 1503 2718 vitiari
1529 2698 1637 2720 errore
1659 2690 1687 2720 in
1713 2689 1849 2722 substan·

976 2723 1017 2757 tia
1034 2726 1182 2757 admiss‘o:
1206 2728 1348 2765 quamvis
1366 2730 1396 2759 id
1412 2728 1545 2760 affirmet
1563 2729 1713 2771 Ulpianus
1730 2731 1749 2760 d
1774 2732 1794 2763 l.
1813 2740 1843 2767 9.

974 2766 1000 2808 §.
1023 2776 1049 2798 2.
1096 2768 1156 2797 Sed
1179 2770 1347 2800 commode
1363 2771 1486 2801 notavit
1503 2769 1650 2811 Cujacius
1668 2772 1713 2800 lib.
1735 2781 1762 2802 2.
1783 2773 1845 2803 Ob-

968 2814 1046 2848 serv.
1059 2818 1081 2837 c.
1095 2817 1121 2839 2.
1141 2810 1322 2842 mendosam
1341 2811 1401 2842 esse
1419 2811 1631 2844 Florentinam
1651 2812 1844 2850 lcripiiiram:

975 2848 1123 2879 finem-ius
1146 2850 1195 2880 edi
1222 2853 1260 2881 ab
1284 2851 1478 2884 Haloantiro:
1507 2853 1752 2897 Quamvissupra
1768 2855 1846 2885 dixi-

975 2899 1058 2927 mus,
1083 2900 1147 2921 cum
1166 2895 1195 2921 in
1212 2902 1322 2930 corpore
1337 2896 1540 2928 consentiamui
1554 2918 1561 2929 ,
1586 2896 1617 2923 (ie
1635 2895 1775 2933 qualitate
1793 2904 1848 2926 au-

976 2937 1030 2961 tem
1045 2930 1258 2973 diffenti'amus,
1281 2936 1447 2975 emptionem
1464 2945 1518 2966 non
1535 2933 1601 2974 effe,
1628 2940 1722 2965 tamen
1740 2937 1844 2967 vendi-

978 2980 1021 3002 tor
1039 2975 1130 3004 teneri
1158 2976 1244 3007 debet.
1295 2975 1448 3007 Praeteren
1471 2976 1649 3005 observavit
1677 2975 1846 3017 Cujacius,

978 3013 1058 3045 lianc
1072 3014 1253 3053 scripturam
1274 3018 1373 3058 juvari
1398 3018 1570 3048 collatione
1592 3016 1610 3046 l.
1632 3024 1677 3047 10.
1701 3018 1727 3049 h.
1747 3023 1766 3048 t,
1794 3028 1846 3051 auo

977 3055 1096 3087 ctorem
1118 3057 1256 3089 similiter
1279 3059 1422 3090 habentis
1443 3057 1587 3088 Paulum.
1612 3066 1669 3088 nec
1685 3067 1702 3089 a
1719 3058 1844 3092 senten-

977 3105 1017 3127 tia
1042 3107 1132 3137 quam
1158 3099 1336 3132 Haloandri
1361 3099 1509 3137 ici-ipsura
1534 3098 1663 3129 Paulum
1690 3100 1777 3140 supra
1800 3109 1847 3133 te-

975 3137 1072 3170 nuiffe
1087 3139 1150 3179 ait,
1173 3141 1382 3173 abhorrentis.
1426 3139 1548 3183 Aliquis
1572 3139 1673 3180 dicat3
1698 3144 1784 3182 quod
1803 3144 1846 3176 al-

971 3186 1019 3214 ter
1040 3180 1132 3215 locus
1154 3183 1199 3216 est
1215 3191 1256 3216 ex
1276 3179 1364 3215 Pauli
1386 3179 1473 3212 libris
1496 3180 1546 3213 Ad
1568 3181 1740 3225 Sabinum,
1762 3185 1844 3216 alter

1801 3231 1843 3256 ex
