2036 3495
167 71 239 104 erno
608 56 642 91 G
672 65 693 90 ε
727 64 751 89 it
781 64 805 88 Λ
838 63 862 87 R
893 63 918 88 υ
948 63 962 88 1

174 147 215 178 ba
233 147 251 179 l.
274 155 319 188 13.
338 145 378 177 D.
401 145 451 177 Ad
474 144 543 185 ch.
570 142 638 183 Jul.
661 143 695 173 de
715 140 806 172 adult.
837 140 871 171 Si
892 149 968 186 uxor
990 147 1048 186 non

172 189 310 228 fueritin
325 187 483 223 adulterio,
505 183 663 215 concubina
685 188 780 213 tamen
789 182 874 221 fuit:
890 190 960 222 jure
985 188 1049 220 qut—

173 231 236 260 dem
250 230 350 260 mariti
371 227 503 263 accusare
526 233 588 255 eam
606 232 663 255 non
680 224 788 263 poterit
807 232 869 263 quoe
894 230 968 252 uxor
989 230 1047 252 non

168 272 260 310 fuit3
286 270 355 311 jure
381 275 475 299 tamen
505 265 638 296 extranei
666 265 873 302 occulationem
897 260 1047 302 instituere

175 321 233 343 non
248 310 459 352 prohibebitur.-
475 304 505 343 si
521 306 598 337 mocio
613 314 646 336 ea
654 304 785 346 sit,quae
802 306 834 336 in
852 304 1046 337 concubinatu

166 357 202 395 Je
218 353 330 389 dando,
353 355 487 380 matronae
501 356 603 378 nomen
618 356 675 378 non
690 344 784 385 amifit
799 357 810 377 .·
833 351 866 377 ut
887 350 961 385 puta
983 353 1046 384 quoe

171 394 290 435 patroni
305 390 461 422 concubina
467 389 545 428 fuit.

214 432 272 465 Est
292 433 386 473 igitur
402 429 634 467 concubinatus
658 429 714 469 (ut
729 427 856 460 redeam
871 426 909 458 ad
925 434 1046 472 propo-

171 475 281 513 fitum)
297 473 381 505 licita
398 470 619 508 consuetudo:
667 477 852 509 raeterquam
879 468 900 500 fi
922 468 1045 508 legibus

163 523 226 547 -aut
253 514 398 546 moribus
421 512 501 553 iusta
518 521 564 544 ex
583 521 672 544 caua
697 509 914 556 prohibeatur.
938 517 1044 554 exem-

171 556 260 596 plum
270 555 304 586 in
323 552 471 587 Clericis:
488 554 603 594 quibus
621 552 868 596 concubinatum
886 551 1046 580 interdicit

171 596 357 638 justinianus
373 595 491 628 Novell.
507 604 536 636 5.
548 604 571 626 c.
583 599 612 630 8.
634 602 706 625 cum
724 601 847 624 caeteris
866 590 1044 631 indulgeat:

171 638 268 671 modo
286 647 346 669 una
360 637 419 669 sint
433 635 580 668 contenti
599 634 791 667 concubina.
809 631 1045 677 multitudinem

171 688 238 711 non
251 679 386 721 probat:
409 677 484 718 quin
503 686 575 709 eum
598 677 651 717 qui
674 676 780 716 plures
799 673 919 710 habet,
942 672 1045 717 odibi·

172 720 236 753 lem
253 720 390 762 appellat
406 718 522 751 Novell.
544 722 590 752 18.
612 727 636 749 c.
653 727 683 758 5.
707 715 769 748 Sed
787 724 853 746 non
869 724 887 745 a
899 713 1042 759 Justinia-

170 770 215 794 no
251 761 351 803 coepit
386 765 674 798 temperamentum
717 757 800 788 circa
833 754 1043 787 concubinas.

171 803 267 834 etiam
290 809 364 834 ante
392 800 548 832 obtinuit:
572 800 601 830 ὅ(
632 799 701 829 sunt
723 797 869 837 exempla
897 795 952 827 sub
978 795 1044 826 hoc

171 842 287 876 Titulo
302 842 478 883 complura.
502 839 631 872 Initium
648 839 764 872 sumam
780 848 797 869 a
815 838 835 869 l.
856 847 881 869 1.
900 837 966 883 §.533
982 837 1010 867 b.
1020 841 1042 868 t.

171 885 204 917 in
223 893 285 924 qua
308 884 375 915 haec
397 888 509 914 extant
534 880 662 922 Ulpiani
679 880 793 912 verba:
817 879 851 910 Si
869 888 928 920 qua
944 887 975 908 tn
986 884 1042 918 pa-

175 926 254 957 troni
265 925 329 965 fuit
343 924 556 962 concubinatu,
580 922 681 954 deinde
696 923 728 953 in
738 921 800 962 filii
816 919 867 961 effe
883 917 1041 960 coepit‚vel

171 967 204 998 in
224 965 349 1006 nepotis,
371 964 418 996 vel
433 970 552 996 contra:
581 973 639 997 non
659 968 730 1005 puto
752 972 814 993 eam
834 960 908 997 reete
922 960 1042 1000 facere:

169 1008 239 1049 quia
249 1013 335 1048 prope
349 1006 467 1046 nefaria
481 1003 520 1047 est
535 1005 699 1047 hujusmodi
714 1001 878 1047 conjunflio
895 1024 905 1040 ‚
928 1000 966 1035 {9⁹
981 1001 1041 1031 ideo

169 1048 333 1090 hujusmodi
349 1048 473 1087 facinus
489 1047 697 1088 prohibendum
724 1043 774 1090 est.
817 1043 912 1090 Aliud
933 1049 1041 1087 citem-

170 1089 257 1131 plum
274 1089 384 1130 accipe
405 1098 446 1120 ex
465 1087 667 1131 sequentibus
684 1087 790 1118 verbis
812 1083 941 1125 Ulpiani
964 1091 995 1113 in
1012 1083 1041 1113 cl.

169 1132 190 1163 l.
210 1140 236 1162 1.
254 1130 283 1173 §.
299 1131 354 1168 ult.
379 1129 595 1177 Cuiuscumque
616 1129 709 1160 aetatis
734 1127 921 1158 concubinam
941 1124 1042 1169 babere

168 1171 243 1213 poffe
251 1171 353 1213 palam
368 1170 424 1213 est.-
446 1169 503 1210 nifi
515 1173 612 1202 minor
633 1170 720 1203 annis
733 1168 877 1213 duodecim
887 1165 938 1204 fit.
982 1163 1040 1209 Ni-

169 1214 302 1250 mirum,
325 1215 398 1253 quia
421 1220 496 1244 ante
525 1219 643 1249 aunum
674 1210 906 1255 duodecimum·
928 1205 1042 1237 mulier

168 1262 237 1286 non
254 1254 296 1285 est
313 1261 433 1291 matura
448 1254 612 1290 vir022nec
627 1252 656 1283 ei
675 1258 750 1284 ante
767 1255 963 1294 permittitur
980 1255 1041 1278 ma-

168 1295 366 1329 trimonium.
390 1304 447 1328 cur
461 1301 538 1331 ante
554 1293 756 1334 permittatur
780 1290 1013 1322 concubinatus
1024 1287 1041 1320 ἱ)

168 1335 230 1368 Sed
243 1345 315 1372 cum
333 1336 483 1377 quaeritui·
497 1358 507 1375 ‚
531 1344 570 1368 au
586 1335 616 1367 in
633 1332 847 1366 concubinatu
871 1330 931 1377 effe
946 1329 1042 1370 possit

172 1377 301 1409 mulier:
325 1386 387 1410 una
411 1375 456 1408 est
477 1376 648 1418 inspectio,
677 1384 716 1407 an
740 1373 802 1406 ess'e
826 1372 1041 1413 prohibeatur.

169 1419 239 1450 talis
256 1419 346 1450 venit
368 1417 401 1449 in
425 1417 483 1449 boc
508 1416 634 1455 Ulpiani
657 1417 686 1448 d.
701 1416 719 1447 1.
738 1424 765 1447 1.
782 1414 859 1461 §·.²·
884 1413 912 1445 h.
934 1419 956 1443 t.
981 1410 1043 1457 Qui

168 1465 265 1491 aulam
294 1460 462 1496 damnatam
487 1457 624 1495 adulterii
647 1457 680 1487 in
708 1456 902 1490 concubinatu
922 1454 1042 1489 habuit.

169 1510 227 1532 non
238 1506 312 1540 puto
329 1499 405 1541 Lege
418 1498 508 1539 Julia
524 1499 557 1529 (le
577 1496 727 1533 adulteriis
741 1498 849 1532 teneri3
867 1495 1007 1537 quamvis
1019 1492 1044 1532 li

168 1549 362 1575 uxoremieam
384 1538 528 1612 duscign,
551 1544 705 1571 teneretur.
751 1536 895 1579 Quaestio
915 1535 981 1574 est,
1002 1538 1040 1566 an

167 1583 199 1614 in
221 1582 436 1614 concubinatu
485 1579 569 1612 aberi
599 1580 694 1621 poffit
719 1577 864 1610 adulterii
895 1577 1042 1609 damnata

169 1622 258 1664 Lege
274 1621 379 1663 julia?
402 1620 688 1663 causaquaerendi,
712 1620 801 1662 quod
816 1628 851 1651 ea
866 1618 956 1660 Lege
971 1627 1041 1658 pro-

164 1664 292 1697 hibetur
309 1663 381 1697 duci
404 1672 504 1703 uxor3
525 1663 558 1695 ,ἂ
584 1663 638 1704 qui
661 1662 753 1694 duxit
769 1684 780 1701 ,
810 1669 868 1702 pro
894 1660 1040 1707 adultero

163 1706 318 1746 punitur:
340 1712 377 1736 ut
393 1704 544 1737 traditum
568 1703 588 1737 l.
605 1712 654 1745 37.
674 1703 704 1745 §.
725 1712 752 1735 1.
777 1703 825 1734 D.
849 1703 882 1733 de
906 1702 1039 1746 mmorzbr

166 1746 203 1781 δ’
216 1746 237 1779 l.
252 1755 281 1782 9.
301 1746 333 1778 C.
345 1746 397 1778 Aa
414 1745 456 1777 Le
478 1768 484 1774 .
500 1745 569 1786 Jul.
587 1746 621 1776 de
639 1744 731 1777 adult.
756 1751 851 1785 quam
868 1742 1038 1774 emendavi

165 1788 196 1820 δε
219 1787 358 1828 explicui
381 1786 456 1818 Dioc
468 1791 505 1818 et.
532 1785 570 1821 ὅ)
594 1785 725 1818 Maxim.
747 1795 772 1817 c.
792 1788 840 1816 16.
882 1782 968 1828 Quid
985 1780 1040 1827 Ul-

164 1828 302 1870 pianus?
333 1836 445 1870 putat,
474 1827 621 1859 adulterii
644 1827 823 1859 damnatam
845 1824 935 1866 Lege
955 1823 1040 1870 *Julia

165 1870 256 1911 poffe
274 1870 304 1901 in
330 1870 544 1901 concubinatu
567 1867 696 1900 haberi:
719 1868 793 1908 quia
814 1866 884 1898 Lex
909 1865 1040 1910 quidem

166 1911 337 1952 prohibet,
358 1920 428 1943 eam
445 1919 579 1941 uxorem
596 1909 687 1941 duci:
703 1908 756 1940 sed
772 1910 812 1940 de
823 1906 1040 1951 concubinatu

165 1952 245 1984 filet.
269 1952 374 1992 potest
392 1952 487 1992 igitur
503 1952 648 1982 damnata
663 1948 808 1982 adulterii
834 1949 866 1980 in
889 1947 1042 1993 concubi-

166 2001 243 2026 natu
260 1993 367 2025 haberi
383 1992 446 2024 fine
464 1999 551 2024 metu
566 1990 682 2032 Legis,
706 1991 759 2023 sed
778 1992 809 2022 in
834 1997 1039 2021 matrimonio

165 2034 275 2066 haberi
292 2044 359 2066 non
374 2032 491 2074 potest.
535 2032 649 2065 Similis
673 2032 718 2064 est
742 2032 898 2063 dubitatio
919 2031 950 2062 in
974 2029 1039 2061 hoc

165 2076 253 2109 Pauli
270 2075 290 2107 l.
309 2076 364 2107 ult.
382 2074 423 2106 D.
440 2075 467 2106 b.
481 2079 504 2105 t.
529 2074 727 2105 Cencubinam
741 2082 777 2104 ex
793 2083 827 2104 ea
837 2072 993 2113 provincia
1006 2072 1039 2102 in

166 2127 226 2158 qua
246 2119 311 2159 quis
328 2116 441 2158 aliquid
465 2113 671 2156 administrat,
699 2115 800 2146 habere
815 2111 918 2154 potest.
959 2111 1038 2157 Non

166 2167 249 2197 opus
272 2157 556 2198 interpretatione:
582 2156 710 2197 quando
731 2155 894 2187 Mandatis
915 2154 1037 2185 Princi-

165 2200 213 2240 pis
230 2199 430 2240 prohibitum
452 2197 581 2238 quidem
605 2196 669 2228 hac
692 2196 722 2229 in
746 2196 851 2237 specie
880 2195 1037 2240 reperitur

165 2241 421 2273 matrimonium:
443 2247 476 2271 at
491 2237 673 2279 prohibitus
696 2247 762 2269 non
784 2243 941 2277 reperitur
962 2244 1037 2267 con-

167 2282 343 2314 cubinatus.
423 2289 476 2313 uas
498 2280 571 2311 dedi
592 2277 730 2319 species,
755 2277 846 2310 fuere
871 2277 1037 2309 mulierum

167 2332 298 2362 quarum
325 2321 414 2363 probi
442 2321 521 2353 itum
552 2327 619 2352 erat
646 2320 898 2352 matrimonium.
928 2319 1037 2350 videa-

168 2374 237 2397 mus
253 2366 400 2404 reliquas.
443 2362 486 2394 Et
508 2362 638 2403 quidem
656 2360 859 2393 Modestinus
879 2360 900 2392 1.
919 2370 970 2401 34.
993 2359 1037 2391 D.

166 2407 219 2438 Aa
235 2406 305 2448 Leg.
323 2406 390 2446 Jul.
408 2406 442 2436 de
465 2404 556 2435 adult.
581 2402 744 2443 stuprum,
767 2402 888 2443 inquit,
911 2403 1035 2432 commit-

168 2448 205 2479 tit
226 2448 277 2488 qui
303 2447 420 2478 liberam
441 2445 586 2476 mulierem
609 2444 822 2483 consuetudinis
852 2443 955 2484 causa,
977 2451 1035 2474 non

169 2489 370 2526 matrimonii,
400 2487 544 2519 continet.-
574 2491 692 2525 excepta
712 2485 843 2516 videlicet
865 2485 1035 2515 concubina.

169 2528 371 2562 Modestinus
395 2537 460 2560 non
477 2526 522 2559 est
549 2526 754 2566 accipiendus
777 2526 817 2557 de
833 2526 921 2557 omni
939 2526 1038 2557 libera

169 2571 308 2603 muliere.
332 2579 373 2600 ne
388 2577 474 2608 puta.
516 2566 609 2598 Clare
636 2566 788 2608 Ulpianus
805 2567 824 2598 l.
848 2576 871 2599 1.
893 2566 923 2608 §.
943 2576 970 2598 1.
996 2566 1037 2598 D.

170 2615 195 2644 h.
218 2619 240 2643 t.
265 2611 339 2642 Cum.
353 2610 492 2640 Atilicino
507 2609 594 2645 sentio
612 2607 648 2642 ἐξ
664 2614 755 2649 puto,
769 2608 849 2647 solas
864 2617 910 2639 eas
928 2609 959 2638 in
973 2617 1038 2639 con·

171 2654 310 2686 cubinatu
339 2650 436 2682 babere
453 2649 527 2691 poffe
542 2647 607 2688 fine
627 2655 705 2681 metu
731 2650 881 2689 criminis,
910 2649 942 2680 in
964 2658 1039 2690 quai·

1010 51 1269 90 Noonr
1326 55 1541 92 Coun.

1082 139 1220 188 stuprum
1235 151 1293 175 non
1307 145 1506 176 committitur.
1548 145 1687 190 Attingit
1720 149 1799 182 tales
1824 150 1958 186 Ovidius

1090 183 1137 213 lib.
1157 191 1185 213 ἰ.
1203 182 1251 214 De
1264 190 1327 216 arte
1340 188 1460 217 amandi
1474 186 1547 225 vers.
1569 197 1621 229 30.

1131 221 1200 264 Este
1209 225 1311 265 procul
1325 227 1406 258 vittae
1420 233 1536 267 tenues,
1558 228 1668 271 insigne
1676 231 1795 271 pudoris
1806 243 1816 268 ;

1171 264 1303 308 Quinque
1317 269 1389 309 tegis
1405 269 1508 300 medios
1523 267 1625 310 instita
1637 270 1723 312 longa
1734 275 1828 313 perles.

1127 305 1194 337 Nos
1210 306 1349 340 Venerem
1365 314 1460 342 tutam
1474 335 1484 351 ‚
1508 310 1687 353 conceffaque
1694 313 1786 351 furta
1801 323 1953 348 canemus:

1171 346 1269 395 Inque·
1281 359 1339 380 meo
1357 351 1470 383 nullum
1487 354 1614 384 carmine
1629 355 1735 385 crimen
1751 357 1815 387 orit.

1089 387 1151 419 Sed
1176 397 1245 428 quac
1261 390 1322 427 illae
1337 391 1354 423 ‘2
1384 391 1565 425 Marcianus
1587 395 1606 426 l.
1630 403 1660 436 3.
1682 396 1711 433 d.
1737 401 1759 434 t.
1782 397 1822 428 fic
1845 396 1957 430 tradit:

1090 428 1127 460 In
1144 431 1335 467 concubinatu
1349 432 1440 473 potest
1456 434 1507 475 effe
1522 433 1561 470 ¹&
1581 435 1676 468 aliena
1697 436 1797 469 liberta
1821 437 1858 473 ὅ)
1880 439 1961 480 inge-

1088 479 1168 505 nua.
1190 469 1228 505 Ἐῦ9
1245 473 1369 507 maxime
1387 483 1421 505 oa
1438 484 1502 516 quae
1518 476 1630 514 obscuro
1657 477 1714 509 loco
1737 484 1809 511 nata
1832 477 1890 520 est,
1907 481 1959 510 vel

1087 509 1225 559 quoeflunz
1248 520 1358 561 corpore
1373 515 1467 555 fecit:
1489 517 1619 559 alioquin
1634 517 1665 556 fi
1685 517 1804 560 honeftoe
1826 521 1896 552 vitae
1920 522 1957 560 ἐᾷ’

1086 561 1245 599 ingenuam
1262 555 1407 591 mutierem
1429 558 1460 588 in
1488 560 1710 591 concubinatum
1731 561 1835 593 habere
1854 561 1962 594 malue-

1088 600 1147 642 rit.
1160 592 1226 631 fiae
1243 593 1389 635 testatione
1402 597 1452 629 hoc
1466 598 1652 640 manifestum
1659 602 1790 642 faciente
1811 612 1869 634 non
1895 612 1959 634 con·

1088 636 1198 666 ceditur
1213 645 1224 671 3
1238 637 1294 676 sed
1314 636 1416 677 net-effe
1430 637 1469 678 eft
1491 641 1535 678 ei,
1558 641 1605 677 vel
1617 651 1735 674 uxorem
1757 652 1820 676 eam
1836 644 1956 683 habere,

1087 675 1134 706 vel
1144 676 1197 707 hoc
1212 678 1390 722 recusantem
1398 676 1535 718 stuprum
1550 690 1622 717 cum
1634 691 1667 714 ea
1680 686 1851 721 committere
1862 708 1870 722 ‚
1892 684 1959 717 ‘Lo-

1087 725 1142 761 cus
1159 716 1203 762 est
1216 718 1480 762 impeditiffimus.
1500 720 1556 752 sed
1573 722 1695 764 dicam,
1718 726 1794 765 quid
1815 724 1893 759 rui-'hi
1913 728 1961 758 in-

1086 757 1217 795 ciderit,
1239 758 1355 791 omiffis
1372 768 1442 801 quae
1457 761 1496 792 ab
1513 761 1581 795 aliis
1597 760 1795 798 adferuntur.
1812 760 1958 799 ‘Primum

1087 807 1145 839 pro
1171 800 1379 848 cei-tooponit
1403 801 1603 842 Marcianus,
1633 804 1776 837 libertam
1801 809 1962 848 propriam

1085 849 1102 870 a
1117 847 1254 880 patrono
1270 851 1338 881 Jure
1356 841 1430 874 sumi
1455 843 1484 874 in
1503 845 1770 886 concubinatuin3
1793 848 1823 879 ἂ
1838 848 1902 888 ipl'e
1927 850 1960 882 in

1084 881 1387 928 anteceffumdixi,
1419 893 1487 915 eam
1511 894 1575 922 non
1598 887 1746 919 amittere
1770 889 1958 930 dignitatem

1084 921 1340 968 matrisfamilias.
1383 922 1512 957 Deinde
1529 926 1572 958 ait
1597 928 1798 967 Marcianus,
1832 931 1859 962 i&
1884 930 1960 963 alie-

1084 971 1155 994 nam
1181 963 1327 995 libertam
1348 965 1491 1012 poss'ehin
1514 969 1729 1007 concubinatu
1754 970 1884 1010 haberi3
1905 972 1959 1004 sed

1084 1011 1160 1076 gnta
1184 1013 1256 1036 cum
1276 1005 1340 1037 hoc
1358 1006 1557 1052 discrimine,
1580 1010 1666 1049 quod
1682 1011 1738 1043 ista
1754 1021 1819 1044 non
1841 1014 1960 1044 retinet

1086 1086 1094 1091 -
1110 1045 1283 1078 onestatem
1303 1047 1559 1082 matrisfamilias.
1602 1051 1769 1085 Postremo
1790 1052 1905 1094 refert,
1923 1054 1960 1086 δε

1085 1095 1255 1132 ingenuam
1271 1088 1437 1134 mulierem
1457 1090 1526 1130 jure
1543 1091 1634 1125 licito
1651 1095 1757 1136 accipi
1781 1095 1811 1126 in
1840 1104 1959 1127 concu-
1981 1096 1984 1099 “

1085 1127 1244 1160 binatum:
1265 1138 1327 1160 non
1345 1130 1474 1170 quidem
1492 1142 1644 1173 omnem,
1672 1134 1725 1167 sed
1748 1135 1886 1168 obscuro
1913 1137 1960 1168 lo·

1085 1176 1273 1214 conatam,
1297 1171 1349 1216 yel
1366 1180 1436 1211 quae
1452 1173 1602 1213 quaestum
1617 1184 1757 1214 corpore
1774 1175 1864 1210 fecit.
1885 1177 1959 1220 Qua

1083 1211 1326 1256 rationePouia
1345 1219 1407 1244 tarn
1425 1213 1518 1252 huic,
1540 1224 1634 1256 quam
1651 1217 1793 1257 libertae,
1816 1219 1905 1250 licuit
1929 1228 1960 1252 a·

1083 1251 1147 1292 pud
1174 1251 1295 1284 AEdilcs
1322 1253 1473 1300 profiteri·
1498 1264 1598 1288 artem
1621 1259 1833 1291 meretriciam
1849 1283 1861 1298 ,
1892 1262 1960 1292 evi-

1085 1293 1307 1339 tandaenpoenae
1331 1295 1474 1341 adulterii
1491 1306 1545 1329 aut
1568 1298 1666 1340 stupri
1694 1300 1801 1341 gratia.
1825 1300 1901 1342 quid
1922 1304 1959 1334 ni

1084 1341 1230 1380 igitur-in.
1249 1336 1465 1381 concubinatu
1482 1346 1615 1380 utraque
1637 1340 1790 1372 habeatur
1812 1342 1876 1374 fine
1893 1351 1959 1374 me·

1084 1381 1118 1405 tu
1144 1383 1308 1421 criminis:
1337 1374 1433 1409 facile
1464 1379 1636 1412 obtinente
1661 1381 1807 1421 ratione,
1838 1384 1872 1414 ei
1903 1384 1956 1416 cui

1083 1415 1153 1462 plus
1178 1415 1381 1464 indulgetur?
1402 1418 1500 1450 etiarn
1518 1421 1607 1460 quod
1624 1421 1726 1459 minus
1750 1422 1814 1462 est,
1837 1432 1956 1455 conce-

1084 1456 1128 1489 di.
1171 1456 1233 1504 Sed
1250 1465 1281 1488 in
1298 1457 1430 1490 muliere
1448 1458 1587 1492 honestae
1601 1462 1674 1494 vitae
1696 1463 1725 1497 ἂ
1741 1463 1877 1504 ingenua
1900 1465 1956 1496 ali-

1085 1504 1152 1544 ter,
1176 1506 1310 1539 opinor,
1327 1497 1394 1544 'fuit
1408 1507 1541 1540 propter
1551 1501 1866 1537 senatusconsultum
1890 1515 1955 1546 quo

1084 1547 1179 1570 ctiam
1214 1538 1443 1584 honestioribus
1476 1540 1616 1575 foeminis
1651 1544 1877 1585 impudicitiam
1928 1556 1958 1578 a·

1083 1579 1144 1611 lam
1167 1579 1415 1620 profitentibus,
1439 1581 1520 1614 inter
1544 1591 1659 1616 caetera
1687 1593 1815 1617 cautum
1839 1586 1887 1618 fui
1916 1597 1956 1625 e,

1083 1622 1099 1660 (
1110 1628 1226 1661 praeter
1241 1621 1427 1653 Suetonium
1451 1622 1560 1655 'Tiberio
1575 1634 1600 1657 c.
1618 1635 1668 1667 35.
1694 1626 1724 1658 δί
1748 1626 1956 1668 Papinianum

1081 1661 1102 1692 i.
1122 1671 1168 1709 ¹0:
1191 1662 1220 1703 §.
1239 1671 1265 1709 ²:
1289 1663 1337 1694 D.
1355 1663 1405 1694 Aa
1425 1662 1499 1707 Leg.
1515 1664 1583 1707 Jul.
1609 1671 1643 1698 ae
1657 1667 1777 1709 adult.)
1800 1677 1957 1702 memorat

1081 1701 1219 1735 Tacitus
1241 1703 1290 1735 lib.
1315 1713 1343 1736 2.
1366 1704 1478 1737 Annal.
1502 1716 1525 1738 c.
1552 1712 1600 1748 85.
1629 1708 1679 1740 Ne
1700 1707 1839 1751 quaefium
1861 1718 1958 1751 corpo-

1081 1754 1112 1775 re
1126 1744 1242 1784 faceret
1265 1746 1314 1777 cui
1337 1755 1414 1777 avus
1428 1769 1438 1785 ,
1467 1753 1522 1779 aut
1546 1755 1647 1790 pater,
1675 1756 1728 1781 aut
1750 1752 1876 1782 maritus
1891 1774 1901 1790 ,
1931 1761 1959 1782 e-

1081 1794 1149 1831 ques
1166 1784 1315 1817 Romanus
1323 1786 1438 1833 fazffet.
1476 1789 1655 1823 Secundum
1673 1790 1738 1823 hoc
1754 1791 1854 1833 igitur
1872 1792 1958 1824 Mar-

1082 1835 1201 1874 cianus.
1247 1827 1280 1875 Si
1296 1849 1307 1866 ‚
1337 1829 1467 1868 inquit,
1496 1829 1617 1869 honesiae
1637 1833 1705 1863 vitae
1734 1833 1771 1868 ὅ)
1797 1835 1954 1873 ingenuam

1080 1867 1226 1915 mulierem
1247 1878 1280 1899 m
1303 1870 1497 1902 concubinatu
1518 1872 1617 1903 babere
1638 1873 1792 1912 maluerit,
1817 1874 1881 1913 fine
1910 1881 1953 1906 te-

1073 1906 1202 1955 statione
1233 1909 1283 1940 boc
1312 1908 1496 1951 manifestum
1517 1913 1649 1953 faciente
1681 1924 1739 1946 non
1775 1917 1951 1948 conceditur.

1081 1949 1267 1982 Marcianus
1291 1950 1469 1992 fignificat,
1500 1954 1617 1986 nemini
1646 1955 1807 1996 concedi,
1848 1965 1952 1998 puto,

1081 1990 1362 2023 Senatusconsulto
1384 2001 1450 2033 quo
1466 1994 1507 2025 de
1524 1996 1650 2035 monui,
1673 1997 1837 2030 mulierem
1862 1997 1951 2039 inge-

1081 2041 1175 2079 nuam
1194 2032 1334 2064 honestae
1352 2034 1443 2081 uitae,
1473 2036 1505 2067 id
1527 2036 1591 2075 est,
1614 2037 1780 2070 mulierem
1805 2048 1868 2071 non
1891 2040 1950 2072 hu-

1081 2073 1208 2112 milem,
1239 2073 1291 2106 sed
1315 2083 1403 2115 cujus
1426 2085 1502 2108 avus
1520 2100 1530 2115 ‚
1558 2085 1614 2109 aut
1634 2086 1747 2119 pater,
1777 2088 1832 2111 aut
1858 2081 1950 2113 mari·

1081 2121 1152 2153 tus,
1174 2124 1273 2162 eques
1291 2114 1453 2149 Romanus
1475 2117 1554 2158 fuit,
1578 2120 1664 2151 domi
1682 2121 1851 2153 continere
1873 2131 1949 2154 con-

1080 2154 1251 2202 suetudinis
1279 2156 1369 2188 causa
1387 2180 1397 2196 ‚
1440 2157 1504 2190 fine
1533 2159 1703 2193 testatione
1734 2161 1796 2194 hoc
1816 2162 1952 2199 manife-

1079 2196 1158 2228 stum
1190 2196 1414 2245 facientekid
1438 2199 1507 2239 est,
1538 2200 1603 2233 fine
1627 2203 1851 2244 matrimoni03
1886 2204 1950 2236 sive

1079 2237 1182 2278 palam
1207 2247 1315 2285 coram
1338 2241 1450 2272 vicinis
1475 2249 1529 2273 aut
1553 2243 1621 2275 aliis
1645 2243 1776 2276 testibus
1800 2253 1865 2277 non
1897 2247 1950 2277 de-

1080 2279 1220 2319 clarato,
1244 2280 1273 2311 se
1298 2280 1383 2312 illam
1412 2282 1500 2314 domi
1531 2282 1650 2315 habere
1679 2284 1850 2317 liberorum
1875 2295 1948 2325 pro-

1080 2321 1291 2366 creandorum
1315 2321 1431 2363 grat-ia:
1461 2323 1491 2355 id
1511 2325 1595 2357 enim
1619 2325 1679 2357 hac
1709 2326 1860 2367 loquendi
1881 2326 1949 2357 for-

1079 2370 1130 2394 ma
1155 2363 1340 2408 intdigitari,
1377 2363 1407 2395 &
1440 2363 1523 2397 inter
1552 2366 1687 2407 impares
1719 2366 1864 2406 perforas
1892 2367 1950 2398 ob·

1079 2402 1218 2444 servari,
1256 2404 1468 2438 demonstravi
1499 2407 1560 2446 jam
1591 2408 1680 2448 supra
1714 2407 1771 2439 sub
1807 2406 1948 2446 Tituli),

1079 2443 1127 2475 De
1142 2446 1203 2476 ritu
1224 2446 1405 2486 nuptiarum.
1429 2446 1580 2488 idemque
1596 2448 1748 2490 sequente
1770 2450 1857 2479 versu
1883 2449 1946 2479 for-

1078 2485 1193 2517 tiffime
1215 2487 1337 2518 evincit
1366 2487 1435 2518 haec
1468 2488 1622 2521 Marciani
1651 2488 1714 2520 five
1745 2488 1846 2520 illatio
1882 2489 1947 2521 iive

1078 2527 1265 2560 conclusio:
1296 2528 1352 2559 Sed
1375 2528 1477 2569 necqffe
1506 2528 1545 2570 est
1574 2530 1625 2567 ei,
1660 2530 1708 2560 vel
1738 2539 1855 2561 uxorem
1885 2540 1949 2562 eam

1080 2568 1181 2616 babere
1197 2591 1208 2608 ,
1236 2568 1284 2600 vel
1305 2569 1356 2600 hoc
1382 2568 1557 2610 recusantem
1571 2568 1709 2612 stuprum
1734 2580 1799 2602 cum
1819 2580 1852 2604 ca
1875 2581 1948 2604 com-

1079 2614 1202 2642 mittere.

995 2805 1133 2917 ’ἓξὲξ

1753 3176 1951 3215 LIBER
