2036 3495
162 78 233 118 186
581 75 615 114 G
647 87 668 113 iz
701 84 724 110 n
757 83 777 107 A
810 83 833 108 R
865 76 890 107 n
924 76 938 107 ἱ

162 169 309 206 nocuerit,
333 168 364 199 i‘n
379 175 441 199 eum
456 166 585 206 competit
601 163 675 195 αὲἶὶο
691 163 743 203 qm·
758 162 953 198 habitaverit,
977 166 1036 192 non

162 211 194 240 in
211 219 274 240 eum
291 210 343 250 qui
363 209 477 248 posuit:
498 205 582 247 quasi
603 206 659 235 haec
682 203 755 234 oc'izo
772 201 977 243 nonsufficzat.
1005 202 1036 234 ἀ

162 251 293 290 reliqua.
332 248 384 279 Sic
412 248 558 288 Cujacius
577 247 615 277 lib
645 255 695 277 22.
717 244 837 282 Observ.
855 252 879 274 c.
896 252 946 284 3²·
969 252 1034 275 non

160 293 265 323 minus
283 299 377 328 vere,
401 298 493 328 quam
511 287 682 328 ingeniose.
726 285 815 317 Sinet
839 292 943 316 tamen
968 284 1023 316 Do

162 331 310 363 ctiffimus
330 330 381 361 ille
400 330 476 368 Vir,
500 339 552 360 me
574 338 640 360 rem
659 327 859 366 interpretari
878 336 951 358 meo
969 335 1036 358 mo-

159 382 204 403 re.
229 372 377 411 Species:
395 369 501 403 Titius
517 369 638 401 habitat
654 369 755 404 aedes:
772 369 802 399 in
822 367 936 406 quibus
947 368 1032 399 Sem-

158 414 309 453 pronius,
329 412 383 442 has
400 421 464 443 non
482 412 645 449 habitans,
662 411 780 451 aliquid
791 410 969 450 periculose
981 419 1036 449 po-

159 452 229 484 suit.
254 454 350 492 idque
367 460 516 493 apparet,
534 454 620 493 quod
638 452 759 484 decidit
777 452 805 482 ἀ
825 459 946 482 nocuit.
969 451 1038 482 haec

159 494 191 525 &
208 503 270 525 non
288 494 344 524 alia
361 494 442 526 ratio
461 495 632 526 verborum
645 517 654 532 ,
675 493 828 525 Deciderii
844 491 880 526 δ’
896 493 1037 524 nocuerit.

160 536 231 574 quia
249 534 379 575 quaestio
398 545 468 576 quae
486 545 525 568 eit
542 535 628 567 facto
645 543 814 572 movetur,
839 543 903 565 non
927 533 972 566 est
996 535 1037 565 de

158 577 283 608 athone
302 578 330 608 in
348 578 478 617 duplum
503 587 543 609 ex
563 577 669 616 priore
685 575 789 608 Edisti
815 574 939 614 capite,
965 584 1037 615 pro-

157 619 388 659 pterdamnum
404 620 527 650 datum:
545 618 597 650 sed
614 618 653 650 de
669 617 796 649 actione
813 617 842 648 in
856 617 969 648 decern
986 625 1035 648 au·

155 669 230 691 reos
247 669 287 692 ex
308 660 501 699 posteriore:
526 661 556 691 in
576 669 637 701 qua
655 657 767 690 sufficit
783 657 962 698 periculose
980 667 1035 697 po-

156 700 248 732 fitum
275 701 360 740 esse,
383 701 439 733 etii
464 710 570 743 neque
591 700 768 738 deciderit,
791 708 898 739 neque
916 708 1034 731 nocue·

155 743 205 773 rit.
230 743 275 774 Sit
292 743 404 784 igitur,
423 752 515 783 quain
534 742 619 781 dixi,
637 740 773 781 species:
797 741 828 772 in
847 749 907 780 qua
926 737 1034 772 Titius

154 783 279 816 habitat
297 786 389 817 aedes.
406 785 436 816 in
455 785 568 825 quibus
587 783 813 823 Sempronius,
831 791 883 813 eas
901 792 965 813 non
983 782 1034 813 ha-⁴

155 825 280 864 bitans,
303 826 420 866 aliquid
443 824 620 866 periculose
645 823 760 866 posuit.
791 824 953 855 dubitatur
972 832 978 854 :
1003 825 1032 855 in

155 872 355 906 quemdetur
366 867 447 898 atrio
460 867 490 899 in
509 868 621 899 decem
640 875 771 898 aureos:
789 873 892 897 utrum
906 874 1033 897 lnbemo

154 910 303 947 pronium
322 909 374 948 qui
394 907 518 948 posuit,
541 908 570 939 ἃ
596 917 660 940 non
676 907 849 939 inhabitat:
872 916 910 937 an
928 917 957 938 in
974 905 1032 938 Ti-

155 949 234 981 tium
253 951 306 990 qui
327 950 501 989 inhabitat,
526 949 577 981 sed
594 959 659 981 non
678 949 793 990 posuit.
826 947 1033 980 Dubitationi

156 990 277 1022 causam
306 992 424 1023 dedere
450 991 554 1023 Ediffl
580 991 696 1030 verba,
720 990 770 1022 Ne
786 991 850 1031 quis
867 991 896 1020 iii
910 989 1033 1030 postium

157 1031 279 1069 habeam·
304 1033 332 1064 ἃ
351 1042 446 1072 mox,
470 1033 533 1078 Qui
550 1034 688 1067 adversus
704 1042 736 1063 ea
753 1032 863 1071 fecerit.
895 1031 1033 1071 Ulpiano

156 1073 282 1113 placet,
307 1075 337 1105 in
363 1073 489 1106 Titium
514 1078 567 1115 qui
594 1073 768 1111 inhabitat,
793 1081 982 1117 corni-lettre
1007 1081 1037 1102 a·

155 1114 314 1155 ctionem,
340 1117 462 1147 nonin
487 1116 713 1156 Sempronium
733 1116 785 1155 qui
804 1114 924 1153 poluit:
949 1113 1033 1153 quafi

153 1156 224 1187 haec
235 1157 317 1188 atrio
334 1167 398 1189 non
418 1156 566 1188 sufficiat:
585 1158 615 1188 id
633 1156 697 1195 est,
713 1155 796 1196 quasi
816 1156 883 1186 haec
902 1154 985 1186 ostio
1001 1157 1032 1186 in

154 1197 381 1240 Sempronium
398 1198 535 1231 deficiat.
559 1198 601 1229 Et
611 1198 654 1229 est
667 1198 734 1228 haec
751 1198 834 1228 bona
844 1197 942 1228 ratio:
960 1197 1032 1236 quia

153 1239 281 1272 Praetor
298 1240 362 1271 hoc
379 1241 485 1280 capite
504 1249 568 1271 non
594 1240 737 1279 loquitur
755 1239 794 1269 de
810 1247 851 1269 eo
868 1239 920 1278 qui
962 1237 1030 1269 osu·

152 1281 197 1320 it3
221 1281 273 1312 sed
298 1282 338 1313 de
362 1291 402 1313 eo
429 1282 482 1322 qui
501 1280 634 1321 positum
654 1281 759 1312 habet.
783 1281 813 1311 id
832 1289 910 1309 vero
942 1288 972 1310 ic
988 1280 1031 1310 in-

152 1329 346 1363 terpretatur
357 1323 509 1363 Ulpianus
521 1345 531 1360 ‚
548 1323 634 1363 quod
651 1321 787 1362 pofiium
806 1320 945 1351 habuill'e
964 1330 1030 1352 non

150 1365 263 1403 utique
280 1364 407 1396 videtui·
424 1365 476 1404 qui
501 1365 626 1405 posuit,
652 1363 706 1395 nisi
733 1364 782 1394 vel
803 1363 951 1406 dominus
969 1361 1030 1392 fuit

151 1406 266 1438 aedium
280 1407 330 1437 vel
343 1405 512 1436 habitator.
532 1405 703 1445 Ulpianus,
723 1404 934 1444 mcojudicio,
949 1404 1028 1441 vult,

151 1447 249 1477 verba
269 1445 568 1487 Praetoris,pofizum
583 1446 700 1482 habere,
719 1455 758 1476 ex
771 1447 836 1484 ejiis
848 1453 956 1476 mente
973 1444 1029 1475 cii·-

151 1487 333 1528 cumspecte
349 1487 410 1519 esse
428 1488 630 1525 accipienda:
656 1487 799 1526 prorsus,
817 1495 851 1516 ut
867 1495 919 1526 qui
939 1484 1026 1524 posu-

150 1529 194 1568 it,
217 1538 280 1559 non
301 1529 444 1560 videatur
463 1529 581 1559 habere
604 1528 740 1569 positum
758 1551 767 1565 ,
793 1527 845 1558 nili
863 1527 958 1568 possit
975 1536 1029 1567 po·

148 1570 238 1602 situm
257 1579 441 1601 removere:
457 1570 544 1609 quod
564 1577 630 1600 tum
648 1570 867 1607 eritdernum,
885 1569 903 1600 si
922 1568 956 1599 sit
974 1569 1029 1600 do-

147 1612 253 1643 minus
271 1612 405 1651 aedium,
431 1612 482 1642 vel
508 1610 681 1650 inquilinus
699 1611 762 1642 five
781 1609 977 1641 conductor:
1002 1610 1027 1641 is

148 1655 233 1684 enim
252 1652 304 1683 hic
328 1652 490 1685 habitator
512 1653 705 1692 appellatur:
730 1661 763 1683 ut
780 1651 809 1683 in
827 1651 846 1682 l.
862 1660 911 1691 59.
931 1652 978 1682 J).
995 1653 1028 1682 de

146 1696 188 1726 rei
203 1695 311 1725 vindic.
326 1695 362 1728 δέ)
378 1695 395 1725 l.
411 1704 459 1735 27.
477 1694 518 1725 D.
536 1694 647 1725 Locciii.
673 1692 846 1734 Distinguit
862 1693 957 1734 igitur
975 1693 1027 1723 Ul·

144 1737 257 1777 piaiius
277 1735 426 1767 Praetoris
446 1735 544 1767 verba
560 1736 599 1766 ab
618 1734 682 1776 ejus
701 1734 873 1766 sententia:
897 1734 1024 1764 arbitra-

138 1778 214 1816 tus,
231 1786 304 1809 eum
320 1779 374 1818 qui
393 1776 512 1818 posuit,
531 1776 586 1808 etfi
610 1786 716 1817 neque
735 1777 883 1807 dominus
902 1775 956 1811 fit,
974 1784 1026 1806 ne·

146 1828 209 1858 que
225 1818 405 1857 habitator,
427 1820 459 1850 id
478 1818 543 1858 est,
566 1819 738 1859 inquilinus
753 1826 805 1848 aut
824 1817 1024 1855 conductor,

145 1870 187 1892 ex
210 1859 313 1893 Edisti
339 1861 444 1893 verbis
460 1859 580 1891 teneri:
603 1860 674 1900 quia
692 1869 756 1890 non
775 1857 880 1900 potest
898 1859 1023 1900 negari,

143 1912 216 1934 eum
231 1902 281 1941 qui
302 1902 421 1941 posuit,
439 1902 588 1940 quamdiu
601 1900 735 1941 positum
754 1910 817 1932 non
836 1899 1024 1939 aufert‚po=

144 1943 235 1976 fitum
253 1944 381 1975 habere.
406 1944 457 1976 sed
474 1944 570 1975 vistim
586 1944 725 1983 Ulpiano
741 1952 878 1982 aequius‚
894 1943 923 1972 ἃ
935 1951 1008 1973 men

144 1986 170 2017 ti
189 1985 336 2017 Praetoris
354 1985 625 2024 convenientius,
649 1993 722 2016 eum
738 1986 790 2024 qui
811 1983 933 2024 posuit,
956 1992 1021 2015 non

144 2028 268 2066 teneri3
291 2026 311 2058 fi
336 2036 441 2067 neque
466 2026 612 2059 dominus
636 2025 691 2064 fit,
716 2035 820 2065 neque
842 2025 1019 2057 habitator:

144 2069 218 2108 quia
234 2076 268 2100 ut
286 2069 442 2109 posuerit,
459 2077 564 2100 tamen
585 2077 648 2099 non
668 2066 712 2098 est
729 2068 897 2105 dominus,
914 2075 1021 2107 neque

142 2109 324 2148 habitator3
348 2120 411 2141 non
429 2110 468 2141 ab
485 2119 526 2141 eo
544 2110 679 2150 pendet,
706 2118 746 2140 ne
772 2108 865 2139 duret
884 2107 1020 2148 positum

142 2150 342 2191 periculose3
359 2151 409 2183 sed
426 2161 443 2182 a
460 2152 596 2183 domino
617 2159 670 2181 aut
689 2150 880 2181 habitatore.
906 2149 979 2180 huic
996 2149 1018 2180 i·

141 2193 244 2233 gitur,
263 2202 453 2234 quamquam
473 2203 537 2224 non
558 2193 674 2233 posuit,
695 2193 811 2223 merito
829 2193 1021 2232 imputatur3

143 2235 232 2274 quod
251 2235 368 2275 patitur
383 2258 391 2273 ,
407 2235 437 2265 in
455 2235 520 2274 ejus
538 2234 732 2276 suggruenda
750 2232 940 2274 protetiove
956 2231 1019 2264 esse

141 2275 279 2315 positum
301 2277 387 2316 quod
402 2276 537 2315 sciebat,
555 2284 607 2307 aut
625 2276 701 2307 scire
719 2274 857 2306 debebat
869 2297 878 2313 ‚
902 2274 1016 2305 transe-

142 2318 212 2348 unti
237 2318 447 2357 periculosum
474 2317 554 2356 esse,
579 2318 656 2349 licet
681 2316 717 2348 sit
733 2316 772 2347 ab
788 2317 850 2348 alio
869 2315 1016 2357 pofitum.

141 2357 274 2390 Interim
291 2369 355 2390 non
368 2369 449 2400 opus
461 2382 470 2397 ,
486 2360 585 2399 ipsum
603 2358 799 2397 inhabitare,
817 2358 869 2389 ubi
881 2356 1015 2397 pofitum

143 2398 259 2438 habet,
283 2400 335 2441 qui
354 2399 418 2431 hoc
435 2402 567 2432 nomine
585 2401 795 2431 convenitur:
819 2400 919 2430 modo
937 2408 1014 2429 con-

141 2440 360 2474 duxeritaedes
369 2444 395 2473 d.
409 2443 464 2483 l.5.
474 2442 500 2483 §.
513 2447 540 2476 8.
557 2443 628 2482 quia
640 2442 751 2482 utique
760 2439 871 2472 debuit
887 2449 1015 2479 curare3

143 2490 184 2512 ne
201 2481 277 2525 esset
295 2484 441 2523 positum.
464 2483 612 2525 Aliquem
630 2482 718 2514 forte
736 2490 866 2514 moveat
886 2484 916 2513 in
935 2491 1014 2513 con-

143 2531 290 2555 trarium:
313 2527 399 2565 quod
425 2535 485 2556 nec
511 2527 536 2557 is
561 2535 613 2566 qui
632 2523 755 2564 posuit,
781 2525 872 2564 culpa
897 2532 1015 2555 vacuus

143 2563 205 2595 est:
223 2565 293 2603 quia
311 2575 350 2596 ne
360 2576 480 2605 ponere
492 2568 621 2607 quidem
641 2568 680 2597 ab
696 2567 788 2597 initio
805 2566 916 2597 debuit
934 2573 1014 2596 tran-

142 2605 244 2636 seunti
269 2607 479 2646 periculosum
506 2608 657 2640 futurum.
701 2607 819 2647 Neque
836 2607 900 2638 hoc
917 2616 1013 2646 nego.

142 2646 195 2678 sed
218 2656 257 2677 ex
280 2648 410 2678 adverso
437 2650 718 2681 considerandum:
742 2649 828 2688 quod
848 2648 967 2680 Praetor
983 2648 1014 2679 in

141 2688 207 2719 hoc
225 2687 339 2719 Edicto
366 2698 429 2720 non
448 2692 514 2723 vult
538 2692 671 2732 inquiri,
694 2692 762 2730 quis
779 2689 939 2728 posuerit:
963 2688 1016 2720 sed

144 2738 242 2770 quem
265 2731 465 2769 oportuerit,
490 2741 555 2771 quo
581 2733 681 2772 agitur
706 2741 874 2771 tempore,
898 2729 1016 2771 prospi-

142 2780 234 2809 cere3
258 2780 299 2803 ne
317 2770 449 2802 haberet
467 2773 610 2812 positum.
634 2774 698 2804 hoc
714 2783 793 2805 vero
810 2774 896 2812 cuius
913 2771 1014 2803 offici-

143 2822 197 2843 um
215 2811 278 2851 est,
299 2820 510 2852 praeterquam
535 2814 654 2846 domini
679 2823 733 2846 aut
749 2814 921 2862 inquilini?
945 2813 1015 2845 Illu-

142 2854 237 2887 ssravi
254 2863 328 2886 meo
347 2863 438 2886 more
453 2853 573 2885 versum
593 2857 726 2893 primurn
746 2859 774 2888 d.
792 2858 818 2898 ᾖ.
838 2865 882 2887 12.
898 2854 917 2885 l.
936 2864 967 2896 5.

182 2896 266 2940 Quis
282 2896 387 2928 alter?
402 2894 443 2927 fic
461 2894 567 2928 sonat:
584 2897 787 2932 Nam&cum
799 2898 892 2938 pistor
910 2898 941 2928 in
952 2903 1015 2937 per·

139 2938 214 2980 guia
233 2938 361 2978 clypeum
375 2937 421 2968 vei
437 2936 565 2967 tabulam
581 2937 734 2977 expositam
750 2938 886 2978 huoiiiffet
897 2961 906 2977 ‚
928 2946 1018 2980 eoque

142 2979 307 3019 excidzffet,
332 2977 370 3014 ὅ)
384 2978 548 3017 transeunti
564 2979 668 3024 damni
678 2980 747 3019 quid
761 2980 874 3019 dediffec
884 3003 893 3018 ‚
917 2979 1016 3010 Servi-

997 70 1264 108 Noonr
1317 68 1533 106 Coiiit.

1081 169 1139 199 pro
1156 160 1287 201 causali3
1312 170 1377 193 non
1394 160 1478 194 enim
1494 161 1643 192 continet
1657 158 1814 192 rationein
1831 161 1905 196 dicti
1919 164 1952 198 iii

1080 202 1203 243 priore:
1228 203 1280 235 sed
1305 203 1461 234 diversum
1481 208 1557 242 quid
1574 203 1612 232 ab
1631 202 1687 233 illo
1707 204 1828 234 tractat.
1851 213 1892 235 ita
1911 205 1952 237 su-

1079 247 1194 277 menda
1219 254 1277 286 pro
1300 254 1472 285 pl'ffllerea‚
1500 243 1548 275 vel
1573 251 1745 280 caeterum,
1773 245 1821 274 »el
1847 245 1953 287 simili,

1083 284 1222 317 habente
1247 296 1309 317 vim
1337 288 1522 327 incipiendi.
1569 285 1697 326 Pergiiia
1722 294 1800 314 vero
1826 287 1952 325 pictoris

1081 329 1172 367 (narn
1192 327 1255 359 hoc
1273 337 1404 368 quoque
1420 327 1552 366 audam)
1573 326 1635 364 ist,
1654 328 1718 364 tjus
1736 326 1870 364 exedra,
1887 328 1954 361 offi.

1082 370 1172 407 cina,
1195 370 1328 402 cellula:
1356 379 1387 400 ut
1406 371 1460 400 iub
1479 367 1612 405 'l‘iiulo‚
1641 367 1820 408 1,eju.iiczis
1837 369 1952 407 uictum

1081 410 1112 441 in
1134 410 1350 452 explicatione
1367 412 1385 442 l.
1405 420 1439 447 19
1468 410 1494 451 ὃ.
1514 420 1531 442 2
1560 411 1670 440 ibidem.
1718 410 1817 439 l'orro
1842 415 1952 451 clypeus

1082 451 1147 490 est,
1170 452 1252 492 pieta
1269 453 1392 493 imago,
1420 454 1502 483 dicta
1517 462 1533 483 a
1551 456 1655 493 c'ypei
1669 475 1678 489 ‚
1695 449 1757 480 sive
1777 452 1871 489 scuti,
1889 451 1953 485 for.

1080 502 1143 524 ma.
1167 494 1259 532 origo
1281 494 1308 524 ὅ(
1328 493 1415 524 causa
1433 494 1571 525 nominis
1588 494 1669 532 apud
1693 492 1824 523 Plinium
1843 494 1889 524 lib.
1904 503 1954 535 35.

1080 533 1159 565 Nat.
1174 533 1239 573 hist.
1257 544 1280 565 c.
1293 544 1319 575 3.
1345 534 1499 575 Exposuit
1519 536 1614 575 igitur
1634 534 1735 575 pictor
1753 536 1903 574 c'ypeum
1922 545 1953 568 in

1080 574 1566 616 pergula‚siveanteofficinam
1589 577 1620 607 id
1631 586 1670 606 ex
1681 576 1848 613 eoliquci,
1868 578 1953 616 quod

1080 617 1213 658 clypeus
1232 617 1370 655 decidit,
1387 617 1416 649 &
1434 620 1603 649 tranieunti
1623 625 1732 647 nocuit
1768 626 1804 647 an
1819 623 1909 649 datur
1924 628 1954 650 a-

1080 659 1144 689 ctio
1168 659 1208 690 ad
1234 659 1346 689 decem
1371 659 1514 691 aureos?
1545 660 1705 697 quoerendi
1731 662 1841 689 caula:
1865 660 1952 698 quod

1078 700 1199 732 Praetor
1215 708 1282 731 eam
1304 700 1461 732 actionem
1480 701 1639 740 promum
1663 699 1682 731 si
1704 701 1777 732 quii
1799 701 1953 739 periculo·

1079 741 1109 772 se
1132 740 1267 781 positum
1288 739 1323 772 sit
1340 740 1370 772 in
1390 742 1583 782 suggruenda
1603 741 1804 781 protect-ove.
1828 742 1858 772 id
1877 752 1953 775 vero

1078 783 1109 814 in
1129 782 1295 822 propofiio
1307 791 1370 813 non
1386 783 1441 814 est.
1466 784 1565 825 palam
1583 782 1751 824 igiturest,
1768 793 1836 814 cam
1855 784 1952 815 attio-

1075 833 1151 856 nem
1171 834 1234 856 non
1248 830 1436 864 competere
1448 833 1487 855 ex
1501 824 1602 855 Edieli
1618 825 1732 856 verbis.
1759 834 1828 864 quia
1849 834 1954 858 tamen

1077 866 1108 897 in
1128 866 1256 907 pergula
1275 864 1315 896 fic
1335 865 1453 905 positus
1476 866 1591 896 dicitur
1608 867 1760 907 clypeus,
1785 875 1817 897 ut
1838 868 1954 898 tranie-

1076 908 1144 939 unti
1164 917 1219 946 per
1231 907 1313 938 viam
1323 906 1484 946 publicam
1494 916 1584 946 aeque
1603 908 1795 948 periculolus
1811 908 1882 939 clivi
1897 933 1905 943 ,
1917 918 1955 940 ae

1077 947 1099 981 fi
1117 946 1194 980 esset
1211 949 1241 979 in
1255 948 1451 989 suggruenda
1469 950 1659 988 protetiove
1677 948 1810 987 positus,
1828 951 1954 988 respon-

1077 990 1124 1021 dit
1147 990 1294 1028 Servius,
1319 991 1356 1020 ad
1373 990 1556 1029 exemplum
1575 990 1663 1029 hujus
1683 990 1831 1025 .›cti0ni.<,
1857 992 1953 1023 attio-

1080 1040 1153 1062 nem
1170 1032 1234 1062 dari
1254 1038 1425 1070 oportere:
1449 1032 1478 1062 id
1498 1031 1562 1070 est,
1587 1033 1694 1062 utilem
1714 1041 1753 1062 ex
1771 1031 1870 1063 Edzti·
1889 1033 1953 1065 i'en-

1081 1073 1191 1104 tentia.
1219 1073 1399 1105 Postremus
1413 1073 1518 1103 versus
1536 1075 1564 1103 ci.
1584 1072 1611 1114 §.
1631 1072 1705 1104 12.l
1729 1079 1759 1113 5.
1784 1072 1824 1104 iic
1842 1074 1954 1106 habeti

1081 1114 1159 1145 Idem
1170 1115 1348 1153 servandum
1363 1111 1523 1154 respondit,
1540 1113 1575 1148 ὅ*
1588 1112 1617 1152 fi
1632 1114 1767 1154 amphora
1783 1123 1817 1145 ex
1834 1125 1854 1145 ra
1865 1116 1950 1147 riculo

1075 1156 1218 1195 (reticuli
1238 1156 1362 1187 mentio·
1378 1157 1406 1186 in
1423 1155 1440 1186 l.
1464 1164 1507 1196 17.
1530 1155 1596 1196 §.4⁶
1617 1157 1659 1186 l).
1675 1156 1708 1186 de
1727 1155 1780 1186 aci.
1798 1163 1883 1196 empc.
1899 1159 1952 1189 led

1076 1197 1149 1228 alias
1168 1198 1303 1237 legitur,
1318 1197 1468 1237 resticulo)
1484 1198 1625 1238 suspenla
1641 1198 1782 1236 decimati
1794 1221 1802 1235 ‚
1821 1197 1857 1232 &⁹
1871 1200 1950 1230 dam-

1075 1240 1107 1269 ni
1124 1240 1257 1278 decliffet,
1281 1239 1351 1280 qziz'ii
1369 1238 1405 1272 &³
1422 1239 1571 1279 legitima,
1596 1238 1632 1272 ὅ)
1649 1240 1801 1269 honoraria
1817 1239 1890 1270 ociso
1906 1241 1950 1270 cle-

1068 1278 1146 1320 ficz't.
1169 1279 1299 1318 Sensus,
1311 1279 1340 1311 in
1354 1280 1418 1311 h‹›c
1435 1286 1505 1310 calu
1518 1290 1581 1310 non
1594 1284 1781 1319 competere
1792 1280 1861 1312 astu
1879 1291 1951 1313 nem

1074 1321 1224 1352 directam
1243 1331 1280 1352 ex
1302 1321 1388 1362 Lege
1407 1323 1549 1361 Aquilia,
1568 1330 1671 1361 neque
1689 1321 1889 1353 honoraria-‚n
1908 1332 1949 1354 ex

1074 1364 1181 1402 priore
1202 1362 1302 1394 Edicti
1328 1364 1451 1402 capite:
1476 1362 1526 1393 sed
1552 1363 1684 1393 dandum
1711 1364 1839 1394 utiltm:
1865 1372 1950 1396 utin

1072 1405 1290 1443 explicatione
1306 1404 1324 1433 l.
1346 1413 1367 1435 1.
1389 1404 1407 1445 ὃ
1435 1414 1452 1440 q
1486 1403 1520 1433 I).
1540 1405 1567 1434 o.
1587 1410 1598 1434 t
1636 1412 1791 1436 tentatum
1812 1406 1908 1444 lui-ira.

1116 1445 1148 1476 ln
1176 1445 1387 1486 superioribus
1413 1443 1536 1485 Ulpiani
1565 1446 1644 1475 locis
1673 1444 1748 1476 milii
1770 1446 1947 1486 explicatio

1071 1486 1213 1518 succeffit
1231 1486 1299 1518 satis
1317 1495 1356 1517 ex
1376 1486 1529 1517 sententia
1570 1485 1618 1516 Dc
1638 1485 1788 1524 sequente
1805 1498 1839 1517 tx
1859 1487 1886 1528 ᾗ.
1903 1497 1948 1528 ¹3⁶

1069 1531 1097 1559 d.
1117 1529 1135 1558 i.
1153 1540 1183 1568 5.
1208 1529 1301 1568 plane
1318 1527 1462 1567 despero.
1490 1527 1594 1557 Verba
1614 1528 1683 1556 talia
1705 1532 1767 1557 iuni
1788 1536 1794 1557 :
1821 1527 1876 1567 istic
1896 1538 1949 1559 uu-

1071 1576 1125 1600 zem
1139 1568 1212 1600 αὲἶίο
1226 1569 1374 1609 popularis
1391 1567 1430 1607 est
1442 1592 1450 1605 ,
1468 1568 1502 1602 ἐξ
1521 1569 1614 1598 heredi
1632 1567 1821 1608 [iiiiii'ibusqzre
1838 1576 1945 1608 corripe-

1072 1611 1126 1641 zit:
1150 1612 1181 1641 in
1200 1611 1308 1641 heredes
1328 1616 1423 1641 autem
1441 1620 1496 1640 non
1516 1612 1663 1648 corripuit,
1681 1610 1750 1650 qiii‘o
1763 1612 1882 1648 poetalis
1899 1608 1948 1651 eft³

1072 1651 1148 1683 Non
1175 1653 1344 1692 improbo,
1370 1653 1456 1692 quod
1479 1651 1516 1681 ab
1537 1649 1674 1687 Ulpiano
1694 1651 1854 1691 populans
1872 1653 1950 1683 dici.-

1071 1701 1120 1725 tur
1140 1693 1222 1724 aetio
1239 1703 1267 1724 in
1285 1694 1397 1724 decem
1418 1702 1552 1731 aureos3
1576 1691 1595 1723 si
1615 1691 1682 1732 quis
1701 1692 1833 1731 piorum
1854 1693 1948 1725 habe-

1070 1742 1101 1766 at
1127 1735 1156 1766 in
1186 1734 1382 1776 suggruenda
1408 1733 1600 1775 proretiove
1618 1757 1627 1773 ,
1658 1735 1743 1771 quod
1769 1735 1948 1775 delaplum,

1070 1775 1241 1807 transeunti
1270 1776 1305 1807 sit
1328 1776 1550 1816 periculosum.
1577 1784 1640 1806 non
1661 1777 1755 1806 etiam
1773 1774 1944 1816 iii.pi·‹·bo;

1070 1818 1158 1858 quod
1176 1828 1212 1848 ea
1228 1818 1310 1849 aftio
1327 1818 1441 1849 dicitur
1458 1821 1486 1848 in
1506 1816 1640 1848 heredes
1658 1826 1721 1847 non
1735 1826 1944 1857 competere,

1070 1860 1141 1900 quia
1159 1859 1204 1890 est
1223 1860 1365 1899 poenalis.
1390 1858 1461 1890 Una
1479 1868 1572 1896 cura,
1592 1866 1662 1898 quae
1680 1857 1716 1889 fit
1731 1865 1811 1889 ratio
1832 1860 1945 1890 verbo*

1069 1911 1154 1933 rum:
1173 1901 1213 1932 Ei
1230 1902 1325 1931 heredi·
1334 1899 1533 1941 similibusque
1559 1902 1701 1940 competit.
1750 1899 1830 1931 Nam
1848 1900 1869 1932 fi
1887 1911 1945 1940 po-

1068 1943 1183 1983 pularis
1204 1942 1247 1974 est
1266 1941 1348 1974 actio
1365 1941 1395 1973 in
1414 1943 1525 1974 dec-cin
1542 1951 1676 1979 aureos,
1694 1949 1726 1971 iit
1747 1951 1809 1980 prae
1831 1944 1859 1972 ie
1879 1942 1945 1975 fert

1067 1986 1236 2025 Ulpianus:
1252 1984 1410 2024 competit
1428 1984 1598 2022 uuicuique
1613 1983 1651 2014 de
1663 1984 1802 2022 populo;
1819 1992 1879 2013 nec
1896 1991 1941 2014 at-

1067 2025 1319 2066 tinetquaerere‚
1337 2035 1372 2056 an
1385 2025 1494 2057 heredi
1508 2032 1673 2063 competat
1687 2035 1695 2054 :
1711 2032 1783 2056 cum
1798 2024 1839 2056 illi
1853 2034 1942 2056 com-

1063 2075 1173 2107 petat3
1191 2076 1253 2098 non
1271 2075 1430 2106 tamquam
1442 2064 1570 2103 heredi,
1587 2065 1637 2096 sed
1655 2074 1813 2105 tamquam
1831 2068 1882 2096 uni
1901 2068 1942 2098 de

1063 2109 1197 2149 populo.
1215 2106 1621 2148 praeitiicUlpianusil.i.5,
1635 2106 1698 2149 §.5
1718 2109 1747 2138 in
1765 2106 1941 2145 expolitio-

1063 2159 1104 2180 ne
1122 2149 1234 2190 prioris
1249 2148 1370 2181 Edicri:
1396 2149 1470 2194 Quae
1486 2154 1581 2179 autem
1599 2150 1631 2178 de
1646 2158 1675 2178 eo
1692 2150 1841 2188 competit,
1864 2149 1940 2190 quod

1062 2192 1131 2222 liber
1138 2193 1200 2232 peri
1203 2191 1250 2232 iffe
1260 2192 1371 2222 dicetur
1381 2214 1390 2229 ,
1399 2199 1480 2221 incra
1489 2199 1600 2221 annum
1617 2191 1774 2221 dumtaxat
1788 2192 1939 2231 competit:

1062 2241 1153 2274 neque
1162 2234 1192 2264 in
1206 2234 1347 2271 heredem,
1362 2234 1411 2271 leci
1426 2241 1515 2273 neque
1532 2231 1627 2262 heredi
1637 2229 1834 2272 similibusque
1841 2232 1937 2272 persti-

1061 2276 1125 2310 ni53
1142 2284 1207 2305 nam
1218 2272 1383 2316 efipoenulis
1399 2273 1596 2314 &populerit
1621 2271 1696 2303 Hoc
1711 2273 1729 2304 si
1748 2274 1787 2304 ab
1800 2272 1939 2313 Ulpiano

1061 2315 1266 2348 concluditur
1282 2316 1437 2347 rationi&
1451 2315 1509 2355 juri
1529 2313 1777 2345 convenienter:
1794 2323 1831 2344 an
1848 2316 1877 2345 ei
1888 2313 1938 2346 fas

1064 2356 1109 2388 est
1126 2359 1155 2388 in
1172 2359 1197 2388 cl.
1210 2357 1238 2399 §.
1258 2366 1302 2398 13.
1320 2357 1446 2394 dicere,
1466 2354 1522 2392 llio
1532 2354 1604 2386 attio
1614 2355 1762 2396 popularis
1776 2354 1832 2395 est,
1850 2354 1941 2390 &be-

1058 2400 1119 2430 recti
1130 2397 1328 2440 fimiizbzisque
1349 2396 1504 2439 comperii?
1528 2396 1604 2428 Non
1627 2396 1680 2427 est.
1707 2404 1804 2436 atque
1820 2406 1860 2427 eo
1877 2398 1936 2428 mi-

1058 2449 1133 2472 nus:
1149 2439 1219 2480 quia
1236 2440 1305 2471 haec
1320 2439 1403 2470 aftio
1414 2448 1453 2470 ex
1464 2439 1603 2470 secundo
1616 2437 1714 2468 Edieii·
1732 2437 1836 2477 capite
1847 2447 1937 2470 com-

1057 2491 1171 2522 petens
1194 2483 1226 2513 in
1252 2482 1365 2512 decem
1388 2489 1520 2517 aureos,
1545 2488 1608 2510 non
1636 2479 1699 2509 lioc
1718 2478 1827 2510 nititur
1843 2479 1936 2519 jure,

1058 2524 1146 2564 quod
1164 2522 1298 2562 politum
1316 2523 1445 2559 nocuit,
1462 2521 1514 2552 sed
1525 2520 1610 2560 quod
1621 2519 1715 2559 poffit
1731 2529 1860 2551 nocere.
1883 2521 1936 2552 cui

1057 2563 1152 2606 igitur
1168 2564 1256 2595 bono
1269 2587 1277 2603 ,
1289 2564 1371 2595 illain
1383 2563 1414 2594 in
1431 2563 1543 2593 decem
1553 2570 1665 2592 aureos
1681 2561 1744 2592 dari
1764 2561 1936 2594 heredibus

1058 2608 1122 2646 ejus
1140 2606 1191 2646 qui
1210 2605 1239 2636 in
1259 2615 1292 2635 re
1310 2604 1361 2635 sua
1378 2603 1465 2636 laesus
1481 2612 1543 2634 non
1562 2601 1623 2635 fit?
1644 2602 1784 2634 indicavi
1803 2603 1937 2635 difficul-

1059 2655 1157 2678 tatem
1177 2645 1394 2685 manifestam,
1418 2654 1435 2676 a
1458 2642 1576 2675 Latinis
1594 2642 1823 2685 Interpretibus
1840 2654 1937 2684 quaii-

1059 2697 1125 2720 tum
1144 2688 1291 2726 memini,
1316 2697 1379 2718 non
1398 2685 1655 2718 animadversam.
1679 2695 1748 2717 eam
1772 2685 1881 2724 sensit,
1907 2686 1937 2718 &

1059 2729 1174 2761 tollere
1191 2737 1324 2760 conatus
1341 2729 1416 2760 olim
1432 2726 1491 2758 fuit
1503 2726 1693 2759 Scholiastes
1705 2726 1838 2759 Graecus
1850 2752 1858 2765 ,
1875 2728 1937 2759 Ba-

1051 2770 1128 2810 filic.
1149 2771 1198 2802 lib.
1221 2775 1270 2802 60.
1294 2775 1386 2816 ²²2·st
1408 2777 1473 2800 tom.
1493 2778 1520 2808 7.
1534 2775 1602 2814 pag.
1623 2778 1678 2808 127
1707 2768 1750 2799 izi.
1768 2770 1804 2801 Ρ.
1832 2770 1938 2801 verbis

1059 2822 1129 2854 quae
1147 2811 1276 2853 apposui
1295 2821 1335 2842 ex
1352 2819 1617 2850 interpretatione
1637 2810 1776 2841 Fabi-oti.
1824 2811 1857 2841 Id
1875 2809 1934 2850 est,

1057 2855 1089 2885 in
1097 2853 1217 2894 fastum
1232 2863 1295 2895 quae
1317 2855 1348 2884 i'n
1364 2854 1482 2894 duplum
1499 2853 1628 2891 sompeti't
1639 2875 1647 2887 ,
1670 2853 1704 2882 de
1718 2862 1777 2893 qua
1794 2852 1940 2892 differuic..

1058 2898 1096 2927 aci
1111 2905 1172 2926 eam
1186 2897 1260 2925 enirn
1277 2896 1349 2925 redii
1365 2896 1442 2925 modo
1453 2918 1461 2931 ‚
1486 2893 1522 2927 δ’
1540 2894 1615 2934 quod
1635 2894 1666 2923 in
1683 2904 1711 2924 eo
1727 2894 1851 2924 themate
1865 2900 1934 2929 pue-

1059 2938 1215 2977 termiserat
1226 2960 1234 2973 ,
1251 2937 1372 2977 reponit.
1388 2936 1428 2966 ibi
1444 2937 1519 2966 enim
1536 2936 1633 2965 docuit
1647 2936 1678 2965 in
1695 2936 1810 2975 duplum
1828 2945 1888 2965 eom
1905 2944 1935 2965 a-

1060 2978 1180 3010 &ionem
1195 2979 1278 3009 dari.-
1302 2988 1382 3009 nunc
1401 2979 1478 3009 docet
1493 2976 1661 3017 popularem
1679 2975 1738 3017 effe.
1777 2975 1841 3006 Nec
1858 2977 1935 3006 enim

142 3029 177 3051 us
193 3021 333 3061 respondit
345 3044 354 3058 ‚
376 3022 414 3051 ad
435 3019 593 3059 exemplum
615 3019 702 3059 ῥῖψις
718 3020 839 3051 astionis
856 3023 921 3052 ilari
937 3028 1015 3062 opor·
1057 3021 1091 3051 de
1108 3030 1139 3051 ea
1155 3020 1284 3060 loquitur
1299 3029 1361 3060 quae
1376 3021 1406 3049 in
1417 3026 1616 3049 oecemaitreos
1631 3018 1779 3057 comp-eiii:
1794 3026 1856 3056 qoae
1868 3025 1935 3046 cum

141 3067 200 3092 tere
223 3061 378 3093 astionem:
403 3062 477 3092 hanc
502 3062 578 3091 enim
595 3070 651 3091 non
666 3067 818 3099 competere
832 3063 927 3101 polam
945 3062 1014 3102 effu
1051 3061 1092 3099 fit
1108 3062 1141 3092 de
1163 3061 1264 3092 damno
1289 3063 1462 3100 impendenti
1478 3061 1608 3090 nondum
1618 3058 1717 3098 fatto,
1747 3066 1804 3097 qua
1823 3059 1935 3087 ratione

141 3104 213 3145 quia
228 3113 317 3143 neque
331 3105 363 3134 i'n
373 3102 584 3144 fiiggruenda‚
607 3111 697 3142 neque
720 3103 752 3131 in
768 3102 893 3141 protetio
916 3103 1015 3134 tabula
1058 3106 1184 3134 nondum
1201 3101 1259 3137 laefi
1274 3104 1305 3134 in
1323 3112 1353 3133 re
1366 3104 1419 3139 lua
1430 3102 1576 3132 heredibus
1591 3102 1657 3131 dari·
1670 3097 1779 3138 pffct?
1795 3098 1846 3128 Sic
1861 3098 1933 3129 ille:

134 3146 239 3186 suerat
249 3143 351 3185 postca.
396 3144 542 3185 Vocula,
566 3143 671 3183 Nam,
693 3141 759 3175 hoc
784 3142 874 3175 versu
890 3151 955 3177 non
972 3144 1018 3176 est

1060 3144 1114 3179 sed
1129 3143 1288 3178 refutatur
1302 3145 1407 3187 palam
1419 3146 1447 3175 a.
1462 3142 1482 3175 i,
1499 3152 1528 3183 5.
1545 3140 1574 3182 §.
1588 3153 1618 3184 5.
1637 3140 1690 3172 Tu
1705 3139 1821 3180 cogita.

1869 3218 1935 3260 Tr*

1932 77 1992 133 'f
