2036 3495
483 97 554 133 Drz
591 96 786 132 Pacr1s
830 103 890 131 Er
933 95 1475 137 Trinsicrrosissus,

72 191 119 223 vis
134 191 164 222 ὅ(
179 190 328 231 fimplex:
344 192 453 220 neutra
470 187 613 220 involuta
627 194 680 218 aut
695 186 824 218 distorta
835 187 938 219 amba-

72 232 174 274 gibus.
206 231 282 273 quid
306 230 474 263 Scaevola‘?
497 229 538 261 sic
562 229 752 274 respondet:
783 229 847 260 Aut
870 228 939 260 sunt

72 274 169 305 iidem
185 274 360 305 creditores
375 272 427 312 qui
444 271 592 302 fecerunt
609 269 865 307 transactionem,
884 278 938 301 aut

72 314 141 346 sunt
167 316 227 346 alii.
258 314 280 346 fi
306 315 401 345 iidem
428 312 511 344 sunt:
535 319 666 353 oportet
691 320 746 341 eos
769 311 937 342 observare

73 356 162 395 quod
186 357 225 387 de
251 365 311 387 aere
334 355 438 386 alieno
463 354 545 385 inter
567 354 596 384 se
621 352 820 393 pepigerunt.
850 352 870 383 ii
888 353 936 384 alii

74 398 159 429 sunt:
183 397 311 429 rationis
328 397 391 434 est,
416 403 584 433 utrumque
602 393 753 425 heredem
772 403 830 434 pro
848 403 937 434 pai-te

71 439 257 470 hereditatis
269 446 359 477 quam
376 437 406 468 in
425 436 633 469 transactione
645 434 848 475 expresserit,
864 445 939 467 con·

71 480 182 512 veniri.
205 489 264 511 nec
279 479 363 510 deest
375 478 525 509 Scaevolae
539 476 627 507 causa
644 485 696 506 aut
713 477 819 516 potius
836 477 936 508 color.

72 530 108 552 ea
124 520 212 552 causa
222 529 317 561 atque
333 520 356 550 is
370 520 462 550 color
477 517 538 549 fuit
553 519 707 549 incertum
726 516 935 549 succeffionis.

71 572 112 593 eo
136 570 291 602 praetextu
314 560 452 592 decurrit
469 560 507 590 ad
525 559 665 591 actiones
685 559 778 590 utiles
796 559 878 600 quasi
898 569 937 590 ex

71 613 164 644 aequo
183 604 211 635 dc
229 604 324 634 bono.
348 610 522 641 perperam.
542 610 614 632 meo
628 601 767 640 judicio,
785 600 866 632 solus
884 601 936 632 he-

71 654 121 676 res
137 644 199 682 est,
223 643 411 675 testamento
435 641 577 680 scriptus.
607 643 695 682 isque
713 641 853 674 defuncti
872 651 937 673 cre-

71 686 227 717 ditoribus
246 686 276 716 in
296 684 426 715 solidum
452 693 579 714 tenetur
600 683 725 714 direttis
749 683 935 714 actionibus.

72 727 148 759 Non
165 725 309 757 arcess‘am
327 726 537 757 documenta:
555 735 586 756 re
602 725 774 764 loquente,
791 724 938 765 scriptum

67 768 127 808 jam
137 777 176 799 ex
186 767 374 798 testamento
386 766 475 798 fuiffe
486 766 634 797 heredem
645 766 786 797 aditione
800 765 917 796 fattum
929 788 938 804 ,

67 817 141 840 ante
152 816 254 840 ortam
265 810 347 839 inter
363 817 434 839 eum
446 807 474 838 δι
488 808 662 848 legitimum
674 806 937 838 controversiam:

70 859 170 889 eaque
181 849 308 889 sequuta
326 850 354 880 ἃ
370 848 541 886 minnista,
560 849 712 879 heredem
728 848 790 879 effe
807 857 870 878 non
889 849 940 879 de·

69 891 154 923 fiisse.
171 890 321 922 Siccine?
337 891 414 922 licet
429 890 604 921 dissentire:
623 890 725 921 invito
741 889 816 920 nihil
833 895 939 920 extor-

71 941 165 973 queo.
197 941 318 964 tantum
345 941 440 972 peto:
471 931 492 963 ii
515 940 565 962 cui
589 940 652 962 non
679 931 823 962 videatur
848 930 939 960 heres

68 975 200 1015 icriptus
213 974 242 1004 in
254 976 280 1004 d.
293 974 311 1004 l.
328 983 372 1010 14.
393 973 600 1004 hereditatem
618 971 740 1010 adiisl'e,
760 973 939 1012 priusquam

68 1015 112 1047 illi
129 1023 215 1047 mota
231 1024 246 1045 a
263 1015 406 1056 legitimo
423 1013 483 1045 fuit
499 1011 732 1044 controversia:
751 1012 827 1044 mihi
844 1020 940 1052 expo-

70 1066 144 1095 nat3
169 1066 224 1087 cui·
237 1064 384 1096 putetur,
407 1056 436 1087 id
453 1054 559 1086 fecisse
577 1055 607 1085 in
625 1055 643 1085 l.
664 1064 693 1095 3.
711 1053 752 1084 D.
769 1055 826 1084 eod.
841 1055 884 1084 tic.
906 1060 941 1098 ut

69 1099 181 1129 eadem
199 1097 234 1128 sit
250 1097 413 1138 utriusque
432 1096 566 1136 species:
595 1095 692 1126 verba
713 1094 937 1126 confideranti-

69 1139 139 1170 bus.
163 1137 290 1170 Omitto
308 1139 326 1168 ί.
340 1149 368 1179 3.
386 1138 602 1169 examinemus
617 1137 634 1166 l.
657 1145 701 1175 η.
721 1134 870 1167 Ullumne
884 1135 938 1181 yel

69 1182 102 1211 in
126 1189 162 1211 ea
187 1180 336 1210 indicium
353 1187 430 1209 ortae
448 1177 673 1209 conti-oversiae
690 1185 763 1208 ante
783 1176 937 1222 heredita-

71 1229 135 1253 tem
153 1231 169 1252 a
188 1220 303 1261 scripto
322 1220 437 1251 herede
453 1219 593 1250 aditam?
616 1227 680 1249 non
698 1218 809 1255 video,
827 1226 867 1247 ne
883 1225 939 1248 mi-

67 1264 187 1294 nimum
205 1263 343 1301 quidem.
359 1270 391 1291 tu
407 1260 426 1291 si
441 1260 550 1290 habes:
562 1259 703 1290 ostende.
722 1257 856 1289 ficares:
874 1258 939 1288 noli

69 1303 190 1343 fingere
208 1303 292 1343 quod
310 1300 441 1334 ins-acro
460 1310 521 1331 non
545 1299 648 1341 posuit
668 1298 857 1345 Consultor3
877 1308 937 1343 nec

69 1346 101 1376 in
121 1342 281 1383 Responso
298 1343 420 1374 notavit
437 1343 590 1373 Scaevoia.
608 1341 745 1380 alioquin
759 1340 937 1380 vrsperlua-

68 1385 133 1416 sum
159 1385 245 1425 quod
269 1384 386 1415 docere
410 1392 474 1414 non
500 1391 604 1422 potes.
645 1381 765 1414 Praeter
782 1381 850 1412 haec
866 1381 934 1413 dic:

69 1426 165 1467 (scire
181 1426 264 1456 enim
277 1425 390 1465 cupio)
408 1433 470 1464 quo
488 1424 581 1464 pacto
593 1425 733 1463 potuerit
750 1423 831 1453 inter
847 1423 935 1454 here-

69 1469 141 1499 dem
159 1466 303 1506 scriptum
321 1467 350 1497 dt
366 1466 540 1505 legitimum
557 1466 634 1496 oriri
651 1462 866 1495 controversia
883 1473 933 1494 an-

69 1517 101 1539 te
118 1508 233 1539 aditam
251 1507 470 1538 hereditatem.
497 1505 572 1537 Non
591 1515 631 1537 eo
648 1504 785 1543 inficias,
800 1504 936 1546 potuiffe

69 1550 114 1581 illi
131 1551 169 1580 ab
187 1549 249 1580 hoc
261 1549 344 1588 injici
363 1556 481 1579 metum
500 1547 615 1578 futurae
633 1545 876 1578 controverfiae:
891 1545 936 1576 fa-

71 1591 120 1622 cta
142 1591 390 1621 comminatione
417 1591 456 1619 de
481 1589 641 1620 movenda
665 1587 735 1626 post
759 1588 935 1619 aditionem

69 1631 294 1663 controversia.
321 1630 362 1662 At
380 1631 513 1670 primum
530 1631 616 1670 quod
635 1628 680 1660 est
698 1629 788 1668 hujus
804 1631 936 1674 commi·

70 1674 206 1705 nationis
221 1673 259 1703 ad
279 1680 371 1712 quam
389 1679 437 1701 res
455 1670 642 1709 substiterit,
658 1671 688 1701 in
705 1671 731 1701 d.
748 1670 767 1700 l.
785 1679 832 1708 14.
848 1669 937 1700 vesti-

70 1714 181 1755 gium?
197 1713 325 1745 nullum⁴
350 1712 478 1743 Deinde
495 1721 564 1751 quae
575 1712 675 1743 timeri
689 1710 794 1751 potest
809 1718 937 1742 contro-

70 1755 187 1793 versia,
204 1763 239 1785 ea
256 1763 318 1785 non
335 1752 378 1784 est
390 1761 458 1784 orta
470 1751 686 1784 controversia
704 1761 764 1792 qua
779 1752 818 1783 de
835 1752 936 1792 loqui-

72 1803 122 1826 tur
137 1795 296 1827 Scaevola:
314 1802 436 1825 tantum
454 1793 498 1825 est
517 1793 649 1834 suspicio
666 1794 793 1824 oriturae
805 1816 814 1832 ‚
829 1793 859 1824 id
875 1792 937 1832 cst,

71 1836 186 1868 futurae
202 1835 253 1867 seu
269 1836 435 1867 movendae
445 1834 685 1866 controveriiae:
700 1843 772 1866 curn
785 1842 852 1865 orta
862 1843 938 1866 con-

73 1876 222 1909 troversia
239 1877 273 1908 fit
299 1885 386 1908 mota
403 1876 615 1907 controverfla
631 1877 661 1907 in
678 1875 798 1907 Vetere
817 1875 938 1917 Lapide

72 1928 167 1958 quem
184 1918 271 1958 posui
287 1918 334 1949 lib.
352 1928 380 1958 3.
399 1918 445 1947 De
454 1918 566 1957 foenore
578 1916 613 1950 &2³
630 1918 722 1956 usuris
736 1923 797 1957 cap.
820 1926 865 1948 10.
885 1916 938 1948 Ul·

70 1961 183 2001 pianus
200 1960 219 1990 l.
235 1963 265 1990 6.
281 1958 310 2000 §.
330 1960 382 1990 uit.
402 1958 441 1990 D.
470 1961 503 1989 de
517 1957 666 1999 inofficiosa
683 1955 846 1998 testamento
862 1958 939 1989 dicit

71 2010 205 2040 creptam
230 1999 474 2032 controversiam
497 2001 545 2030 vel
565 2008 787 2039 praeparatatii3
811 2000 840 2030 dt
857 1998 939 2030 hanc

72 2042 217 2074 discernit
234 2051 249 2072 a
273 2041 429 2073 movenda
447 2040 612 2071 inofficiosi
629 2041 766 2080 querela.
811 2039 937 2071 Eodem

72 2084 171 2115 modo
189 2082 298 2114 Paulus
316 2083 345 2113 in
362 2083 380 2113 l.
392 2092 421 2119 4.
441 2082 480 2112 D.
502 2082 534 2113 Si·
551 2082 673 2121 cuiplzrs
687 2091 773 2122 quam
787 2088 837 2122 per
851 2082 938 2122 legem

72 2123 228 2156 Falcidiam
243 2125 353 2155 licuerit
369 2124 484 2154 illatam
500 2123 561 2155 litis
571 2123 818 2154 controversiam
834 2123 937 2154 distin-

74 2166 142 2207 guit
158 2175 174 2195 a
191 2166 293 2196 minis.
320 2165 472 2205 Iniquum,
491 2165 654 2204 inquiens,
679 2170 759 2203 erat,
783 2165 936 2196 omnimodo

74 2207 186 2244 caveri,
208 2208 331 2236 nondum
347 2207 430 2237 illata
445 2204 632 2243 controversia
653 2205 732 2245 titis,
755 2215 819 2237 cum
833 2204 937 2245 poffint

74 2248 100 2277 ei
118 2247 223 2280 lusoria:
239 2248 321 2277 minae
331 2246 409 2286 fieri.
433 2247 509 2287 lmp.
523 2256 652 2286 quoque
669 2248 847 2279 Antoninus
870 2247 889 2277 l.
907 2257 935 2278 2.

76 2288 110 2319 C.
134 2289 167 2318 de
182 2287 421 2319 transafflonibus
439 2289 499 2319 litis
522 2289 669 2319 timorem
687 2287 805 2328 separat
820 2297 836 2318 a
855 2297 939 2327 quae-

74 2328 176 2361 stione
193 2329 385 2360 hereditatis.
410 2329 563 2360 Antonini
583 2329 677 2360 verba
695 2328 772 2360 sunt.
797 2327 861 2365 Etsi
874 2329 938 2359 nul-

74 2370 104 2401 la
120 2369 222 2409 fuiffet
238 2367 350 2411 quaeflt'o
367 2370 547 2408 hereditatis,
570 2376 664 2401 tamen
675 2376 792 2411 propter
814 2371 939 2401 timorem

75 2411 134 2441 litis
149 2409 520 2452 tranmffloneinterposita.
541 2410 607 2450 jam
621 2410 737 2442 Cicero
747 2434 756 2450 ,
770 2411 827 2442 Pro
843 2411 939 2455 Quin-

77 2452 116 2482 tio
132 2459 191 2493 cap.
207 2463 236 2492 5.
255 2452 405 2493 Appellat,
420 2453 540 2493 inquit,
557 2453 631 2482 ultro
647 2452 805 2491 Naevium,
822 2460 855 2483 ut
870 2462 939 2493 quo-

78 2493 157 2522 niam
174 2494 367 2533 suspicaretur
389 2493 487 2535 aliqua
511 2494 544 2523 de
565 2503 595 2523 re
609 2494 678 2532 fore
703 2492 938 2531 controverfiarn3

80 2533 202 2572 videret,
226 2540 257 2564 ut
275 2544 360 2575 quam
374 2536 501 2573 primum
518 2534 554 2568 δέ)
570 2544 656 2575 quarn
670 2536 788 2566 minima
803 2545 867 2566 cum
881 2545 938 2565 'lnc-

83 2570 160 2611 lesbia
174 2579 230 2604 tota
244 2584 285 2605 res
299 2574 508 2616 tranfigeretur.
533 2576 599 2606 Alia
610 2577 703 2617 igitur
718 2576 762 2608 est
777 2584 864 2615 orta,
881 2576 940 2607 alia

82 2613 198 2644 oritura
220 2616 440 2648 controversia.
471 2624 542 2648 orta
562 2617 605 2648 est
632 2616 781 2657 praesens:
805 2625 837 2648 ut
864 2617 940 2648 Orta

81 2653 209 2694 fulguris
222 2656 430 2695 interpretatio,
446 2659 526 2696 apud
541 2656 689 2689 Tacitum
704 2659 752 2690 lib.
768 2668 813 2698 14.
830 2658 941 2690 Amzai.

83 2704 107 2726 c.
125 2704 161 2725 22
172 2717 181 2732 ,
197 2693 241 2740 est
256 2696 395 2734 praesens.
427 2697 477 2729 De
494 2706 624 2739 utraque
640 2699 871 2737 controversia,
888 2709 941 2740 pe-

83 2744 188 2775 rteque
200 2735 283 2766 licita
295 2737 460 2769 traiisaQio
476 2739 529 2770 est.
554 2740 634 2779 apud
645 2740 821 2772 Scaevolam
837 2750 942 2771 tamen

85 2778 114 2808 d.
132 2776 150 2806 l.
173 2785 217 2813 14.
238 2785 299 2806 non
317 2780 504 2816 provocavit
519 2789 586 2811 eam
605 2783 730 2812 oriturae
747 2791 849 2813 metus
868 2791 943 2812 con-

85 2815 261 2848 troversize:
279 2816 346 2854 sed,
365 2818 472 2855 utipse
486 2820 545 2858 ait,
563 2828 630 2852 orta
646 2823 871 2854 controversia.
888 2832 945 2853 cae-

85 2866 188 2889 terum
213 2867 277 2896 quo
303 2859 400 2888 inodo
417 2858 512 2891 fucrit
533 2862 614 2892 inter
630 2862 779 2895 heredem
797 2863 944 2903 scriptum

84 2899 299 2939 &legitimum
315 2907 384 2930 orta
394 2909 464 2930 ante
474 2901 587 2932 aditam
604 2902 821 2942 hereditatem,
836 2906 865 2935 id
882 2904 946 2943 est,

84 2948 159 2972 ante
180 2949 283 2971 natam
307 2940 450 2979 legitimo
474 2950 584 2973 contra
603 2942 749 2982 scriptum
766 2946 922 2977 afflonem
935 2969 944 2983 ‚

84 2991 148 3013 non
165 2981 313 3021 conjicio.
338 2981 425 3012 lubet
441 2981 545 3014 facere
561 2984 744 3022 periculum.
768 2986 803 3016 fit
819 2987 946 3026 querela

83 3022 248 3054 inofficioii
268 3022 454 3053 testamenti.
480 3033 666 3064 umquamne
683 3025 815 3057 nascitur
831 3036 903 3058 ante
918 3037 946 3058 a·

86 3065 181 3095 dicam
198 3064 433 3095 hereditatem?
449 3065 535 3095 nullo
553 3066 659 3097 modo.
676 3066 783 3097 auftor
794 3066 946 3107 Ulpianus

84 3105 105 3136 l.
118 3110 145 3139 8.
163 3105 191 3146 §.
207 3114 250 3136 10.
269 3104 310 3136 D.
329 3106 361 3134 de
379 3104 526 3145 iriofficzry‘b
542 3105 712 3146 testamento.
736 3108 828 3147 quid,
844 3107 865 3139 fi
880 3118 947 3140 ver-

86 3154 168 3177 tatur
193 3146 375 3177 hereditatis
396 3147 510 3185 petitio
528 3157 567 3178 cx
584 3148 639 3178 alia
658 3147 767 3186 causa,
790 3157 882 3188 quarn
906 3150 946 3182 dc

82 3185 284 3259 inrglfficiogo‘?
306 3196 422 3228 nempe
446 3189 535 3221 datur
559 3190 586 3221 ei
605 3189 657 3230 qui
677 3187 761 3224 suam
778 3189 839 3224 effe
855 3190 943 3224 here·

149 3237 201 3260 om.
244 3251 251 3259 .

1789 115 1805 147 4
1814 113 1859 146 49

984 187 1115 220 ditatem
1136 190 1303 222 contendit
1319 191 1338 223 l.
1354 196 1429 229 1.pr.
1443 188 1479 225 ὅ)
1492 189 1520 233 §.
1543 199 1566 222 1.
1583 189 1625 222 D.
1651 189 1685 222 Si
1696 196 1765 232 pars
1779 191 1857 222 here·

980 229 1079 260 ditatis
1092 236 1335 272 petatur,atque
1353 231 1498 264 adversus
1514 241 1584 264 eum
1602 231 1653 272 qui
1670 234 1851 271 totam,i=el

981 271 1044 309 ejus
1063 280 1201 311 partem,
1219 273 1267 304 vel
1287 283 1328 304 ex
1343 273 1461 314 cajus,
1478 274 1528 305 vel
1547 283 1611 305 rem
1628 274 1763 315 aliquam
1780 283 1853 314 pos-

980 310 1057 342 sidet
1076 322 1135 353 pro
1156 313 1273 345 herede
1291 315 1340 345 vel
1354 324 1411 355 pro
1429 313 1600 354 possessore
1617 314 1635 346 l.
1647 320 1675 350 8.
1693 316 1711 346 l.
1723 325 1753 352 9.
1770 316 1789 346 l.
1804 324 1851 348 10.

984 352 1025 383 D.
1043 354 1075 382 de
1091 355 1254 385 hereditatis
1264 357 1410 396 petitione.
1434 354 1469 387 In
1486 364 1618 396 utraque
1635 357 1729 397 igitur
1748 356 1852 397 specie

981 403 1030 424 res
1048 394 1109 425 huc
1128 398 1227 427 redit:
1252 406 1286 427 ut
1303 405 1375 428 cum
1391 397 1532 428 Scaevola
1545 421 1554 437 ‚
1573 396 1787 436 Controversia,
1808 398 1851 428 in-

981 435 1068 475 quit,
1092 437 1168 467 inter
1193 437 1350 479 legitimum
1367 438 1403 473 &²
1412 439 1554 478 scriptum
1572 440 1698 469 heredem
1716 444 1778 470 orta
1792 437 1848 479 est:

981 476 1064 507 nulla
1089 477 1123 508 iit
1147 486 1252 516 mora,
1276 489 1315 510 ne
1334 480 1425 511 heres
1443 478 1575 519 scriptus
1594 480 1803 511 hereditatem
1820 489 1851 511 a·

981 518 1072 549 diei-it
1089 526 1162 549 ante
1173 528 1273 551 ortam
1290 520 1372 551 inter
1389 529 1462 552 eum
1481 520 1511 551 dt
1529 520 1703 561 legitimum
1722 529 1852 552 contro-

980 558 1132 591 versiam:
1154 560 1305 600 siquidem
1329 562 1412 593 nulla
1431 562 1513 593 inter
1530 571 1585 593 eos
1610 562 1650 593 de
1676 562 1853 594 hereditate

980 608 1052 630 ante
1069 601 1142 632 oriri
1164 602 1512 642 potuitcontroverfia:
1534 603 1617 634 nulla
1633 603 1785 635 intereos
1801 613 1853 635 an-

982 649 1012 672 te
1031 650 1100 672 nata
1117 643 1253 675 ustione.

1024 683 1065 714 lit
1081 683 1100 714 ii
1118 683 1248 724 scriptus
1263 685 1324 724 jam
1343 694 1383 716 ex
1405 684 1593 717 testamento
1610 685 1701 716 heres
1720 685 1782 717 fuit
1799 695 1852 718 an-

984 729 1015 753 te
1031 732 1133 755 ortam
1151 725 1233 756 inter
1249 736 1322 758 eum
1341 727 1370 758 &
1389 727 1564 767 legitimum
1583 726 1852 759 controverfiam:

983 765 1051 804 quis
1078 766 1194 797 deinde
1220 767 1364 807 legitimo
1388 770 1577 808 relinquitur
1600 768 1718 800 locus?
1740 775 1852 807 certo,

984 806 1134 844 quamdiu
1151 805 1195 838 est
1214 806 1305 839 heres
1324 818 1363 839 ex
1383 809 1592 847 testamento,
1616 810 1734 841 tamdiu
1752 810 1855 850 legiti-

982 855 1068 877 mum
1086 856 1150 877 non
1164 848 1288 879 admitti
1304 849 1322 880 l.
1341 854 1390 885 89·
1409 849 1451 881 D.
1471 852 1503 882 de
1520 851 1625 891 regulis
1636 851 1733 893 juris:
1756 860 1853 890 quan-

983 889 1026 917 do
1039 887 1087 927 jus
1106 888 1245 920 nostrum
1267 899 1331 920 non
1350 891 1485 930 patitur,
1509 893 1657 924 eumdem
1673 894 1703 924 in
1722 893 1852 933 paganis

983 927 1012 958 <Sc
1026 927 1171 960 testatum
1182 929 1399 962 &intestatum
1413 932 1569 964 decedere
1586 934 1605 964 l.
1619 944 1646 973 7.
1658 933 1699 964 D.
1718 936 1750 964 rie
1767 943 1852 976 regu-

981 969 1016 999 lis
1028 969 1128 1010 juris,
1145 979 1185 1001 ne
1203 970 1346 1001 instituta
1363 973 1491 1011 quidem
1511 975 1658 1013 querela,
1676 974 1731 1006 nisi
1747 975 1854 1015 sequa-

983 1017 1033 1040 tur
1048 1009 1208 1051 sententia.
1227 1011 1244 1042 l.
1258 1022 1305 1051 24.
1321 1012 1364 1044 D.
1381 1014 1414 1043 de
1428 1013 1577 1054 inofficioso
1590 1014 1772 1055 testamento:
1787 1025 1854 1056 quo

983 1050 1052 1082 casu
1068 1051 1245 1084 testamenti
1262 1052 1436 1086 factionem
1453 1054 1592 1086 habuiss‘e
1610 1057 1778 1088 defunctus
1788 1067 1854 1089 non

983 1093 1123 1124 creditur
1138 1094 1156 1125 l.
1176 1103 1221 1134 17.
1238 1093 1266 1135 §.
1289 1103 1313 1125 1.
1331 1094 1372 1125 D.
1388 1096 1446 1126 eod.
1464 1098 1509 1127 tit.
1533 1096 1609 1128 Non
1627 1099 1727 1129 minus
1744 1107 1855 1130 verum

982 1133 1044 1172 est,
1062 1136 1148 1174 quod
1164 1135 1258 1166 semel
1276 1135 1368 1166 heres
1384 1135 1504 1174 faetus,
1520 1147 1587 1168 eam
1606 1138 1769 1178 personam
1786 1149 1853 1172 non

982 1174 1116 1215 deponit
1133 1176 1152 1206 l.
1171 1181 1220 1211 88.
1239 1175 1282 1207 D.
1299 1177 1332 1207 de
1346 1175 1494 1208 heredibus
1510 1176 1692 1219 instituendis
1703 1203 1711 1217 ‚
1728 1190 1791 1212 non
1810 1181 1854 1212 di-

982 1224 1051 1247 cam
1067 1217 1177 1249 amiffis
1193 1217 1387 1249 transsatisve
1404 1219 1498 1249 bonis
1516 1219 1730 1251 hereditariis:
1747 1221 1798 1252 sed
1814 1231 1855 1253 ne

981 1257 1119 1289 cesfione
1137 1259 1265 1299 quidem
1282 1259 1465 1292 hereditatis
1479 1261 1509 1291 in
1529 1261 1596 1300 jure
1616 1262 1796 1293 lolemniter
1813 1263 1857 1293 sa-

987 1298 1034 1328 &a
1058 1301 1139 1339 apud
1165 1300 1349 1332 Praetorem.
1382 1310 1414 1332 ut
1440 1302 1523 1333 enim
1549 1302 1630 1333 hanc
1651 1304 1745 1334 cedat
1756 1306 1855 1335 maxi-

979 1348 1045 1370 me:
1070 1341 1180 1381 utique
1197 1349 1302 1373 manet
1320 1343 1430 1380 heres,
1448 1352 1507 1374 nec
1523 1353 1538 1373 a
1557 1343 1696 1375 defuncti
1716 1345 1855 1375 credito-

978 1381 1064 1411 ribus
1080 1382 1238 1414 liberatur.
1263 1386 1350 1423 quod
1367 1383 1386 1414 ss
1403 1383 1531 1424 est;(ut
1549 1384 1593 1416 est
1612 1386 1800 1417 verissimum
1818 1385 1855 1417 fi-

978 1422 1018 1453 de
1036 1421 1163 1462 Ulpiani
1186 1424 1217 1454 in
1233 1423 1347 1466 Fmgm.
1365 1426 1411 1455 zz't.
1432 1426 1487 1465 19)
1502 1435 1556 1457 cur
1572 1426 1693 1458 laborat
1713 1427 1856 1458 Scaevola

978 1464 1009 1494 in
1029 1465 1055 1494 cl.
1075 1464 1094 1495 l.
1117 1464 1175 1504 14?
1193 1473 1301 1506 putat,
1319 1466 1530 1497 hereditatem
1546 1468 1661 1499 aditam
1678 1468 1717 1499 ab
1736 1468 1855 1500 herede

979 1503 1117 1545 scripto,
1140 1507 1205 1546 ejus
1230 1506 1380 1547 pactione
1405 1506 1532 1538 transire
1549 1509 1587 1539 ad
1606 1509 1781 1549 legitimum
1801 1510 1854 1542 vel

978 1546 1009 1577 in
1036 1554 1158 1584 totum,
1181 1548 1231 1579 vel
1257 1557 1315 1587 pro
1339 1548 1454 1588 parte?
1478 1548 1624 1580 nimirum
1650 1550 1739 1588 vult,
1764 1551 1854 1590 quod

979 1587 1074 1618 civile
1090 1597 1126 1619 ac
1143 1587 1285 1620 solemne
1300 1589 1352 1628 jus
1370 1598 1434 1620 non
1453 1596 1575 1627 mutat,
1591 1590 1770 1622 cesfionein
1784 1591 1855 1631 jure

979 1628 1063 1660 facta
1079 1631 1162 1669 apud
1181 1630 1373 1667 Praetorem,
1398 1631 1429 1661 id
1447 1630 1540 1671 paeto
1557 1630 1621 1662 fine
1638 1632 1778 1664 ceffione
1796 1630 1853 1663 fie-

980 1670 1014 1701 ri.
1039 1677 1070 1701 at
1086 1671 1253 1703 ridiculum
1272 1671 1334 1703 est:
1351 1671 1509 1703 hei-editas
1526 1673 1609 1704 enim
1626 1682 1690 1704 non
1709 1672 1854 1706 defertur

980 1711 1093 1751 patto,
1117 1711 1168 1744 sed
1191 1713 1322 1752 publico
1342 1713 1431 1753 J'ure,
1454 1714 1486 1744 id
1503 1713 1565 1752 est,
1589 1713 1780 1746 testamento
1797 1723 1852 1747 aut

980 1754 1051 1793 lege
1076 1753 1104 1794 §.
1122 1753 1175 1784 ult.
1194 1752 1266 1793 Inft.
1294 1754 1352 1785 Per
1367 1764 1440 1795 quas
1453 1754 1586 1795 perstrnas
1602 1757 1705 1797 cuique
1719 1755 1854 1798 adquiri·

980 1801 1050 1824 tur:
1073 1803 1134 1825 nec
1161 1796 1257 1836 magis
1281 1795 1373 1836 pacto
1401 1804 1538 1828 mutatur
1561 1797 1608 1837 jus
1634 1797 1854 1837 sticceffionis3

980 1844 1052 1866 cum
1078 1836 1274 1875 privatorum
1299 1837 1406 1868 cautio
1434 1837 1539 1878 legum
1565 1838 1756 1870 austeritate
1786 1848 1853 1871 non

982 1874 1143 1908 censeatur
1154 1877 1172 1908 l.
1190 1878 1243 1909 ult.
1256 1877 1298 1908 D.
1314 1879 1346 1908 de
1354 1878 1604 1920 firisfffilcgitimis
1619 1881 1775 1912 heredibus.
1800 1881 1856 1912 At·

983 1926 1046 1957 que
1056 1917 1124 1949 haec
1140 1927 1205 1959 quo
1223 1919 1319 1960 magis
1336 1920 1518 1960 cogit0,eo
1529 1921 1625 1962 magis
1636 1921 1711 1952 mihi
1730 1920 1854 1961 persua-

983 1960 1064 1996 dm,
1081 1959 1256 1991 Scaevolam
1273 1969 1336 1991 non
1356 1960 1546 1999 respondisse
1564 1971 1604 1992 ex
1620 1962 1712 1994 animi
1730 1962 1772 1994 sui
1789 1961 1855 1993 sen-

983 2001 1099 2031 tentia:
1125 2000 1177 2032 sed
1195 2002 1225 2033 in
1242 2003 1373 2043 gratiam
1393 2002 1503 2040 amici,
1520 2001 1574 2034 sub
1592 2004 1703 2035 colore
1720 2004 1851 2035 incertae

980 2040 1197 2081 successionis,
1222 2052 1237 2074 a
1253 2043 1326 2081 Jure
1342 2052 1433 2074 certo
1453 2043 1569 2075 abiiss'e.
1607 2044 1740 2077 Mallem
1761 2045 1852 2085 equi-

981 2084 1053 2114 dem
1069 2083 1234 2125 benignius
1253 2083 1386 2122 setitii‘e3
1409 2083 1429 2115 fi
1446 2084 1566 2116 liceret.
1592 2093 1623 2116 at
1639 2084 1685 2116 fas
1703 2095 1767 2117 non
1786 2086 1851 2126 est,

981 2123 1151 2164 salvaJuris
1170 2126 1363 2156 reverentia:
1379 2124 1442 2156 five
1460 2126 1499 2157 ad
1517 2126 1668 2158 heredem
1679 2125 1851 2168 scriptum,

979 2165 1042 2196 sive
1059 2166 1097 2196 ad
1116 2166 1290 2205 legitimum
1308 2165 1425 2206 specto.
1455 2167 1507 2198 ille
1524 2169 1608 2199 enim
1624 2178 1665 2200 ex
1685 2168 1853 2201 testamen-

980 2214 1014 2237 to
1033 2206 1124 2237 heres
1142 2207 1242 2238 factus
1259 2215 1332 2238 ante
1355 2215 1455 2239 ortam
1473 2209 1743 2249 controversiam,
1767 2211 1852 2242 nulla

980 2257 1021 2279 ex
1045 2255 1133 2288 parte
1151 2248 1239 2279 desiit
1262 2248 1474 2280 transactione
1492 2249 1582 2283 heres
1599 2250 1672 2282 ess'e.
1704 2252 1758 2282 hic
1783 2261 1850 2283 non

980 2289 1087 2328 potuit
1104 2289 1311 2320 hereditatem
1329 2299 1368 2321 ex
1385 2290 1455 2331 lege
1471 2292 1556 2322 adire
1567 2315 1576 2330 ‚
1591 2292 1789 2333 impediente
1805 2300 1853 2324 te-

980 2329 1156 2369 stament03
1171 2339 1231 2362 nec
1247 2331 1457 2363 transactione
1473 2331 1660 2371 succedere,
1678 2333 1850 2365 deficiente

980 2370 1063 2410 Jure.
1095 2379 1156 2411 qua
1178 2372 1272 2413 igitur
1295 2371 1404 2404 fronte
1424 2382 1493 2404 eam
1511 2374 1540 2404 in
1561 2373 1746 2405 sententiam
1768 2374 1851 2406 Scae-

981 2412 1080 2442 volae:
1106 2411 1167 2444 fine
1183 2413 1364 2445 necessitate
1384 2413 1531 2454 fingentis
1552 2415 1709 2447 incertum
1730 2415 1852 2447 succes·

980 2452 1091 2484 sionis:
1108 2463 1211 2494 eoque
1231 2463 1387 2493 praetextu
1402 2455 1609 2495 ambigentis,
1626 2465 1720 2496 quem
1739 2457 1769 2488 ἃ
1786 2458 1851 2498 qui-

981 2495 1039 2525 bus
1055 2494 1229 2527 actionibus
1240 2496 1414 2527 convenire
1431 2496 1568 2527 debeant
1586 2499 1780 2530 creditores:
1798 2508 1852 2530 ne-

981 2537 1067 2566 mine
1084 2536 1269 2574 dubitante,
1287 2537 1361 2577 quii]
1372 2537 1462 2568 heres
1480 2537 1627 2570 succedat
1642 2540 1673 2570 in
1690 2549 1785 2572 omne
1801 2541 1850 2581 jus

981 2575 1122 2608 defuncti
1140 2578 1158 2608 l.
1169 2587 1218 2618 37.
1235 2577 1275 2608 D.
1294 2579 1326 2608 de
1342 2579 1520 2619 adquirenda
1536 2580 1703 2615 hereditate:
1719 2581 1851 2622 ejusque

984 2618 1195 2649 creditoribus
1214 2619 1243 2649 in
1263 2618 1394 2650 solidum
1414 2619 1572 2661 obligetur
1587 2621 1604 2652 l.
1623 2625 1651 2655 8.
1669 2621 1710 2653 D.
1727 2625 1785 2654 eod.
1804 2626 1849 2655 tit.

984 2660 1063 2690 Sunt
1080 2659 1150 2690 haec
1168 2660 1278 2699 procul
1296 2660 1393 2691 dubio
1411 2669 1517 2692 certa:
1540 2661 1559 2693 fi
1577 2671 1749 2703 ponamus,
1766 2672 1800 2695 ut
1817 2675 1853 2696 o-

985 2708 1112 2741 portet,
1137 2701 1345 2732 hereditatem
1370 2700 1431 2733 effe
1455 2712 1471 2733 a
1497 2701 1613 2744 scripto
1638 2706 1753 2737 aditam
1778 2715 1852 2737 ante

986 2750 1088 2772 ortam
1100 2744 1181 2774 inter
1190 2751 1261 2772 eum
1273 2742 1484 2783 &legitimum
1502 2746 1759 2779 controversiam.
1780 2747 1851 2778 Nec

987 2782 1070 2813 aliud
1084 2783 1132 2821 jus
1148 2781 1211 2813 est:
1232 2782 1252 2814 si
1268 2784 1336 2823 quis
1354 2793 1467 2825 neget,
1485 2784 1630 2826 scriptum
1651 2787 1742 2819 fuiffe
1762 2789 1851 2819 here·

987 2823 1059 2854 dem
1077 2831 1151 2854 ante
1179 2832 1280 2855 ortam
1298 2826 1564 2859 controversiam:
1589 2829 1661 2860 dum
1680 2830 1755 2860 milii
1774 2838 1850 2860 con·

987 2865 1100 2902 cedat,
1125 2873 1196 2896 eum
1223 2865 1372 2898 heredem
1395 2866 1458 2898 effe
1474 2869 1683 2901 transactione
1701 2869 1848 2909 coepisse,

986 2904 1007 2936 fi
1025 2914 1088 2936 non
1105 2914 1145 2936 ex
1160 2906 1240 2946 affe,
1256 2907 1360 2940 saltem
1378 2917 1419 2940 ex
1434 2916 1533 2949 parte.
1550 2919 1701 2950 quantum
1718 2911 1801 2941 enirn
1817 2911 1851 2941 li-

988 2954 1065 2985 quet
1076 2955 1116 2977 ex
1128 2948 1231 2979 verbis
1247 2950 1274 2980 d.
1292 2949 1311 2980 l.
1331 2958 1386 2988 14,
1404 2951 1517 2988 quihus
1535 2954 1717 2982 continetur
1733 2950 1850 2983 factum

989 2988 1028 3017 de
1046 2995 1110 3026 quo
1130 2988 1286 3022 consultus
1303 2990 1444 3024 Scaevola
1461 2992 1521 3023 est:
1539 3002 1602 3023 non
1620 2992 1682 3022 fuit
1700 3000 1735 3022 ea
1751 2999 1850 3023 trans-

989 3028 1112 3059 actione
1135 3029 1257 3070 afrum,
1280 3040 1313 3063 ut
1333 3033 1540 3064 hereditatem
1560 3033 1740 3072 repudiaret
1757 3033 1849 3065 heres

990 3068 1139 3110 scriptus:
1161 3069 1212 3103 sed
1226 3081 1261 3104 ut
1277 3072 1435 3105 hereditas
1450 3083 1509 3113 qua
1525 3075 1565 3104 de
1581 3081 1646 3103 erat
1662 3073 1705 3104 illi
1721 3082 1792 3105 curn
1808 3076 1853 3107 le-

988 3110 1099 3150 gitimo
1114 3115 1343 3153 controverfia,
1367 3116 1447 3146 inter
1473 3122 1639 3153 utrumque
1654 3113 1851 3148 divideretur

988 3153 1019 3183 in
1031 3161 1128 3184 certas
1138 3162 1251 3193 partes.
1269 3157 1363 3197 igitur
1373 3165 1436 3186 non
1450 3156 1618 3185 voluerunt
1635 3154 1852 3196 transigentes,

987 3201 1021 3227 ut
1038 3193 1185 3268 hic,1a31t1
1202 3197 1274 3238 ille,
1294 3206 1394 3230 totam
1407 3196 1539 3228 haberet
1554 3195 1781 3230 hereditatem:
1798 3199 1851 3230 sed

1128 3256 1136 3266 ι
1818 3247 1853 3272 ut
