2036 3495
145 160 191 200 84
563 150 596 186 G
627 160 648 184 Ε
679 161 700 184 R
734 160 755 184 Λ
789 157 811 180 R
847 158 871 182 D
905 158 918 182 1

148 245 188 276 ab
213 243 313 275 Edicti
337 240 467 272 austere
496 238 573 269 olim
601 236 642 268 fic
659 236 862 273 mittebatur,
889 234 977 278 Quod
993 235 1027 265 vi

152 291 282 316 metusve
298 286 400 319 caula:
424 281 454 311 ἃ,
472 278 570 311 fiebat
588 280 633 308 vis
653 278 796 315 mentio,
820 285 953 316 propter
973 286 1026 307 ne-

146 326 321 358 ceflitatem
333 322 510 361 impositam
524 321 714 351 contrariam
734 319 904 350 voluntati.
922 326 1025 349 metus

147 375 274 403 autem,
298 370 430 403 propter
447 361 588 392 instantis
606 361 657 392 vel
675 360 773 392 futuri
793 359 923 400 periculi
938 359 1027 390 causa

146 408 262 440 mentis
276 404 534 444 trepidationem.
559 402 641 433 adeo
659 403 703 433 vis
713 401 757 433 est
771 402 896 441 majoris
909 403 953 431 rei
972 401 1025 432 im·

146 457 240 488 petus
268 447 321 486 qui
349 445 458 484 repelli
485 454 549 477 non
566 442 671 484 poiest
687 443 705 473 l.
727 453 753 474 2.
771 445 797 474 h.
817 450 828 474 ι
862 451 962 482 eaque
983 452 1026 473 re-

145 489 250 521 fertur
266 488 304 519 ad
322 496 451 527 corpus.
471 494 575 518 metus
592 484 636 517 est
651 485 774 524 majoris
792 485 889 515 timor
906 484 1027 514 malita-

148 531 205 569 tis‚
230 529 393 569 magisque
411 528 450 559 ad
467 528 606 559 animum
623 529 773 566 pertinet.
807 527 914 565 itaque
932 525 1027 555 Fron-

147 580 201 610 to,
232 578 325 602 vetus
349 568 605 606 Grammaticus,
630 568 712 599 inter
740 565 820 597 Λαὲἶ
857 567 928 606 ling.
954 566 1025 597 Lat.

141 620 212 654 pag.
236 621 331 653 1331,
357 612 481 649 Metus,
505 611 628 648 inquit,
652 615 745 639 motus
763 609 855 639 animi
871 607 918 649 est.
954 606 1025 639 Ele-

144 655 285 686 {tionem
302 661 391 684 certe
411 652 527 689 babet,
545 650 567 683 si
583 649 678 682 finem
700 649 820 690 speeses
838 650 856 680 l.
880 659 927 681 21v
949 649 976 691 §.
993 659 1024 689 5.

148 697 177 727 h.
201 701 221 725 t.
256 694 298 726 lin
321 696 358 726 ad
383 695 469 725 initia
495 694 662 730 advertas·,
686 691 783 722 habet
808 692 1025 723 necestitatem

148 738 306 768 voluntati
332 734 503 768 adversam.
529 734 608 765 vidit
634 732 787 774 Ulpianus
804 732 823 763 l.
847 737 912 764 116.
937 731 973 762 I).
993 733 1027 762 de

147 779 273 822 regjur.
299 778 328 809 δι
341 785 414 809 ante
433 777 555 809 Seneca
572 776 619 806 lib.
640 785 669 807 2.
688 774 734 805 De
749 773 862 813 benefic.
882 785 906 805 c.
922 778 966 807 18.
987 773 1027 804 fle

148 820 295 851 scribens,
331 819 405 851 Cum
420 818 584 860 eligendum
598 818 680 855 dico,
697 817 744 846 ciri
761 817 875 853 delictis,
891 817 951 846 vim
968 825 1025 846 inu-

158 863 239 892 'orem
250 861 285 895 ὅ)
296 867 402 891 metum
420 861 546 899 excipio:
562 859 666 902 quihus
681 858 812 890 adhibitis
831 856 924 887 electio
941 859 1023 894 perir.

186 905 237 934 lim
257 903 352 944 igitur
370 903 412 933 ita
429 901 637 938 edicebatur‚
656 899 742 945 Quod
764 900 798 929 vi
815 905 944 929 iizetusve
961 909 1025 929 cazi-

142 946 198 987 sa:
216 944 266 975 sed
279 940 689 984 postea‚inquitU1pianus
707 942 733 971 d.
751 941 770 971 l.
786 948 809 971 1.
829 940 967 972 detracta
982 939 1027 971 est

147 989 194 1018 vis
211 986 352 1023 mentio,
371 984 459 1016 forte
477 993 494 1015 a
510 983 633 1025 juliano
654 983 684 1013 in.
701 980 937 1022 compofitione
953 981 1026 1012 Edi-

150 1029 190 1060 cti
218 1026 367 1067 Perpetui
391 1026 422 1058 ἀ
446 1027 533 1056 addit
560 1023 715 1065 Ulpianus
744 1024 930 1055 detrahendi
955 1032 1026 1054 cau-

148 1069 210 1102 sam
222 1093 230 1108 ,
250 1068 332 1113 Qgcz'cz
345 1070 541 1109 quodcumque
553 1069 587 1098 -vi
603 1073 697 1097 atroce
705 1065 762 1105 fir,
780 1067 809 1095 id
826 1071 902 1095 metu
917 1074 1028 1105 quoque

145 1112 210 1153 fieri
227 1116 374 1143 videatur.
402 1111 498 1150 Atqui
512 1107 617 1149 potest
635 1109 681 1138 vis
699 1109 828 1146 corpori
845 1105 931 1143 fieri,
950 1115 982 1137 ut
1000 1116 1027 1136 a·

150 1154 239 1190 nimo
258 1162 323 1184 non
340 1150 497 1183 inferatur
512 1159 625 1182 metus.
645 1148 836 1181 Ciceronem
855 1149 947 1185 audi,
970 1147 1028 1178 Pro

150 1196 263 1226 Caecina
280 1205 302 1225 c.
328 1203 372 1233 15.
389 1192 431 1224 sic
446 1192 488 1223 ait
502 1203 510 1223 :
528 1191 711 1231 Sauciisoepe
727 1191 850 1221 homines
862 1213 871 1227 ,
887 1200 953 1220 cuni
968 1199 1026 1220 cor·

146 1242 214 1284 pore
232 1236 438 1272 debilitantur,
461 1233 556 1265 animo
583 1239 678 1263 tamen
701 1242 758 1262 min
782 1233 894 1262 cedunt.
939 1230 1028 1271 Quid

149 1280 245 1319 igitur
262 1277 331 1309 est‘?
354 1286 407 1307 aut
432 1275 620 1315 accipienda
637 1271 766 1314 Ulpiani
787 1273 884 1304 verba
900 1281 1026 1303 accom-

149 1321 282 1352 modate
300 1321 338 1350 ad
356 1326 498 1350 mentem
517 1317 683 1352 Praetoris,
701 1315 764 1345 hoc
780 1312 895 1344 Editio
913 1313 982 1344 fere
999 1324 1027 1344 e-

149 1361 330 1394 mendantis
348 1369 410 1391 vim
430 1368 488 1398 qua
501 1359 570 1398 quis
583 1357 762 1396 compullus
778 1355 897 1395 aliquid
912 1354 1029 1386 fecerit

150 1404 170 1434 l.
190 1414 218 1442 53.
237 1403 264 1434 h:
282 1408 304 1433 r.
331 1411 400 1442 quae
420 1401 465 1430 vis
484 1399 548 1431 fine
565 1408 652 1430 metu
671 1397 805 1437 intelligi
824 1397 951 1437 nequit:
975 1405 1029 1427 aut

148 1444 194 1476 est
216 1442 459 1486 Hyllerologia,
484 1441 525 1472 sic
551 1440 758 1481 explicanda,
784 1437 868 1479 quasi
894 1437 971 1469 effet
987 1438 1027 1469 ab

148 1485 292 1527 Ulpiano
317 1483 485 1524 scriptum:
512 1481 597 1555 guia
622 1484 852 1520 quodcumque
869 1488 956 1511 metu
973 1478 1027 1517 fit,

147 1529 181 1560 id
199 1536 329 1567 quoque
348 1526 377 1555 vi
394 1533 504 1555 atroce
542 1526 585 1554 eri
606 1522 741 1553 videtur.
789 1521 864 1552 Hoc
881 1522 965 1552 enim
982 1522 1028 1552 iri-

149 1570 254 1601 tendit
272 1566 446 1608 Ulpianus:
463 1566 492 1596 &
510 1564 552 1596 fic
569 1564 694 1605 optime
711 1562 850 1602 sequitur
867 1563 898 1593 in
914 1564 942 1594 d.
961 1563 980 1594 l.
998 1571 1027 1603 3.

151 1608 374 1650 conjungenda
391 1616 461 1638 cum
478 1608 505 1637 d.
524 1606 534 1637 l
568 1614 592 1637 1.
616 1605 752 1636 Continet
766 1605 861 1645 igitur
876 1605 932 1634 brec
949 1604 1028 1634 clau-

149 1652 216 1693 [ula
234 1651 268 1686 &⁴
285 1648 393 1684 vim&
407 1655 523 1680 metum.
549 1649 581 1679 id
596 1646 658 1684 est,
676 1655 738 1678 tam
755 1648 839 1683 vim;
855 1654 948 1685 quam
967 1656 1028 1677 me·

150 1701 226 1726 tum.
246 1693 288 1723 ita
306 1690 430 1732 prorsus
442 1714 450 1726 ,
466 1700 498 1721 ut
517 1690 569 1721 liic
588 1688 665 1719 nihil
681 1686 801 1718 interfit
818 1688 900 1717 inter
918 1689 981 1718 vim
999 1687 1029 1718 δι’.

147 1743 282 1767 metum.
305 1741 456 1765 caeteruin
475 1730 633 1772 Ulpianus
649 1731 676 1760 cl.
693 1728 712 1762 1.
732 1739 758 1770 3.
779 1728 807 1771 §.
831 1737 855 1760 1.
874 1727 968 1766 Vim,
986 1732 1027 1773 iu-

148 1778 238 1819 quit,
261 1784 404 1807 atrocem
432 1773 627 1813 accipimus,
651 1772 681 1803 <St
706 1780 776 1802 eam
795 1779 864 1807 quae
883 1771 1033 1802 adver-lus

149 1819 256 1858 bonos
272 1826 378 1849 mores
398 1814 449 1848 fit:
473 1825 537 1846 non
554 1823 624 1845 eam
641 1821 735 1853 quarn
761 1811 962 1852 Magistratus
985 1821 1030 1843 re-

149 1860 200 1893 ste
227 1859 334 1891 intulit
352 1881 362 1896 ‚
385 1857 506 1889 scilicet
529 1856 598 1896 iure
621 1855 730 1891 licito,
751 1855 781 1885 ἂ
803 1854 871 1893 jure
899 1854 1031 1885 lionoris

150 1911 246 1943 quem
267 1899 407 1931 sustinet.
431 1908 502 1930 nam
523 1907 559 1929 ea
575 1897 659 1929 civili
679 1898 945 1935 interpretatione
964 1905 1029 1926 non

148 1943 285 1976 habetur
305 1943 364 1973 vis.
397 1941 485 1980 quod
503 1939 522 1970 si
542 1949 599 1980 per
615 1938 757 1977 injuriam
777 1937 852 1975 quid
871 1936 949 1967 feeit
969 1937 1025 1969 Por

176 1986 216 2017 uli
237 1983 374 2016 Romani
394 1981 616 2023 Magistratus,
634 1979 684 2009 vel
703 1980 877 2018 provinciae
897 1978 1031 2016 Praeies·‚

148 1994 258 2057 iperibit
277 2024 474 2065 Pomponius
487 2048 496 2060 ‚
514 2023 580 2054 hoc
599 2020 746 2052 Edictum
766 2020 874 2051 locum
895 2020 1030 2052 habere:

150 2068 183 2105 Si
198 2067 285 2098 forte
302 2066 433 2102 mortis,
446 2073 500 2098 aut
518 2063 706 2099 verberum,
724 2070 847 2092 terrore
863 2062 1030 2101 pecuniam

153 2109 249 2141 alicui
266 2107 444 2139 extorserit.
473 2107 565 2137 Aliud
583 2108 767 2143 exemplum
783 2102 826 2134 est
843 2104 874 2133 in
893 2103 910 2134 l.
929 2104 971 2133 ult
1002 2103 1021 2144 ᾗ

154 2152 209 2182 ult.
231 2152 259 2180 b.
278 2155 298 2179 t.
317 2149 526 2188 Sempronius
550 2157 567 2178 a
584 2145 678 2177 Titio
697 2146 863 2186 pecuniam
879 2144 962 2182 quati
980 2145 1033 2181 libi

152 2192 293 2224 debitam
307 2215 316 2229 ,
343 2200 412 2226 tiuae
431 2199 496 2221 non
515 2197 580 2219 erat
603 2187 729 2224 debita,
754 2184 839 2226 Gajo
857 2187 1019 2227 delegavit

152 2233 247 2273 Gtiju·
264 2258 270 2265 .
289 2232 404 2265 cumei
421 2241 484 2263 tion
504 2230 679 2260 solveretur
697 2237 849 2268 pecunia,
866 2237 880 2257 a
899 2227 1031 2258 Przefide

153 2284 235 2317 petit
253 2276 412 2305 viatorem
429 2271 617 2304 nominatim
630 2279 700 2300 rice
718 2269 844 2301 arbitri:
864 2279 918 2308 per
936 2278 1033 2309 quem

154 2326 225 2348 eam
243 2315 336 2347 Titio
352 2313 475 2346 auferat
514 2311 647 2349 praeses,
664 2313 739 2342 dato
758 2318 958 2351 apparitore,
974 2309 1031 2341 Ti·

154 2361 233 2392 tium
259 2359 346 2396 quod
372 2366 436 2388 non
461 2356 618 2389 debebat,
643 2360 731 2384 extra
757 2355 903 2385 ordinem
921 2354 1032 2392 coegit

153 2400 279 2431 solvere
297 2399 359 2430 fine
375 2398 511 2429 norione
529 2396 657 2437 judicis.
687 2395 792 2432 placet
813 2393 971 2433 Ulpiano,
989 2404 1019 2425 in

154 2441 291 2473 civiliter
315 2448 442 2472 extorta
469 2438 585 2469 restitui
614 2437 653 2468 ab
681 2446 720 2467 eo
747 2436 801 2475 qui
818 2437 861 2466 rei
882 2436 1031 2466 damnum

156 2481 345 2522 praestiterit.
376 2481 540 2513 lncivii'iier
556 2479 599 2510 est
612 2503 621 2516 ,
639 2487 702 2509 non
721 2478 955 2509 convenienter
971 2476 1032 2516 juri

155 2524 185 2555 ἅ
203 2523 304 2554 ordini
321 2524 479 2554 civitatis:
498 2531 529 2553 ut
549 2522 579 2552 iri
598 2520 625 2563 §
647 2529 674 2552 2.
694 2521 721 2550 cl.
741 2519 762 2549 l.
780 2518 816 2552 &⁹
831 2519 850 2549 l.
868 2528 897 2549 2.
919 2518 954 2552 {51⁹
971 2522 988 2548 ι.
1002 2528 1032 2558 3.

155 2565 198 2602 D.
215 2566 248 2594 de
264 2567 404 2595 extremm:
423 2565 529 2603 cognic.
550 2563 578 2593 &
598 2565 626 2593 in
646 2561 797 2599 sequente
818 2560 940 2600 [lpuleji
958 2560 1034 2591 loco

157 2616 198 2638 ex
215 2606 264 2636 lib.
278 2614 314 2636 lo
347 2606 540 2642 liseramorph.
564 2603 607 2635 Uc
618 2606 672 2633 rite
689 2602 726 2637 ὅ)
740 2610 814 2631 inore
829 2602 970 2643 majorum
981 2602 1033 2642 ju-

156 2648 229 2680 dicio
244 2647 351 2676 reddito
370 2646 406 2680 ὅ)
422 2649 565 2688 utrimque
584 2655 659 2677 secus
681 2644 900 2684 allegationibus
923 2643 1032 2674 exami-

156 2690 235 2721 natis
252 2687 378 2719 civiliter
393 2689 532 2722 sententia
544 2692 738 2728 promeretur3
759 2694 794 2715 tie
809 2685 846 2715 ad
862 2681 954 2724 instar
970 2686 1034 2714 har·

157 2732 260 2762 haricae
273 2729 401 2767 ferituris
419 2729 465 2759 vel
482 2731 639 2768 tyrcinnicoe
655 2727 827 2767 impotentiae
842 2727 1034 2757 damnaretur

158 2772 265 2813 aliquis
281 2770 444 2801 inauditus.
474 2769 569 2810 Igitur
587 2778 720 2810 pecunia
740 2768 910 2799 inciviliter
925 2776 1033 2798 extor-

157 2822 208 2851 ta,
229 2811 368 2851 Ulpiano
384 2810 428 2841 est
447 2812 579 2850 pecunia
594 2810 743 2842 adversus
760 2809 897 2840 formam
911 2809 986 2849 juris
1005 2809 1034 2839 &

156 2863 282 2887 morem
300 2853 438 2885 civitatis
459 2860 594 2882 extorta.
642 2850 757 2883 Praeses
780 2852 886 2889 enim,
911 2851 1034 2882 servato

154 2899 224 2939 jure
239 2896 268 2926 ὃ(
282 2893 412 2932 ordine,
437 2892 574 2924 debebat
586 2893 744 2931 judicem,
769 2893 965 2923 arbitrumve
982 2892 1031 2922 da-

158 2949 204 2972 re.
231 2938 385 2968 viatorem
409 2935 481 2965 vice
498 2933 603 2964 arbitri
630 2934 702 2964 dare
718 2944 781 2964 non
800 2934 957 2965 debebat:
981 2932 1035 2964 nisi

158 2989 231 3013 raro
253 2979 280 3009 ἅ
302 2988 335 3008 re
355 2983 488 3014 urgente
506 2975 523 3005 l.
543 2975 597 3004 ult.
618 2974 649 3005 D
678 2977 709 3004 tie
724 2976 826 3015 judic:
842 2977 913 3016 quia
932 2976 1036 3006 viator

158 3022 215 3062 (ut
232 3021 315 3051 bene
334 3017 502 3050 Briffonius
516 3016 564 3046 lib.
584 3025 611 3053 4.
631 3015 727 3045 Seleu.
746 3018 827 3057 antiq
856 3028 879 3048 c.
897 3017 947 3057 2.)
971 3016 1036 3056 spe-

159 3064 223 3096 ctat
233 3064 270 3094 ad
281 3060 507 3093 executionem
519 3057 816 3089 extraordinariam:
836 3067 886 3095 ut,
897 3059 915 3089 ss
929 3059 1036 3097 (quod

158 3105 306 3138 observat
323 3102 470 3142 Cujacius
486 3100 533 3130 lib.
563 3102 608 3129 16.
632 3097 749 3128 observ.
772 3107 795 3127 c.
816 3101 883 3136 19.)
906 3099 1036 3131 debitor

156 3148 305 3188 fugiens,
331 3142 434 3174 fecum
454 3140 575 3173 auferat
598 3139 767 3178 pecuniam
785 3139 945 3170 debitam:
966 3151 1033 3171 cre-

161 3187 262 3223 ditori.
276 3185 325 3216 sua
336 3184 409 3224 fuga
421 3187 546 3214 inanem
559 3180 695 3212 facturus
711 3180 953 3218 ordinemjuris.
977 3181 1035 3221 Igi-

160 3240 230 3269 tur,
255 3227 328 3268 quia
353 3226 383 3256 in
408 3223 574 3265 proposito
600 3228 726 3253 extorta
742 3221 913 3252 incixiliter
929 3220 973 3252 est
991 3224 1033 3253 in-

162 3272 270 3306 debita
294 3267 448 3310 pecunia:
469 3265 593 3306 jubebit
615 3264 736 3305 Judex;
760 3262 843 3294 illam
860 3261 978 3295 restitui
996 3263 1036 3294 ab

977 145 1239 182 Νοοοτ

1299 146 1327 181 C
1360 157 1382 182 o
1415 157 1441 182 M
1475 156 1513 182 M.

1067 244 1112 267 eo
1129 237 1183 276 qui
1201 236 1245 267 rei
1263 237 1411 268 damnum
1429 235 1581 277 praestitit.
1617 234 1686 266 Sic:
1708 229 1729 266 fi
1749 235 1890 270 indebita
1906 235 1943 272 sit

1071 278 1215 317 pecunia.
1234 287 1297 309 non
1315 279 1400 309 idem
1418 277 1479 308 est:
1499 276 1517 308 si
1536 277 1571 308 lit
1586 277 1703 308 debita.
1720 276 1789 308 fac:
1805 281 1876 319 (qui
1896 282 1942 312 est

1071 318 1228 357 posterior
1244 319 1332 350 casus
1350 321 1377 352 d.
1395 320 1414 351 l.
1426 318 1603 360 ulr.§.ulr.)
1627 316 1734 349 Titius
1751 319 1944 359 Sempronio

1070 360 1177 390 debeb
1199 370 1210 391 t
1227 369 1368 392 centum.
1390 360 1525 398 Praeses,
1543 360 1632 391 nullo
1650 360 1727 391 dato
1744 359 1875 399 Judroe,
1891 372 1944 394 ex-

1071 409 1119 431 tra
1133 402 1276 433 ordinem
1293 402 1375 442 juslit
1387 426 1395 439 ,
1408 401 1533 433 Titium
1551 402 1673 432 lolvere
1691 403 1779 441 quod
1795 403 1944 436 debebat.

1070 451 1160 481 paret
1178 441 1284 474 Titius
1302 443 1433 484 simplici
1452 441 1589 475 Praefidis
1605 443 1714 482 juffui;
1737 443 1765 473 ot
1786 444 1874 483 quod
1894 447 1947 475 de-

1072 483 1185 520 bebat,
1203 483 1305 515 solvit.
1321 495 1358 516 an
1375 485 1481 523 potest
1496 485 1632 515 solutum
1650 494 1706 522 per
1717 484 1781 515 hoc
1799 484 1947 518 Edictum

1070 526 1243 563 repetere?
1261 535 1354 564 negat
1368 525 1539 567 Ulpianus:
1558 526 1586 557 ἃ
1599 526 1695 557 recte.
1712 525 1768 557 etfi
1780 527 1864 558 enirn
1882 536 1947 560 non

1071 575 1217 611 oporttirt
1235 567 1434 599 exastionem
1452 567 1520 599 fieri
1538 575 1628 599 extra
1647 567 1811 606 ordinem3
1836 567 1886 600 sed
1902 569 1947 599 ci-

1071 608 1194 644 viliter-3
1218 607 1248 637 id
1267 607 1330 644 est,
1356 618 1390 640 ut
1407 610 1523 640 dicitur
1540 609 1569 640 in
1590 609 1611 640 l.
1631 619 1657 648 7.
1679 609 1712 639 C.
1735 610 1948 649 deseritentiis,

1071 648 1242 680 secundum
1255 650 1330 688 juris
1343 651 1498 682 rationem
1517 650 1605 681 causa
1616 652 1762 691 cognita:
1779 659 1884 682 tamen
1902 650 1949 682 so-

1071 690 1171 722 lutum
1195 699 1368 729 revocare,
1393 692 1522 722 incivile
1540 692 1604 730 est3
1627 693 1658 723 id
1677 691 1739 731 est,
1759 701 1793 723 ut
1809 693 1948 732 dictum,

1071 740 1183 763 contra
1208 732 1282 770 juris
1301 731 1438 764 formam
1462 733 1525 764 est:
1549 743 1684 774 nempe,
1707 734 1781 775 quia
1799 734 1877 766 nihil
1894 734 1948 765 de-

1071 773 1169 804 bitori
1190 772 1285 804 abest.

1115 814 1190 846 Non
1208 813 1340 852 iufficit,
1365 821 1484 846 metum
1503 814 1565 847 esse
1588 816 1678 847 alicui
1703 816 1819 849 fastum
1837 818 1948 849 adver-

1071 856 1118 889 sus
1136 857 1241 889 bonos
1260 866 1376 887 mores.
1395 856 1458 887 hoc
1475 857 1544 897 plus
1560 864 1711 896 oportet,
1726 868 1789 890 non
1802 858 1949 898 effequa-

1071 899 1132 929 lem
1158 898 1294 938 qualem.
1334 907 1405 930 nani
1435 906 1468 928 ut
1492 896 1674 938 {impliciter
1699 900 1785 931 dicat
1809 901 1949 939 Praetor,

1071 939 1158 983 ngd
1182 946 1274 969 metus
1299 946 1385 975 causa
1406 937 1517 981 gestum
1534 940 1608 979 erit,
1633 940 1662 971 &
1679 950 1741 972 non
1760 941 1948 981 distinguat:

1073 990 1177 1019 tamen
1199 981 1328 1011 rationis
1346 979 1409 1018 est,
1426 981 1534 1020 (quod
1552 983 1594 1011 ait
1612 979 1721 1013 Labeo
1739 984 1822 1023 apud
1844 977 1951 1024 Ulpia·

1072 1033 1147 1054 num
1169 1022 1185 1053 l.
1206 1032 1235 1062 5.
1257 1023 1283 1052 b.
1303 1023 1345 1060 t.)
1364 1030 1486 1066 metum
1502 1023 1744 1062 accipiendum,
1761 1033 1825 1056 non
1842 1034 1951 1064 quem-

1072 1065 1149 1097 libet
1166 1065 1335 1102 tiniorem3
1359 1064 1409 1094 led
1428 1063 1555 1103 maj0riz«
1575 1065 1732 1097 malitatis.
1765 1065 1817 1096 Sic
1835 1067 1951 1107 legitur

1073 1102 1263 1144 Florentiae3
1286 1105 1312 1136 ὅ(
1340 1106 1514 1143 probarunt
1533 1105 1650 1136 tlutlum
1667 1107 1868 1146 complures,
1895 1117 1950 1138 nu·

1072 1157 1129 1188 per
1148 1157 1242 1178 etiam
1270 1147 1324 1177 Vir
1345 1145 1570 1185 Doctiffimus,
1598 1146 1637 1178 D.
1660 1148 1825 1185 Dukerrrs,
1851 1148 1951 1180 Notis

1072 1190 1110 1221 ad
1127 1190 1174 1221 lib.
1201 1188 1243 1218 De
1265 1189 1365 1219 Latin.
1386 1188 1449 1218 Vei
1468 1190 1593 1233 ¹Jurisc.
1607 1195 1635 1229 ρ.
1654 1198 1724 1229 325.
1747 1189 1783 1223 δέ’
1798 1191 1854 1232 leq.>
1887 1189 1951 1221 Ga·

1069 1232 1116 1271 jus
1133 1231 1150 1261 l.
1166 1234 1195 1260 6.
1217 1231 1244 1261 ti.
1263 1236 1283 1259 t.
1303 1238 1444 1267 metum,
1470 1238 1589 1267 inquit,
1614 1240 1678 1261 non
1699 1232 1769 1262 vani
1790 1232 1949 1271 hominis,

1072 1273 1125 1303 sed
1143 1273 1193 1311 qui
1212 1272 1468 1302 meritocadatin
1480 1271 1643 1303 hominem
1654 1273 1949 1312 constantiffimutn,

1072 1315 1111 1346 ad
1128 1316 1190 1344 noc
1214 1312 1359 1343 utrium-n
1377 1313 1550 1356 pertinere.
1576 1315 1708 1352 proinde
1728 1314 1749 1345 fi
1772 1316 1842 1354 quis
1859 1315 1952 1346 meti-

1072 1353 1196 1386 culosus
1223 1364 1288 1385 rem
1316 1355 1430 1385 nullam
1448 1380 1455 1387 ,
1487 1356 1517 1384 id
1543 1354 1607 1392 est,
1631 1355 1747 1386 nullius
1772 1356 1951 1395 momenti,

1071 1395 1183 1428 frustra
1195 1397 1364 1432 metuerit,
1380 1404 1423 1426 ait
1440 1394 1614 1435 Ulpianus,
1630 1406 1702 1427 eum
1723 1406 1778 1436 per
1795 1397 1858 1428 hoc
1878 1397 1951 1428 Edi·

1071 1438 1154 1470 Qum
1166 1447 1229 1468 nori
1249 1436 1387 1468 restitui:
1409 1437 1438 1468 ἃ
1452 1437 1534 1468 hanc
1546 1437 1650 1468 adfert
1667 1440 1841 1470 rationem:
1859 1438 1951 1480 Quo·

1072 1489 1154 1511 niam
1174 1488 1276 1516 neque
1296 1480 1344 1511 vi,
1360 1488 1466 1518 neque
1483 1488 1586 1511 metus
1598 1479 1686 1509 causa
1701 1479 1820 1512 fatitum
1838 1480 1881 1512 est
1891 1480 1910 1511 l.
1921 1489 1951 1520 7i

1072 1522 1100 1551 h.
1119 1527 1139 1551 r.
1171 1520 1290 1551 sensus:
1315 1518 1477 1562 Quoniam
1499 1530 1563 1550 non
1583 1519 1689 1560 potest
1709 1521 1807 1552 videri
1826 1530 1950 1552 metus:

1074 1562 1128 1593 nifi
1145 1572 1219 1593 cum
1232 1562 1274 1592 est
1292 1562 1455 1592 metuendi
1476 1563 1584 1598 caula,
1601 1570 1694 1592 certo
1712 1563 1867 1602 periculO.
1893 1562 1953 1604 lgi-

1075 1612 1124 1634 tur
1143 1605 1381 1640 quaerentibus,
1407 1611 1444 1633 ari
1472 1604 1578 1633 lotum
1601 1604 1715 1633 habeat
1734 1604 1893 1634 restitutio
1910 1612 1953 1635 ex

1073 1645 1137 1676 hoc
1147 1644 1262 1676 Edicto
1275 1656 1282 1676 :
1297 1654 1356 1675 una
1372 1644 1526 1682 inipetfkio
1542 1644 1606 1682 est,
1623 1654 1661 1675 an
1679 1643 1844 1684 sitgestum
1863 1652 1953 1677 metu

1074 1688 1213 1718 hominls
1233 1695 1294 1716 non
1316 1686 1405 1717 vani:
1423 1695 1474 1723 qui
1495 1695 1598 1716 metus
1615 1693 1749 1717 vocatur
1763 1686 1859 1726 justus
1870 1687 1953 1729 l.23.

1073 1728 1106 1770 ᾗ,
1127 1738 1152 1759 1.
1171 1729 1197 1758 b.
1219 1734 1240 1758 t.
1268 1737 1303 1758 ea
1328 1737 1407 1758 vero
1425 1727 1577 1767 inipeetio
1596 1727 1625 1758 in
1645 1727 1752 1764 facio,
1777 1737 1841 1759 non
1859 1729 1889 1759 in
1904 1728 1952 1768 ju-

1074 1780 1128 1808 re,
1153 1768 1312 1801 consistit:
1337 1769 1367 1800 &
1392 1769 1467 1800 ideo
1493 1779 1557 1799 non
1577 1769 1682 1810 potest
1707 1769 1768 1800 ulla
1788 1769 1951 1802 Constitu-

1075 1821 1182 1848 tione,
1208 1820 1312 1849 neque
1336 1811 1410 1850 juris
1427 1810 1591 1842 antrorum
1610 1810 1804 1850 quaestione,
1822 1812 1949 1851 deeid53'

1075 1854 1150 1893 quin
1170 1861 1236 1883 tota
1256 1853 1300 1883 est
1317 1853 1523 1892 relinquendi
1542 1851 1661 1892 judicis
1677 1853 1821 1884 arbitrio.
1867 1852 1953 1884 Inte·

1074 1904 1132 1926 rim
1159 1904 1223 1925 non
1245 1893 1354 1924 defurit
1381 1896 1527 1930 exempla
1546 1894 1646 1932 ¹iudici
1672 1895 1801 1934 aliquod
1819 1895 1951 1926 allatura

1076 1937 1182 1968 lumen
1194 1961 1201 1973 ‚
1219 1934 1238 1966 l'i
1257 1945 1336 1974 opus
1357 1935 1468 1967 babeat
1497 1938 1537 1966 ita
1554 1944 1651 1968 nemo
1667 1936 1813 1974 dubitet,
1830 1937 1906 1975 quin
1919 1937 1952 1967 in

1076 1979 1239 2010 hominem
1273 1977 1554 2009 constantissimum
1587 1977 1679 2018 poffit
1709 1979 1822 2008 cadere
1846 1986 1952 2009 metus

1075 2021 1207 2057 mertis,
1231 2021 1391 2050 cruciatus
1409 2019 1574 2058 corporis,
1590 2028 1628 2049 ac
1645 2019 1812 2049 verberum
1828 2019 1846 2049 l.
1866 2028 1893 2058 7.
1914 2018 1949 2051 C.

1075 2063 1101 2092 h.
1117 2068 1138 2092 t.
1160 2063 1186 2092 ἁ
1205 2068 1376 2091 occurrunt
1397 2060 1473 2091 tales
1491 2059 1577 2091 casus
1594 2061 1612 2091 Ι.
1631 2069 1657 2100 5.
1675 2059 1702 2101 §.
1721 2069 1744 2092 1.
1769 2059 1806 2094 ὅ)
1820 2061 1838 2091 l.
1858 2064 1885 2093 8.
1905 2058 1950 2091 D.

1075 2103 1103 2134 b.
1117 2110 1136 2133 t.
1155 2103 1185 2134 <Sc
1203 2103 1285 2143 apud
1305 2101 1472 2135 Horatium
1492 2101 1538 2132 lib.
1560 2110 1585 2132 1.
1597 2102 1688 2132 serm.
1703 2108 1754 2133 sat.
1770 2111 1798 2133 2.
1815 2101 1951 2142 ευενχῗςςς).

1077 2144 1114 2178 &²
1127 2154 1200 2185 seqq.
1235 2143 1384 2184 Ejimiem
1400 2143 1526 2183 generis
1542 2142 1586 2174 est
1606 2152 1709 2175 metus
1725 2143 1822 2183 stupri
1838 2145 1865 2174 d.
1884 2142 1902 2173 ι.
1919 2147 1951 2177 8.

1074 2186 1102 2227 §A
1124 2196 1149 2227 2:
1170 2194 1230 2216 nec
1249 2194 1350 2216 minus
1369 2184 1553 2216 lei-vitutisl.
1568 2193 1596 2223 4.
1615 2183 1656 2215 D.
1673 2186 1701 2215 b.
1718 2191 1739 2215 ι.
1762 2185 1869 2225 aliquo
1886 2183 1953 2215 for-

1076 2236 1108 2258 te
1131 2228 1224 2258 ssatus
1242 2229 1304 2258 mei
1320 2225 1544 2263 instrumenta,
1571 2225 1686 2261 Quibus
1703 2226 1884 2266 indigeam,
1907 2225 1953 2257 in-

1076 2269 1257 2301 terveriuro
1272 2270 1300 2298 d.
1316 2268 1336 2299 l.
1357 2272 1383 2301 8.
1403 2267 1432 2310 §.
1454 2273 1476 2298 1⁴
1512 2266 1618 2299 fiinilis
1633 2275 1738 2299 metus
1754 2267 1798 2299 est
1815 2267 1953 2298 carceris

1075 2310 1093 2341 l.
1112 2320 1160 2343 22.
1180 2309 1219 2340 D.
1239 2310 1266 2340 h.
1285 2316 1308 2342 t.
1331 2311 1408 2340 item
1427 2310 1656 2349 cujuscumque
1674 2308 1824 2341 custodiae
1839 2309 1953 2340 incivi-

1075 2352 1128 2383 lis:
1152 2361 1185 2382 ut
1204 2351 1223 2382 si
1242 2353 1310 2390 quis
1328 2352 1448 2386 privata
1468 2352 1496 2381 vi
1513 2350 1665 2382 athletam
1682 2350 1862 2388 incluserit,
1885 2350 1954 2382 vin-

1075 2402 1200 2426 xeritve
1216 2393 1236 2424 l.
1255 2403 1303 2434 23.
1319 2392 1348 2434 §.
1366 2402 1391 2424 2.
1415 2391 1454 2422 D.
1473 2392 1500 2423 h.
1518 2398 1539 2424 t.
1557 2399 1633 2430 aut,
1648 2391 1668 2423 fi
1682 2391 1763 2432 justo
1775 2399 1863 2423 metu
1882 2401 1954 2432 per-

1076 2436 1221 2472 territus,
1245 2435 1466 2474 cognitionem
1489 2435 1527 2465 ad
1550 2442 1643 2473 quam
1668 2442 1700 2463 ut
1725 2432 1852 2464 vinetus
1870 2433 1952 2471 iret,

1076 2485 1194 2517 potens
1210 2475 1401 2507 adversarius
1420 2475 1621 2505 minitabatur
1637 2475 1665 2505 d.
1681 2474 1701 2505 l.
1720 2484 1758 2514 23
1782 2473 1810 2516 §.
1830 2482 1856 2504 1.
1883 2473 1952 2505 Cae-

1077 2527 1200 2555 terum,
1216 2527 1285 2556 quae
1304 2517 1441 2547 diximus
1460 2517 1497 2546 ad
1514 2515 1659 2548 Edictum
1679 2524 1858 2554 pertinere,
1881 2514 1954 2547 haec

1077 2568 1182 2590 utrum
1207 2559 1237 2590 in
1264 2558 1293 2589 se
1315 2559 1386 2598 quis
1413 2559 1533 2588 veritus
1557 2556 1609 2594 fit,
1634 2567 1670 2588 an
1692 2560 1722 2588 in
1749 2557 1857 2588 liberis
1873 2556 1953 2596 suis;

1077 2601 1155 2633 nihil
1172 2599 1320 2632 interest:
1338 2608 1410 2630 cum
1429 2607 1487 2638 pio
1504 2597 1621 2630 affeetu
1637 2607 1786 2639 parentes
1801 2598 1902 2638 magis
1918 2599 1952 2630 in

1077 2643 1185 2674 liberis
1204 2650 1382 2672 terreantur
1399 2641 1417 2670 l.
1431 2645 1457 2674 8.
1474 2640 1503 2681 §.
1522 2650 1550 2681 3.
1571 2639 1612 2671 D.
1633 2641 1660 2672 h.
1680 2647 1699 2671 ι.
1721 2640 1830 2672 Habes
1846 2649 1956 2671 exem-

1078 2685 1128 2723 pla
1144 2691 1247 2714 metus
1260 2681 1341 2722 justi.
1367 2683 1529 2720 exspectas
1546 2682 1691 2722 quaedam
1710 2682 1848 2713 hominis
1866 2683 1951 2713 vani.

1077 2725 1168 2757 Talis
1193 2724 1237 2755 est
1262 2726 1359 2755 timor
1382 2724 1447 2763 ejus
1465 2723 1611 2755 adversus
1631 2733 1726 2764 quem
1742 2724 1820 2755 nihil
1838 2723 1875 2754 fit
1894 2723 1954 2755 illi·

1078 2768 1161 2803 cite,
1188 2767 1215 2796 i&
1235 2766 1300 2805 ipse
1319 2773 1438 2796 metum
1463 2764 1561 2796 infert
1584 2765 1649 2796 sibi.
1678 2766 1745 2805 ejus
1767 2764 1953 2805 exemplum

1079 2811 1132 2840 dat
1151 2807 1263 2840 Paulus
1280 2807 1299 2838 l.
1319 2816 1367 2839 21.
1385 2807 1411 2837 h.
1431 2812 1453 2837 t.
1485 2806 1535 2843 Si,
1555 2807 1719 2847 inquiens,
1745 2807 1857 2838 mulier
1877 2815 1954 2837 cori-

1081 2859 1126 2882 tra
1146 2858 1315 2890 patronum
1335 2848 1549 2888 l'uumingrata
1568 2848 1671 2886 fasta,
1689 2849 1789 2879 sciens
1807 2847 1836 2879 se
1853 2848 1954 2889 ingra-

1080 2901 1162 2929 tam,
1178 2900 1248 2921 cum
1270 2892 1309 2921 de
1328 2890 1381 2921 suo
1399 2890 1477 2921 statu
1494 2891 1750 2929 periclitabatur,
1766 2888 1885 2929 aliquid
1902 2898 1955 2929 pa·

1080 2942 1175 2965 trono
1198 2933 1341 2968 dederit,
1367 2932 1416 2962 vel
1443 2931 1641 2971 promiserit,
1666 2933 1751 2962 nem
1768 2930 1955 2962 servitutem

1079 2976 1254 3016 redigatur:
1279 2973 1372 3004 ceffat
1391 2972 1555 3009 Edictum3
1576 2982 1647 3013 quia
1663 2973 1748 3004 hunc
1765 2980 1881 3003 metum
1897 2969 1954 3001 fibi

1079 3016 1142 3057 ipsa
1160 3015 1269 3046 infert.
1295 3015 1411 3046 Similis
1424 3016 1520 3046 timor
1531 3013 1595 3053 est,
1613 3024 1653 3045 ne
1669 3015 1708 3045 ad
1724 3013 1826 3044 civilia
1842 3020 1953 3042 mune-

1080 3068 1111 3090 ra
1130 3058 1303 3089 nomineris
1321 3057 1338 3087 l.
1359 3061 1387 3091 8.
1406 3056 1437 3087 C.
1455 3057 1481 3086 h.
1503 3062 1524 3087 t.
1547 3064 1600 3086 aut
1619 3055 1639 3087 fi
1658 3056 1726 3096 quis
1743 3055 1866 3083 dicatur
1882 3059 1952 3082 mo-

1079 3108 1129 3132 tus
1141 3099 1323 3131 reverentia
1341 3097 1503 3139 dignitatis
1520 3097 1538 3127 l.
1550 3101 1580 3128 6.
1602 3097 1634 3128 C.
1649 3099 1677 3126 d.
1694 3102 1715 3126 t.
1732 3093 1783 3124 nifi
1804 3091 1878 3131 quid
1896 3101 1953 3138 per

1080 3142 1256 3180 potentiam
1276 3147 1507 3180 extorqueatur
1525 3139 1544 3169 l.
1564 3139 1617 3169 ult.
1638 3137 1669 3168 C.
1685 3136 1711 3166 b.
1727 3141 1747 3165 t.
1775 3142 1840 3164 tum
1866 3142 1953 3165 enim

1077 3183 1173 3223 juiius
1193 3191 1295 3214 metus
1313 3180 1359 3212 est
1374 3181 1455 3220 L23.
1473 3180 1499 3221 §.
1518 3189 1541 3210 1.
1559 3179 1598 3210 D.
1615 3179 1642 3209 h.
1659 3184 1680 3208 t.
1706 3175 1757 3206 De
1775 3175 1890 3205 timore
1908 3176 1955 3207 in.

1079 3224 1186 3255 famite
1203 3222 1378 3263 quaeritur?
1395 3230 1426 3252 at
1447 3231 1487 3251 ne
1505 3220 1591 3251 hunc
1606 3218 1731 3258 quidem
1744 3215 1859 3247 Edicto
1876 3225 1952 3247 con·
2001 3248 2003 3251 f

1080 3265 1174 3296 tiberi
1188 3287 1197 3303 ,
1214 3267 1258 3296 ait
1277 3263 1394 3296 Pedius
1413 3262 1496 3302 apud
1516 3259 1688 3300 Ulpianum
1704 3257 1815 3298 k7.D.
1831 3258 1889 3288 eud.
1903 3258 1954 3288 ric.v

1853 3304 1951 3338 puto,
