2036 3495
187 77 254 119 348
787 66 819 101 G
840 74 860 99 a
886 75 906 100 n
934 75 955 100 A
983 74 1004 98 R
1030 75 1053 100 n
1080 75 1094 99 1

179 162 235 197 ⁴uti
247 169 313 193 non
330 158 450 200 poffit?
472 154 573 197 Quod
590 154 628 186 ad
643 155 777 195 primam
794 152 1000 193 quaestionem
1011 159 1056 187 at.-

191 204 292 235 tinet.;
315 203 358 232 ait
381 198 532 232 Neratius
548 195 750 227 fructuarium
770 204 834 225 non
854 193 941 234 posse
959 193 1056 233 parie-

188 245 274 276 tibus
290 249 409 274 novum
426 240 527 270 rivum
541 237 720 277 imponere.
748 234 790 268 fic
806 236 837 266 in
856 235 883 266 d.
898 234 917 265 l.
936 238 987 265 61.
1010 244 1055 265 re-

192 286 244 317 ete
260 284 339 323 legi,
354 279 481 313 monuit
499 277 683 309 Franciscus
703 276 885 310 Hotmanus
901 275 949 307 lib.
961 286 989 307 2.
1014 275 1057 306 A-

189 324 311 358 micabit.
331 321 449 363 respons.
465 329 490 351 c.
505 323 555 360 36.
580 318 635 350 etsi
653 318 791 357 Jacobus
809 317 956 358 Cujacius
971 317 1019 347 lib.
1031 325 1057 349 1.

191 366 313 405 observ.
329 372 354 396 c.
371 366 422 402 36.
446 369 487 392 ex
513 358 741 400 conjuncn'one
763 359 773 390 l
798 370 848 399 44.
869 358 910 389 D.
931 359 989 389 eod.
1008 358 1055 390 tit.

188 416 259 447 quae
277 406 353 436 item
371 401 495 434 Neratii
514 401 578 440 est,
595 401 684 433 malit
698 410 806 432 novum
825 399 991 434 reiterat-nu
1015 399 1057 432 id-

188 456 252 488 que
267 446 393 487 placeat
408 443 530 484 Jacobo
553 443 683 474 Labitto
694 465 704 482 ,
721 442 830 474 Indicis
843 442 891 479 sui
907 444 960 479 usu
974 441 1057 472 tertio

187 499 218 519 n.
235 497 266 529 5.
308 486 418 518 Solere
436 486 519 517 enirn
539 484 675 517 Veteres
698 483 788 525 (quae
806 491 917 514 eorum
936 483 1057 513 luxuria

186 528 270 569 fuit)
292 529 441 569 augendae
469 527 644 557 amoenitati
669 526 782 556 aedium
807 524 980 564 parietibus
1004 524 1058 555 im-

189 579 314 610 ponere
331 570 417 601 rivos
433 577 521 608 aquae
537 567 679 605 fluentis,
693 566 849 607 veriffime
863 565 1001 596 ostendit
1018 563 1059 596 Ε-

187 612 326 643 mundus
352 610 509 642 Merillius
528 632 538 647 ‚
561 609 610 639 lib.
629 618 659 648 3.
678 607 871 638 Variantium
885 615 923 638 ex
941 605 1060 645 Cujacio

185 663 210 683 c.
233 662 256 684 1.
282 652 436 693 sequente
457 650 579 682 Manilii
594 650 779 681 testimonio
796 657 837 680 ex
852 647 900 680 lib.
912 657 941 687 4.
958 645 1061 688 Astro-

188 694 292 726 nomic.
307 695 381 728 vers.
400 697 468 724 261.

229 756 243 764 .
267 752 274 757 ·
301 754 312 760 -
340 734 591 766 Undasinducere
609 731 707 770 teflis,

231 777 354 818 Ipsaque
370 773 511 812 conversis
529 775 675 815 aspergere
685 772 827 813 fluetibus
841 770 936 814 ostra,

224 819 446 858 Littoribusque
460 817 544 847 novis
556 822 607 855 per
628 815 731 846 luxum
747 815 842 845 ludere
856 821 960 855 ponto,

224 859 268 892 Et
284 860 381 890 varios
389 859 539 897 fabricare
555 857 636 888 lacus
647 881 656 896 ,
681 856 718 890 &⁹
731 855 860 896 flumina
871 854 964 895 fibla,

229 900 272 932 Et
282 901 498 941 peregrinantes
513 900 641 929 domibus
656 898 820 938 suspendere
835 899 923 928 rivos.

187 941 248 973 Cui
273 943 313 974 de
338 950 412 973 meo
435 940 548 973 addam
569 940 633 972 hoc
651 949 692 971 ex
710 939 844 971 Sidonio
863 936 1058 979 Apollinari,

185 983 282 1015 Corm.
298 994 345 1015 22.
365 984 437 1020 verfi
456 992 526 1022 207.

226 1026 303 1057 Alta
319 1024 495 1056 volubilibus
509 1028 590 1064 patet
604 1023 671 1054 hinc
689 1022 809 1054 coenatio
824 1021 932 1053 valvis.

226 1065 331 1104 Fufius
347 1068 467 1107 euripus
481 1070 602 1106 propter.
635 1066 712 1096 cadit
729 1065 811 1095 unda
826 1069 944 1103 superne

226 1109 307 1139 Ante
316 1108 399 1148 fores
413 1108 553 1147 pendente
568 1106 653 1145 locu,
675 1114 836 1146 venamque
850 1105 940 1142 securi

233 1149 353 1189 Undosa
368 1150 525 1180 inveniunt
541 1154 646 1178 nantes
663 1147 810 1178 caenacula
821 1149 923 1186 pisces.

187 1189 345 1222 Eamdem
364 1189 485 1221 causam
506 1189 625 1220 habent
643 1198 712 1228 quae
732 1189 772 1220 de
790 1187 940 1219 derivatis
957 1186 987 1217 in
1004 1186 1057 1218 do-

188 1241 262 1264 mos
279 1233 353 1264 rivis
372 1231 401 1263 &
417 1230 600 1262 fluminibus
617 1231 693 1261 olim
711 1230 823 1261 tradidi
840 1229 894 1260 libq
912 1237 935 1260 1.
954 1228 1059 1259 Proba-

188 1274 290 1305 bilium
306 1282 329 1304 c.
350 1282 379 1314 3.
402 1271 545 1304 Tantum
564 1273 604 1303 de
624 1272 721 1311 priori
739 1270 925 1311 quaestione.
959 1269 1059 1310 Quod

188 1315 229 1346 ad
248 1315 378 1345 alteram
397 1316 530 1345 attinet:
555 1314 663 1353 placet
682 1312 816 1344 Neratio
832 1313 859 1342 d.
878 1312 896 1342 l.
913 1315 962 1342 61.
981 1311 1008 1352 §.
1034 1319 1059 1341 1.

186 1355 396 1387 fructuarium
417 1365 481 1389 non
498 1354 586 1392 poss'e
602 1353 769 1386 aedificium
787 1353 974 1384 inchoatum
985 1361 1060 1382 con-

186 1396 361 1436 summare3
385 1396 511 1428 etiamfi.
527 1406 567 1426 eo
593 1397 686 1433 loco,
712 1394 775 1425 five
792 1404 832 1425 eo
849 1393 1005 1431 aedificio,
1029 1402 1058 1423 a·

187 1439 261 1470 liter
276 1439 320 1469 uti
338 1444 486 1477 nequeat.
514 1437 561 1468 An
582 1437 682 1467 vere?
705 1437 818 1476 ambigi
837 1434 962 1475 potest:
987 1434 1059 1475 quia

183 1477 376 1520 intelligitur
393 1477 588 1516 fruetuario,
605 1476 782 1507 constituto
799 1476 981 1515 usufruCtu‚
1006 1476 1058 1507 da-

178 1521 209 1552 'ri
228 1528 324 1551 omne
343 1519 407 1550 fine
423 1528 486 1557 quo
507 1517 571 1557 ipse
582 1519 636 1548 ‘'uti
661 1516 723 1548 frui
740 1526 879 1558 nequeat
897 1517 916 1548 l.
932 1526 962 1548 ,1.
979 1517 1007 1558 §.
1030 1526 1056 1549 r.

182 1560 221 1595 ὅ)
235 1561 306 1602 seqq.
326 1559 367 1591 D.
399 1559 433 1590 Si
453 1557 639 1599 ususfrustus
649 1564 782 1600 petetur.-
806 1559 880 1591 acsi
898 1559 950 1590 cui
965 1560 1055 1590 datus

177 1602 219 1635 -fit
237 1600 439 1633 ususfructus
465 1600 556 1633 fundi
573 1601 604 1632 in
621 1610 686 1640 quo
706 1600 911 1632 neceffarium
931 1601 969 1632 ad
986 1610 1053 1640 per-

176 1644 350 1683 cipiendos
371 1641 492 1674 fructus
509 1642 751 1681 sstaedificiutn,
775 1642 864 1683 polle
883 1642 922 1673 ab
941 1651 981 1673 eo
997 1652 1053 1683 po-

178 1684 212 1717 ni
230 1684 418 1726 aedificium,
443 1682 601 1725 Ulpianus
613 1684 655 1715 ait
670 1683 690 1715 l.
714 1683 858 1726 132-§3-6.
875 1683 917 1715 D.
939 1684 973 1714 de
990 1686 1053 1725 usu-

172 1724 293 1768 fruft‘u.
328 1725 370 1759 Ei
389 1725 437 1759 rei
452 1724 493 1766 fi,
518 1733 555 1759 ut
571 1733 727 1770 oportet,
750 1725 838 1758 adest
852 1725 950 1758 fides:
977 1728 1055 1769 quid

1144 61 1372 98 Noonr

1100 153 1134 185 ni
1158 152 1318 193 dicemus,
1340 152 1364 185 fi
1390 152 1523 185 testator
1549 151 1720 187 aedificium
1733 152 1916 197 inchoavit,
1939 157 1972 193 dt

1100 193 1288 226 fructuarius
1312 203 1373 233 eo,
1398 194 1453 227 nisi
1477 193 1719 234 consummato,
1743 198 1790 229 uti
1813 191 1974 241 nequeat,

1102 235 1193 276 posse
1208 245 1281 268 eum
1298 236 1469 269 aedificium
1488 236 1542 268 suo
1557 237 1625 278 jure
1648 237 1892 272 consummare?
1916 241 1978 273 At:

1102 286 1166 317 que
1182 277 1224 308 ita
1242 276 1348 318 foret,
1364 278 1385 311 fi
1405 278 1594 310 nominatim
1612 279 1733 322 legatus
1750 278 1827 311 effet
1846 280 1973 315 aedificii

1100 317 1294 351 ususfructus
1304 329 1314 359 3
1330 320 1427 361 idque
1437 318 1606 352 aedificium
1616 343 1626 360 ,
1635 320 1690 354 nifi
1701 319 1974 363 consummatum,

1103 368 1170 392 non
1192 361 1352 402 reciperet
1370 360 1621 394 usumfructum:
1645 363 1723 395 ficut
1740 363 1771 394 in
1789 364 1816 394 d.
1834 362 1853 395 l.
1874 372 1919 404 13.
1942 364 1973 407 §.

1101 406 1131 433 6.
1157 403 1346 435 nominatim
1364 404 1456 435 datus
1472 412 1538 435 erat
1557 403 1747 436 ususfructus
1758 404 1848 436 fundi
1863 405 1894 435 in
1906 413 1972 445 quo

1101 443 1306 476 necessarium
1331 444 1370 476 ad
1394 445 1620 486 percipiendos
1646 446 1766 478 fruetus
1791 455 1858 477 erat
1874 446 1970 478 aedifi-

1102 485 1197 517 cium.
1223 485 1285 518 Sed
1304 484 1426 518 Neratii
1447 486 1548 518 sermo
1567 487 1597 518 in
1618 487 1646 530 §.
1669 496 1694 520 1.
1711 489 1738 518 cl.
1757 489 1777 518 l.
1795 491 1847 518 61.
1870 486 1915 518 est
1933 488 1972 520 de

1125 525 1263 559 suffuctu
1286 526 1350 559 non
1375 528 1521 568 aedificii,
1543 538 1604 560 nec
1629 529 1740 563 fundi,
1765 528 1817 560 sed
1837 529 1972 569 domus„

1116 577 1155 599 eu
1171 569 1295 600 aedium.
1321 569 1491 610 plurimum
1507 578 1612 601 autem
1631 570 1759 603 interest
1775 579 1858 601 inter
1875 569 1972 601 aedifi-

1106 611 1188 641 cium
1215 611 1245 642 δι
1270 611 1374 649 aedes‚
1397 611 1449 642 seu
1474 612 1626 643 domum:
1651 621 1684 643 ut
1710 613 1802 644 initio
1820 612 1932 651 capitis
1949 620 1973 644 x

1105 652 1329 684 demonstravi.
1361 652 1390 684 ἃ
1415 653 1515 691 bene,
1539 655 1626 694 quod
1643 654 1777 693 sufficit3
1799 653 1818 685 fi
1837 651 1974 685 fruCtua-

1104 695 1167 726 rius
1186 694 1284 725 domo
1302 694 1390 734 cujus
1405 694 1527 735 legatus
1538 704 1604 726 erat
1615 695 1883 733 ususfruetus,uti
1902 704 1976 733 pos·
2007 726 2009 729 ,

1101 735 1158 775 fit;
1174 741 1365 777 quamquam
1384 736 1523 768 aedificio
1543 738 1630 776 quod
1648 738 1755 768 domui
1775 736 1846 767 addi
1864 745 1975 775 coepe-

1101 786 1168 816 rat,
1192 778 1237 810 uti
1253 785 1400 817 nequeat.
1426 786 1528 816 pone,
1545 785 1579 808 ut
1591 779 1742 818 exemplo
1759 787 1825 809 rem
1843 778 1976 808 demon-

1102 819 1196 851 strem
1214 842 1224 857 ‚
1256 817 1440 851 testatorem
1466 819 1584 850 babere
1610 820 1761 850 domum:
1786 818 1915 858 coepiffe
1942 818 1985 851 ei.

1101 861 1235 902 jungere
1260 859 1450 898 aedificium,
1477 860 1645 897 balneum,
1670 861 1758 890 verbi
1779 861 1896 899 gratia,
1921 859 1972 891 vel

1103 902 1223 941 ssmile3
1247 910 1309 934 nec
1329 898 1492 933 absolviffe
1536 900 1640 941 finge,
1663 900 1775 942 legasse
1801 899 1894 931 Titio
1916 901 1975 931 do-

1103 953 1175 976 mus
1191 952 1244 975 aut
1259 943 1374 975 aedium
1392 942 1632 974 usumfructum.
1665 952 1703 973 an
1723 941 1829 973 Titius
1855 941 1975 982 poterit

1103 985 1270 1018 absolvere
1286 984 1456 1017 aedificium
1475 994 1491 1016 a
1507 984 1658 1016 testatore
1676 982 1889 1015 inchoatum?
1906 991 1972 1022 non

1103 1030 1245 1069 poterit:
1269 1026 1325 1058 etsi
1343 1036 1383 1057 eo
1402 1026 1497 1064 loco,
1520 1026 1553 1057 id
1570 1025 1635 1064 est,
1653 1032 1687 1056 ut
1707 1025 1790 1064 dixi,
1815 1034 1856 1056 eo
1877 1022 1975 1056 aednfi-

1103 1069 1178 1109 cio,
1199 1069 1291 1102 aliter
1317 1068 1361 1099 uti
1385 1073 1543 1107 nequeat:
1565 1067 1637 1107 quia
1666 1067 1693 1098 ei
1712 1076 1777 1098 non
1797 1067 1861 1106 ejus
1879 1063 1974 1097 aedifi-

1103 1111 1162 1148 cii,
1187 1111 1239 1143 sed
1256 1111 1370 1143 domus
1388 1108 1584 1140 ususfructus
1601 1109 1690 1140 datus
1708 1107 1763 1140 est.
1808 1107 1932 1139 Sufficit
1947 1107 1970 1138 i-

1101 1152 1204 1192 gitur,
1221 1151 1241 1183 fi
1259 1153 1358 1184 domo
1379 1152 1422 1182 uti
1440 1151 1551 1191 poffit3
1569 1149 1624 1182 etfi
1642 1160 1682 1181 eo
1701 1149 1836 1188 balneo,
1852 1148 1916 1180 five
1933 1158 1973 1180 eo

1102 1192 1260 1230 aedificiO,
1285 1193 1328 1225 uti
1346 1201 1410 1224 non
1429 1191 1540 1233 poffit:
1566 1192 1638 1232 quia
1654 1190 1885 1222 usumfructum
1903 1200 1968 1222 non

1104 1235 1192 1274 ejus,
1215 1234 1266 1266 sed
1293 1235 1407 1266 domus
1434 1234 1571 1274 accepit.
1615 1233 1724 1273 Atque
1747 1232 1811 1263 hoc
1827 1231 1888 1263 ess'e
1904 1232 1974 1272 opi·

1103 1283 1180 1313 nor,
1206 1277 1293 1313 quod
1321 1274 1473 1306 Neratius
1496 1276 1558 1313 ait,
1584 1274 1642 1305 Sed
1663 1283 1713 1304 nec
1732 1275 1793 1315 ejus
1810 1275 1922 1314 quidem
1940 1283 1973 1303 u-

1094 1317 1294 1357 sumfruewm
1310 1316 1373 1357 effe.
1411 1316 1441 1347 Si
1460 1323 1564 1347 tamen
1583 1315 1714 1348 testator
1733 1316 1763 1346 in
1782 1314 1976 1346 constituen-

1105 1358 1148 1390 do
1166 1358 1326 1390 usufructu
1338 1357 1511 1389 fructuario
1522 1357 1710 1390 nominatim
1728 1356 1815 1388 dedit
1830 1355 1977 1395 consum-

1103 1400 1209 1431 mandi
1228 1398 1353 1431 aedificii
1366 1398 1576 1439 potestatem:
1593 1399 1804 1433 dubiumnon
1821 1396 1975 1438 est,quin

1103 1440 1135 1472 id
1153 1440 1373 1473 consummare
1389 1440 1502 1481 ponit:
1526 1440 1604 1472 ficut
1630 1440 1750 1479 poterit
1767 1447 1897 1479 quoque
1915 1448 1975 1470 no-

1103 1491 1178 1513 vum
1203 1483 1304 1514 rivum
1331 1482 1503 1520 parietibus
1521 1482 1707 1520 imponere3
1730 1480 1751 1512 fi
1771 1481 1801 1510 in
1820 1479 1975 1511 constitu-

1089 1524 1188 1555 -endo
1213 1522 1373 1555 usufructu
1399 1523 1464 1554 hoc
1491 1522 1669 1563 specialiter
1690 1523 1726 1554 fit
1742 1521 1908 1559 adiectum.
1939 1519 1974 1558 id

1100 1564 1270 1605 indigitant
1288 1564 1446 1605 postrema
1464 1562 1587 1595 Neratii
1605 1562 1719 1600 verba,
1736 1560 1808 1600 Nzfi
1822 1565 1853 1593 in
1872 1559 1974 1603 consti-

1101 1608 1205 1637 tuendo
1215 1606 1262 1637 vel
1279 1607 1397 1648 legando
1416 1604 1578 1645 usufruflu
1591 1604 1815 1645 bocspecialiter
1829 1602 1975 1644 adjectum

1092 1645 1156 1686 sit,
1179 1655 1213 1678 ut
1229 1654 1384 1690 utrumque
1400 1648 1426 1678 ei
1443 1648 1537 1678 liceat.
1583 1645 1664 1677 Nam
1683 1646 1834 1683 verbum,
1858 1651 1973 1675 utrum-

1099 1697 1154 1729 que
1165 1711 1173 1725 ,
1189 1689 1218 1720 &
1235 1690 1274 1720 ad
1287 1699 1404 1721 novum
1416 1690 1517 1720 rivum
1533 1687 1705 1727 parietibus
1722 1687 1972 1726 imponendum,

1100 1729 1131 1762 ὅ(
1147 1729 1186 1762 ad
1203 1729 1331 1764 aedificii
1348 1730 1657 1764 consummationem
1672 1727 1811 1770 respicit.

694 1818 706 1828 μ
747 1818 1100 1879 Μ’ᾟὌΑὲύτ
1165 1837 1283 1879 ΧΙΙΙ.

222 1943 452 1983 fructuarium
472 1942 530 1991 etfi
547 1942 644 1980 locare
659 1951 713 1979 aut
731 1942 859 1980 'vendere
872 1942 963 1992 pofflt
978 1943 1204 1992 usumfrul‘lum
1221 1947 1344 1989 domu53
1369 1953 1472 1982 tomen
1491 1959 1549 1981 non
1561 1944 1640 1994 prffi
1657 1946 1777 1981 domum
1792 1930 1925 1982 dividere

251 1996 255 2000 ”
419 1993 671 2042 Ρενροεηαεάῐας
698 2005 752 2029 nec
768 1994 909 2039 balneum
928 1994 990 2030 illic
997 1993 1128 2042 facere,
1155 2007 1207 2032 nec
1223 1997 1287 2031 alia
1309 1999 1476 2046 meritoria.
1512 1994 1553 2035 Εὖ)
1567 1997 1638 2041 quid
1653 1996 1733 2030 hoc?

256 2103 376 2146 stenar,
394 2105 487 2147 quale
504 2106 540 2137 fit
554 2104 602 2144 ius
620 2103 799 2142 fructuarii,
817 2108 875 2144 p'er
890 2102 920 2134 se
938 2104 1058 2136 utentis

246 2186 249 2187 ⁷
278 2147 398 2180 aedibus
415 2146 604 2178 fructuariis.
622 2145 734 2184 restat,
749 2146 1010 2186 quid'c'omperat
1025 2155 1056 2176 u-

179 2189 263 2221 tenti
288 2197 346 2229 per
374 2189 488 2226 alium,
512 2188 647 2219 vendito
670 2195 723 2217 aut
739 2187 849 2218 locato
867 2186 1054 2219 usufructu?

178 2233 222 2262 ait
239 2235 346 2262 autem
365 2228 518 2267 Ulpianus
535 2229 552 2258 l.
567 2228 633 2269 7.§.
649 2237 672 2259 1.
686 2227 728 2259 D.
745 2229 778 2259 de
793 2227 948 2269 usufruelu
961 2252 970 2267 ,
987 2229 1053 2269 qui-

178 2280 321 2312 cumque
343 2269 484 2308 fruetus,
509 2278 722 2310 quaecumque
745 2271 963 2301 obventiones
983 2270 1054 2302 sunt

178 2322 244 2346 non
264 2312 365 2344 modo
382 2321 423 2343 ex
440 2312 539 2343 domo
556 2317 609 2341 aut
625 2310 763 2349 aedibus,
781 2311 833 2342 sed
852 2321 891 2342 ex
910 2311 1052 2343 aedificiis

177 2363 310 2395 quoque
335 2353 364 2385 &
389 2355 469 2384 areis
497 2353 527 2384 ἀ
550 2353 674 2383 caeteris
702 2352 1052 2393 quaecumque-andium

178 2395 270 2435 sunt,
291 2395 330 2427 ad
355 2393 561 2426 fructuarium
587 2393 758 2433 pertinere.
804 2393 854 2425 Ex
877 2395 957 2426 areis
974 2417 983 2430 ,
1009 2396 1050 2426 in-

181 2438 259 2478 quit.
284 2445 356 2468 nam
373 2436 402 2467 δι
417 2445 504 2467 areas
521 2434 620 2466 locari
637 2433 744 2466 solitas
764 2457 774 2472 ,
798 2444 838 2466 ex
856 2435 875 2466 l.
891 2440 942 2468 σε.
963 2435 1003 2466 D.
1019 2438 1053 2467 de

179 2480 222 2510 rei
245 2478 463 2517 vindicatione,
487 2477 506 2507 l.
524 2486 553 2517 3.
573 2475 615 2507 D.
645 2475 683 2507 In
708 2477 812 2517 quibus
836 2476 927 2514 causis
943 2479 1052 2518 pignus

179 2520 265 2550 tacite
277 2541 287 2558 ,
303 2520 332 2550 &
348 2519 528 2556 Cicerone,
545 2516 728 2548 observavit
744 2518 935 2550 doctiffimus
952 2517 1051 2550 Inter-

177 2569 270 2601 pres,
294 2559 431 2599 Jacobus
449 2558 620 2599 Cujacius‚
644 2558 692 2590 lib.
709 2568 740 2596 9.
760 2559 880 2598 Observ.
896 2570 921 2591 c.
942 2565 970 2594 8.
1002 2559 1053 2591 Li-

179 2609 234 2632 cet
255 2601 351 2641 igitur
375 2600 568 2639 fruifflario,
594 2600 693 2631 dorno
718 2599 888 2632 fructuaria
915 2602 961 2632 uti
988 2601 1057 2632 fruit

178 2651 237 2683 per
253 2641 301 2680 se,
319 2642 368 2673 vel
386 2651 442 2682 per
459 2642 575 2674 alium:
599 2642 700 2673 modo
718 2650 783 2673 non
804 2642 895 2673 aliter
914 2643 968 2674 det
985 2641 1049 2674 fru-

179 2684 316 2722 endam,
332 2691 424 2722 quam
443 2683 618 2714 conveniat
635 2682 713 2714 boni
732 2684 791 2715 viri
808 2683 962 2716 arbitrio:
981 2693 1049 2715 cer-

178 2732 214 2756 to
226 2748 236 2764 ,
253 2730 405 2764 oportere
421 2723 626 2769 fructuarium
644 2733 735 2765 aeque
752 2724 938 2764 binaque
955 2725 1049 2765 alibi,

177 2775 245 2798 non
269 2766 374 2797 minus
398 2771 463 2802 uti,
486 2774 580 2804 quam
601 2765 674 2797 frui.
719 2765 875 2798 Praeclare
893 2764 1049 2806 Ulpianus

176 2807 197 2840 l.
213 2816 264 2848 27.v
278 2805 306 2849 §.
326 2815 352 2838 1.
371 2804 413 2837 D.
432 2806 465 2835 de
480 2805 648 2846 usufrub'lu.
681 2807 715 2839 Si
729 2808 862 2839 dominus
868 2808 974 2847 fhlitus
988 2808 1050 2846 fuit

177 2848 307 2881 tabernis
328 2847 366 2879 ad
390 2855 493 2877 merces
508 2850 581 2885 suas
606 2849 669 2887 uti,
692 2848 738 2880 vel
756 2851 793 2880 ad
808 2849 1047 2891 negotiationem,

176 2892 280 2932 utique
298 2888 484 2930 permittetur
500 2887 670 2925 frustuarz'o
694 2890 785 2921 locare
804 2900 851 2922 eas
867 2890 904 2925 ΕΡ
920 2892 958 2922 ad
975 2890 1049 2922 alias

175 2940 292 2964 merces.
316 2929 353 2966 δ’
367 2929 441 2961 illud
448 2927 545 2969 stilum
560 2929 766 2967 observandum
783 2930 841 2972 est,
861 2941 896 2963 ne
911 2932 958 2963 vel
974 2933 1044 2963 abu·

172 2978 261 3016 Vtatur
283 2970 542 3016 usufruftuarius,
564 2969 611 3000 vel
636 2973 849 3012 contumeliose,
873 2974 1047 3016 injurioseve

173 3020 282 3046 utatur
296 3011 462 3053 usufrueilu.
510 3010 558 3042 Sit
573 3013 755 3050 exemplum
774 3014 805 3045 in
825 3015 888 3046 boc
906 3015 1046 3055 ejusdem

174 3054 307 3096 Ulpiani
321 3055 340 3086 l.
363 3060 408 3095 13.
425 3053 454 3096 §.
471 3056 499 3087 8.
515 3050 558 3082 D·
574 3052 632 3083 eod·
653 3054 699 3083 tit·
724 3053 835 3093 Itemfi
850 3058 950 3088 domus
965 3057 1046 3094 usus-

169 3096 292 3136 fruftus
306 3096 419 3138 legatus
435 3093 495 3134 fit,
518 3094 665 3124 meritoria
678 3093 738 3124 illic
746 3095 847 3132 facere
855 3098 1047 3136 frueluarius

175 3146 234 3168 non
248 3139 345 3169 debet:
361 3146 413 3168 nec
423 3142 476 3177 per
491 3134 637 3167 caenacula
654 3135 780 3166 dividere
796 3137 919 3169 domum.
942 3141 1047 3180 atquin

173 3177 266 3211 locare
282 3176 392 3220 potest:
409 3179 460 3220 sed
482 3177 617 3219 oportebit
634 3198 647 3218 ,
668 3174 751 3218 quafi
776 3177 888 3212 domum
905 3201 916 3218 ,
945 3180 1047 3214 locare.

1087 2433 1257 2475 stabulum,
1281 2437 1356 2477 quod
1370 2443 1432 2467 erat

1081 2486 1182 2516 vcans,
1203 2476 1324 2517 pistrino
1342 2477 1489 2509 locaverit.
1520 2476 1571 2508 Ne
1588 2476 1767 2514 confusior,
1795 2485 1886 2516 quam
1904 2483 1958 2515 par

1081 3181 1140 3213 >lice
1157 3181 1195 3215 ad
1212 3188 1306 3223 quam
1322 3179 1432 3216 habuit
1447 3189 1517 3214 eam
1533 3178 1682 3211 testatort
1692 3174 1731 3207 ad
1747 3171 1888 3214 hospites
1904 3181 1957 3210 au-

1089 2113 1154 2151 ,nec
1175 2105 1306 2136 balneum
1323 2107 1361 2137 ibi
1383 2106 1550 2143 faciendum
1568 2103 1616 2145 est.
1665 2103 1752 2148 Quod
1763 2108 1860 2137 autem
1876 2104 1967 2144 dicit,

1099 2148 1243 2177 meritoria
1261 2156 1317 2177 non
1328 2147 1501 2187 fabiorum,
1526 2146 1598 2188 [ita]
1623 2151 1719 2185 accipe
1737 2156 1799 2187 quae
1813 2146 1901 2188 vulgo
1922 2147 1984 2177 rii-⁴

1091 2188 1221 2226 *versoria
1237 2188 1284 2218 vel
1302 2189 1449 2228 fullonica
1466 2188 1616 2228 appellant.
1659 2188 1724 2229 Ego
1740 2189 1870 2229 quidem,
1895 2182 1970 2226 &³st

1087 2229 1230 2260 balneum
1241 2228 1282 2267 sit
1305 2231 1336 2260 in
1361 2233 1439 2261 domo
1456 2229 1551 2268 ufibus
1567 2229 1717 2260 dominicis
1723 2229 1844 2268 solitum
1860 2237 1966 2260 vocure

1096 2271 1128 2301 in
1145 2272 1250 2302 intima
1264 2277 1345 2311 parte
1362 2273 1478 2310 domus,
1489 2271 1535 2303 vel
1551 2271 1627 2301 inter
1642 2271 1740 2301 aiaetos
1755 2278 1964 2307 amaenas‚n0n

1095 2309 1187 2350 recte,
1211 2321 1261 2343 nec
1276 2321 1312 2344 ex
1329 2312 1393 2343 boni
1409 2314 1469 2344 viri
1490 2313 1633 2344 arbitratu
1643 2311 1818 2351 fasturum,
1837 2309 1867 2349 st
1881 2311 1910 2341 id
1923 2311 1962 2341 lo-

1094 2362 1159 2385 care
1174 2354 1363 2394 coeperitsut
1383 2355 1495 2394 publice
1511 2354 1608 2384 lavet:
1625 2362 1694 2384 non.
1705 2354 1815 2394 nzagis,
1839 2348 1961 2393 quamfi

1095 2395 1208 2425 domum
1232 2396 1269 2425 ad
1283 2392 1441 2434 stationem
1470 2395 1659 2426 ‘umentorum
1682 2394 1844 2429 locaverit,-
1867 2398 1918 2425 aut
1931 2390 1960 2429 fi

1447 2405 1545 2468 dismas
1555 2436 1698 2477 jumentis
1715 2434 1752 2469 ὅ)
1767 2436 1892 2466 carrucis
1907 2443 1960 2465 va-

1094 2517 1162 2556 est,
1186 2519 1332 2550 videatur
1355 2520 1476 2550 oratio:
1499 2518 1730 2550 observandum
1749 2517 1794 2548 est
1812 2541 1821 2556 ,
1855 2518 1958 2549 locum

1094 2558 1157 2590 esse
1175 2558 1376 2600 desumptum
1394 2569 1433 2591 ex
1451 2558 1580 2600 Ulpiani
1591 2559 1660 2590 libro
1675 2564 1720 2594 18.
1739 2558 1789 2589 Aa
1805 2559 1958 2590 Sabinum.-

1092 2599 1135 2632 fic
1149 2609 1279 2640 quoque
1294 2600 1438 2632 constare
1453 2604 1566 2642 partim
1583 2600 1688 2632 verbis
1705 2600 1829 2639 Sabini,
1847 2599 1957 2640 partim

1093 2640 1221 2680 Ulpiani
1238 2640 1345 2674 Notis.
1370 2643 1506 2683 primum
1524 2649 1618 2683 negat
1633 2641 1782 2679 Sabinus,
1799 2641 1909 2672 domus
1926 2648 1958 2671 u-

1093 2682 1234 2715 suffueu
1254 2684 1379 2724 legam,
1402 2683 1577 2716 fructuario
1601 2684 1698 2714 licere
1715 2683 1778 2714 illic
1798 2681 1957 2714 meritoria

1085 2724 1219 2756 facere:
1245 2734 1305 2757 nec
1328 2725 1435 2759 addit.
1460 2732 1531 2766 quae
1553 2724 1613 2757 fint
1627 2724 1798 2756 meritoria.
1829 2721 1956 2755 illustrat

1093 2767 1189 2807 igitur
1210 2764 1402 2807 Ulpianusin
1419 2766 1517 2799 Notis
1533 2775 1601 2799 rem
1612 2766 1780 2807 exemplo:
1804 2763 1958 2801 scribens..

1092 2807 1243 2840 Sabinum
1266 2808 1374 2839 dicere
1398 2808 1560 2841 meritoria
1575 2831 1585 2846 ‚
1616 2808 1707 2841 verbi
1730 2806 1828 2847 gratia
1846 2828 1871 2845 ,⁷
1887 2812 1957 2844 qum

1091 2850 1189 2890 vulgo
1216 2848 1387 2887 diversoria
1403 2850 1457 2881 vel
1480 2849 1636 2887 fullonica
1647 2848 1829 2888 appellant:
1852 2854 1958 2885 eoque

1090 2891 1198 2928 nolle,
1217 2889 1288 2921 haec
1305 2891 1334 2921 ἂ
1352 2890 1462 2922 similia
1476 2900 1520 2922 vex
1539 2891 1638 2922 domo
1656 2887 1957 2924 fictiafruekuario.

1090 2931 1280 2963 occurrebat
1304 2931 1456 2970 quidemz
1476 2932 1565 2972 quod
1586 2926 1892 2968 fructuariuslpotest
1907 2926 1956 2957 lo-

1084 2982 1162 3004 care
1177 2973 1309 3005 domum
1325 2972 1537 3006 fructuariam.
1562 2972 1615 3005 sed
1631 2973 1661 3004 in
1679 2976 1827 3012 promptu
1846 2966 1890 3005 est
1905 2965 1956 2997 ΓΟ·

1089 3015 1188 3046 lutio:
1212 3013 1267 3046 nifi
1291 3015 1412 3046 locatio
1435 3016 1527 3047 cadat
1552 3015 1584 3046 in
1608 3013 1735 3046 abusum
1751 3033 1762 3048 ,
1780 3016 1957 3053 'numquam

1089 3055 1263 3087 fructuario
1287 3064 1303 3086 a
1328 3055 1481 3088 testatore
1504 3054 1694 3088 conceffum.
1727 3048 1832 3090 potest
1856 3056 1954 3088 igitur

1090 3097 1279 3129 fruttuarius
1297 3106 1337 3128 ex
1363 3097 1469 3129 Sabini
1489 3096 1658 3133 sententia,
1680 3094 1809 3136 domurn
1827 3089 1958 3136 locare,

1090 3146 1125 3171 ut
1141 3140 1292 3177 domurn3
1315 3139 1347 3170 id
1364 3137 1426 3177 est,
1449 3139 1487 3170 ad
1514 3136 1739 3169 habitationem
1758 3139 1849 3162 unius
1865 3129 1956 3169 fami-

1886 3220 1953 3247 tem
