2052 3487
200 149 270 185 194

193 225 284 268 posse
303 234 430 267 poenam
457 230 516 263 pro
540 219 636 252 usuris
659 217 799 258 stipulari
820 216 913 259 -supra
934 218 1068 250 mot-ium

200 267 355 299 usurarum
374 267 507 297 licitum.
533 270 594 292 nec
611 261 635 292 is
650 267 793 299 tantumg
815 258 868 291 sed
885 258 1069 291 Gordianus

196 317 328 349 quoque
344 309 371 337 d.
388 306 406 337 l.
428 314 474 345 15.
500 303 529 334 ὅ(
545 301 700 342 Ulpianus
719 301 747 332 cl.
765 300 783 331 l.
805 309 853 341 13.
877 300 906 342 ᾗ.
924 304 974 332 26.
1013 301 1069 331 At-

195 351 250 391 qui
276 346 380 389 potest
408 354 509 386 poenae
535 342 697 382 stipulatio
721 341 915 373 adscendere
936 350 1069 382 quoque

195 384 237 422 ad
261 389 412 425 duplum,
436 386 584 426 triplum,
616 392 669 414 aut
693 384 903 423 quadruplum
929 384 957 414 d.
976 383 996 413 l.
1019 386 1070 422 56.

197 431 235 465 &²
250 432 278 462 d.
294 424 315 460 l]
332 433 381 471 38.
402 428 431 469 §.
454 436 500 467 17-
544 424 629 462 Nisi,
652 424 672 456 si
688 425 765 465 quid
788 423 843 455 fiat
865 424 897 456 in
921 423 1070 455 fraude-m

197 473 276 512 legis
306 480 375 511 quae
407 468 510 500 usuras
542 466 709 508 prohibuit
742 465 823 497 ultra
854 465 1070 497 centesimam.

197 513 286 554 quod
304 520 381 543 tunc
397 509 465 541 fieri
483 509 632 547 videtum
646 516 719 539 cum
738 507 955 549 prineipaliter
974 515 1071 547 quan-

196 556 271 585 titas
295 553 430 584 debetur
447 556 534 582 certa
551 551 621 588 die3
645 549 696 587 ἃ,
719 548 741 580 fi
758 558 794 579 ea
817 557 883 580 non
907 547 1071 587 solvatur,

197 596 333 637 pecunia
351 593 560 634 promittitur.
584 591 637 629 Qui
655 590 701 621 est
716 588 803 622 casus
817 591 848 621 cl.
864 590 884 620 l.
907 599 954 630 13.
977 589 1007 631 §.
1019 593 1069 621 26.

197 637 242 669 D.
260 637 293 667 cle
308 634 468 667 ustionibus
484 633 571 674 empti
584 632 621 666 ξύ)
639 632 761 662 venditi.
787 638 819 662 at
835 640 909 663 cum
926 640 992 662 non
1017 639 1070 670 pe-

198 679 294 709 cunia
311 676 528 718 principaliter
551 674 705 711 debetur,
729 672 781 705 sed
807 682 925 713 corpus
944 680 997 703 aut
1023 671 1070 702 fa-

200 719 306 757 stum,
337 718 387 757 δε,
411 717 432 749 si
454 717 485 748 id
511 715 685 756 praestitum
708 723 773 745 non
796 713 853 753 sit,
877 722 972 755 poena
998 721 1070 754 pro-

199 761 356 798 mittitur,
387 759 627 798 qualiscumque
659 756 711 786 illa
736 755 859 794 fuerit3
890 762 1004 786 contra
1024 755 1069 785 di-

201 797 338 834 cendum
361 800 425 838 est,
463 799 541 830 nihil
562 798 594 829 in
625 796 771 828 fraudem
800 795 959 828 usurarum
982 795 1070 828 fieri:

202 844 274 883 quia
294 841 382 872 usura
401 850 464 872 non
484 841 513 871 in
539 838 732 879 corporibus
749 845 802 869 aut
827 837 940 877 fastis,
964 836 1017 869 sed
1039 837 1072 883 in

201 884 448 925 quantitatibus,
472 881 581 912 locum
598 881 716 919 habet,
739 889 835 919 poena
859 889 937 910 vei-o
955 888 1019 910 non
1041 887 1074 909 in

203 925 429 966 quantitatibus
453 931 595 962 tantum,
626 921 679 953 sed
705 922 802 953 etiam
823 920 856 952 in
881 920 1074 962 corporibus

203 970 233 999 ὅ(
250 966 358 1004 fanis,
382 965 527 1003 debetur.

242 1007 348 1039 Fuere
365 1007 393 1038 ἃ
412 1008 500 1047 plura
516 1003 662 1037 fraudum
679 1012 794 1045 genera
811 1003 925 1043 quibus
941 1002 1075 1034 circum-

202 1051 367 1081 veniretur
393 1048 472 1089 legis
498 1045 679 1084 sententia3
710 1047 751 1077 de
779 1045 893 1084 quibus
918 1045 959 1076 ita
985 1044 1074 1083 Justi-

201 1092 313 1123 nianus
327 1090 346 1120 l.
366 1093 416 1121 26.
441 1092 471 1131 §.
494 1098 520 1120 1.
546 1087 579 1118 C.
596 1088 630 1117 de
648 1086 752 1124 usuris.
778 1086 936 1118 Interaiaa
959 1086 1076 1116 licentia

202 1133 389 1165 creditoribus
412 1140 448 1162 ex
461 1130 590 1168 pecuniis
600 1128 713 1168 foenori
729 1129 834 1159 dandis
857 1128 969 1169 aliquid
983 1128 1075 1157 detra-

204 1175 268 1205 here
288 1173 333 1204 vel
349 1174 470 1203 retinere
481 1170 659 1212 siliquarum
681 1171 794 1200 nomine
813 1169 860 1200 ‘vel
879 1168 1076 1209 sportularum

203 1216 250 1246 vel
266 1215 386 1246 alterius
402 1214 608 1255 cujuscumque
630 1211 721 1250 causa
741 1211 850 1251 gratia.
880 1211 921 1242 sic
936 1209 1078 1250 justinia-

203 1266 280 1289 nus:
305 1255 356 1287 sed
374 1256 450 1295 quid
468 1254 546 1285 velit
561 1276 571 1292 ,
593 1251 747 1293 sequente
771 1253 876 1292 capite
899 1253 930 1283 in
955 1250 1078 1291 exposi-

202 1301 293 1330 tione
317 1297 432 1328 horum
456 1295 630 1327 verborum
654 1293 819 1335 aliquanto
841 1293 966 1335 plenius
989 1301 1077 1324 enar-

202 1340 294 1372 rabo.

244 1380 407 1412 Caeterum
431 1377 495 1409 sive
518 1377 621 1417 palam
637 1399 647 1415 ,
677 1375 742 1407 sive
765 1373 911 1406 adhibito
938 1375 1051 1406 colore
1067 1397 1077 1413 ,

202 1421 294 1464 supra
321 1422 452 1452 modum
483 1419 560 1459 quid
591 1418 752 1448 diceretur
781 1416 911 1455 astum3
941 1416 1078 1447 Veteres

202 1463 269 1495 hoc
291 1472 349 1503 pro
371 1461 460 1492 nullo
486 1459 645 1490 habebant
667 1481 677 1496 ,
715 1466 872 1497 quatenus
899 1458 1078 1498 legitimum

206 1505 382 1537 excederet
398 1502 514 1533 finem:
531 1500 688 1540 reliquum
703 1499 909 1530 nihilominus
927 1501 992 1539 peti
1009 1508 1079 1539 per-

201 1544 393 1578 mittebant:
419 1550 558 1582 nempe,
583 1550 624 1571 ne
646 1540 725 1571 utile
748 1549 805 1579 per
822 1540 932 1571 inutile
953 1541 1078 1571 vitiare-

203 1595 265 1618 tur.
311 1583 377 1616 Nisi
400 1584 506 1623 placet
532 1582 620 1622 quod
648 1582 706 1613 Vir
731 1581 897 1619 Summus,
921 1581 1079 1613 Barnabas

201 1626 374 1661 Brissonius
391 1625 439 1656 lib.
457 1634 487 1666 3.
511 1622 610 1655 selca.
625 1623 719 1665 antiq.
743 1633 765 1653 c.
786 1632 813 1654 1.
837 1624 1009 1662 opinatur,
1032 1622 1077 1654 le-

203 1679 245 1711 ge
263 1667 401 1700 Gabinia
416 1666 552 1697 vetitum
579 1663 686 1703 fuisse,
714 1674 755 1695 ne
777 1664 825 1704 jus
850 1664 1012 1696 diceretur
1035 1673 1077 1695 ex

204 1720 243 1743 ea
259 1709 433 1752 syngrapha
455 1716 517 1747 qua
539 1706 637 1746 majus
663 1705 751 1737 usura
774 1704 945 1737 centesima
967 1705 1076 1737 foenus

200 1751 387 1793 promissum
407 1748 502 1780 esset:
520 1749 616 1788 idque
632 1757 649 1778 a
665 1747 826 1779 Cicerone
845 1747 974 1778 indicari
988 1747 1077 1787 lib.5.

202 1794 255 1825 Aa
271 1793 406 1823 Atticum
431 1787 514 1830 epist.
531 1789 583 1820 ult.
629 1788 692 1820 Sed
716 1788 781 1819 hoc
804 1797 870 1819 non
892 1789 935 1819 ita
957 1787 1020 1819 est·
1046 1788 1077 1819 ἀ

201 1836 263 1876 jain
283 1835 314 1866 in
330 1831 525 1865 antecessum
543 1829 680 1862 refutavi
698 1829 804 1870 capite
822 1838 865 1861 ιν.
887 1829 974 1869 hujus
990 1811 1074 1861 libri.

204 1875 326 1908 Nostro
347 1881 453 1906 autem
474 1873 542 1914 jure
566 1872 654 1912 quod
680 1870 847 1903 Pandeffis
869 1871 1076 1909 continetur,

202 1917 282 1950 nihil
305 1916 409 1948 verius
426 1914 490 1952 est,
514 1922 608 1955 quam
625 1913 657 1944 id
673 1912 762 1953 quod
780 1912 858 1953 legis
875 1912 1009 1944 modum
1026 1921 1078 1943 ex·

204 1959 312 1997 cedit,
342 1956 515 1998 improbari
547 1954 704 1995 quidemz
737 1953 789 1985 sed
821 1953 979 1994 reliquum
1010 1953 1077 1994 peti

207 1999 307 2041 poffe.
341 1999 373 2030 id
392 1999 478 2029 enini
494 1998 599 2037 liquet
617 2005 657 2027 ex
674 1995 694 2027 l.
716 2004 766 2032 29.
792 1993 835 2027 D.
857 1996 890 2026 cle
907 1995 1024 2036 usuris,
1040 1993 1078 2028 ἑὸ)

205 2042 226 2073 1.
256 2045 282 2073 ὃ.
307 2040 340 2072 C.
366 2039 398 2070 Si
421 2044 528 2070 certum
551 2043 682 2078 petatur.
713 2037 743 2068 <Sc
774 2037 858 2067 idem
888 2035 1079 2077 Papinianus

204 2082 301 2115 vultl
327 2091 357 2118 9.
382 2080 424 2112 D.
447 2081 480 2111 de
495 2079 610 2117 usuri53
634 2088 706 2110 cum
726 2076 795 2109 infit
810 2101 818 2116 ,
845 2077 1080 2116 Pecunioefoene·

205 2126 283 2163 bris,
304 2124 384 2154 intra
400 2123 474 2153 diem
495 2127 606 2152 certum
623 2121 713 2151 debito
729 2129 788 2150 non
805 2119 913 2158 hluto,
935 2119 1016 2159 dupli
1024 2116 1081 2159 sti-

202 2166 341 2207 pulatum
354 2166 386 2195 in
407 2164 495 2194 altero
513 2168 593 2193 tanto
600 2161 693 2202 supra
710 2162 824 2191 modum
839 2161 972 2203 legitimae
988 2163 1082 2192 ulurae

166 2207 338 2248 ”respondi
372 2214 429 2236 non
452 2211 554 2234 tenere.
580 2212 668 2244 quare
688 2209 741 2243 pro
770 2205 849 2232 modo
879 2203 1083 2243 cujuscumque

206 2248 358 2289 temporis,
372 2244 519 2286 superfluo
537 2244 663 2275 detrafi'io
676 2267 685 2282 ‚
701 2242 854 2284 stipulatio
868 2244 945 2274 vires
962 2244 1081 2274 habebit.

206 2290 457 2330 Proponuntur,
483 2286 571 2317 verbi
598 2285 717 2326 gratia,
748 2293 877 2324 centum
903 2285 989 2316 aurei
1014 2294 1082 2316 mu·

207 2331 256 2362 tui
272 2330 357 2368 dati,
381 2329 411 2360 &
430 2326 615 2367 interposita
634 2326 813 2367 stipulatio,
837 2334 872 2357 ut
888 2335 925 2357 ea
947 2326 1082 2367 pecunia

206 2373 290 2404 intra
306 2371 411 2408 diem,
436 2369 525 2400 verbi
541 2368 658 2410 gratia,
679 2368 759 2399 intra
778 2377 894 2399 annum
910 2377 975 2399 non
1000 2367 1081 2399 solu-

208 2421 259 2451 ta,
283 2412 413 2444 debitor
429 2420 527 2451 poenae
543 2410 674 2441 nomine
695 2408 857 2449 praestaret
873 2409 1024 2449 duplum,
1049 2409 1082 2440 id

210 2454 276 2492 est,
300 2454 459 2485 ducentos
475 2461 599 2483 aureos.
623 2460 660 2482 ea
677 2450 856 2491 stipulatio,
880 2451 951 2490 vel,
975 2458 1010 2482 ut
1028 2449 1083 2481 Pa-

207 2496 352 2536 pinianus
370 2494 531 2534 loquitur,
555 2493 580 2523 is
598 2492 780 2533 stipulatus,
798 2499 832 2524 ut
850 2501 880 2523 in
898 2491 916 2523 l.
940 2501 965 2523 1.
981 2492 1082 2534 §.pen¹

207 2536 255 2569 D.
277 2537 310 2567 de
328 2536 516 2577 pignoribus,
538 2534 575 2569 δ”
598 2534 617 2566 l.
633 2544 663 2573 4.
687 2533 716 2575 §.
736 2543 762 2566 1.
787 2532 830 2565 D.
846 2534 878 2564 de
899 2533 1085 2574 nauticofoe-

209 2586 296 2616 nore,
320 2577 350 2607 in
375 2577 477 2608 altero
503 2584 593 2606 tanto
609 2598 618 2613 ,
650 2576 681 2607 id
701 2575 767 2613 est,
791 2576 822 2606 in
850 2576 970 2615 duplo,
993 2583 1028 2606 ut
1050 2575 1083 2606 in

210 2620 231 2651 l.
255 2627 285 2654 9.
310 2617 340 2659 §.
363 2628 394 2658 5.
420 2617 461 2647 J).
485 2618 517 2647 de
538 2617 720 2656 publicanis,
753 2616 836 2648 utilis
865 2617 994 2656 quidem
1019 2615 1082 2655 est,

210 2667 367 2701 quatenus
387 2657 517 2689 subfistit
534 2661 616 2689 intra
641 2658 814 2698 legitimam
839 2658 979 2689 usuram:
1003 2656 1055 2689 secl
1072 2680 1082 2696 ,

211 2709 368 2742 quatenus
385 2708 453 2730 eam
480 2699 629 2737 excedit,
654 2708 718 2730 non
744 2707 844 2731 tenet.
870 2709 961 2735 nam,
983 2699 1006 2731 fi
1029 2699 1083 2730 de-

210 2743 298 2775 bitor
328 2750 449 2772 moram
474 2740 590 2771 fecerit
620 2741 651 2771 in
675 2740 852 2780 solutione,
883 2750 950 2772 non
976 2740 1084 2772 statim

211 2785 344 2816 alterurn
368 2790 491 2812 tantum
521 2781 674 2812 debetur:
699 2781 751 2813 sed
777 2781 848 2822 post
867 2783 1004 2822 primum
1034 2791 1086 2813 an-

210 2835 289 2858 num
313 2823 420 2855 saltem
448 2822 537 2853 usura
566 2822 724 2862 legitima,
761 2823 794 2854 id
819 2822 882 2862 est,
911 2823 1086 2855 duodecim

219 2867 328 2904 aurei3
360 2863 432 2905 post
462 2864 596 2894 alterum
621 2871 727 2894 autem
759 2864 856 2896 altera
891 2865 1088 2904 centesima,

214 2918 285 2949 quae
315 2915 388 2938 cum
413 2907 519 2946 priore
544 2903 648 2944 JunCta
671 2902 750 2935 facit
764 2913 901 2945 quatuor
920 2907 950 2938 ἄ
974 2907 1086 2947 viginti

214 2959 349 2982 aureos:
374 2948 404 2978 <Sc
423 2946 464 2978 fic
483 2954 592 2988 porro,
615 2946 640 2976 is
659 2946 743 2976 enim
768 2946 813 2977 est
830 2946 900 2979 finis
917 2947 1087 2990 legitimae,

214 2992 279 3024 five
297 2988 476 3021 centesimae
502 2987 609 3018 usurae.
628 2985 664 3032 ¹&
700 2986 763 3016 hoc
786 2987 976 3027 Papinianus
999 2990 1085 3021 vult:

214 3040 288 3064 cum
308 3032 368 3069 ait,
391 3039 450 3070 pro
467 3029 566 3061 modo
585 3036 814 3073 cujuscumque
837 3031 991 3069 temporis
1006 3054 1016 3068 ,
1040 3030 1084 3061 su-

213 3073 339 3113 perfluo
356 3071 521 3109 detraCtQ
542 3068 703 3109 stipulatio
728 3077 812 3100 vrres
836 3069 976 3102 habebit.
1005 3072 1085 3104 illud

215 3123 346 3156 quoque
369 3113 476 3155 placet
501 3112 588 3155 quod
610 3109 725 3142 Paulus
746 3108 766 3142 l.
792 3120 842 3144 20.
866 3110 908 3143 D.
932 3113 965 3143 de
989 3114 1084 3152 usuris

800 130 1113 165 Gnrtaxnr
1164 126 1396 163 Neon-r

1489 158 1497 173 Ι

1111 213 1239 254 scribit,
1265 212 1379 255 Usuras
1397 214 1521 247 ›tlltcttas
1542 214 1614 255 sorti
1634 214 1745 246 mixtas
1764 216 1839 257 ipsas
1861 223 1977 252 tantam

1111 266 1170 288 non
1185 258 1279 288 deberi
1291 280 1302 296 ,
1326 262 1457 288 catenum
1463 257 1572 298 sortem
1585 265 1647 288 non
1662 257 1779 290 vitiare.

1137 298 1261 339 >Atque
1279 298 1346 329 haec
1362 299 1593 337 obtinuerunt,
1616 299 1759 330 nondum
1783 298 1892 331 solutis
1912 299 1979 333 usu·

1112 339 1164 371 ris.
1208 339 1271 370 Sed
1291 340 1389 380 quid,
1423 339 1443 371 {i
1468 338 1578 371 solurae
1602 338 1686 371 sint?
1709 340 1837 371 videtur
1862 341 1995 373 dubit-a·¹

1114 388 1182 412 tum
1198 380 1309 420 fuisse,
1325 390 1364 412 an
1380 381 1548 420 potuerint
1568 381 1671 421 repet-i
1688 379 1797 413 usurae.
1820 386 1891 412 nam
1907 382 1980 414 Pau,

1115 422 1163 453 lus
1182 421 1230 454 lib.
1253 432 1282 454 2.
1308 421 1438 460 Sentent.
1457 424 1503 453 tit.
1523 432 1572 463 14.
1593 422 1624 464 ᾗ.
1648 432 1677 453 2.
1700 421 1742 453 sic
1766 422 1853 462 infit,
1881 422 1982 462 Usuroe

1084 477 1087 481 >
1104 464 1202 504 supra
1225 462 1404 501 centesimam
1426 464 1531 504 fiilutae
1542 468 1651 504 sortem
1672 464 1831 502 minuunt,
1855 463 1890 498 ἐξ
1915 475 1980 495 con-

1104 505 1226 546 sumpta
1244 506 1318 545 sorte
1338 507 1430 545 *operi
1456 505 1582 546 poffunt.
1624 504 1739 537 Paulus
1769 506 1855 543 vult,
1878 505 1981 538 usuras

1113 545 1203 588 supra
1220 546 1424 584 centesimam
1440 546 1575 586 solutas,
1588 547 1731 577 nondum
1751 546 1851 578 soluta
1867 546 1981 579 &ideo

1114 590 1247 619 ex'tante
1265 588 1373 618 adhuc
1388 587 1501 627 sorte,
1518 589 1554 619 ei
1579 588 1747 628 imputari:
1772 587 1824 619 sed
1847 586 1981 628 solutas,

1113 629 1185 669 post
1201 629 1319 661 sortem
1337 628 1498 661 solutione
1518 628 1765 668 consumptam,
1788 628 1873 670 quasi
1898 629 1984 662 inde-

1113 671 1194 702 bitas
1219 671 1331 711 repeti.
1374 671 1417 702 At
1441 679 1557 702 contra
1578 669 1736 710 Ulpianus
1764 671 1783 702 l.
1811 674 1860 701 26.
1885 669 1928 702 D.
1951 672 1985 702 do

1113 710 1286 743 condistione
1302 712 1432 743 indebiti.
1454 712 1555 744 >verba
1578 711 1719 752 Ulpiani.
1743 712 1778 743 Si
1801 721 1860 743 non
1883 715 1984 750 sortem

1115 757 1195 794 quis,
1211 753 1265 792 sed
1281 753 1385 793 usuras
1401 755 1541 785 indebitas
1549 755 1659 794 solvit,
1679 760 1805 794 ⁴repetere
1828 762 1887 784 non
1908 760 1995 793 potir-¹

1115 796 1175 833 rit,
1192 793 1221 832 fi
1236 796 1326 835 sortis
1350 796 1449 825 debitce
1467 795 1579 834 solvit:
1601 796 1655 835 sed
1670 793 1700 832 fi
1720 797 1809 836 supra
1829 795 1987 835 legitimum

1115 838 1231 867 modum
1238 836 1349 876 solvit,
1374 835 1415 867 D.
1433 836 1559 868 Severus
1580 834 1721 877 rescripsit
1743 840 1825 877 (quo
1843 838 1912 877 jure
1934 838 2007 873 uti*-

1116 877 1208 918 mur)
1235 878 1323 918 repeti
1344 878 1457 918 quidem
1480 888 1537 909 non
1557 877 1652 919 poffe,
1674 878 1729 917 sed
1744 879 1821 917 sorti
1842 879 1989 918 imputavi,

1115 920 1202 955 dunig
1226 918 1263 953 ὅ*
1273 916 1302 957 si
1317 917 1415 959 postea
1425 919 1536 959 jartam
1544 921 1659 959 solvit,
1668 918 1779 959 sortem
1801 918 1882 960 quast
1907 920 1986 950 inde-

1116 961 1207 991 bitam
1233 961 1321 1000 repeti
1337 958 1422 1001 poffe.
1466 961 1596 992 Proinde
1621 960 1658 995 ὅ)
1674 959 1705 998 fi
1727 967 1794 992 ante
1809 961 1874 1001 sors
1890 960 1989 1000 suerit

1109 1001 1211 1042 stilum
1221 1023 1230 1040 ‚
1240 1003 1343 1036 usurae
1349 1005 1445 1042 supra
1461 1002 1622 1044 legitimum
1638 1003 1754 1033 modum
1770 1004 1875 1037 solutae
1886 1001 1988 1043 ,quasi

1109 1044 1175 1083 sors
1191 1043 1338 1081 indebita,
1362 1049 1543 1083 repetuntur.
1587 1043 1688 1089 Quid,
1706 1042 1989 1082 fisimulsolverit?

1111 1085 1221 1125 poterit
1236 1086 1311 1123 dici,
1336 1084 1373 1118 &5'
1390 1090 1459 1117 tunc
1474 1086 1670 1125 repetitionem
1684 1085 1776 1116 locum
1792 1086 1901 1121 habere.
1938 1085 1990 1117 Sic

1118 1125 1291 1157 Florentiae
1310 1127 1431 1157 editur:
1454 1127 1553 1157 etiam
1583 1125 1689 1157 Graeci
1708 1127 1856 1167 legerunt
1883 1126 1990 1158 recte:

1119 1176 1311 1208 quamquam
1330 1168 1361 1199 in
1378 1167 1444 1199 aliis
1468 1168 1556 1199 libris
1575 1167 1621 1199 est
1635 1168 1736 1207 ,Jbrti
1756 1169 1882 1199 debitas:
1907 1177 1990 1199 eam·
2018 1184 2021 1190 .

1120 1218 1183 1249 que
1202 1207 1386 1248 scripturam
1404 1209 1553 1249 probavit
1569 1208 1730 1248 Johannes
1756 1208 1918 1240 Robertus
1941 1210 1989 1241 lib.

1121 1260 1149 1282 2.
1174 1250 1304 1282 Sentent.
1324 1250 1387 1291 jur.
1411 1261 1435 1281 c.
1464 1253 1509 1281 16.
1554 1249 1663 1291 Negat
1684 1258 1792 1282 autem
1815 1249 1990 1291 Ulpianus,

1121 1291 1225 1323 usuras
1243 1289 1332 1332 supra
1347 1291 1551 1323 centesimam
1580 1291 1695 1323 solutas
1720 1293 1842 1332 repeti,
1868 1291 1922 1323 etsi
1947 1293 1996 1324 in-

1119 1332 1261 1371 debitas;
1294 1334 1395 1365 modo
1418 1332 1439 1364 fi
1464 1333 1523 1364 sint
1546 1332 1638 1365 sortis
1661 1333 1797 1366 debitae:
1831 1333 1861 1364 &
1881 1334 1991 1371 addit,

1119 1372 1164 1405 D.
1181 1374 1337 1406 Severum
1354 1374 1557 1415 rescripsisse,
1580 1383 1689 1415 eoque
1703 1375 1773 1414 jure
1795 1384 1855 1406 nos
1879 1375 1946 1414 uti,
1969 1373 1992 1406 fi

1121 1415 1190 1455 quis
1213 1415 1302 1455 supra
1328 1416 1507 1457 legitimum
1537 1417 1669 1448 modum
1691 1417 1804 1454 solvit;
1836 1426 1902 1448 non
1925 1417 1993 1457 qui-

1121 1459 1195 1488 dem
1211 1458 1315 1497 repeti
1333 1457 1436 1497 posse,
1461 1456 1514 1489 sed
1530 1456 1605 1488 sorti
1631 1458 1871 1498 imputandum:
1898 1458 1947 1496 ἃ,
1970 1456 1992 1489 fi

1121 1497 1230 1539 postea
1247 1498 1364 1530 sortem
1384 1499 1496 1536 solvit,
1526 1498 1664 1537 sortem,
1687 1498 1772 1539 quasi
1796 1499 1992 1537 indebitam,

1121 1542 1223 1580 repeti
1241 1539 1339 1581 poss'e.
1364 1541 1501 1580 proinde
1518 1540 1548 1571 ἀ
1565 1539 1586 1571 fi
1602 1547 1676 1572 ante
1702 1539 1800 1571 fuerit
1825 1540 1889 1572 sors
1914 1540 1994 1572 solu·

1122 1588 1173 1620 ta,
1197 1581 1300 1612 usuras
1319 1580 1407 1622 supra
1426 1581 1602 1622 legitimum
1620 1582 1754 1613 modum
1771 1581 1887 1614 solutas
1905 1591 1995 1622 repe-

1121 1622 1165 1661 ti,
1190 1621 1273 1662 quasi
1297 1622 1412 1654 sortem
1438 1623 1624 1655 indebitam.
1654 1624 1751 1664 quid,
1774 1622 1795 1654 si
1819 1622 1906 1655 simul
1936 1623 1996 1655 sol·

1120 1663 1229 1695 verit?
1252 1664 1319 1702 ait,
1349 1663 1439 1704 posse
1461 1665 1524 1695 diei
1540 1687 1550 1702 ,
1582 1664 1612 1695 &
1636 1671 1712 1695 tunc
1737 1664 1845 1696 locum
1876 1664 1995 1695 habere

1120 1705 1347 1745 repetitionem
1365 1705 1385 1736 l.
1400 1709 1449 1736 26.
1470 1704 1513 1736 D.
1530 1706 1564 1736 de
1579 1705 1753 1736 concitatione
1767 1706 1897 1737 indebiti.
1927 1706 1996 1737 Vo-

1120 1746 1179 1777 luit
1199 1745 1294 1787 igitur
1310 1745 1486 1787 Ulpianus,
1510 1745 1616 1777 usuras
1643 1745 1736 1778 sortis
1755 1747 1871 1778 debitae
1884 1770 1895 1786 ,
1918 1746 1999 1778 solu.

1120 1794 1167 1818 tas
1184 1785 1273 1828 supra
1289 1788 1466 1828 legitimum
1486 1788 1639 1827 modum,
1663 1787 1728 1819 five
1751 1789 1894 1820 nondum
1917 1788 1998 1820 solu-

1119 1835 1151 1859 ta
1168 1827 1233 1859 sors
1251 1828 1305 1866 (it,
1328 1829 1393 1860 five
1406 1829 1468 1868 jam
1491 1827 1528 1860 fit
1549 1827 1669 1869 soluta,
1693 1829 1722 1860 ei
1748 1829 1917 1870 imputari:
1941 1829 1994 1862 scd

1119 1868 1197 1911 ipsas
1213 1868 1337 1909 usuras,
1359 1869 1443 1911 quasi
1458 1870 1636 1910 indebitas,
1660 1879 1726 1902 non
1750 1871 1864 1911 repeti.
1887 1869 1994 1910 forte,

1121 1911 1195 1951 quia
1210 1910 1308 1942 usurae
1324 1920 1366 1943 ex
1386 1921 1477 1943 mora
1493 1911 1628 1951 debitae,
1651 1912 1691 1943 ad
1709 1911 1802 1943 instar
1818 1911 1922 1953 p‘oenae
1942 1912 1995 1943 ha-

1121 1952 1258 1991 bentur3
1280 1962 1350 1994 quae
1370 1952 1539 1994 postquam
1554 1953 1692 1993 depensa
1711 1953 1775 1991 est,
1809 1963 1875 1986 non
1904 1963 1996 1994 repe-

1123 1996 1201 2025 titur
1225 1993 1245 2025 l.
1263 2004 1313 2033 42.
1339 1994 1382 2025 D.
1405 1996 1463 2025 eod.
1487 1995 1534 2026 tit.
1559 1994 1669 2026 Habes
1687 1994 1843 2027 Veterum
1863 1996 1995 2032 varieta-

1124 2043 1209 2074 tem,
1240 2044 1335 2076 quam
1357 2036 1520 2077 indigitat,
1553 2034 1643 2068 simul
1671 2037 1781 2074 tollit,
1813 2036 1893 2077 Imp.
1920 2036 2001 2070 Pni-.

1124 2077 1228 2117 lippus
1242 2076 1263 2109 l.
1286 2082 1332 2111 123.
1352 2077 1385 2108 C.
1402 2079 1436 2108 de
1458 2077 1574 2115 usuris,
1596 2086 1668 2108 cum
1698 2077 1741 2109 sic
1766 2077 1826 2115 ait,
1850 2078 1997 2109 Indebitas

1124 2122 1247 2158 usuras,
1269 2117 1380 2154 etiamst
1396 2123 1463 2149 ante
1471 2120 1580 2157 sortem
1594 2119 1711 2159 fhlutae
1726 2129 1783 2150 non
1801 2119 1940 2158 fuerint,
1962 2128 1997 2150 ασ

1121 2165 1270 2201 propterea
1296 2161 1425 2191 minuere
1447 2169 1510 2190 eam
1527 2169 1583 2190 non
1606 2161 1777 2200 potuerint,
1793 2160 1846 2201 sed
1856 2158 1920 2201 post
1935 2161 1998 2200 Jor-

1125 2207 1180 2232 tem
1195 2202 1337 2232 redditam
1352 2202 1487 2232 creditori
1504 2201 1624 2239 fuerint
1641 2203 1743 2240 datae,
1766 2201 1880 2236 exclusa
1906 2201 1997 2242 [vete-

1119 2242 1182 2324 ]rqis]
1213 2243 1481 2324 jurisstvarietate,
1504 2245 1592 2284 repeti
1609 2243 1704 2284 poffe‚
1722 2244 1861 2285 perpenso
1885 2243 1997 2275 ratione

1148 2290 1300 2316 rmatume
1329 2307 1336 2315 .
2007 2296 2015 2320 χ

1165 2326 1283 2358 Praeter
1300 2325 1354 2357 has
1376 2325 1544 2357 cautiones
1566 2324 1716 2357 adversus
1746 2325 1870 2358 illicitas
1894 2323 1997 2357 usuras

1124 2367 1165 2399 de
1192 2367 1307 2407 quibus
1331 2366 1416 2404 dixi,
1453 2367 1530 2399 olim
1558 2366 1621 2399 fuit
1645 2368 1676 2398 δε
1699 2368 1868 2408 quadrupli
1893 2376 1998 2407 poena.

1124 2409 1256 2450 ejusque
1272 2408 1418 2440 meminit
1435 2407 1590 2440 Asconius
1615 2407 1772 2440 Pedianus
1798 2411 1830 2439 in
1857 2408 1998 2440 Divinat.

1122 2459 1153 2492 p.
1171 2460 1220 2491 27.
1243 2448 1448 2491 sequentibus
1467 2449 1584 2482 verbis.
1608 2449 1672 2482 Alii
1699 2451 1801 2481 dicunt
1822 2449 1999 2492 quadrupla-

1126 2498 1200 2523 tores
1229 2490 1280 2532 effe
1310 2500 1407 2522 eorum
1436 2500 1548 2522 reorum
1581 2492 1759 2531 accusatores
1789 2493 1841 2533 qui
1869 2490 1994 2522 convifti

1126 2533 1282 2575 quadrupli
1312 2534 1449 2564 damnari
1464 2533 1595 2571 soleant,
1632 2539 1667 2563 ut
1684 2532 1761 2563 aleae
1790 2538 1845 2564 aut
1859 2532 2000 2572 pecuniae.

1123 2575 1309 2616 gravioribus
1326 2574 1423 2614 usmis
1437 2575 1614 2612 soeneratae,
1645 2583 1733 2615 quam
1745 2580 1799 2614 pro
1821 2574 1998 2611 consuetudi-

1126 2626 1172 2648 ne.
1216 2615 1279 2647 Sed
1304 2615 1334 2647 &
1358 2615 1464 2652 Cato,
1495 2615 1542 2646 De
1566 2624 1596 2645 re
1626 2613 1753 2656 rustica,
1779 2614 1820 2646 sic
1843 2615 1999 2654 accipien-

1128 2658 1185 2689 dus
1199 2680 1209 2696 ‚
1234 2666 1308 2689 cum
1324 2657 1386 2695 ait,
1410 2655 1542 2696 Majorer
1559 2656 1635 2687 enim
1651 2655 1740 2696 nostri
1750 2655 1795 2694 sic
1813 2657 1997 2695 habuerunt,

1127 2699 1165 2734 ὅ)
1182 2700 1226 2730 ita
1243 2700 1275 2729 in
1291 2698 1401 2739 legibus
1411 2697 1581 2738 pofiverunt
1592 2721 1601 2736 ‚
1611 2698 1715 2738 furem
1731 2697 1811 2738 dupli
1826 2699 1994 2729 condemna-

1126 2743 1171 2779 ri,
1193 2740 1400 2781 faeneratorem
1428 2739 1594 2780 quadrupli.
1638 2739 1716 2771 Eam
1742 2749 1820 2771 vero
1845 2748 1998 2780 poenam,

1128 2781 1338 2814 desuetudine
1389 2781 1593 2812 obliteratam
1616 2804 1625 2817 ,
1676 2781 1794 2813 deinde
1842 2781 1997 2812 reduxere

1128 2823 1253 2864 lmppp.
1283 2822 1551 2861 Valentinianus,
1589 2821 1815 2861 Theodosius,
1852 2822 1882 2853 ἐι
1906 2822 1998 2853 Arca-

1129 2865 1199 2896 dius
1224 2864 1244 2895 l.
1269 2873 1297 2896 2.
1324 2864 1393 2894 Cocl.
1424 2863 1525 2894 Theod.
1558 2865 1592 2895 de
1613 2865 1719 2904 usuris.
1751 2863 1848 2894 verba
1874 2872 1996 2894 eorum.

1131 2907 1313 2947 Quicumque
1341 2905 1423 2935 ultra
1452 2904 1630 2942 centesimam
1657 2906 1726 2947 jure
1751 2904 1913 2946 permiffam
1943 2904 1996 2934 ali-

1129 2939 1200 2990 ‘qiud
1221 2947 1280 2987 sub
1301 2944 1442 2984 occafione
1472 2945 1644 2987 neceffitatis
1674 2949 1804 2981 eruerit,
1842 2944 1997 2981 quadrupli

1123 2998 1226 3031 poenae
1250 2988 1419 3031 obligatione
1442 2985 1633 3028 conflriftus,
1663 2987 1728 3025 sine
1751 2986 1914 3028 affatione,
1931 2986 1996 3025 fine

1128 3031 1243 3072 requie,
1274 3030 1413 3071 protinus
1441 3030 1539 3060 ablata
1569 3030 1733 3060 redhibebit.
1786 3027 1832 3058 Hi
1854 3037 1920 3057 vero
1944 3027 1995 3069 qni

1127 3079 1215 3104 antea
1236 3072 1305 3113 pari
1325 3072 1430 3112 furore
1451 3071 1576 3112 grciffati
1604 3072 1715 3113 uspiam
1745 3069 1936 3109 detegentur,
1965 3070 1995 3100 in

1126 3113 1247 3156 duplum
1263 3118 1375 3147 extorta
1393 3110 1559 3153 restituunt.
