2036 3495
270 135 512 171 Dias-tarano
540 131 692 183 Quinti-A
720 137 762 164 DE
791 128 995 165 Ratimonn
1020 137 1062 164 AB
1090 127 1238 164 IMPERIO
1263 127 1352 175 June
1379 126 1552 164 Gummi
1581 128 1722 164 mem.

103 232 133 256 ta
152 226 323 265 contingit.
357 223 467 265 Fugit,
490 220 612 261 inquis,
637 227 758 251 verum.
785 216 881 259 Quali
899 217 976 250 scire

104 266 196 306 pollit
215 263 303 306 quod
321 275 392 297 eum
413 265 488 296 scire
509 260 730 308 noluitnDeus.
760 258 866 304 Quid,
890 260 910 290 si
929 270 975 306 re-

102 307 152 339 e'te
171 307 282 339 sentiat
301 307 394 348 quem
406 315 439 338 tu
451 314 552 337 errare
569 302 730 344 opinaris?
747 308 874 341 quoties
892 310 976 333 cmm

102 349 230 387 evenit,
254 356 288 380 ut
311 351 341 380 in
363 358 403 380 eo
420 347 507 388 quod
526 354 603 376 vero
623 344 804 383 proximum
822 341 975 381 habetur,

103 389 233 428 salsum,
257 389 354 421 autin
379 389 443 420 hoc
462 387 550 428 quod
564 385 674 417 falsum
693 384 838 422 videtur,
864 393 974 415 verum

103 431 332 463 contineatur?
353 430 420 470 Jam
441 427 546 470 potest
560 427 626 459 fieri
638 449 647 464 ,
666 435 700 457 ut
718 432 830 456 neuter
844 434 912 470 rem
930 426 974 456 vi-

103 473 194 511 deat,
212 472 239 504 a*
251 479 386 513 uterque
401 472 440 502 de
457 470 485 501 se
501 470 584 501 bene
601 466 715 506 speret.
741 475 803 497 tam
821 465 974 505 difficilis,

104 521 166 544 tam
185 513 335 552 obscura,
360 521 423 544 tam
447 511 567 543 lubrica
585 508 630 540 est
646 509 710 539 veri
730 508 974 548 contemplatio.

103 565 164 586 nec
184 555 265 592 scio,
289 563 325 585 an
349 554 421 594 quid
446 561 535 592 aeque
553 550 728 582 conveniat
753 551 877 581 incerto
896 549 975 588 litis,

102 605 195 636 quain
215 596 377 632 hominem
403 594 524 625 homini
540 601 689 633 parcere:
716 599 777 622 tarn
798 598 885 621 certa
903 590 974 632 lege

104 638 248 668 liumanae
265 635 509 676 conjunctionis.
540 642 729 674 quamquam
746 632 782 664 sit
802 641 838 663 ea
856 632 972 673 ingenii

103 680 146 710 tui
166 678 311 714 fortuna,
328 686 360 708 ut
378 677 430 709 ille
445 676 589 717 longius,
606 683 699 715 quam
719 683 772 712 tu,
794 682 810 703 a
828 682 905 704 vero
922 673 974 704 ab·

89 718 155 751 *fin
180 719 253 759 quid
270 719 307 750 ad
327 718 384 750 te?
405 717 424 749 si
441 718 526 749 enim
544 717 675 754 delirat3
692 725 756 746 non
776 714 852 760 tibi,
872 713 923 745 sed
941 714 974 745 fi-

100 761 132 792 bi
151 761 278 792 delirat:
295 759 362 791 acfi
381 759 527 791 miserum
543 759 650 789 dicere
667 767 762 797 queas
781 765 830 787 cui
851 765 915 787 non
933 765 972 785 az-

101 811 163 841 que
182 801 287 832 faveat
304 800 414 840 Deus3
439 810 502 832 non
529 799 651 830 idcirco
668 798 850 838 improbum
867 806 903 827 ac
920 806 974 827 ne-

100 843 213 874 farium
233 843 340 874 dicere
357 843 488 882 poteris.
522 841 620 872 fuerit
642 840 738 880 igitur
758 839 870 884 dignus
887 838 974 877 cujus

100 884 282 918 miserearis
313 892 344 915 at
371 893 435 915 non
461 882 505 914 est
530 883 644 923 dignus
667 890 761 919 quem
779 878 973 925 persequaris

102 936 191 958 novo
208 935 244 957 ac
263 925 405 967 singulari
424 926 486 956 odii
507 933 635 965 genere.
672 921 740 953 Nisi
759 921 854 959 velis,
879 929 972 965 coeco

101 967 207 1006 irasci,
233 970 320 1007 quod
345 976 408 998 non
434 967 560 1003 videat3
583 965 718 1002 claudo,
741 963 828 1003 quod
839 971 909 1009 ,non
930 970 972 992 in-

100 1010 194 1040 cedat
218 1009 340 1047 rectu53
363 1016 416 1040 aut
439 1017 570 1043 manco,
595 1008 682 1047 quod
702 1014 765 1036 non
784 1003 820 1035 sit
838 1010 972 1042 integer.

99 1049 200 1089 Haec,
224 1051 369 1090 inquies,
393 1059 457 1081 non
478 1048 615 1080 hominis
633 1046 710 1078 vitia
728 1045 815 1083 sunt,
839 1044 890 1075 sed
907 1042 971 1090 Na-

102 1100 190 1123 turae.
236 1089 324 1122 Idem
342 1099 488 1132 putemus
506 1092 546 1121 de
564 1096 706 1125 errante,
730 1087 784 1118 etsi
801 1087 884 1117 circa
902 1085 972 1131 reli-

101 1134 251 1174 gionem:
275 1143 337 1164 non
365 1133 449 1164 enim
476 1130 530 1163 suo
548 1130 629 1161 vitio
646 1137 749 1166 errat3
774 1125 972 1173 sedinfirmi-

101 1183 178 1206 tate.
203 1173 317 1205 infelix
333 1175 427 1215 igitur
449 1173 512 1211 est,
537 1180 601 1202 non
621 1171 738 1202 malus:
762 1177 901 1208 necJure
918 1167 973 1198 hu-

102 1225 202 1248 manae
214 1216 372 1247 societatis
389 1223 517 1255 poenam
533 1221 673 1244 meretur
684 1220 734 1251 qui
746 1208 891 1242 adversus
903 1217 971 1240 earn

102 1267 166 1289 non
185 1257 330 1296 deliquit.
721 1293 727 1298 .
950 1290 956 1295 ·

143 1297 189 1329 Ut
213 1306 379 1336 torqueam
398 1320 406 1335 ,
437 1296 540 1336 inquis
557 1317 567 1333 ,
591 1301 625 1325 ut
650 1293 780 1334 spoliem
792 1316 809 1338 ,Ι
826 1297 860 1322 ut
885 1299 969 1337 occi-

102 1340 193 1378 dam3
218 1338 330 1369 sufficit
356 1338 509 1369 libertatis
527 1336 672 1374 invidiae,
696 1334 784 1375 quod
803 1334 834 1365 ld
849 1342 909 1379 ago
927 1342 970 1363 in-

99 1382 200 1419 vitus;
223 1389 283 1411 nec
302 1380 398 1417 odio,
415 1378 466 1410 sed
482 1379 619 1419 pietate,
637 1377 666 1408 ἅ
685 1376 736 1416 spe
753 1374 893 1406 servandi
913 1373 970 1404 ho-

99 1422 191 1454 minis
209 1421 349 1462 alioquin
367 1421 507 1462 perituri.
538 1428 575 1450 an
602 1417 622 1449 si
639 1418 837 1458 praecipitare
855 1414 970 1461 se-quis

99 1464 130 1494 in
147 1463 283 1502 flumen,
299 1463 329 1494 in
343 1470 491 1502 puteum,
507 1458 774 1492 inveirnmenlam
786 1465 971 1497 voraginem

101 1504 287 1544 praesumat,
311 1512 465 1534 movente
482 1501 616 1540 insania3
639 1510 703 1532 non
722 1499 971 1540 pulcherrimum

101 1552 248 1586 putamus
276 1544 419 1583 facinus,
443 1544 494 1575 vel
510 1543 645 1575 invitum
663 1542 894 1581 nolentemque
912 1539 970 1570 ser-

103 1587 203 1618 vare?
227 1586 303 1626 quid
325 1586 377 1624 Jus
403 1585 534 1616 Civile?
557 1592 686 1622 nonne,
710 1591 782 1614 cum
808 1582 972 1613 damnatus

102 1627 228 1658 ducitur
248 1627 290 1665 ‘ad
315 1626 500 1666 supplicium
517 1649 526 1664 ‚
549 1633 729 1665 provocare
749 1624 814 1663 ejus
840 1622 972 1654 nomine

103 1668 262 1709 permittit
286 1668 433 1699 omnibus
452 1667 504 1706 qui
522 1666 639 1704 velint,
661 1665 717 1697 etsi
733 1664 797 1704 ipse
814 1665 867 1704 qui
886 1664 971 1695 dam-

104 1717 195 1740 natus
221 1708 284 1748 est,
309 1708 471 1739 sententiae
498 1706 696 1748 adquiescat,
720 1705 774 1737 etii
791 1704 906 1737 resistat
921 1705 970 1736 ad·

104 1749 210 1781 versus
233 1749 498 1789 provocationem
520 1749 534 1781 ,2³
557 1749 700 1780 imitetur
723 1747 788 1778 hoc
811 1749 858 1778 vir
882 1747 970 1786 pius,

104 1790 288 1831 religiosus,
305 1790 435 1830 sapiens.
460 1799 583 1821 tueatur
599 1790 751 1827 humana3
773 1797 833 1819 nec
850 1787 972 1819 deserat

106 1833 222 1863 divina.
255 1840 384 1871 utatur,
416 1831 437 1863 fi
462 1831 574 1872 poffit‚
598 1830 759 1868 doctrina3
781 1829 822 1861 sm
848 1831 973 1868 minus,

106 1881 213 1912 metu,
230 1874 362 1911 dolore,
379 1882 490 1913 poena,
507 1880 542 1903 ut
559 1872 668 1904 doceri
680 1871 771 1911 poss'it
789 1871 887 1902 laxata
897 1879 973 1902 con-

107 1917 263 1952 tumacia,
286 1923 323 1945 ac
341 1915 429 1954 quod
446 1914 611 1952 didicerit,
630 1912 752 1944 servare
767 1911 920 1944 fideliter:
936 1921 975 1941 ae-

108 1966 170 1996 que
194 1956 362 1987 tormentis
386 1955 489 1986 ac'tura
507 1955 638 1996 gratias,
662 1963 699 1985 ac
718 1963 801 1995 aeger
815 1953 973 1984 honorem

108 1997 204 2028 habet
225 1996 359 2028 Medico
375 2005 392 2027 a
408 2005 473 2036 quo
498 1997 579 2037 saepe
593 1995 698 2034 same,
721 1996 892 2035 aliquando
907 1994 972 2033 siti,

102 2038 290 2078 plerumque
306 2038 435 2078 ingratis
453 2037 693 2069 medicamentis
704 2059 714 2076 ,
730 2036 817 2068 forte
834 2036 864 2068 ἀ
879 2035 972 2067 ustio-

100 2088 142 2110 ne
166 2086 218 2110 aut
245 2078 403 2117 sectione,
426 2086 601 2119 utcumque
617 2078 720 2110 multo
738 2079 857 2116 taedio,
881 2077 971 2108 dolo—

101 2130 133 2151 re
145 2143 154 2158 ,
177 2122 317 2152 cruciatu
339 2129 412 2152 cum
428 2121 611 2152 valetudine
627 2120 659 2152 in
675 2120 805 2160 gratiam
824 2119 972 2150 reductus

101 2161 156 2193 est.
198 2162 261 2193 Pro
285 2161 375 2193 Deus
401 2161 604 2194 immortalis!
630 2162 706 2202 quid
730 2160 851 2192 audio?
874 2158 971 2201 ipsass

102 2202 190 2242 loqui
210 2202 311 2243 poss‘et
330 2203 544 2244 impudentia,
567 2203 672 2235 alione
688 2203 874 2242 loqueretur
890 2202 971 2233 ore?

101 2244 264 2276 occurrite
280 2245 441 2285 exemplo.
465 2245 642 2276 deludimur
658 2244 831 2276 calumnia:
850 2243 879 2274 &
896 2244 972 2274 dum

101 2286 191 2317 nullo
204 2285 272 2325 jure
288 2284 325 2317 fit
339 2294 404 2326 quo
425 2285 540 2317 saevitia
558 2285 700 2324 lassetur,
723 2285 834 2325 aliquis
851 2285 891 2315 de
908 2285 972 2325 pie-

101 2334 168 2357 tate
185 2327 357 2368 gloriatur3
381 2327 410 2358 &
427 2336 500 2359 cum
521 2328 625 2368 perdit
640 2328 824 2364 hominem,
840 2325 869 2357 se
882 2334 970 2356 com-

98 2375 187 2408 parat
214 2369 242 2399 ei
266 2369 319 2409 qui
342 2368 480 2400 deservit
504 2378 541 2400 ac
560 2376 674 2400 tuetur.
706 2368 728 2400 fi
745 2368 814 2399 haec
831 2366 971 2398 humani-

98 2418 162 2448 tas,
186 2408 207 2441 fi
225 2419 335 2449 amor,
359 2409 380 2441 fi
404 2409 534 2442 affectus
552 2410 680 2450 Juvandi
705 2409 858 2440 hominis:
884 2408 972 2448 quod

98 2451 227 2490 odium,
252 2460 321 2492 quae
344 2450 439 2491 pestis
467 2451 615 2483 dicetur?
638 2450 847 2483 crudelissime
867 2456 970 2491 tyran-

97 2501 158 2531 ne,
181 2491 202 2524 fi
227 2493 315 2533 quod
339 2502 402 2533 prae
421 2500 453 2524 te
469 2492 554 2532 fers,
578 2502 661 2525 amas
679 2493 863 2530 homiuem,
887 2491 908 2522 li
927 2491 971 2522 di-

97 2533 207 2565 vinam
224 2534 253 2564 ei
271 2543 403 2574 pacem,
425 2533 445 2566 fi
463 2533 617 2566 summum
638 2534 760 2565 bonurn
785 2542 972 2574 procurare,

99 2573 181 2605 serio
196 2574 331 2606 instituis
343 2575 406 2608 :⁵ne
423 2575 732 2617 affligas‚laceresve
749 2575 887 2606 hominis
904 2583 971 2614 par-

99 2622 166 2646 tem
189 2624 260 2653 quae
283 2625 349 2648 non
372 2617 559 2656 voluntate,
583 2616 636 2648 sed
661 2617 775 2649 dolore
791 2616 972 2656 respondet.

100 2657 232 2696 corpori
256 2664 371 2696 parce3
394 2657 423 2689 δι
448 2665 482 2689 ut
496 2668 621 2690 errores
636 2659 743 2690 animo
761 2658 885 2695 deleas,
909 2656 973 2687 ani-

100 2706 187 2729 mum
210 2698 332 2729 ratione
358 2698 461 2730 vince.
490 2699 533 2730 nil
560 2700 651 2739 hujus
677 2698 869 2730 correctioni
894 2697 973 2728 facit

101 2735 299 2769 carnificina:
323 2747 385 2770 nec
402 2740 577 2771 mendaciis
594 2748 647 2771 aut
667 2741 774 2772 verbis
802 2739 884 2771 fictis
901 2747 972 2779 quae

100 2778 157 2810 issa
173 2786 364 2819 extorquet,
381 2780 569 2812 conciliatur
586 2781 695 2819 Deus,
711 2781 763 2812 sed
779 2782 903 2818 animo,
921 2780 973 2811 sed

99 2821 287 2858 voluntate,
304 2820 333 2851 δι
352 2828 459 2853 mente
476 2820 592 2853 sincera
608 2831 645 2853 ac
661 2823 791 2854 libente.
815 2830 846 2853 at
863 2821 974 2852 crude-

99 2862 170 2894 litas
186 2860 309 2901 semper
318 2860 363 2892 est
381 2861 559 2894 crudelitas.
581 2872 640 2893 nec
649 2872 798 2903 umquam
814 2862 920 2903 potest
931 2862 975 2893 vi-

99 2903 168 2934 deri
190 2911 297 2940 amor,
310 2910 405 2942 atque
421 2901 550 2934 affestus
568 2903 709 2935 servandi
721 2904 787 2944 ejus
805 2913 900 2945 quem
911 2902 974 2934 fru-

97 2943 159 2976 stra
172 2943 319 2975 verberas
329 2967 339 2983 ,
349 2944 470 2975 crucias
481 2966 491 2982 ,
501 2953 615 2981 vexas,
627 2945 704 2984 quid
722 2947 837 2985 dicam,
850 2945 973 2976 occidis

96 2985 200 3032 prius,
225 2993 319 3025 quam
344 2985 381 3016 ad
406 2982 571 3016 sanitatem
597 2985 663 3024 ejus
687 2995 776 3018 mens
798 2986 974 3027 pervenit?

96 3036 164 3058 imo
181 3026 276 3058 vide:
299 3035 340 3057 ne
358 3026 412 3066 qui
429 3025 536 3056 verbis
556 3033 587 3057 te
605 3035 663 3066 pro
680 3027 784 3058 amico
801 3028 903 3068 germ,
926 3036 974 3058 re-

98 3067 159 3100 bus
183 3076 254 3109 agas
279 3076 346 3107 quo
367 3066 445 3098 nihil
465 3067 564 3108 magis
581 3066 716 3106 hostile,
739 3075 835 3108 atque
853 3068 975 3099 abomi-

98 3109 238 3141 nandum
260 3109 396 3149 cogitari
421 3108 545 3148 potest:
570 3109 645 3140 dum
669 3108 732 3148 ejus
749 3110 838 3140 caede
855 3108 975 3148 efficis,

90 3156 129 3180 ut
153 3159 192 3181 ne
207 3149 323 3182 servari
343 3150 472 3191 quidem
489 3150 640 3190 deinceps
659 3149 775 3190 poffit:
791 3150 845 3190 qui
861 3150 914 3182 ubi
932 3151 974 3182 vi-

98 3197 168 3236 tam
191 3199 248 3230 per
267 3199 302 3237 te
325 3191 443 3231 amisit,
466 3191 497 3224 in
514 3198 666 3225 aeternum
683 3191 844 3225 emendari
859 3201 895 3225 ac
915 3191 974 3227 ser-

94 3239 162 3262 vari
180 3239 300 3271 nequit.

135 3271 214 3305 Tota.
239 3272 263 3306 l,

1829 138 1850 171 5
1858 137 1899 170 23

1062 217 1245 250 Mollienda
1258 225 1363 249 tamen
1381 217 1539 258 dolore&
1557 226 1644 250 metu
1661 217 1705 249 est
1721 218 1896 259 pertinacia

1020 259 1049 290 ἃ
1069 259 1250 291 inflexibilis
1268 259 1450 291 obstinatiO.
1482 259 1629 299 Scilicet,
1653 268 1686 290 tu
1702 259 1896 292 obstinatum

1019 310 1116 331 vocas
1133 310 1228 341 quem
1248 302 1370 332 ratione
1388 302 1518 333 vincere
1534 310 1599 334 non
1617 309 1720 342 potes.
1747 301 1835 344 Quid
1847 325 1855 341 ,
1873 302 1893 333 li

1019 341 1102 373 idem
1121 343 1305 373 convicium
1322 342 1418 374 faciat
1435 343 1516 374 tibi?
1536 342 1592 374 stat
1613 352 1670 383 pro
1689 342 1739 374 sua
1756 344 1894 385 quisque

1018 382 1173 414 sententia
1190 383 1331 415 fortiter.
1364 392 1396 415 tu
1414 383 1609 424 adspernaris
1625 384 1691 424 eJus
1707 393 1894 426 argumenta

1019 434 1088 463 quae
1106 434 1169 456 non
1189 425 1316 465 placent
1332 425 1401 457 tibi.
1424 426 1478 458 ille
1495 435 1559 456 non
1577 433 1728 458 movetur
1745 427 1806 458 tuis
1822 435 1894 466 qua:

1018 465 1138 507 frigent
1162 467 1202 497 ei.
1235 466 1289 498 nisi
1313 476 1445 508 regnum
1469 465 1597 498 affectas
1615 490 1624 506 ,
1648 476 1704 507 par
1727 468 1894 508 utriusque

1019 507 1109 538 causa
1127 506 1181 539 est.
1213 515 1327 539 neuter
1344 507 1472 539 sustinet
1488 508 1630 540 incidere
1647 509 1677 539 in
1696 508 1788 540 alieni
1807 519 1895 540 erro-

1018 549 1061 580 ris
1079 548 1277 580 societatem.
1312 558 1447 591 uterque
1468 549 1536 580 vult
1553 549 1640 590 sequi
1658 549 1755 581 fidem
1775 551 1894 581 inentis

1019 589 1098 630 sure,
1122 589 1152 621 ἃ
1178 591 1265 630 quod
1289 591 1412 622 diffidet
1430 592 1460 622 in
1484 590 1571 622 suum
1590 590 1715 622 trahere
1732 592 1892 623 colorem.

1018 641 1073 663 cur
1098 632 1128 662 in
1154 631 1208 663 illo
1232 632 1440 672 reprehendis
1468 633 1556 672 quod
1571 631 1636 671 ipse
1653 633 1741 672 agis?
1765 640 1893 664 auteur

1018 673 1058 704 de
1086 673 1142 704 illo
1165 672 1328 713 desperas,
1352 676 1448 705 etiam
1474 682 1547 705 cum
1567 672 1644 705 nihil
1663 674 1791 713 speras?
1816 675 1894 714 quin

1018 715 1146 755 cogita,
1171 714 1251 754 saepe
1275 716 1363 756 quod
1391 724 1475 746 nunc
1498 724 1564 747 non
1581 714 1634 754 sit,
1660 713 1731 754 post
1742 714 1837 754 sore3
1862 716 1894 746 &

1016 752 1125 786 Deuin
1144 755 1234 794 super
1250 766 1307 788 nos
1325 766 1373 787 res
1389 765 1492 797 agere.
1515 756 1670 797 quidquid
1685 755 1748 787 est:
1765 766 1829 788 non
1847 756 1894 788 est

1018 797 1213 836 pertinacia,
1237 798 1413 829 constantia
1432 798 1493 837 est,
1510 799 1538 829 ei
1555 799 1643 838 quod
1660 796 1705 829 est
1719 807 1795 829 vere
1813 798 1842 828 ἃ
1859 797 1894 829 si-

1017 847 1058 868 ne
1076 839 1271 878 exceptione
1295 839 1463 870 amandum
1477 862 1486 877 ,
1512 841 1553 870 ita
1568 839 1750 878 adhaerere3
1772 847 1807 870 ut
1826 848 1893 871 non

1016 879 1165 919 patiaris,
1190 887 1222 910 te
1241 879 1280 910 ab
1297 890 1337 911 eo
1356 888 1410 911 aut
1428 881 1552 920 pretio,
1575 888 1628 912 aut
1648 881 1812 922 precibus,
1837 888 1892 912 aut

1017 921 1047 950 vi
1063 926 1158 959 atque
1171 920 1306 959 imperio
1321 921 1432 953 avelli:
1457 930 1493 952 ac
1511 922 1530 954 fi
1549 923 1639 953 miles
1658 922 1760 954 bonus
1778 923 1806 962 t&
1826 922 1894 953 for-

1017 960 1056 992 tis
1079 962 1230 992 virtutem
1256 962 1306 993 vel
1334 962 1364 993 in
1393 961 1483 993 hoste
1504 963 1630 996 laudat:
1655 971 1774 1003 quanto
1792 964 1892 1004 magis

1016 1011 1100 1033 verae
1125 1000 1278 1033 studiosus
1305 1001 1465 1042 sapientiae
1491 1013 1561 1044 quae
1587 1004 1735 1037 homines
1753 1006 1892 1045 primum

1016 1042 1111 1081 Deo,
1129 1044 1244 1075 deinde
1260 1042 1314 1074 fibi
1331 1045 1469 1075 invicem
1483 1046 1585 1087 jungit
1603 1047 1832 1078 communione
1846 1056 1892 1077 ra·

1016 1085 1132 1123 tionis,
1154 1093 1240 1116 amet
1256 1085 1384 1116 alterius
1402 1094 1418 1116 a
1433 1094 1498 1125 quo
1523 1086 1698 1126 dissentiat,
1724 1088 1893 1128 pulchrum

1016 1126 1211 1158 &laudabile
1222 1126 1432 1166 propositum,
1445 1127 1550 1159 Deum
1562 1129 1710 1161 omnibus
1721 1129 1890 1169 praeferre?

1055 1169 1097 1198 At
1113 1168 1197 1199 enim
1214 1167 1360 1207 sapientis
1373 1167 1417 1199 est
1429 1191 1437 1206 ,
1455 1168 1518 1200 Dei
1536 1169 1696 1208 instituta,
1713 1171 1816 1209 sacra,
1832 1179 1894 1201 ca:-

1016 1210 1174 1240 remonias
1199 1211 1288 1240 tueri.
1335 1208 1411 1240 Non
1430 1219 1525 1250 nego,
1557 1211 1622 1242 imo
1639 1210 1764 1250 fateor,
1788 1221 1844 1249 ea,
1868 1211 1891 1243 fi

1012 1250 1109 1288 justa,
1135 1260 1226 1290 vera,
1250 1251 1279 1282 δε
1303 1251 1354 1292 pia
1377 1250 1454 1290 sint,
1478 1251 1558 1283 serio
1581 1252 1610 1283 &
1633 1251 1759 1283 summis
1776 1253 1893 1293 opibus

1014 1291 1146 1324 defendi
1171 1300 1344 1333 oportere3
1368 1292 1550 1333 meritoque
1575 1292 1686 1324 haberi
1711 1292 1787 1324 Deo
1810 1294 1892 1325 simi·

1015 1331 1076 1365 lem
1092 1356 1101 1372 ,
1131 1342 1187 1373 per
1210 1342 1304 1374 quern
1330 1334 1393 1365 Dei
1419 1334 1560 1374 majestas
1585 1335 1737 1374 exemplo
1763 1335 1891 1375 optimo

1015 1375 1203 1407 vindicatur.
1229 1384 1352 1408 tantum
1372 1377 1541 1415 quaerirnus
1561 1375 1754 1407 defenfionis
1770 1385 1892 1417 genus;

1014 1425 1075 1447 nec
1092 1417 1193 1448 minus
1209 1416 1249 1448 de
1267 1427 1327 1457 eo,
1343 1426 1437 1458 quam
1456 1419 1496 1448 de
1512 1417 1669 1457 religione
1686 1417 1889 1458 ambigimus.

1014 1460 1067 1498 qui
1084 1458 1171 1489 enim
1186 1458 1243 1489 tibi
1263 1459 1368 1498 placet
1386 1457 1544 1490 sacrorum
1562 1458 1713 1490 defensor
1730 1459 1820 1491 miles
1837 1466 1892 1490 aut

1014 1499 1177 1538 carnifex,
1203 1499 1279 1530 mihi
1298 1501 1443 1540 ineptus,
1459 1500 1607 1539 injustus,
1633 1501 1732 1540 turpis
1751 1501 1892 1532 videtur.

1014 1549 1050 1571 ac
1075 1540 1096 1572 fi
1120 1541 1249 1578 licebit,
1272 1543 1360 1581 quod
1381 1550 1430 1572 res
1455 1540 1520 1579 est,
1543 1541 1670 1573 dicere:
1693 1541 1790 1582 periit
1809 1541 1889 1574 fides

1014 1582 1196 1623 religionis3
1220 1581 1259 1620 si,
1283 1590 1317 1614 ut
1334 1591 1409 1613 vera
1425 1590 1575 1622 putetur,
1599 1590 1693 1621 poena
1711 1581 1802 1614 facit.
1827 1583 1894 1613 Ab·

1013 1625 1058 1654 ite
1074 1625 1170 1664 igitur
1188 1632 1290 1662 arma,
1313 1623 1468 1655 abstinete
1491 1623 1606 1664 rapinae
1619 1645 1628 1661 ,
1651 1623 1805 1663 quiescite
1823 1633 1894 1655 ver-

1014 1665 1109 1703 bera,
1133 1665 1256 1703 eculei,
1280 1665 1403 1706 laquei,
1427 1665 1526 1706 ignes.
1550 1665 1607 1696 alia
1625 1664 1762 1704 paranda
1779 1664 1892 1697 defen-

1015 1707 1058 1739 fio
1072 1706 1127 1738 est.
1148 1715 1213 1737 non
1230 1716 1361 1747 egemus
1372 1706 1489 1737 saevitia
1500 1729 1509 1744 ,
1524 1715 1585 1737 nec
1597 1704 1732 1745 scelere,
1748 1707 1894 1745 ratione,

1014 1748 1184 1789 sapientia,
1201 1748 1366 1780 intellectu
1380 1746 1522 1780 firmatur
1537 1747 1648 1788 religio
1664 1756 1735 1787 quae
1751 1757 1825 1779 vera
1835 1747 1894 1780 est.

1015 1789 1069 1821 nifi
1079 1792 1148 1829 quis
1162 1789 1269 1830 potest
1285 1791 1417 1821 credere
1427 1796 1522 1829 atque
1538 1788 1718 1829 intelligere
1735 1789 1895 1829 quidquid

1016 1831 1045 1862 ei
1061 1830 1290 1871 imperatur3s1
1308 1832 1347 1863 de
1366 1840 1406 1862 eo
1423 1830 1581 1872 persuasus
1597 1839 1662 1861 non
1679 1829 1724 1862 fit.
1752 1838 1784 1862 at
1799 1830 1898 1871 inspi-

1016 1873 1080 1904 cite
1093 1871 1311 1910 intellectum‚
1323 1872 1491 1913 explorate
1501 1871 1595 1903 animi
1611 1871 1808 1912 rationisque
1824 1875 1894 1905 vim

1016 1923 1054 1945 ac
1079 1914 1329 1954 proprietatem:
1354 1913 1472 1946 summa
1495 1913 1558 1944 huc
1581 1913 1684 1951 redit,
1707 1921 1742 1944 ut
1768 1922 1832 1945 non
1855 1913 1893 1946 sit

1016 1955 1144 1987 humani
1163 1955 1293 1986 arbitrii.
1318 1963 1439 1987 tantum
1458 1954 1592 1994 patitur,
1609 1953 1639 1985 se
1656 1954 1801 1986 doctrina
1817 1955 1895 1987 duci

1012 1998 1047 2028 ’ἃ
1064 1995 1197 2028 consilio
1215 1998 1303 2038 regi;
1327 1996 1561 2036 convictusque
1583 1994 1893 2028 affensum'neceffa-

1015 2041 1070 2070 riae
1089 2038 1213 2079 praebet
1237 2037 1512 2069 demonstrationi.
1545 2037 1730 2079 extorqueri
1756 2046 1798 2069 ne
1823 2045 1895 2069 tota

1016 2080 1144 2120 quidem
1161 2079 1359 2113 crudelitatis
1376 2078 1505 2110 officina
1522 2077 1637 2119 potest.
1668 2077 1757 2121 Quid
1775 2078 1814 2117 fi,
1836 2079 1896 2120 (li-

1015 2129 1086 2152 ceat
1109 2122 1193 2152 enirn
1213 2120 1290 2152 mihi
1314 2120 1344 2151 ἃ
1361 2119 1414 2151 hic
1429 2120 1474 2151 uti
1491 2128 1697 2152 numerorum
1717 2121 1893 2161 exemplo)

1015 2163 1091 2204 quid
1118 2162 1158 2200 ss,
1182 2163 1329 2201 inquam,
1353 2161 1424 2202 quis
1446 2161 1608 2202 impotens
1631 2160 1661 2193 ἀ
1680 2161 1824 2193 immanis
1844 2169 1895 2204 ty-

1014 2213 1128 2235 rannus
1152 2202 1279 2242 jubeat,
1301 2212 1353 2234 me
1373 2202 1525 2240 credere,
1551 2203 1616 2234 duo
1639 2202 1669 2234 ὅ(
1688 2203 1746 2234 tria
1761 2202 1894 2235 efficere

1014 2244 1114 2276 otto?
1129 2244 1226 2284 quid,
1240 2242 1262 2275 fi
1274 2243 1437 2282 ostendat,
1453 2251 1563 2284 paret,
1579 2244 1750 2275 admoveat
1761 2253 1894 2277 ornnem

1014 2286 1073 2317 suae
1090 2283 1282 2316 carnificinae
1297 2285 1422 2317 artem?
1444 2285 1708 2326 importuniffime
1727 2285 1845 2323 homo,
1870 2285 1895 2318 fi

1015 2327 1120 2368 digitis
1137 2325 1215 2358 meis
1231 2334 1439 2366 computem,
1453 2326 1474 2358 fi
1491 2326 1659 2358 adhibeam
1671 2335 1762 2367 quam
1777 2327 1893 2367 poffiru

1015 2377 1163 2409 operam,
1188 2374 1223 2398 ut
1246 2368 1427 2409 expendam
1451 2369 1578 2400 omnia:
1602 2376 1775 2408 numquam
1799 2377 1894 2409 pote-

1015 2419 1073 2448 το,
1098 2407 1152 2439 etfi
1168 2408 1284 2448 velim,
1300 2418 1317 2440 a
1333 2418 1384 2441 me
1402 2409 1592 2450 impetrare,
1617 2415 1652 2440 ut
1669 2417 1779 2449 putem
1791 2432 1802 2448 ‚
1825 2411 1892 2442 duo

1015 2452 1045 2483 &
1063 2450 1120 2482 tria
1133 2450 1221 2490 plus,
1232 2459 1327 2491 quam
1344 2450 1486 2491 quinque
1495 2450 1633 2482 efficere.
1650 2451 1786 2490 proinde
1802 2452 1894 2491 quid-

1015 2492 1093 2534 quid
1109 2491 1199 2532 cogis
1210 2514 1220 2530 ‚
1237 2492 1394 2532 quidquid
1410 2492 1558 2530 minaris,
1582 2490 1695 2523 frustra
1711 2501 1754 2524 es.
1775 2491 1891 2524 fallere

1015 2532 1154 2573 possum,
1166 2533 1294 2564 mentiri
1312 2532 1454 2573 possum,
1471 2533 1578 2564 dicere
1589 2532 1711 2573 poss'um
1730 2534 1820 2574 quod
1836 2535 1894 2566 do-

1016 2576 1065 2607 lor
1082 2581 1267 2614 extorquet.
1291 2573 1408 2606 sentire
1424 2574 1513 2612 quod
1529 2575 1670 2614 animus,
1688 2576 1778 2614 quod
1797 2576 1894 2608 intel-

1015 2616 1116 2648 lectus
1138 2614 1277 2654 refutat,
1299 2624 1365 2647 non
1381 2615 1514 2656 possum.
1555 2615 1667 2648 Parem
1685 2615 1747 2647 ess'e
1765 2617 1895 2659 religio·

1016 2658 1063 2689 nis
1079 2657 1322 2695 conditionem,
1345 2664 1456 2697 putate
1474 2666 1555 2698 quos
1573 2666 1680 2698 neque
1699 2657 1798 2689 factio
1820 2668 1894 2691 cor-

1016 2699 1120 2739 rupit,
1143 2706 1248 2743 neque
1268 2699 1399 2737 odium,
1423 2707 1528 2739 neque
1552 2698 1705 2737 ambitio,
1731 2709 1836 2741 neque
1861 2709 1895 2730 a·

1017 2740 1128 2771 varitia
1153 2739 1333 2779 praecipites
1356 2740 1432 2781 agit.
1463 2740 1610 2780 credite,
1635 2739 1803 2782 sanguine,
1829 2747 1894 2772 tor·

1017 2781 1154 2819 mentis,
1176 2782 1303 2821 rapina,
1327 2782 1429 2819 malo,
1452 2790 1517 2814 non
1533 2781 1666 2814 defendi
1682 2782 1868 2822 religionem
1880 2804 1893 2819 ,

1018 2823 1071 2854 sed
1092 2821 1267 2862 inquinari;
1292 2822 1450 2864 denique,
1472 2833 1541 2856 eam
1568 2824 1651 2855 adeo
1678 2822 1893 2854 voluntariam

1017 2863 1100 2901 ess'e3
1116 2870 1169 2901 ut,
1185 2862 1396 2903 fiprofitentis
1406 2865 1513 2897 animo
1523 2865 1726 2901 destituatur,
1743 2862 1826 2893 nulla
1841 2862 1891 2893 fit.

1060 2905 1179 2937 Verum
1198 2903 1334 2937 &virtus
1350 2915 1367 2937 a
1384 2906 1467 2938 vitiis
1483 2907 1513 2938 in
1534 2907 1642 2947 primis
1658 2906 1765 2935 animo
1782 2901 1890 2935 distin-

1017 2948 1140 2987 guitur:
1165 2955 1225 2977 nec
1242 2946 1274 2978 id
1289 2947 1442 2988 impedit,
1458 2957 1524 2989 quo
1541 2948 1642 2979 minus
1658 2946 1763 2985 legum
1780 2953 1893 2975 neccs-

1017 2987 1108 3019 fitate
1134 2987 1267 3020 virtutes
1292 2997 1330 3020 ac
1353 2990 1430 3020 vitia
1455 2988 1696 3028 adstringantur.
1721 2993 1778 3016 cur
1794 2985 1892 3025 igitur

1018 3029 1141 3070 legibus
1165 3028 1226 3061 Dei
1244 3030 1349 3063 cultus
1366 3030 1518 3062 eximitur
1538 3029 1639 3071 iden,
1655 3026 1742 3066 quod
1761 3026 1816 3057 nisi
1833 3035 1894 3058 vo-

1018 3071 1139 3103 luntate
1166 3078 1293 3112 regatur
1309 3095 1319 3110 ,
1352 3081 1450 3104 vanus
1470 3070 1530 3102 fit?
1554 3069 1682 3113 Sent10,
1707 3066 1792 3113 ΑΛ,
1807 3076 1894 3114 ‘con-

1017 3111 1135 3151 fundi,
1163 3121 1233 3152 quae
1257 3114 1340 3145 ratio
1362 3112 1545 3153 distinguit,
1568 3110 1646 3154 legis
1668 3108 1698 3139 &
1725 3108 1892 3150 religionis

1017 3153 1131 3185 officia.
1157 3152 1283 3194 quaes0,
1300 3155 1376 3195 quid
1393 3154 1457 3195 agit
1473 3153 1524 3183 lex
1536 3151 1551 3182 Ρ
1566 3149 1729 3195 disputat?
1743 3151 1890 3184 minime.

1017 3195 1093 3236 quid
1109 3196 1212 3235 ergo?
1235 3204 1338 3227 cavet.
1363 3204 1423 3226 nec
1438 3194 1526 3231 vult,
1550 3200 1606 3222 eos
1623 3190 1739 3231 quibus
1758 3191 1891 3232 praecst,

1014 3236 1121 3269 bonos
1139 3236 1260 3293 {acere
1284 3243 1438 3270 contenta
1456 3234 1500 3267 est
1513 3257 1522 3273 ,
1545 3232 1567 3268 fi
1583 3232 1779 3275 assequatur,
1801 3242 1893 3308 mia·

1127 3278 1149 3312 S
1176 3288 1194 3310 v
1212 3288 1230 3311 v
1252 3288 1270 3309 2
1844 3283 1904 3307 losv
