2036 3495
1822 76 1837 87 1

476 105 541 141 AD
569 105 649 140 Lm.
679 102 736 139 lll.
774 103 871 138 TiT.
902 102 943 137 Il.
984 103 1032 138 De
1050 103 1095 137 his
1114 100 1165 148 qn?
1187 110 1335 139 notantur
1353 105 1497 152 infirmia.
1562 99 1567 105 ²
1839 121 1884 155 ,πῖ

82 208 120 229 ve
139 198 212 236 licis,
236 198 472 236 fratre,s0rore,
496 204 603 233 uxore,
625 194 733 230 socero,
748 193 855 232 ficru,
875 203 958 233 gane-
1004 193 1106 224 versus
1130 193 1276 232 judicem
1302 195 1353 234 qui
1377 195 1408 227 id
1434 195 1501 228 fieri
1522 194 1622 237 pall'us
1642 195 1693 229 sit:
1719 202 1752 227 ut
1776 198 1883 237 potest

83 251 132 279 νο,
144 233 238 278 auru,
251 240 372 276 vitrico,
387 236 674 276 moveremini-iiiique)
686 236 851 275 ,prii-iguo..
870 237 957 278 Quas
1002 235 1101 266 vrderi
1120 235 1139 265 l.
1159 236 1210 266 uit.
1227 236 1260 267 C.
1277 237 1304 267 h.
1322 242 1343 268 t.
1369 236 1682 276 l'orroprohibetur
1698 238 1766 278 quis
1783 240 1812 268 in
1832 249 1882 270 ea-

83 282 136 313 hic
153 284 295 313 nominat
313 280 502 315 affinitatem
520 288 558 309 ex
577 278 728 308 sententia
747 275 872 315 Ulpiani
891 287 954 308 non
1000 277 1072 308 dem
1092 276 1181 307 causa
1197 276 1260 308 esse
1278 278 1462 310 advocatus
1480 281 1510 310 dt
1527 279 1629 319 judex
1645 281 1664 311 ί.
1682 284 1712 310 6.
1726 287 1772 319 pr.
1796 279 1828 310 C.
1847 282 1876 312 l).

80 325 229 364 accipere
246 323 398 354 debemus
410 329 462 352 eas
480 328 550 360 quae
560 319 720 358 quondam
738 317 884 356 fuerunt,
902 318 954 350 scd

80 368 251 405 praelentes
269 364 288 395 l.
308 374 338 404 3.
356 362 382 404 ἓ.
399 371 422 392 1.
436 362 464 392 I).
482 367 502 393 t.
524 360 603 391 Item
621 369 715 391 nurus
732 359 762 390 <Sc
777 362 885 405 generi
903 370 954 401 ap-

81 407 273 446 pellatione,
297 405 325 435 &
343 403 441 434 ioceri
459 402 487 433 ἂ
503 401 628 439 socrus,
653 402 683 432 δε
702 401 869 433 ulteriores
886 403 953 442 qui-

78 448 137 479 bus
155 448 210 479 Pro
231 444 411 486 Praepofitio
431 443 510 476 solet
529 444 706 481 accedere,
733 444 890 474 contineri
910 444 954 474 ait

78 492 107 521 d.
127 490 145 520 l.
162 499 190 530 3.
209 488 237 530 §.
257 498 286 519 2.
309 487 411 518 Porro
427 486 488 523 ait;
504 484 620 525 Pupilla
633 484 886 525 pupilla‚surioso
905 486 955 523 fu-

78 531 152 568 riosa
167 533 212 561 cut
226 538 321 560 eorum
335 538 353 559 α
368 533 507 567 parente,
529 533 583 557 aut
600 527 633 556 cie
648 526 764 567 majoris
772 528 863 566 partis
880 533 955 557 tuto-

78 567 143 604 rum
158 571 318 609 sententia,
341 574 394 599 aut
410 569 445 599 ab
469 577 516 605 eo,
543 567 625 608 cujus
641 568 673 597 tz'e
693 577 725 597 ea
750 577 779 597 re
790 568 955 608 jurisdibtio

69 615 155 654 suit,
181 623 213 644 ea
230 611 318 642 tutela
336 612 485 641 curatiove
502 611 572 640 data
587 611 650 639 erit.
685 608 749 639 Sub
767 609 954 649 appellatio-

74 665 115 686 ne
138 653 244 685 furiosi
262 652 290 683 ὅ(
305 650 428 683 furiofae
446 660 486 682 ex
505 650 658 682 sententia
675 649 745 690 Gaji
763 652 858 681 etiam
870 650 952 681 fatu-

76 706 112 728 us
133 697 160 727 dt
178 694 265 726 fatua
281 694 484 724 continetur:
501 701 572 723 cnm
591 692 652 723 istis
669 701 799 731 quoque
812 692 953 732 personis

74 745 203 769 curator
218 736 309 766 detur
324 734 342 766 l.
362 744 389 766 2.
409 735 436 765 h.
454 740 476 766 t.
522 734 673 765 Similiter
691 733 733 764 ait
752 732 905 773 Ulpianus
924 735 951 764 cl.

73 779 92 810 l.
112 788 137 819 3.
159 777 187 819 §.
207 787 234 818 3.
251 776 288 810 ὅ)
304 775 322 806 l.
339 787 368 816 5.
385 776 412 807 b.
432 782 452 806 t.
496 775 669 806 Praetorem
695 775 725 806 in
751 774 950 805 curatoribus

73 818 213 852 debuill'e
223 819 358 858 adjicere
370 817 568 849 mentionem
582 820 678 854 muti,
695 825 949 855 caeterorumque

73 862 188 901 quibus
207 861 270 891 dai-i
290 860 409 890 solent:
436 860 466 889 id
485 858 549 896 est,
567 858 677 894 surdo,
695 858 850 898 prodigo,
875 859 903 888 <St
921 866 948 886 a·

72 902 269 939 dolescenti‚
294 900 323 931 &
349 902 401 941 qui
423 902 562 941 negotiis
581 899 640 930 suis
664 900 772 939 aliquo
790 906 948 939 perpetuo

34 955 36 959 ⁴
71 944 187 976 morbo
206 941 359 983 superesse
382 952 446 973 non
471 940 608 983 possunt.
640 941 729 971 addit
749 940 861 971 Paulus
879 940 897 971 l.
917 949 946 977 4.

72 988 99 1017 b.
121 993 143 1017 t.
158 986 233 1016 item
251 985 365 1023 quibus
380 992 514 1024 propter
533 981 750 1013 infirmitatem
768 989 948 1012 curatorem

71 1027 195 1060 Praetor
212 1027 286 1056 dare
303 1025 392 1056 solet.
435 1026 496 1056 Sed
513 1024 553 1055 de
573 1022 686 1054 Edieto
705 1021 783 1054 satis.
836 1054 840 1056 ,

115 1067 260 1099 Transeo
285 1068 323 1097 ad
347 1065 450 1106 Leges
474 1066 502 1097 δε
531 1064 796 1097 Constitutioncs.
829 1072 899 1094 nam
919 1063 948 1094 δι

73 1110 122 1142 his
140 1110 267 1149 quidam
287 1108 498 1148 prohibentur
515 1105 684 1148 postulare.
709 1104 762 1136 De
779 1104 869 1136 servo
884 1103 949 1135 Te-

73 1153 193 1183 rentius
212 1151 325 1181 Phorm.
345 1160 362 1180 2
396 1159 420 1181 1.
440 1153 492 1181 62.

118 1194 242 1223 Servum
260 1192 400 1222 hominem
418 1190 532 1221 causam
547 1198 627 1220 orare
642 1189 715 1230 leges
731 1198 788 1220 non
798 1186 922 1226 sinunt:

113 1234 218 1274 Neque
234 1232 386 1271 testimonii
405 1231 489 1262 aiau
507 1228 556 1271 est.
579 1248 631 1253 —-

72 1274 127 1306 De
153 1276 270 1306 liberto
294 1282 356 1304 non
378 1271 423 1302 est
444 1273 540 1303 simile
558 1271 719 1310 proditum
739 1271 757 1301 l.
780 1280 806 1302 2.
826 1270 859 1300 C.
876 1269 904 1300 h.
925 1274 948 1301 t.

73 1316 102 1348 ὅ(
125 1326 182 1356 pro
200 1315 316 1346 effectu
339 1316 418 1345 datae
436 1314 590 1345 libertatis
608 1313 653 1344 est
671 1313 736 1343 hoc
751 1314 836 1353 apud
852 1310 948 1342 Perfi-

73 1366 124 1389 um
142 1359 194 1393 lat.
211 1367 240 1397 5.
258 1355 330 1393 verfi
350 1360 399 1389 81.

113 1399 239 1431 Marcus
256 1398 352 1428 dixit:
374 1398 417 1427 ita
432 1393 479 1435 eft.
505 1395 542 1425 ad
555 1405 645 1435 tgna,
664 1396 794 1433 Marce,
819 1393 945 1425 tabellas.

114 1440 186 1471 Hoec
204 1449 281 1470 mera
300 1439 432 1474 libertas,
455 1437 505 1467 hoc
522 1439 600 1468 nobis
614 1437 689 1477 pilea
704 1441 823 1467 aonam.

74 1481 141 1521 Jam
159 1480 448 1512 Constitutionibus
473 1478 646 1510 advocatus
670 1478 732 1509 effe
758 1476 949 1518 prohibetur

72 1523 182 1563 pactus
200 1525 239 1553 de
256 1531 344 1553 certa
360 1521 423 1552 litis
439 1527 526 1559 parte
542 1520 562 1551 l.
585 1530 615 1559 5.
643 1520 662 1550 l.
680 1523 709 1551 6.
730 1519 760 1560 ἓ,
780 1529 809 1551 2.
832 1519 906 1564 Caeh·
926 1524 947 1564 t.

75 1564 232 1594 creditum
249 1563 333 1594 enim
352 1562 435 1600 hoc,
459 1560 537 1592 sicut
555 1571 588 1592 re
608 1571 682 1592 vera
701 1561 745 1592 est
758 1584 768 1599 ‚
791 1560 847 1593 illo
867 1559 948 1590 indi-

75 1613 173 1645 gnum
185 1627 194 1642 ‚
211 1604 240 1634 C<
257 1603 384 1642 publice
398 1602 627 1643 periculosum
645 1611 718 1634 cum
733 1603 771 1633 ad
786 1601 948 1642 depraeda-

77 1646 199 1676 tionem
216 1644 345 1684 spectet.
377 1645 451 1684 quin
469 1642 534 1674 fieri
553 1645 637 1675 malo
656 1654 746 1675 more
758 1667 767 1682 ,
790 1643 811 1674 fi
827 1642 948 1682 suspen-

76 1685 108 1717 sa
126 1686 182 1717 lite
198 1685 382 1717 societatem
407 1684 505 1716 futuri
523 1685 733 1717 emolumenti
756 1685 862 1715 cautio
880 1684 949 1724 pol-

76 1727 228 1766 liceatur,
247 1726 326 1767 Imp.
338 1726 518 1759 Antoninus
535 1735 607 1757 curn
618 1726 662 1758 D.
676 1727 768 1758 Patre
784 1724 948 1765 rescripsit.

78 1769 166 1808 quod
187 1768 208 1800 fi
231 1767 302 1809 post
328 1767 448 1800 causam
476 1767 574 1799 aetam
599 1776 690 1800 cauta
716 1767 760 1799 est
779 1768 947 1799 honoraria

77 1810 215 1842 summa:
237 1809 354 1841 finunt:
379 1819 446 1840 eam
464 1810 547 1848 peti,
564 1810 674 1850 utique
691 1811 729 1841 ad
749 1809 947 1851 probabilem

76 1853 227 1889 modum,
246 1850 300 1882 etfi
316 1852 446 1882 nomine
465 1850 603 1889 palmarii
622 1859 748 1883 cautum
767 1851 829 1883 est:
846 1850 888 1882 fic
905 1858 947 1881 ta-

74 1901 171 1931 men,
196 1900 230 1923 ut
248 1893 341 1923 etiarn
358 1900 564 1932 computetur
579 1894 666 1932 quod
686 1893 790 1924 datum
810 1891 855 1923 est
875 1901 948 1923 curn

79 1943 120 1965 eo
144 1933 230 1973 quod
247 1933 401 1972 debetur-3
423 1940 635 1972 neutrumque
656 1935 868 1974 compositum
885 1934 949 1965 lici-

77 1981 141 2005 tam
167 1975 396 2013 quantitatem,
421 1984 490 2013 quae
506 1984 565 2014 pro
582 1975 708 2016 singulis
726 1975 822 2008 caulis
837 1974 881 2006 est
899 1984 947 2006 us-

74 2024 137 2054 que
154 2016 191 2046 ad
210 2023 339 2047 centum
363 2025 495 2054 aureos,
525 2025 589 2047 non
613 2017 749 2048 excedat
765 2018 784 2048 l.
807 2026 830 2048 1.
850 2017 878 2058 ᾗ.
899 2026 944 2048 12.

75 2056 119 2087 D.
137 2058 170 2087 de
184 2058 328 2087 extr-nord.
348 2058 454 2098 cognit.
494 2056 651 2089 Praeterea
677 2067 883 2090 removentur
906 2059 945 2089 ab

75 2097 184 2129 officio
209 2098 384 2136 postulandi
406 2099 457 2138 qui
483 2108 546 2129 non
566 2098 636 2130 sunt
652 2100 763 2131 imbuti
788 2099 945 2131 sacrosan-

75 2138 132 2169 &is
152 2138 328 2170 Catliolicae
354 2140 514 2181 religionis
538 2139 710 2181 mysteriis:
735 2141 835 2182 pofita
851 2150 945 2180 poena

74 2179 221 2212 adversus
245 2190 317 2212 eum
335 2183 388 2222 qui
405 2189 517 2213 contra
533 2180 670 2222 fecerit3
694 2193 754 2215 nec
771 2184 874 2215 minus
891 2183 945 2214 ad-

746 2268 1090 2306 T1Tutus

998 323 1018 348 t.
1046 318 1075 348 ὅ(
1092 318 1173 358 ibi§.
1191 318 1245 350 ult.
1265 320 1410 358 additur,
1427 330 1487 352 nec
1505 329 1596 360 putet
1613 322 1800 362 quisquam,
1819 321 1878 353 ho-

996 360 1066 390 nori
1089 359 1142 390 suo
1167 360 1287 399 aliquid
1310 360 1372 392 esse
1396 363 1572 394 detractum
1592 386 1601 401 ,
1631 371 1704 394 cum
1735 362 1799 402 ipse
1823 373 1878 394 ne-

996 400 1171 432 ceffitatem
1188 402 1320 442 elegerit
1339 402 1455 441 standi,
1473 404 1502 434 dt
1519 403 1748 445 contempserit
1763 405 1812 444 jus
1828 403 1876 436 se-

1000 442 1105 473 dendi.
1138 443 1227 473 Stare
1245 442 1290 474 est
1308 443 1485 482 Advocati3
1503 444 1628 484 sedere,
1642 446 1772 485 judicis.
1796 446 1876 478 nulli

999 491 1169 523 utrumque
1188 483 1263 515 licet
1280 485 1311 515 in
1329 485 1445 517 eodem
1460 487 1610 526 negotio,
1636 496 1669 518 ut
1684 495 1816 527 apparet
1833 497 1875 519 ex

999 525 1157 564 principio
1177 525 1318 565 ejusdem
1336 526 1431 567 legis:
1446 528 1534 566 quod
1548 528 1631 558 bene
1649 529 1876 560 animadvertit

1000 565 1180 597 Ranchinus
1195 567 1244 597 lib.
1262 577 1291 608 3.
1310 567 1384 598 Var.
1403 578 1427 600 c.
1451 572 1495 599 16.
1517 568 1668 600 Similiter
1683 570 1875 609 prohibetur

997 608 1185 639 Advocatus
1205 607 1282 639 FisCi
1299 609 1402 641 adeffe
1418 608 1565 641 adversus
1586 610 1728 643 Fiscurn:
1752 611 1805 643 nisi
1829 611 1875 643 su-

998 659 1047 681 am
1066 650 1115 680 vel
1134 657 1298 689 parentum
1318 651 1368 682 vel
1386 651 1580 691 pupillorum
1592 661 1727 691 quorum
1740 654 1876 685 tutelam.

997 691 1100 730 gerit,
1124 692 1244 722 caulam
1263 700 1344 732 agat.
1377 693 1482 733 AEque
1501 692 1607 733 potest
1621 702 1710 724 tutor
1726 694 1875 726 adver-sus

997 731 1121 763 Fiscum
1139 742 1232 773 agere
1249 733 1371 765 causam
1389 744 1418 765 in
1438 744 1498 775 qua
1514 742 1587 765 ante
1604 734 1667 766 fuit
1684 735 1874 766 Advocatus

996 773 1075 804 Fisci
1094 773 1240 805 adversus
1257 776 1368 815 pupilli
1386 783 1506 816 patrem
1517 776 1536 807 l.
1549 785 1594 808 10.
1608 775 1644 810 &f
1658 784 1667 807 1
1680 785 1703 807 ι.
1721 777 1748 807 h.
1761 783 1782 807 t.
1806 776 1875 808 De-

992 815 1083 846 curio
1102 824 1232 855 quoque
1250 825 1361 848 contra
1378 818 1509 856 patriam
1528 816 1610 849 suam
1623 818 1783 858 postulare
1799 826 1874 856 pro-

992 856 1141 894 hibetur,
1165 864 1279 896 praeter
1298 858 1446 896 personas
1464 858 1642 899 superiores
1657 861 1686 890 d.
1706 860 1724 890 l.
1741 868 1785 891 lo.
1797 859 1826 901 §.
1842 869 1870 890 1.

1034 897 1202 929 Postremo
1227 898 1439 938 prohibentur
1456 901 1583 939 quidam
1606 901 1764 941 postulare
1781 901 1871 940 Judi-

992 938 1037 969 cis
1064 937 1233 969 sententia:
1259 948 1292 970 ut
1318 940 1338 971 fi
1357 942 1427 981 quis
1452 941 1515 973 fine
1529 941 1607 982 justa
1630 941 1720 973 causa
1743 942 1871 974 recuset:

991 979 1095 1011 adesse
1121 980 1264 1011 alterutri
1290 981 1439 1022 litigatori
1465 984 1515 1014 cui
1534 985 1624 1016 datus
1643 993 1658 1014 a
1677 984 1818 1016 Praetore
1836 983 1874 1016 fit

991 1022 1177 1053 Advocatus
1194 1021 1212 1051 l.
1222 1028 1285 1066 pen.
1306 1023 1339 1053 C.
1358 1026 1384 1053 h.
1398 1030 1419 1054 t.
1437 1024 1588 1065 idemque
1605 1025 1666 1056 est:
1684 1024 1705 1058 fi
1723 1025 1782 1057 alia
1798 1024 1878 1061 fuet

991 1063 1031 1094 rit
1052 1062 1130 1103 justa
1151 1064 1250 1093 caula.
1282 1062 1347 1094 fieri
1374 1074 1478 1096 antem
1498 1067 1528 1097 id
1553 1066 1644 1098 variis
1663 1067 1788 1105 modis,
1810 1076 1874 1099 net:

991 1114 1056 1135 uno
1076 1104 1211 1141 effestu,
1236 1105 1340 1144 potest
1367 1107 1501 1147 intelligi
1524 1117 1564 1138 ex
1587 1108 1606 1138 l.
1626 1117 1656 1144 9.
1670 1115 1715 1148 pr.
1734 1108 1763 1150 ἓ.
1789 1117 1812 1139 1.
1833 1108 1873 1142 &³

981 1150 1064 1186 seqq.
1085 1145 1123 1176 D.
1145 1147 1178 1176 de
1190 1146 1281 1186 paenis
1296 1147 1313 1176 l.
1327 1147 1394 1188 6.§.
1410 1156 1435 1179 1.
1448 1148 1485 1182 &2⁹
1496 1149 1605 1189 legibus
1615 1149 1802 1190 sequentihus
1810 1149 1838 1180 h.
1849 1155 1873 1180 t.

1032 1188 1078 1218 Sit
1098 1187 1150 1218 hic
1167 1186 1237 1221 finis
1253 1186 1355 1220 Tituli
1379 1188 1432 1220 De
1451 1189 1650 1230 postulanda
1684 1200 1754 1222 nam
1781 1192 1872 1230 quod

990 1230 1106 1260 attinet
1131 1229 1168 1260 ad
1185 1237 1302 1260 nomen
1325 1239 1435 1262 eorum
1453 1232 1506 1269 qui
1524 1240 1582 1271 pro
1598 1231 1665 1262 aliis
1685 1231 1869 1272 postulant;

991 1278 1105 1302 notum
1123 1269 1168 1301 est
1184 1279 1223 1302 ex
1243 1269 1382 1309 Tacito,
1400 1271 1518 1313 Dialog.
1540 1272 1586 1302 De
1600 1273 1678 1312 caus.
1698 1280 1823 1313 corrupt.
1842 1283 1873 1304 e-

991 1313 1044 1353 loq.
1058 1323 1082 1343 c.
1099 1321 1110 1343 1
1123 1335 1132 1349 ‚
1152 1321 1208 1343 eos
1225 1313 1402 1352 appellatos
1421 1314 1497 1345 olim
1514 1312 1605 1344 fuiffe
1622 1313 1797 1351 Oratores,
1815 1324 1874 1354 po-

990 1353 1054 1385 stea
1074 1354 1279 1392 Advocatos,
1299 1354 1474 1394 Patronus,
1500 1354 1694 1386 Caufidicos.
1724 1355 1874 1387 Extat&

990 1396 1150 1426 Advocati
1175 1395 1321 1427 definitio
1339 1396 1358 1426 l.
1379 1405 1403 1428 1.
1422 1396 1441 1437 ἓ
1476 1406 1521 1428 11.
1541 1396 1582 1427 D.
1600 1398 1633 1427 de
1650 1398 1797 1428 extraord.
1824 1407 1875 1428 co-

987 1439 1065 1477 gnit.
1090 1436 1141 1468 sed
1169 1446 1233 1468 non
1260 1438 1375 1477 recipit
1400 1438 1632 1470 difficultatem.
1664 1439 1760 1480 igitur
1784 1440 1873 1471 circa

991 1480 1061 1509 haec
1077 1488 1142 1509 non
1160 1478 1408 1509 immorabimur.
1421 1488 1493 1510 ,nec
1510 1480 1607 1520 magis
1624 1480 1707 1511 circa
1724 1479 1873 1512 officium

992 1520 1140 1551 &laudes
1155 1520 1325 1552 Advocati.
1350 1529 1421 1551 nam
1437 1522 1526 1560 quod
1543 1522 1581 1552 ad
1592 1520 1734 1553 officium
1750 1523 1815 1563 ejus
1826 1530 1874 1553 at-

992 1563 1092 1599 tinet,
1107 1561 1139 1592 id
1156 1562 1196 1592 ita
1209 1560 1424 1592 describitur-l
1444 1565 1474 1593 6.
1494 1561 1527 1593 C.
1546 1563 1574 1593 h.
1593 1567 1614 1592 t.
1632 1569 1668 1593 ut
1687 1563 1807 1603 liqueat
1824 1563 1872 1595 ul-

990 1611 1052 1635 tro.
1076 1602 1139 1634 effe
1155 1612 1233 1634 vero
1250 1603 1406 1634 laudabile
1423 1603 1452 1635 δε
1476 1602 1701 1642 necess'ariurn,
1724 1603 1796 1644 quis
1812 1605 1873 1636 du-

980 1645 1071 1676 bitat
1089 1643 1204 1676 sanus?
1229 1644 1259 1675 &
1278 1644 1410 1684 sufficit,
1426 1646 1514 1684 quod
1532 1646 1572 1676 de
1591 1654 1703 1677 eorum
1720 1645 1822 1687 gloria
1839 1646 1874 1678 δε

991 1686 1145 1728 dignitate
1164 1686 1314 1718 traditum
1331 1686 1350 1721 l,
1367 1695 1397 1726 4.
1415 1687 1448 1718 C.
1464 1688 1497 1718 de
1511 1687 1673 1718 Advocatis
1690 1688 1871 1726 diversorum

990 1729 1136 1767 judicum,
1162 1726 1198 1762 ὅ)
1211 1728 1230 1759 l.
1253 1736 1299 1766 14.
1320 1728 1352 1759 C.
1370 1730 1403 1759 de
1426 1730 1574 1760 advocatis
1594 1728 1772 1768 diversorum
1782 1729 1868 1770 judi-

990 1772 1109 1802 ciorum.
1134 1769 1233 1811 Quod
1251 1778 1350 1809 porro
1362 1769 1441 1802 solet
1459 1771 1555 1810 quaeri
1574 1770 1613 1801 de
1629 1770 1789 1802 erroribus
1807 1770 1872 1802 Ad-

990 1819 1199 1843 vocatorum:
1224 1811 1256 1842 id
1276 1809 1424 1843 definitur
1440 1811 1573 1849 Titulo,
1597 1811 1644 1843 De
1665 1821 1758 1843 errore
1780 1813 1872 1844 advo-

990 1859 1138 1891 catorum,
1155 1853 1201 1883 vel
1218 1852 1377 1892 libellosseu
1388 1860 1485 1894 preces
1494 1854 1732 1894 concipientium:
1747 1863 1808 1885 nec
1821 1854 1869 1886 est

992 1895 1079 1936 quod
1095 1895 1236 1925 addatur.
1270 1894 1436 1926 Postremo
1454 1896 1605 1926 traditum
1623 1895 1643 1927 l.
1659 1896 1739 1927 unic.
1758 1895 1792 1926 C.
1822 1894 1868 1926 Ut

991 1946 1052 1977 quse
1071 1936 1171 1977 desum
1187 1937 1355 1975 advocatis,
1374 1937 1467 1977 judex
1473 1936 1626 1977 suppleat,
1651 1946 1716 1968 non
1733 1936 1794 1968 esse
1811 1937 1870 1968 du-

991 1978 1174 2015 bitandum,
1199 1977 1219 2009 fi
1237 1978 1311 2017 quid
1328 1978 1358 2008 in
1376 1980 1443 2015 jure
1465 1977 1543 2009 defit
1559 1977 1753 2015 Advocatis,
1777 1978 1868 2017 poss'e

989 2028 1005 2049 a
1020 2019 1131 2058 Judice
1154 2019 1289 2059 suppleri
1312 2028 1351 2050 ex
1370 2019 1509 2059 legibus:
1534 2019 1624 2050 aliter
1640 2027 1677 2049 ac
1692 2018 1713 2050 s1
1730 2019 1806 2058 quid
1829 2019 1868 2051 fic

989 2061 1020 2092 in
1039 2060 1124 2092 fatto
1141 2060 1304 2092 omiss'um:
1330 2069 1401 2091 nam
1418 2061 1448 2092 id
1465 2070 1481 2091 a
1497 2060 1610 2100 Judice
1625 2069 1691 2091 non
1708 2059 1870 2100 suppleri,

988 2102 1071 2174 belne
1087 2101 1234 2133 observat
1245 2101 1526 2143 Harmenopulus,
1543 2102 1728 2143 Promptuar.
1741 2102 1807 2143 jar.
1825 2103 1866 2134 ci-

987 2145 1020 2174 vi
1034 2167 1040 2175 .
1056 2144 1104 2175 lio.
1127 2153 1153 2175 1.
1171 2144 1217 2174 tic.
1237 2152 1266 2182 4.

1145 2268 1196 2304 ΙΙ.

714 2344 765 2380 De
782 2345 829 2379 his
841 2346 891 2390 qui
907 2353 1054 2381 notantur
1070 2345 1218 2391 infamia.

152 2440 210 2463 ma
231 2441 271 2464 cx
293 2431 436 2471 Ulpiano
459 2432 577 2464 diuum
602 2433 620 2464 l.
638 2443 662 2465 1.
682 2432 712 2474 ᾖ.
731 2438 759 2467 8.
777 2433 946 2474 superioris

166 2473 288 2513 Tituli,
313 2474 374 2506 esse
391 2474 444 2514 qui
460 2474 608 2505 Praetoris
627 2474 743 2506 Edicto
761 2484 794 2506 ut
811 2476 946 2507 infames

69 2522 239 2553 notantur3
256 2524 273 2546 e
291 2525 325 2547 re
342 2516 420 2554 erit,
435 2515 534 2555 ipsum
547 2515 867 2557 Edictum-praesente
885 2516 942 2548 Ti·

73 2555 141 2585 tulo
159 2554 319 2594 subjicere.
341 2556 382 2587 fic
398 2557 481 2588 enim
498 2557 710 2598 intelligetur,
729 2559 780 2598 qui
800 2568 841 2589 eo
860 2560 943 2590 inter

73 2594 207 2627 infames
225 2597 408 2629 habeantur.
435 2598 539 2630 Verba
557 2599 652 2639 igitur
669 2599 817 2630 Praetoris
835 2602 865 2630 in
881 2600 899 2630 l.
915 2610 941 2631 Ι.

74 2635 196 2667 dicunt.
211 2637 342 2675 Infamia
357 2644 495 2677 notatur,
518 2641 568 2681 qui
584 2641 619 2670 ab
633 2641 762 2671 exercitu
778 2642 942 2682 ignominiae

73 2676 188 2715 cauffz,
204 2679 238 2707 ab
255 2680 438 2720 imperatore,
454 2689 518 2711 eove
535 2683 582 2711 cui
599 2682 632 2712 de
647 2691 678 2713 ea
692 2692 720 2713 re
728 2681 881 2721 statuendi
894 2689 942 2722 po-

76 2715 160 2757 testas
170 2718 266 2755 fuerit
277 2742 286 2754 ,
302 2720 428 2759 dimiffus
446 2722 508 2753 erit.
531 2723 582 2763 qui
597 2724 668 2753 artis
684 2724 801 2754 luciicrae
813 2731 943 2764 pronun-

76 2760 212 2789 ciandive
227 2759 361 2799 cauffain
373 2764 483 2797 scenam
489 2764 634 2802 prodierit.
652 2766 702 2805 qui
717 2765 890 2796 lenocinium
891 2766 943 2804 fe·

72 2801 153 2830 cerit.
170 2801 220 2840 qui
236 2802 266 2830 in
285 2802 395 2842 judicio
418 2803 545 2841 publico,
568 2804 717 2836 calumnia
726 2807 943 2846 pravaricatio-

74 2842 157 2871 nisve
181 2841 277 2881 cauffa
300 2843 370 2883 quid
385 2842 503 2883 feciffe,
520 2845 673 2885 judicatus
694 2849 756 2878 erit.
780 2848 942 2888 quifurti,

72 2883 107 2912 vi
124 2884 260 2913 bonorum
276 2889 442 2922 raptorum,
466 2885 643 2924 iujuriarum
654 2910 663 2925 ‚
687 2889 719 2918 de
740 2889 801 2920 dolo
817 2889 891 2919 malo
906 2888 943 2922 δ’

68 2924 193 2963 fraude,
217 2924 264 2958 lii«)
282 2926 393 2955 nomine
410 2925 565 2956 damnatus
580 2927 718 2963 paftusve
733 2931 796 2960 erit.
829 2931 880 2971 qui
893 2936 943 2970 pro

65 2965 161 3006 socio,
185 2966 298 3002 tutela,
325 2968 474 3003 mandati,
498 2966 611 3006 depositi
626 2990 635 3005 ‚
650 2970 705 3007 suo
730 2972 861 3007 nomine,
884 2980 942 3001 non

60 3007 211 3037 ‘contrario
222 3007 334 3047 judicio
351 3008 505 3038 danmatur
520 3009 584 3039 erit.
607 3011 657 3049 qui
672 3019 751 3048 eam,
766 3022 829 3053 qaae
847 3013 879 3042 in
893 3019 941 3051 po-

69 3045 171 3085 testare
188 3047 249 3089 ejus
268 3047 347 3087 estet,
370 3058 470 3089 genero
489 3055 598 3079 niortuo
621 3051 705 3090 (cum
719 3061 782 3083 eum
798 3059 942 3084 mortuum

70 3088 122 3127 effe
136 3089 246 3129 sciret)
269 3092 349 3120 intra
368 3092 397 3120 id
413 3096 540 3129 tempus,
563 3100 617 3131 quo
634 3092 728 3132 lugere
742 3094 841 3124 viram
855 3095 941 3124 moris

69 3128 126 3169 est,
149 3136 304 3171 antequam
321 3134 419 3162 virum
442 3132 584 3172 cingeret,
607 3134 637 3163 in
653 3135 868 3166 matrimonium
886 3135 939 3166 col-

70 3171 222 3213 locaverit.-
239 3181 337 3202 eamve
344 3173 441 3211 sciens
454 3174 518 3214 quis
535 3183 651 3204 uxorem
662 3176 800 3213 duxerit,
816 3186 871 3206 non
877 3177 938 3219 jus-

61 3214 101 3252 Ju
109 3211 198 3285 Jejus,
208 3213 254 3285 1²3
267 3214 351 3255 cujus
362 3212 501 3255 potestate
516 3213 564 3255 eft.
590 3215 627 3252 ἐξ
644 3217 696 3258 qui
710 3226 792 3257 eum,
807 3227 890 3259 quem
904 3220 936 3252 in

133 3261 184 3284 om.
253 3277 259 3285 .

985 2433 1122 2476 potestate
1145 2435 1276 2472 haberet,
1300 2444 1380 2471 eam,
1403 2437 1436 2466 de
1457 2444 1515 2476 qua
1529 2434 1618 2475 supra
1634 2435 1865 2477 comprebeusum.

991 2475 1047 2516 est,
1072 2486 1187 2507 uxorem
1205 2477 1306 2507 ducere
1321 2476 1419 2517 paffus
1429 2477 1543 2516 fuerit,
1566 2478 1653 2518 qui-ve
1661 2480 1715 2518 suo
1730 2480 1863 2515 nomine,

990 2528 1047 2548 non
1058 2517 1141 2560 juffu
1157 2518 1236 2559 ejus,
1252 2519 1283 2548 iu
1299 2519 1383 2559 cujus
1399 2515 1535 2559 potestate
1552 2517 1607 2559 est:
1621 2519 1719 2560 ejusve
1733 2521 1864 2556 nomine,

985 2568 1068 2600 quem
1083 2569 1206 2601 quamve
1220 2561 1251 2590 iu
1267 2558 1403 2599 potestate
1420 2559 1532 2590 haberet
1543 2570 1553 2589 .·
1571 2561 1638 2591 hina
1647 2560 1805 2602 sponsalia,
1822 2562 1864 2591 bi·-

985 2610 1076 2631 riasve
1096 2601 1212 2640 nuptias
1234 2602 1266 2631 in
1290 2602 1382 2632 eodem
1398 2606 1517 2638 tempore
1531 2599 1701 2643 constitutas
1717 2603 1860 2633 babuerit.

985 2642 1090 2674 Prima
1101 2641 1203 2673 Edisti
1221 2642 1317 2673 verba
1331 2641 1418 2680 sunt,
1435 2641 1566 2680 Infamia
1582 2649 1736 2674 notantur.
1754 2643 1862 2686 Quam

986 2682 1151 2714 Infamiam
1170 2691 1266 2714 vocat
1285 2684 1406 2715 Praetor
1421 2707 1430 2722 ‚
1453 2692 1529 2715 mox
1547 2685 1754 2725 Ignominiam
1771 2685 1861 2716 dicit.

986 2723 1039 2755 De
1056 2731 1188 2764 utraque
1204 2723 1245 2755 fic
1262 2723 1394 2757 Isidorus
1412 2725 1460 2756 lto.
1479 2735 1509 2765 5.
1528 2726 1614 2768 OrIg.
1642 2737 1667 2758 c.
1695 2736 1744 2766 27.
1772 2726 1863 2765 Igno-

985 2766 1126 2804 miniam,
1150 2766 1272 2805 inquit,
1296 2766 1405 2798 dietum
1426 2776 1454 2797 eo
1476 2769 1551 2807 quod
1568 2766 1677 2806 desinat
1693 2768 1791 2798 habere
1809 2766 1860 2795 ho-

985 2804 1105 2846 neJiazis
1122 2816 1222 2837 nomen
1231 2807 1256 2837 is
1271 2810 1321 2849 qui
1336 2811 1369 2839 in
1384 2808 1479 2849 aliquo
1496 2811 1614 2840 crimine
1628 2808 1857 2849 deprehenditur.

986 2847 1094 2879 ditium
1110 2853 1206 2879 autem
1220 2849 1409 2890 ignominium
1423 2848 1506 2891 quafi
1514 2849 1578 2888 fine
1592 2851 1721 2881 nomine:
1737 2846 1814 2885 ficut
1831 2847 1859 2876 i-

982 2898 1097 2929 gnarus
1113 2888 1177 2926 sine
1198 2890 1335 2930 scientia,
1351 2890 1432 2929 ficut
1459 2892 1591 2931 ignobilis
1609 2889 1671 2929 fine
1695 2889 1859 2919 nobilitate-

985 2931 1035 2960 boc
1045 2930 1384 2971 quoque&infamium,
1400 2933 1484 2974 quafi
1492 2932 1556 2970 fine
1573 2934 1645 2962 bona
1655 2929 1856 2967 famatfama

984 2977 1081 3002 autem
1097 2972 1193 3011 dicta,
1213 2975 1282 3014 quia
1291 2975 1386 3013 fando
1404 2974 1439 3009 ἐξ
1457 2974 1592 3014 loquenda
1609 2976 1793 3011 pervagatur
1800 2977 1855 3010 per

986 3014 1114 3043 traduces
1130 3014 1296 3054 linguarum
1309 3015 1345 3050 &²
1354 3018 1471 3047 aurium
1478 3019 1601 3054 serpens.
1619 3011 1743 3043 Eodem
1755 3013 1858 3043 modo

984 3053 1113 3086 infamia
1126 3056 1155 3086 in
1169 3056 1238 3096 jure
1249 3057 1364 3088 dicitur
1380 3059 1529 3088 damnum
1541 3054 1632 3084 famae
1648 3052 1665 3082 l.
1687 3057 1716 3087 8.
1737 3053 1770 3084 C.
1786 3053 1814 3083 h.
1829 3055 1853 3085 τ’.

983 3096 1161 3127 imminutio
1178 3099 1338 3138 opinionis
1356 3099 1374 3129 l.
1386 3097 1442 3138 6.§
1468 3107 1489 3126 1.
1504 3096 1535 3125 C.
1553 3097 1586 3124 tie
1596 3092 1775 3140 postulando.
1792 3104 1857 3126 ma·

983 3137 1051 3168 cula
1069 3138 1310 3171 existimationis
1328 3140 1346 3169 l.
1370 3149 1414 3177 17.
1435 3138 1467 3167 C.
1485 3137 1512 3166 h.
1530 3141 1551 3164 t.
1570 3144 1640 3166 nam
1657 3136 1788 3175 opinio,
1804 3135 1852 3167 fa-

981 3187 1048 3218 rna,
1072 3179 1263 3212 existimatio
1282 3181 1351 3211 sunt
1375 3188 1433 3217 pro
1450 3177 1561 3207 iisdem
1584 3177 1604 3209 l.
1619 3186 1648 3217 3.
1671 3176 1699 3219 §.
1717 3177 1770 3208 ult.
1788 3177 1806 3207 l.
1823 3187 1856 3215 4.

974 3225 1023 3262 pr.
1042 3219 1079 3258 ἐξ
1095 3221 1122 3263 §.
1136 3231 1164 3253 2.
1178 3222 1221 3255 D.
1238 3220 1401 3263 desuspett.
1418 3224 1507 3251 tutor.
1530 3217 1732 3251 Existimatio
1747 3226 1856 3251 autem

1112 3262 1149 3296 H
1834 3269 1852 3291 a
