2052 3487
171 136 263 173 40*

173 217 229 248 des
250 211 496 256 Imperatoribus
512 231 522 247 ‚
551 205 760 239 Diocletiano
777 204 805 236 &
831 202 1029 247 Maximiano

174 257 195 289 l.
209 265 259 297 23.
278 256 311 287 C.
326 257 359 286 de
369 253 557 294 pignorzhus‚
580 249 611 279 in
631 256 692 287 qua
716 246 866 285 scriptum
885 246 939 275 est.
996 284 1002 289 .

214 296 318 338 Major
337 296 422 327 armis
438 292 547 333 viginti
570 291 697 330 quinque
714 287 846 327 pignoris
868 290 1031 315 converme-

237 347 300 368 nem
314 335 470 375 remzffam,
494 341 558 362 curu
573 335 623 359 hoc
635 328 731 368 solum
746 326 863 367 pactum
879 349 889 364 ‚
920 326 968 354 ‘vel
980 325 1032 366 ju-

236 377 360 409 risurum
378 373 538 414 secundum
575 368 663 411 ipsius
687 368 866 399 voluntatem
889 372 1007 397 tueatur
1022 388 1032 404 ‚

231 418 361 458 persequi
382 424 437 446 uon
457 410 554 454 poleffi
599 450 606 455 ,
707 444 710 447 ¹
956 415 959 416 ⁷

178 458 319 491 Obscura
345 456 439 487 verba
463 452 532 484 sunt
548 475 557 490 ,
589 450 657 488 sed,
682 459 722 481 ne
740 446 905 487 offendas,
929 448 1033 480 lucem

176 499 303 532 faciam.
328 503 452 528 comma
469 493 558 525 vides
578 491 647 532 post
665 491 733 528 hqec
752 490 867 527 verba,
898 499 964 519 cum
984 488 1035 519 hoc

169 541 266 582 solum
290 538 422 580 patiam:
450 535 481 566 id
506 542 631 565 comma
655 540 762 563 natum
789 540 806 561 a
830 530 974 570 sequiorc
992 530 1036 561 in·

181 581 307 613 tellecta
332 579 514 621 particulae,
544 575 609 613 vel,
631 574 750 605 ibidem
770 571 940 612 sequentis.
963 571 1036 602 dele

181 623 211 654 &
233 623 259 653 le
285 627 315 652 e.'

218 631 321 704 Mcgjor
340 660 426 691 annis
447 658 555 700 viginti
577 656 703 697 quinque
721 654 852 695 pigrioris
876 654 1040 684 conventio-

241 713 303 735 nem
321 699 477 740 remtffirm,
501 699 632 731 cum.hoc
642 696 737 735 solum
756 694 874 735 padum
893 695 938 725 vel
948 694 1039 735 juris-

242 743 326 776 aretio
335 734 498 782 secuudum
520 737 606 779 ipfius
620 737 798 768 volontatem
815 741 931 767 tueatur
947 759 957 775 ,
978 742 1040 776 per-

235 786 319 827 sequi
334 793 390 814 non
402 779 500 822 potest.

183 827 278 859 Plana
300 826 328 856 <Sc
344 825 424 857 clara
442 820 614 857 sententia,
637 817 795 857 Maiorem
823 817 933 857 viginti
952 816 1039 855 quin-

184 878 247 909 que
265 867 352 898 annis
375 873 438 894 non
467 861 552 900 posse
576 860 699 891 actione
723 858 954 900 hypothecaria
971 867 1041 897 pcr-

184 909 270 948 sequi
293 904 533 948 hypothecam:
566 910 658 940 quam
687 900 781 939 patto
807 900 894 930 nudo
913 897 1041 930 remisit.

185 958 280 990 quam
298 949 340 979 ob
361 944 506 977 causam?
523 943 595 981 quia
613 942 663 972 vel
678 941 852 981 jurisdictio
868 939 1043 979 (Edictum

184 991 228 1022 fic
246 988 404 1029 appellant
421 985 650 1025 Imperatores:
674 990 709 1012 ut
731 982 761 1013 in
778 981 797 1012 l.
818 992 846 1013 2.
867 982 899 1013 C.
918 983 951 1012 cie
966 978 1043 1020 resti-

186 1032 296 1062 tutione
319 1028 444 1059 militum
460 1049 469 1064 ,
493 1026 521 1056 dt
541 1025 607 1057 aliis
622 1021 752 1055 infinitis
768 1022 875 1063 locis)
898 1022 1043 1063 quanda,

185 1073 312 1111 inquam
325 1093 334 1108 ,
359 1068 410 1099 vel
423 1066 599 1107 jurisdictio
619 1065 682 1095 hoc
701 1064 822 1103 solum,
839 1063 890 1095 seu
907 1063 1044 1101 nudum,

187 1113 313 1155 paetum
332 1109 502 1141 secundum
521 1107 611 1147 ipfius
623 1106 749 1146 majoris
766 1105 963 1136 voluntatem
980 1112 1046 1134 tue-

187 1164 248 1186 tur.
291 1152 367 1184 Hoc
387 1158 492 1181 autem
524 1148 599 1187 quid
623 1147 707 1179 aliud
726 1146 770 1178 est
787 1169 796 1184 ‚
827 1155 921 1186 quam
943 1146 1045 1186 hypo·

187 1195 289 1227 thecae
308 1192 485 1232 specialiter
504 1191 610 1221 datum
630 1187 691 1219 esse
707 1187 843 1226 Editio,
876 1194 910 1218 ut
933 1187 1046 1227 paim,

187 1236 332 1277 quamvis
356 1232 423 1265 solo
444 1255 454 1274 ,
490 1232 519 1263 &
542 1229 682 1262 nascatur
707 1229 734 1260 &
753 1237 861 1269 pereat
877 1228 893 1260 ,9
922 1228 1049 1259 cavebis

188 1278 274 1308 enim
291 1299 301 1314 ,
331 1274 354 1307 fi
380 1273 484 1314 sapis,
516 1282 532 1303 a
556 1271 679 1311 Jacobo
702 1270 835 1310 Cujacio
853 1271 884 1301 in
904 1273 1048 1300 comment.

189 1319 227 1350 ad
249 1318 270 1349 t.
297 1325 343 1358 17.
365 1315 395 1357 §2
420 1325 449 1347 2.
475 1314 517 1345 D.
539 1311 697 1354 depactis,
727 1311 762 1346 ἑὸ)
786 1312 823 1342 od
846 1313 891 1342 tit.
910 1311 942 1341 C.
958 1312 991 1340 (le
1006 1320 1047 1340 re-

188 1357 312 1400 miffione
322 1359 473 1398 pignoris,
497 1354 536 1386 ab
556 1353 699 1386 Antonio
730 1353 833 1383 Fabro
857 1353 888 1383 in
908 1352 1049 1382 Rationa·

191 1401 238 1432 lio.
258 1402 305 1431 ad.
325 1400 352 1430 d.
371 1398 390 1429 l.
410 1406 454 1438 17.
473 1396 502 1438 §.
527 1406 555 1427 2.
578 1395 617 1426 ab
641 1393 789 1426 Huberco
814 1392 948 1424 Gifanio
964 1393 1002 1423 ad
1019 1393 1047 1423 d.

761 117 1068 153 Ganinni
1115 112 1339 148 Noonr

1127 199 1241 241 poffunt
1270 201 1353 239 dici,
1385 204 1419 230 ut
1449 197 1486 234 ὃ*
1515 200 1550 230 ab
1584 198 1737 241 hypotheca
1758 197 1933 239 discedatur.

1074 240 1154 273 Haec
1170 248 1297 282 recepta
1317 241 1432 279 leeti03
1456 240 1508 273 sed
1526 241 1696 282 depravata
1716 248 1782 272 non
1801 248 1865 272 uno
1886 240 1935 272 lo-

1074 292 1125 314 co.
1151 283 1280 322 corrigo
1301 283 1331 314 δε
1350 281 1462 313 scribo.

1115 323 1245 354 Solvitur
1266 323 1417 364 hypotheca
1436 346 1445 361 ‚
1477 322 1513 358 ὅς’
1524 322 1553 361 fi
1571 324 1605 354 ab
1623 332 1655 354 ea
1671 322 1835 363 discedatur
1851 344 1861 360 ‚
1884 326 1937 353 aut

1128 366 1296 405 pacificatur
1319 366 1438 395 creditor
1454 386 1463 402 ,
1486 374 1521 395 ne
1537 366 1687 404 pecuniam
1705 371 1810 404 petat:
1839 361 1895 401 m'fi
1907 361 1937 400 fi
1963 366 1978 381 Χ

1134 406 1199 446 quis
1217 407 1293 436 dicat
1308 405 1427 446 pactum
1447 405 1643 446 iuterpofituiu
1662 405 1731 446 effe,
1764 410 1798 436 ut
1815 415 1833 435 α
1844 403 1937 444 ρενΙό-

1135 456 1176 477 na
1199 455 1265 477 non'
1277 453 1405 486 petatur.
1449 446 1490 476 Et
1514 449 1583 488 quid
1602 445 1631 485 fi
1654 448 1703 477 hoc
1725 444 1901 483 abtumfit‘?

1135 487 1154 508 *
1175 487 1231 518 Sed
1247 498 1312 519 cum
1322 487 1442 528 pactum
1455 494 1626 518 conventum
1641 487 1827 525 excel-tionem
1837 492 1940 527 perpe-

1134 532 1218 560 tuam
1231 530 1330 569 pariat
1346 551 1356 568 ,
1388 528 1503 567 easdem,
1528 527 1611 570 [ἐξ]
1636 530 1666 558 in
1692 530 1742 558 [soc
1766 528 1832 568 casu
1849 525 1939 568 potest

1138 570 1213 608 dici,
1235 576 1268 600 ut
1290 569 1326 604 ὅ)
1350 570 1385 600 ab
1399 569 1552 610 hypotheca
1569 571 1739 609 discedatur.

1081 609 1202 642 Primus
1221 611 1263 656 ita
1281 610 1463 651 scripturam
1481 620 1520 642 ex
1538 610 1715 651 conjectura
1734 608 1864 640 restitui.
1889 607 1940 639 An

1083 661 1158 682 vere
1174 651 1191 683 ἱ)
1215 652 1390 683 videamus.
1432 652 1486 683 Ait
1509 652 1690 683 Marcianus
1706 675 1715 690 ‚
1741 651 1872 681 Solvitur
1888 650 1943 690 hy-

1078 693 1195 734 potheca
1209 715 1218 731 ‚
1243 691 1279 727 &¹³
1293 691 1321 731 fi
1337 695 1372 724 ab
1386 702 1418 724 ea
1435 693 1614 732 discedatur,
1636 698 1687 724 aut
1703 692 1867 732 paciscatur
1886 700 1944 720 cre·

1083 735 1180 773 ditor,
1212 743 1247 764 ue
1267 735 1420 774 pecuniam
1438 740 1529 774 petat.
1573 734 1653 766 Haec
1686 733 1782 764 verba
1812 730 1944 763 manife-

1084 775 1165 806 stam
1186 774 1302 806 habent
1320 774 1526 814 sententiam,
1550 776 1579 806 Si
1606 773 1778 815 paciscatur
1795 774 1944 812 debitor,

1084 815 1135 847 Ne
1155 817 1267 856 pignus
1285 824 1411 857 petatur
1427 839 1436 851 ,
1468 816 1685 856 hypothecam
1710 815 1786 846 solvi
1819 812 1886 854 ipso
1901 814 1946 853 ju-

1085 866 1135 888 re:
1157 857 1305 898 idemque
1321 857 1402 897 esse,
1419 856 1440 889 fi
1458 857 1648 897 paciscatur,
1675 855 1724 888 Ne
1741 857 1873 896 pecunia
1889 864 1945 895 pe-

1086 906 1180 930 tatur.

1126 938 1234 979 Pergit
1257 938 1458 978 Marcianus,
1490 938 1600 978 Nififi
1615 940 1680 980 quis
1702 940 1801 977 dicat,
1828 936 1951 978 paffitm

1086 978 1281 1020 interpofitum
1304 979 1354 1020 effe
1371 1004 1381 1019 ‚
1409 987 1443 1010 ut
1465 990 1483 1011 α
1502 982 1622 1020 pfrsoua
1639 989 1694 1010 uon
1714 985 1840 1020 petatur.
1883 977 1942 1010 His

1088 1021 1193 1052 vei-bis
1225 1023 1410 1052 continetur
1440 1021 1579 1061 objectio
1598 1044 1607 1059 ‚
1646 1020 1786 1060 spectans
1817 1019 1885 1051 fere
1908 1018 1956 1050 ad·

1088 1062 1243 1103 posterius
1261 1058 1384 1103 paetum
1397 1085 1406 1101 ,
1432 1062 1520 1102 quod
1536 1061 1598 1100 cst,
1630 1060 1682 1093 Ne
1701 1061 1835 1099 pecunia
1858 1068 1948 1101 peta-

1090 1111 1156 1134 tur:
1179 1103 1210 1134 in
1235 1105 1341 1142 priore
1358 1105 1461 1141 enim,
1492 1103 1577 1142 quod
1598 1102 1662 1140 est,
1693 1101 1744 1134 Ne
1764 1103 1877 1142 pignus
1896 1110 1952 1141 pe·

1089 1153 1190 1182 tatur,
1215 1151 1337 1176 certum
1354 1144 1401 1185 jus
1418 1144 1503 1175 fuit:
1527 1153 1562 1175 nt
1579 1143 1698 1176 monui.
1723 1142 1823 1173 sensus
1842 1149 1951 1173 autem

1090 1185 1246 1216 Marciani
1264 1186 1333 1224 cst,
1358 1185 1463 1216 Etiam
1488 1186 1579 1225 patto
1593 1208 1602 1223 ,
1638 1184 1688 1215 Ne
1712 1183 1846 1223 pecunia
1864 1192 1951 1224 peta·

1092 1233 1141 1258 tur
1159 1250 1168 1265 ,
1200 1226 1323 1258 liberari
1348 1226 1592 1267 hypothecam.-
1622 1225 1675 1257 nisi
1701 1225 1721 1256 si
1747 1227 1814 1264 quis
1836 1232 1953 1266 putet,

1093 1277 1132 1299 eo
1152 1276 1215 1298 non
1237 1268 1307 1308 agi,
1329 1266 1382 1299 Ne
1406 1268 1517 1309 pignus
1535 1274 1681 1308 petatur3
1713 1266 1765 1297 sed
1789 1266 1840 1297 Ne
1866 1265 1954 1296 debi-

1093 1315 1159 1340 tum
1179 1317 1314 1350 petatur.
1360 1307 1389 1339 Is
1411 1309 1563 1340 Marciani
1584 1307 1704 1339 sensus:
1729 1306 1797 1338 sunt
1819 1307 1903 1338 enim
1923 1315 1954 1337 e·

1089 1350 1137 1394 jus
1167 1350 1262 1381 verba
1286 1358 1349 1381 non
1380 1351 1420 1381 de
1445 1349 1600 1390 personali
1621 1349 1713 1390 paeto
1741 1348 1926 1388 accipienda
1942 1369 1953 1386 ‚

1094 1392 1146 1422 ied
1170 1391 1209 1422 de
1233 1391 1389 1431 personali
1413 1391 1534 1422 debito.
1577 1391 1630 1421 Ait
1649 1398 1774 1427 tamen,
1796 1396 1829 1420 ut
1853 1399 1870 1420 a
1889 1397 1954 1429 per-

192 1441 212 1472 l.
235 1451 283 1483 23.
306 1440 335 1471 ἂ
357 1439 424 1472 aliis
441 1440 493 1479 qui
521 1435 712 1477 perbibent,
746 1435 842 1466 verba
859 1435 935 1472 ista,
949 1433 1052 1480 ‘perse-
1086 1433 1160 1473 sona
1176 1438 1371 1473 nonpetotur.
1415 1431 1478 1464 Sed
1500 1433 1573 1463 ideo
1597 1432 1669 1472 quia
1685 1431 1749 1461 soi-s
1773 1430 1954 1471 principalis

191 1483 243 1524 qui
264 1490 321 1512 non
338 1478 447 1521 potest,
471 1478 533 1510 esse
552 1477 715 1516 ambigua,
739 1483 834 1516 atque
851 1476 890 1507 ad
909 1475 971 1506 lit1s
988 1483 1053 1506 exi-

193 1532 262 1555 tum
283 1521 461 1554 reserenda.
484 1528 555 1551 nam
579 1526 613 1549 ut
635 1518 757 1556 fatear,
789 1516 868 1557 saepe
892 1517 936 1548 nil
959 1517 1054 1547 inter-

194 1563 275 1603 effe,
306 1570 410 1594 utrum
429 1561 498 1602 quis
523 1569 586 1592 non
607 1558 723 1590 habeat
746 1558 904 1590 actionem
920 1581 930 1596 ‚
951 1567 988 1588 an
1004 1556 1056 1587 ha-

193 1606 268 1637 beat
307 1613 376 1635 eam
413 1612 482 1643 quae
510 1611 567 1642 per
596 1600 823 1641 exceptionem
858 1598 1053 1630 infirmetur:

196 1646 271 1687 quid
289 1654 395 1676 tamen
415 1644 468 1676 tali
486 1652 566 1683 opus
582 1641 846 1682 interpretatione
863 1640 908 1671 est
920 1663 929 1678 ,
952 1640 1006 1670 ubi
1022 1648 1057 1669 o·

197 1687 277 1719 culis
307 1685 471 1727 usurpatur
497 1685 611 1715 veritas
628 1682 645 1714 ?
678 1682 817 1713 dilucide
840 1680 980 1713 scribunt
999 1679 1056 1711 Im·

196 1736 363 1770 peratores
383 1750 392 1765 ‚
421 1726 443 1758 fi
474 1725 555 1756 hanc
577 1733 680 1755 meam
708 1723 888 1755 confideres
913 1722 1059 1753 emenda·

196 1771 319 1801 tionem
332 1792 340 1807 ‚
357 1767 573 1810 hypothecam
591 1765 685 1806 pacto
703 1764 871 1803 constitui,
888 1764 978 1804 pacto
998 1762 1056 1794 tol-

196 1812 239 1844 li:
264 1811 336 1851 quia
356 1810 389 1840 id
406 1808 549 1849 pactum,
582 1805 637 1837 etii
665 1804 763 1837 solum
788 1804 838 1836 seu
865 1805 983 1836 nudum
1003 1803 1057 1842 sit;

198 1860 306 1884 tamen
329 1851 378 1881 vel
405 1849 552 1881 Praetoris
566 1846 781 1887 jurisdictione
802 1869 811 1885 ,
842 1856 906 1877 non
935 1853 1057 1876 tantum

199 1892 334 1926 naturali
357 1892 482 1923 ratione
497 1913 506 1928 ‚
531 1889 710 1927 adjuvatur:
735 1887 900 1918 locutione
918 1896 954 1917 ac
974 1886 1060 1917 sensu

200 1935 294 1976 plane
316 1932 404 1964 simili
430 1932 503 1962 huic
533 1929 690 1960 Valeriani
718 1929 746 1959 ἀ
770 1927 918 1959 Gallieni.
960 1927 1061 1959 Etiam

198 1976 266 2018 jure
283 1973 365 2005 civiti
387 1970 529 2014 domestici
546 1969 783 2010 teflz'nzouiificles
798 1971 976 2009 improbatur
993 1969 1011 2000 l.
1032 1978 1061 2009 3.

204 2017 238 2047 C.
258 2016 290 2046 de
305 2013 429 2055 testibus.
475 2013 542 2043 Erit
563 2021 667 2043 tamen
685 2011 846 2050 aliquanto
863 2010 975 2040 clarior
992 2018 1040 2040 res
1052 2031 1060 2046 ,

203 2056 364 2088 intellecta
380 2055 494 2086 vocula
509 2053 572 2091 vel,
597 2053 636 2084 de
652 2061 711 2092 qua
729 2051 838 2083 monui
859 2052 965 2090 supra:
996 2059 1062 2081 nou

204 2099 291 2130 enim
323 2097 375 2127 hic
400 2095 628 2136 separationem
651 2093 796 2130 indicat3
827 2091 878 2123 scd
903 2102 962 2122 nec
988 2100 1063 2122 coti-

202 2138 415 2180 Junffionem:
441 2145 549 2167 verum
565 2144 624 2175 pro
642 2136 726 2165 etiam
747 2141 801 2164 aut
815 2133 901 2164 simili
918 2133 1063 2163 sumitur:

207 2179 244 2215 65⁹
268 2179 462 2219 praecipuum
491 2177 661 2213 quidquam
686 2173 860 2214 significat:
885 2183 918 2205 ut
941 2175 972 2204 in
992 2173 1009 2204 l.
1034 2182 1059 2204 ῐ.

200 2228 249 2263 pr.
274 2220 315 2251 D.
341 2220 373 2250 de
391 2219 556 2260 pignoribus
578 2216 613 2251 &²
630 2216 808 2257 hypothecis,
831 2215 851 2246 l.
878 2225 928 2256 43.
952 2214 989 2246 D.
1014 2214 1067 2245 Fu-

208 2261 294 2294 milz'ae
309 2259 475 2299 ercis'cundae
489 2282 499 2298 ,
523 2261 552 2290 ὅ(
573 2263 656 2297 apuu
675 2256 864 2288 Terentium
879 2257 909 2287 in
931 2256 986 2287 illo
1003 2255 1068 2286 An-

208 2304 278 2335 driae
303 2312 331 2343 3.
359 2311 387 2333 2.
413 2301 486 2340 vers2
510 2309 539 2336 9.
575 2298 629 2331 Vet
650 2298 699 2329 hoc
721 2299 785 2339 quis
804 2308 860 2328 non
879 2298 993 2335 credat,
1018 2298 1069 2337 qni

211 2344 290 2376 norit
311 2349 355 2381 te,
378 2344 428 2374 abs
447 2348 472 2372 te
499 2340 549 2381 effe
571 2339 690 2371 ortum?
713 2339 765 2370 ubi
782 2339 811 2370 in
829 2338 925 2370 Notis
942 2337 982 2369 fic
999 2337 1069 2368 scri·

208 2386 258 2417 bit
280 2383 439 2416 Donatus.
484 2381 543 2413 Vel
564 2381 642 2412 motio
669 2390 726 2412 non
748 2378 786 2421 est
809 2379 988 2421 disjunctiva
1006 2387 1069 2409 con-

205 2425 343 2469 junctio,
379 2425 426 2464 scd
448 2429 497 2463 pro
531 2423 626 2454 etiam
651 2420 770 2462 pofita:
801 2426 834 2451 ut
865 2422 942 2462 apud
971 2419 1070 2461 Virgi-

210 2468 292 2500 lium.
323 2465 383 2497 Vel
406 2466 530 2497 Priamo
545 2465 718 2495 miseranda
735 2471 855 2494 manus.
896 2462 937 2493 Et
952 2461 1070 2493 Carmi-

212 2518 253 2541 na
269 2507 318 2538 vel
334 2507 422 2539 coelo
439 2505 565 2546 poll'unt
587 2505 747 2535 deducere
763 2504 878 2535 lunam.
921 2503 963 2534 Et
986 2505 1070 2540 hene,

211 2549 266 2581 vel
288 2548 353 2579 hoc
371 2571 380 2586 ‚
395 2548 555 2585 subaudias
572 2547 694 2584 exceptis
716 2545 789 2583 ulis,
811 2554 873 2585 quae
896 2544 1072 2584 reprehendit

203 2592 310 2633 supra.
353 2589 413 2619 Sed
430 2588 461 2619 in
483 2588 575 2618 viam.
624 2586 700 2619 Hoc
722 2586 836 2617 volunt
860 2586 954 2626 igitur
973 2586 1072 2625 Impe-

215 2638 357 2668 ratores,
390 2629 609 2670 hypothecam
632 2627 724 2668 pacto
752 2627 838 2657 nudo
854 2627 882 2657 <St
905 2626 1072 2664 constitui,

216 2673 247 2704 &
266 2671 355 2710 tolli,
380 2670 632 2709 Praetoriojure:
658 2669 688 2699 in
708 2668 834 2708 primis,
858 2667 879 2699 si
900 2668 942 2699 fic
958 2677 1075 2700 conve·

214 2714 339 2749 matur,
365 2711 414 2743 Ne
431 2712 583 2751 hypotheca
602 2715 731 2750 petatur.

260 2765 289 2786 2.
314 2753 401 2794 Quid
419 2753 438 2783 si
456 2752 515 2789 lic,
539 2751 588 2782 Ne
603 2752 725 2781 debitum
737 2755 875 2790 petatur:
897 2749 1075 2781 dubitatum

216 2805 234 2827 a
248 2793 424 2826 Veteribus
447 2793 491 2823 est
510 2815 519 2828 ,
552 2800 653 2823 utrum
672 2790 738 2831 ipso
761 2791 828 2830 jure
846 2815 855 2830 ,
888 2801 925 2821 an
945 2800 1001 2830 per
1023 2800 1074 2821 ex-

217 2837 430 2876 ceptionem,
468 2833 621 2865 liberetur
650 2831 842 2872 hypotheca.
890 2831 988 2876 Qnod
1008 2855 1017 2867 ,
1054 2830 1075 2862 fi

219 2876 338 2916 nescis,
364 2875 542 2907 Marcianus
566 2873 714 2914 probabit
730 2872 786 2903 tibi
804 2873 833 2903 in
854 2872 872 2903 l.
895 2884 923 2913 5.
942 2873 982 2904 D.
1002 2872 1075 2918 ¹Qui·

220 2920 272 2950 bus
288 2918 375 2949 modis
387 2917 496 2957 pignus
521 2915 565 2945 vel
580 2913 736 2954 hypotheca
747 2913 884 2951 solvitur.

261 2959 393 2990 Sol-uitur
422 2956 574 2998 hypotheca
597 2954 633 2989 ὃ)
648 2953 677 2992 fi
698 2955 733 2985 ah
753 2964 786 2985 ea
808 2955 968 2994 discedmur
986 2976 995 2991 ,
1026 2960 1077 2985 aut

276 3001 442 3040 paciscatur
473 2999 616 3034 creditor,
646 3005 681 3026 ne
707 2996 860 3034 pecuniam
883 3002 993 3036 petat:
1025 2994 1079 3033 uifi

276 3040 304 3078 fi
334 3041 398 3081 quis
427 3040 502 3072 ci'i'cut
530 3037 645 3078 puftum.
675 3034 869 3076 interpositum
891 3035 941 3076 effe
958 3059 968 3074 ,
1005 3041 1038 3065 ut
1062 3046 1079 3066 a

276 3087 397 3120 persona
426 3091 482 3111 nou
509 3085 634 3119 petatur.
689 3076 727 3107 Et
755 3078 824 3117 quid
846 3076 876 3113 fi
905 3078 955 3107 hoc
984 3075 1080 3106 actum

280 3119 320 3158 fit
337 3143 346 3158 ,
382 3131 447 3152 cum
474 3122 555 3161 forte
584 3120 658 3151 altus
694 3118 875 3159 hypothecam
899 3116 1078 3157 pofficlehit‘?

287 3161 342 3190 Sed
372 3171 436 3192 cum
459 3161 577 3201 pastum
606 3165 778 3191 conventum
810 3160 996 3198 exceptionem
1015 3164 1080 3197 per·

278 3206 395 3242 petuam
425 3204 526 3243 pariat
545 3225 557 3242 ,
598 3202 693 3233 eadem
735 3197 819 3242 [&]
858 3201 891 3230 in
925 3199 975 3230 hoc
1013 3203 1080 3237 casu

1096 1471 1249 1514 personali
1274 1473 1409 1505 debetur
1439 1473 1634 1514 obligatione
1654 1495 1664 1511 ,
1695 1481 1800 1510 coque
1833 1479 1956 1502 tantum

1097 1514 1216 1555 petitur
1234 1524 1249 1545 a
1274 1513 1406 1554 persona
1430 1514 1602 1546 debitoris:
1634 1513 1817 1555 hypotheca
1842 1519 1957 1543 contra

1098 1564 1163 1587 non
1187 1555 1366 1588 debitorem
1393 1556 1537 1596 obligat,
1566 1555 1618 1586 sed
1642 1564 1707 1585 rem
1737 1555 1959 1594 pignoratam;

1099 1605 1204 1636 eoque
1224 1606 1240 1627 a
1256 1606 1461 1638 quocumque
1481 1597 1545 1636 ejus
1562 1594 1731 1637 poss'ess'ore
1746 1594 1880 1634 petitur:
1905 1595 1959 1625 de-

1099 1638 1213 1678 nique,
1238 1647 1272 1669 ut
1291 1639 1391 1669 verbo
1409 1638 1569 1670 absolvam
1586 1661 1596 1676 ‚
1625 1637 1707 1668 acuo
1726 1635 1959 1676 hypothecaria

1100 1685 1223 1724 tant-um
1249 1679 1467 1720 hypothecam
1486 1702 1496 1718 ,
1529 1677 1700 1719 personalis
1728 1678 1811 1709 actio
1836 1685 1960 1708 tantum

1101 1720 1255 1751 debitoris
1278 1720 1464 1760 personam,
1487 1719 1637 1760 sequitur.
1709 1744 1712 1747 ,

1139 1761 1272 1801 Subjicit
1291 1762 1470 1792 Marcianus
1487 1785 1497 1800 ,
1528 1761 1568 1792 Et
1586 1759 1694 1802 quidsi
1711 1760 1762 1791 hoc
1780 1758 1876 1790 atium
1892 1755 1961 1795 fit?

1101 1801 1243 1843 dispunxi
1262 1802 1313 1833 hic
1335 1803 1432 1833 verba
1451 1802 1523 1840 ista,
1553 1802 1709 1841 cumforte
1730 1801 1805 1831 alius
1827 1801 1844 1830 h
1865 1799 1962 1839 pothe-

1101 1851 1162 1874 cum
1173 1841 1337 1884 poffidehit;
1360 1844 1410 1874 vel
1430 1851 1464 1874 ut
1484 1842 1648 1874 Accursius
1670 1841 1766 1882 legit,
1785 1847 1821 1882 po
1845 1841 1960 1871 tdelmt:

1103 1885 1175 1925 quia
1192 1885 1339 1915 videntur
1362 1884 1507 1924 profecta
1530 1885 1568 1914 ab
1592 1884 1771 1924 interprete
1795 1885 1845 1923 qui
1865 1883 1895 1912 in
1912 1882 1961 1913 his

1103 1925 1220 1965 aliquid
1240 1925 1362 1962 deesse,
1388 1926 1415 1955 δι
1436 1925 1646 1956 anterioribus
1666 1925 1769 1955 verbis
1795 1922 1962 1963 personale

1104 1967 1227 2006 pactum
1253 1965 1415 2007 significari
1437 1990 1445 2004 ,
1477 1966 1683 1997 existimabat.
1708 1964 1860 1996 sententia
1883 1972 1962 1994 vero

1106 2007 1259 2038 Mai-ciani
1278 2007 1347 2038 talis
1365 2006 1426 2038 est:
1457 2006 1500 2038 Et
1528 2007 1626 2047 quid,
1650 2005 1671 2037 fi
1695 2006 1758 2037 hoc
1777 2005 1880 2036 aetum
1908 2004 1962 2042 fit,

1106 2055 1141 2079 ut
1165 2048 1292 2079 tollatur
1317 2048 1347 2078 in
1374 2047 1536 2088 personam
1555 2047 1729 2087 obligatio,
1761 2045 1824 2077 sive
1847 2045 1964 2085 princi-

1106 2089 1175 2130 pale
1194 2088 1362 2126 debitum?
1388 2089 1451 2119 hoc
1478 2088 1522 2119 est
1537 2111 1548 2127 ,
1577 2088 1719 2129 quamvis
1743 2087 1801 2118 hac
1824 2095 1964 2117 conven-

1108 2132 1216 2176 tione,
1241 2130 1289 2161 Ne
1306 2131 1431 2170 pecunia
1445 2135 1580 2168 petatur,
1608 2129 1644 2160 sit
1668 2136 1788 2160 tantum
1809 2129 1908 2169 palam
1933 2127 1964 2158 &t

1110 2171 1229 2202 όιτεξὶο
1249 2171 1368 2209 actum,
1391 2180 1430 2202 ne
1443 2170 1508 2203 sors
1526 2178 1669 2211 petatur3
1693 2178 1796 2200 tamen
1817 2169 1889 2208 quia
1909 2177 1966 2207 per

1110 2210 1367 2252 consequentiam
1395 2211 1425 2243 ἀ
1458 2212 1498 2243 de
1529 2211 1712 2254 hypotheca
1738 2211 1862 2251 pactum
1887 2219 1964 2240 con-

1111 2262 1241 2285 ventum
1261 2252 1305 2284 est
1322 2263 1331 2292 ;
1362 2252 1436 2284 ideo
1460 2262 1500 2284 eo
1520 2262 1649 2293 quoque
1665 2251 1756 2289 patio
1779 2251 1967 2291 hypotheca

1110 2294 1174 2327 fine
1191 2296 1385 2334 exceptione
1410 2292 1550 2326 solvetur
1571 2292 1638 2335 ipso
1660 2294 1739 2334 jure.
1763 2293 1860 2323 habet
1879 2293 1966 2322 enim

1113 2336 1180 2367 haec
1208 2337 1415 2377 interrogatio
1446 2335 1514 2376 (Et
1540 2336 1608 2376 quid
1624 2335 1652 2372 fi
1684 2335 1732 2365 hoc
1755 2334 1850 2365 ocium
1869 2331 1966 2372 fist)

1112 2385 1227 2418 praeter
1256 2376 1443 2417 elegantiam
1473 2377 1660 2416 plerumque
1693 2376 1787 2407 etiam
1807 2373 1970 2417 ,arguendi

1113 2419 1176 2450 vim
1208 2417 1375 2449 fortiorem
1392 2440 1401 2454 ‚
1434 2427 1527 2457 quam
1559 2417 1887 2458 restes-simplexque
1911 2413 1969 2445 ser-

1113 2469 1183 2492 mo:
1207 2466 1243 2490 ut
1260 2458 1475 2500 Quintilianus
1495 2460 1591 2490 docet
1611 2458 1658 2489 lib.
1686 2466 1715 2494 9.
1740 2454 1837 2497 luftu.
1861 2461 1968 2487 orator.

1113 2512 1138 2533 c.
1161 2511 1189 2532 2.

1155 2541 1313 2581 Sequitur.
1355 2539 1411 2571 Sed
1425 2550 1489 2571 cum
1506 2539 1621 2582 pastum
1645 2544 1816 2570 conventum
1831 2538 1969 2577 exceptio-

1114 2593 1178 2615 nem
1196 2588 1362 2624 perpetuam
1383 2583 1499 2622 pariat,
1521 2582 1635 2619 eudem,
1659 2580 1695 2614 ὅ)
1716 2581 1747 2610 in
1764 2580 1813 2610 hoc
1837 2579 1902 2617 casu
1921 2585 1970 2618 po-

1117 2622 1169 2665 tssst
1185 2626 1265 2662 dici,
1288 2629 1320 2653 ut
1341 2621 1377 2657 ὅ)
1400 2623 1435 2653 ah
1453 2623 1605 2663 hypotheca
1621 2622 1790 2662 discedatur.
1835 2620 1970 2651 Comma

1116 2666 1202 2707 pinxi
1220 2663 1292 2705 post
1310 2663 1441 2695 verbum
1458 2664 1569 2701 eciderit,
1594 2671 1628 2693 ut
1652 2663 1682 2693 in
1703 2660 1841 2693 Accursii
1857 2661 1971 2692 editio-

1117 2717 1168 2739 ne.
1193 2713 1260 2737 tum
1285 2706 1409 2746 reposui
1429 2728 1438 2742 ‚
1465 2702 1553 2745 potest
1570 2714 1628 2743 pro
1640 2703 1753 2744 poffuut
1773 2726 1782 2741 ‚
1813 2700 1970 2742 probabili

1118 2757 1179 2780 nec
1198 2746 1318 2778 difficili
1337 2749 1531 2778 mutatione:
1556 2744 1765 2785 spectatitibus
1792 2745 1829 2774 ad
1852 2743 1971 2782 Siglutn

1117 2792 1150 2825 Ρξ
1167 2789 1254 2829 quod
1271 2796 1440 2827 utrumque
1465 2786 1493 2817 6(
1513 2784 1603 2826 potest
1629 2785 1655 2816 ὅ(
1669 2784 1784 2825 poffurit
1805 2790 1972 2820 continet,

1118 2830 1268 2861 Diacono
1287 2828 1365 2860 teste
1393 2829 1424 2859 in
1440 2827 1540 2860 Notis
1560 2827 1731 2858 Veterum:
1751 2823 1840 2866 potest
1866 2832 1972 2855 autem

1118 2881 1135 2902 a
1154 2870 1318 2903 Marciano
1334 2868 1484 2910 scriptum
1502 2867 1612 2906 fuisse,
1636 2867 1797 2908 suspicor-3
1831 2876 1896 2897 non
1908 2873 1974 2905 pos-

1110 2913 1207 2953 sunt.-
1230 2911 1258 2942 &
1275 2910 1395 2941 sensum
1413 2909 1493 2946 effe,
1517 2909 1578 2941 Sed
1601 2918 1671 2939 cum
1691 2907 1870 2949 principalis
1894 2905 1975 2937 obli-

1119 2954 1206 2994 gatio
1232 2961 1295 2983 non
1319 2952 1393 2982 alias
1425 2951 1519 2991 paeto
1546 2951 1698 2986 tollatur¹¹
1729 2958 1822 2988 quam
1843 2957 1900 2988 per
1922 2955 1976 2977 cx·

1122 2995 1307 3033 ceptionem
1325 3001 1537 3033 perpetuam3
1560 2992 1655 3022 etiam
1677 2991 1758 3027 dici,
1782 2990 1813 3021 id
1831 2987 1893 3024 est,
1918 2987 1973 3018 de-

1120 3035 1208 3066 fendi
1226 3033 1313 3075 poffe
1330 3056 1341 3072 ,
1371 3033 1452 3073 quasi
1471 3034 1662 3073 exceptione
1682 3031 1791 3062 eadem
1809 3029 1838 3060 δε
1861 3028 1899 3059 ab
1917 3029 1976 3068 hy·

1122 3076 1283 3117 pmheca,
1307 3083 1375 3114 quae
1393 3074 1574 3105 accessionis
1596 3074 1672 3105 loco
1688 3072 1753 3107 est,
1786 3070 1974 3101 discedatur.

1160 3127 1188 3158 3.
1217 3116 1309 3148 Unde
1332 3124 1460 3157 apparet
1477 3138 1487 3154 ,
1520 3115 1654 3147 Veteres
1676 3122 1712 3144 ea
1734 3112 1764 3143 in
1789 3109 1891 3152 specie
1916 3110 1977 3141 ess'e

1945 3160 1979 3182 u-

1160 3202 1175 3221 *
1198 3202 1258 3231 Cum
1267 3203 1340 3240 forte
1355 3203 1421 3230 nlius
1436 3201 1595 3238 hypothecam
1614 3197 1748 3237 poffidehic.
