2036 3495
152 142 220 177 442
734 127 1040 163 Genium

158 221 317 258 stantiam,
340 218 477 259 negotiis
501 217 659 254 rebusque
683 214 757 255 Jure
779 213 874 245 Civili
892 212 922 244 ἀ
938 211 1020 244 Prae-

156 263 241 293 torio
257 263 362 292 datam
381 267 476 298 atque
492 257 667 298 impressam
685 255 864 286 communis
880 252 1022 294 respectu

158 302 308 334 utilitatis.
346 299 542 339 Pomponius
557 298 577 329 l.
595 307 642 338 27.
660 296 700 328 D.
724 297 757 326 ale
777 294 884 336 regalis
894 295 974 334 juris
990 294 1022 325 id

158 343 199 374 sic
216 341 320 373 effert.
365 340 431 371 Nec
457 349 493 370 ex
514 339 672 376 Praetori‘o,
695 345 745 368 nec
761 336 924 376 exsilemni
933 335 1020 377 jure,

151 383 336 424 privatorum
357 382 541 412 conventione
563 380 718 421 quicquam
734 378 948 408 immutandam
965 374 1020 415 est:

157 424 289 464 quamvis
304 422 505 462 obligationum
528 420 617 461 causae
628 419 758 460 pabiione
771 416 874 458 poffim
889 419 1023 448 immuta-

157 465 184 495 ri
199 463 235 497 &³
251 464 306 504 ἱρή)
310 463 378 504 jure
387 462 423 497 ὃ)
427 470 480 503 per
490 461 571 503 paui·
585 462 719 492 conventi
734 459 940 499 exceptionem:
954 459 1023 499 quia

158 504 303 535 at‘iz'onum
318 505 417 535 modus
430 504 476 535 vel
493 504 568 544 lege,
591 503 637 533 «vel
650 508 703 542 per
727 502 879 533 Praeiorem
895 501 1023 531 introclu-

157 545 236 584 &us‚
249 546 432 585 privatorum
444 544 624 585 pactionibus
638 552 695 574 nori
704 543 899 581 informatur:
912 550 964 571 nec
974 539 1003 578 fi
1011 563 1021 579 ,

156 596 221 617 cum
236 587 387 618 inchoatur
402 586 475 618 aciio
486 610 494 625 ,
509 587 584 617 inter
600 594 644 616 eos
657 584 829 614 convenerit.
854 581 900 612 Ita
916 583 1023 622 legen-

157 629 231 659 dum
243 651 251 666 ,
267 627 374 665 necfi,
390 638 473 660 cum:
488 626 543 658 etsi
559 626 632 657 alias
649 625 790 666 legatur,
805 621 860 661 nisi
868 629 939 653 tunc
949 632 1023 654 cum.

197 669 259 701 Sed
284 677 318 707 ut
336 669 404 700 haec
421 669 534 699 clarius
550 667 783 707 intelligantur:
808 673 906 705 poi-ro
923 662 1017 695 scien·

155 710 230 743 dum
250 709 313 749 est,
330 709 417 751 quod
434 709 521 750 paCta
537 708 656 749 negotii
673 708 788 743 modo,
810 705 873 737 sive
891 703 1024 736 subslan-

154 752 224 791 tiae,
239 750 301 783 sive
320 751 431 783 formae
451 751 499 782 vel
516 749 659 791 expresse
674 749 895 785 adversantur,
912 746 963 777 vel
979 753 1023 776 ta-

153 794 228 824 cite.
245 791 404 833 expreffe:
422 791 442 823 si
459 791 649 823 convenerit
662 790 749 828 quod
766 787 887 820 directo
901 793 1022 828 pugnet

154 842 228 867 curn
251 844 292 865 eo
318 834 405 874 quod
427 832 625 864 contractum
645 831 700 863 est.
733 830 846 861 tacite:
870 828 891 859 si
907 829 936 859 ei
956 837 1021 859 non

152 876 273 908 dire6to
284 898 294 913 ,
311 874 361 906 sed
376 883 431 914 per
447 873 725 914 consequentiam,
741 869 930 903 adversetur.
948 878 1021 900 cuni

152 925 258 949 autem
278 916 402 956 pactum
417 915 559 955 expresse
578 922 733 956 repugnat
750 911 872 952 negotii
887 910 1020 948 formae,

154 966 251 997 atque
275 957 399 997 insuper
423 956 568 997 injustum
594 956 657 994 cst,
681 963 735 985 aut
757 960 845 984 certe
862 961 878 982 a
894 952 1019 992 publica

153 1001 289 1031 utilitate
305 1006 482 1030 remotum:
506 999 591 1029 valet
607 995 808 1034 contractus,
824 993 876 1024 sed
894 993 1019 1034 pastum

151 1041 289 1072 vitiatur.
308 1050 412 1080 pone,
426 1039 573 1071 contrahi
589 1038 794 1075 societatem,
810 1035 840 1066 in
858 1043 958 1074 eaque
969 1043 1020 1075 pa·

153 1082 237 1113 &um
254 1081 338 1113 fieri:
355 1089 389 1112 ut
407 1090 486 1113 unus
505 1087 627 1112 tantum
643 1080 785 1113 lucrum,
802 1076 881 1107 alter
897 1083 1019 1107 tantum

153 1124 300 1155 damnum
312 1145 321 1160 ‚
345 1123 479 1154 habeat:
502 1122 587 1154 valet
604 1120 755 1157 societas,
771 1117 861 1149 irrito
877 1116 970 1156 pasto
988 1116 1018 1158 §.

153 1173 181 1196 2.
200 1163 271 1205 lnft.
291 1166 323 1195 de
334 1165 489 1204 sticz'eiate:
514 1164 586 1203 quia
612 1161 657 1193 est
678 1168 789 1192 contra
812 1165 954 1189 naturam
973 1157 1020 1188 so-

153 1207 298 1244 cietatis,
313 1214 409 1245 atque
426 1205 521 1236 etiam
536 1202 691 1244 iniustum.
715 1200 792 1232 facit
809 1200 912 1237 enim,
929 1208 969 1230 ne
984 1198 1020 1230 sit

153 1248 331 1288 aequalitas3
348 1245 402 1277 etsi
419 1246 485 1287 pari
501 1244 658 1276 sociorum
675 1241 867 1274 collatione:
884 1239 1019 1271 societas

153 1296 259 1319 autem
284 1287 328 1318 est
350 1288 404 1327 (ut
431 1286 556 1324 Livius,
579 1286 626 1316 lib.
645 1289 673 1319 8.
697 1294 721 1315 c.
737 1293 766 1323 4.
791 1281 923 1320 definit)
943 1282 1018 1321 juris

152 1329 306 1368 aequati03
324 1328 388 1359 sive
411 1328 465 1369 (ut
480 1327 665 1367 Papinianus
680 1326 722 1356 ait
739 1325 759 1356 l.
774 1327 823 1363 63.
842 1322 884 1353 D.
904 1322 962 1352 Pro
971 1322 1017 1362 st)-

150 1370 211 1410 cio)
233 1369 422 1401 fraternitas.
445 1368 554 1400 Simile
569 1367 629 1399 est:
646 1366 666 1398 si
681 1368 712 1397 in
732 1363 876 1405 deposito
892 1362 948 1393 fiat
966 1371 1017 1402 pa-

151 1410 256 1448 etum,
278 1409 331 1442 Ne
349 1411 388 1441 de
403 1410 480 1441 dolo
495 1416 621 1450 agatur,
645 1417 710 1439 non
737 1404 865 1438 admisso
881 1403 984 1434 adhuc
1002 1412 1018 1433 a

150 1452 342 1492 depositario
356 1451 433 1482 dolo
451 1451 535 1482 malo
551 1450 568 1479 l.
582 1459 630 1489 27.
650 1448 678 1489 §.
696 1457 725 1488 3.
742 1447 784 1477 D.
800 1452 833 1476 ae
845 1443 955 1484 pastis:
972 1443 1018 1475 est

149 1494 233 1524 enini
259 1493 320 1523 tale
343 1491 468 1531 pastum
494 1497 606 1521 contra
623 1488 760 1519 formam
779 1485 921 1517 omnium
937 1485 1015 1525 iudi-

148 1534 271 1564 ciorum
297 1533 390 1563 bonae
414 1530 488 1562 fidei
509 1531 527 1561 l.
552 1540 601 1570 23.
619 1528 663 1559 D.
690 1530 724 1559 de
745 1526 960 1568 regalz'sjuris,
984 1525 1016 1557 in

145 1574 320 1614 primisque
344 1571 478 1612 depositi
503 1571 523 1602 l.
538 1580 590 1611 31.
614 1569 657 1601 D.
680 1567 811 1610 depofiii:
834 1576 895 1599 nec
911 1568 1015 1599 minus

146 1621 258 1646 contra
279 1614 383 1645 bonos
405 1621 511 1644 mores
537 1614 556 1644 l.
584 1620 609 1642 1.
637 1610 666 1652 §.
684 1619 715 1652 7.
738 1609 781 1641 D.
797 1610 855 1640 eoa.
872 1610 918 1640 tit.
943 1608 1015 1648 quia

143 1655 256 1687 invitat
268 1653 489 1695 depositarium
502 1653 541 1685 ad
556 1652 804 1692 delinquendum
819 1651 849 1682 in
866 1658 899 1681 re
915 1649 1014 1690 depo-

143 1695 208 1729 sita.
252 1695 305 1727 Est
322 1696 355 1727 id
370 1694 543 1727 manifestae
561 1694 703 1726 rationis.
749 1692 812 1724 Sed
826 1691 903 1731 quid
918 1689 1013 1722 facie-

138 1747 209 1770 mus
233 1736 374 1778 Ulpiano
392 1737 412 1768 l.
429 1745 458 1777 7.
477 1736 505 1777 §.
526 1745 573 1775 15.
592 1734 635 1766 D.
661 1735 695 1765 de
706 1732 819 1775 paciis:
842 1731 1011 1770 scribenti,

139 1779 173 1812 Si
187 1780 252 1820 qais
266 1779 448 1819 paciscatur,
472 1786 508 1808 ne
523 1775 638 1817 depositi
655 1780 724 1817 agat
737 1774 915 1813 ,secundum
928 1773 1012 1804 Pom·

133 1822 257 1862 ponium
271 1820 349 1851 valet
360 1817 505 1860 paetum?
527 1817 571 1848 Et
586 1824 682 1858 auget
698 1815 918 1848 difficultatem
934 1814 1011 1846 Pau-

140 1862 190 1894 lus
204 1862 224 1893 l.
244 1870 291 1901 27.
334 1884 339 1891 .
360 1870 390 1901 3.
408 1859 450 1891 D.
471 1860 530 1890 eod.
548 1860 594 1890 iit.
621 1857 718 1896 Illud,
740 1856 904 1897 inquiens,
928 1855 1011 1886 nulla

134 1902 267 1944 pastione
282 1912 295 1933 e
330 1902 356 1933 ci
365 1898 474 1943 potest,
498 1909 534 1931 rie
556 1899 638 1931 dolus
648 1896 816 1940 prestetur:
838 1897 972 1939 quamvis
981 1895 1011 1934 si

139 1946 203 1985 qais
218 1945 405 1986 paciscatur,
426 1952 461 1973 ne
483 1939 599 1982 depositi
623 1946 712 1982 agat,
734 1941 767 1971 vi
783 1939 844 1979 ipsa
860 1939 890 1969 id
903 1937 1010 1979 paam

141 1987 277 2017 videatur
293 2008 303 2024 ,
332 1994 367 2016 rie
390 1986 423 2016 de
446 1983 505 2014 dolo
531 1987 615 2025 agat.-
638 1982 715 2024 quod
732 1980 853 2021 pubium
871 1980 1010 2020 proderit.

139 2026 223 2058 Nam
241 2026 263 2058 fi
275 2036 339 2058 non
357 2024 462 2067 potest
474 2024 620 2065 pactione
636 2022 737 2061 effici,
753 2020 806 2053 Ne
823 2021 914 2053 dolus
932 2029 1009 2061 prae-

139 2067 254 2099 stetur:
277 2077 337 2108 qua
361 2067 484 2098 ratione
507 2066 554 2106 jus
571 2065 607 2098 sit
622 2064 715 2096 alicui
732 2061 865 2103 pacisci,
885 2060 939 2092 Ne
956 2063 1007 2093 de-

140 2108 232 2149 positi
257 2116 345 2149 agat:
369 2108 390 2140 fi
416 2107 588 2148 pl'aesertim
605 2107 635 2137 vi
656 2104 718 2146 ipsa
740 2104 803 2144 (ita
818 2104 871 2135 hic
890 2102 919 2134 δι
937 2102 968 2134 in
985 2102 1005 2134 l.

142 2153 191 2181 16.
208 2149 235 2191 §.
259 2159 288 2190 3.
308 2148 350 2180 D.
390 2149 441 2180 Aa
465 2146 753 2183 Seriatusconsultum
780 2144 1008 2181 Trebellianum,

141 2191 171 2222 &
187 2191 205 2221 l.
223 2200 272 2230 45.
287 2189 316 2230 §.
338 2199 363 2221 1.
380 2189 423 2221 D.
452 2190 502 2220 Aci
518 2189 604 2231 legem
621 2188 777 2220 Falcidiam
794 2186 925 2224 Paulus,
948 2193 1008 2225 pro

139 2233 171 2263 in
188 2230 325 2271 effefitu)
348 2230 389 2269 si,
417 2231 544 2270 inquam
556 2254 565 2268 ,
588 2231 619 2261 vi
636 2228 699 2270 ipsa
715 2228 757 2260 sic
774 2226 887 2268 pacisci
903 2227 1008 2257 videa-

139 2282 208 2312 tur,
231 2271 283 2304 Ne
309 2273 350 2304 de
372 2272 449 2303 dolo
466 2271 562 2312 agat?
586 2272 614 2302 ὅ(
633 2279 739 2301 tamen
755 2268 957 2310 profuturum
975 2267 1008 2298 il-

139 2316 194 2347 lud
218 2313 364 2355 pactum,
390 2313 418 2344 &
443 2312 557 2344 Paulus
582 2312 611 2343 ἂ
630 2310 784 2351 Ulpianus
801 2317 901 2350 putat.
945 2307 1009 2340 Sed

139 2356 216 2395 quid
234 2354 278 2386 est
295 2354 313 2386 ‘3
336 2362 409 2395 eget
426 2353 479 2384 hic
495 2352 616 2384 consilii
634 2351 828 2391 deprehensa
845 2349 1007 2381 subtilitas.

164 2398 216 2428 uid
240 2396 323 2427 enini
349 2395 464 2432 habet,
489 2395 576 2434 quod
602 2394 739 2425 extricet
762 2390 1009 2424 difficultatem?

140 2406 233 2469 geio:
250 2437 319 2468 sunt
336 2436 390 2476 qui
407 2436 462 2468 sibi
481 2435 684 2477 persuadent,
706 2433 876 2474 Ulpianum
893 2431 1010 2464 &Pau-

140 2479 204 2510 lum
220 2487 284 2509 non
302 2478 481 2518 improbare
498 2476 638 2518 paCtuin,
664 2474 716 2508 Ne
735 2474 867 2516 depositi
883 2480 1008 2514 agatur:

139 2528 212 2550 ante
229 2520 393 2551 contracto
413 2518 577 2560 deposito,
601 2518 630 2549 δε
652 2516 781 2549 admisso
795 2516 856 2556 jain
877 2524 894 2546 a
909 2515 1007 2554 depo-

141 2559 243 2592 sitario
261 2561 337 2591 dolo
353 2560 448 2592 malo.
484 2559 546 2591 Sed
564 2567 694 2597 metu03
717 2567 758 2590 ne
774 2557 862 2597 quod
879 2556 1006 2594 dicunt,

140 2608 244 2632 careat
259 2602 397 2633 ratione:
411 2611 487 2633 num
506 2602 590 2632 enini
607 2609 688 2639 opus
698 2598 760 2630 fuit
775 2597 1006 2638 disputatione,

139 2652 177 2674 an
194 2641 265 2683 post
282 2641 443 2674 admissum
467 2643 576 2674 dolum
597 2642 664 2682 jure
681 2641 772 2673 licito
788 2638 843 2671 fiat
860 2638 1006 2678 pactum,

139 2684 193 2717 Ne
209 2682 341 2723 depositi
358 2684 488 2724 rigatur?
512 2685 598 2724 atqui
624 2692 688 2714 non
706 2681 895 2722 prohibetur
911 2680 936 2710 is
953 2679 1006 2718 qui

140 2723 305 2766 deposuit,
329 2724 397 2762 poli
421 2724 583 2756 admissum
607 2724 715 2756 dolum
735 2723 835 2763 palam
853 2720 1005 2752 conveni-

139 2776 194 2805 re,
208 2764 260 2796 Ne
275 2764 318 2809 de
330 2763 407 2794 dolo
424 2773 502 2805 agat.
519 2775 573 2796 cur
589 2765 686 2806 igitur
701 2764 862 2795 dubitetur
874 2785 884 2800 ,
901 2771 939 2792 an
956 2761 1007 2792 de-

139 2809 214 2840 inde
228 2804 340 2847 pacisci
357 2804 465 2849 possit,
482 2805 532 2837 Ne
551 2805 683 2847 depositi
701 2805 796 2846 agat?
812 2803 889 2836 Non
909 2802 1008 2843 magis

138 2849 290 2880 accedam
313 2844 579 2879 existimantibus:
604 2848 691 2887 quod
708 2846 817 2887 pacto,
839 2843 892 2877 Ne
908 2845 1006 2884 depo·

139 2889 187 2922 siti
203 2896 329 2930 agatur,
353 2895 417 2918 non
436 2887 537 2926 agitur
556 2889 656 2927 palam
674 2888 704 2919 &
721 2887 861 2924 directo,
878 2883 929 2917 Ne
947 2886 1004 2916 do-

137 2933 184 2964 lus
209 2928 393 2971 praestetur3
416 2926 469 2958 sed
495 2927 615 2958 tacite:
639 2938 703 2959 non
733 2938 771 2959 ex
799 2927 874 2959 retia
898 2935 1005 2958 autem

139 2982 207 3004 non
223 2976 361 3007 nocent,
384 2977 454 3009 quae
472 2968 632 3008 expressa,
653 2979 717 3000 non
735 2979 773 3000 va
788 2975 887 3000 erent.
920 2967 1003 2999 Nam

139 3023 201 3046 nec
223 3013 273 3043 illa
291 3010 335 3043 est
355 3009 526 3050 probabilis
551 3007 713 3040 sententia.
745 3013 818 3050 quia
835 3009 880 3041 est
902 3010 1005 3050 gravis

141 3055 256 3096 pudori
272 3052 373 3084 civilis
390 3050 558 3092 sapientiae.
588 3048 642 3079 nisi
661 3050 789 3081 interest
804 3051 1004 3091 reipublicae3

139 3105 242 3127 mrum
260 3095 328 3135 quis
344 3095 447 3133 palam
472 3092 509 3123 ad
526 3091 722 3131 peccandum
737 3091 908 3130 invitetur,
934 3101 1005 3133 pro-

140 3137 225 3170 miffa
242 3138 294 3176 spe
311 3133 525 3172 impunitatis;
548 3141 584 3163 an
608 3131 722 3162 tacite:
746 3140 818 3161 cum
833 3133 944 3171 utique
961 3134 1004 3163 in·

141 3179 257 3209 vitatur
281 3176 320 3208 ad
343 3175 495 3216 flagitium
517 3172 647 3213 publico
664 3172 751 3203 bono
768 3172 908 3203 noxium.
938 3183 1004 3205 non

141 3221 236 3262 igitur
259 3217 396 3259 pertinet
416 3225 478 3250 tam
496 3212 683 3252 immodesta
705 3212 877 3253 explicatio
897 3214 936 3245 ad
953 3224 1005 3248 ve-

1098 122 1332 159 NoonT

1064 212 1246 244 recundiain
1257 213 1412 245 Veterum
1421 211 1731 255 jurisconsultorum.
1754 213 1812 246 Me
1821 214 1929 248 aucto·

1064 260 1117 299 re,
1140 252 1263 298 sobrie,
1286 262 1320 286 ut
1336 263 1485 295 oportet,
1500 255 1685 285 exaudiatur
1701 252 1853 287 sententia
1870 255 1928 289 Ui-

1064 301 1147 332 piam
1166 295 1195 325 &
1212 294 1319 327 Pauli:
1343 305 1402 327 nec
1425 296 1486 327 erit
1511 296 1599 336 quod
1616 294 1794 336 castigetur.
1823 297 1929 337 aiunt,

1063 333 1265 373 profuturum
1290 337 1431 377 pastum,
1461 336 1514 368 Ne
1539 335 1672 376 depositi
1694 345 1812 377 agatur.
1837 339 1929 369 nimi·

1064 383 1152 414 rum,
1176 379 1248 416 quia
1265 387 1305 409 eo
1322 378 1415 418 patio
1432 388 1496 409 non
1514 378 1624 418 utique
1642 378 1853 416 convenitur,
1876 377 1931 410 Ne

1065 416 1105 446 de
1121 417 1198 463 dolo
1215 426 1340 459 agatur:
1355 419 1409 450 etsi
1429 420 1572 451 videatur
1586 418 1628 450 fic
1643 419 1702 459 agi.
1725 417 1831 459 potest
1846 420 1932 452 enim

1065 457 1197 502 depositi
1223 460 1271 500 agi
1297 470 1360 491 non
1386 468 1507 492 tantuin
1526 461 1569 491 ob
1589 461 1698 492 dolum
1719 460 1858 499 malum,
1880 459 1933 493 sed

1065 504 1161 529 ctiam
1184 500 1227 531 ob
1249 501 1385 541 culpam.
1423 504 1493 539 quis
1515 510 1620 533 autem
1644 501 1857 542 reprehendat
1881 510 1932 541 pa-

1065 537 1168 584 ssum,
1191 539 1244 587 Ne
1268 543 1311 573 ob
1335 543 1460 583 culpam
1484 550 1592 584 agatur
1609 552 1649 574 ex
1665 541 1753 573 causa
1770 541 1931 582 depositi?

1067 587 1186 619 optima
1200 590 1295 622 igitur
1312 585 1434 616 ratione
1451 584 1487 616 fit
1505 585 1628 625 pactum
1640 607 1649 623 ,
1673 583 1727 615 Ne
1752 583 1885 624 depositi
1904 593 1933 614 a-

1066 627 1176 666 gatur:
1200 622 1255 653 etsi
1271 623 1450 670 paciscens,
1474 624 1526 657 Ne
1548 625 1681 666 depositi
1704 633 1794 666 agat,
1818 624 1848 655 vi
1865 624 1929 665 ipsa

1066 661 1210 693 videatur
1224 666 1356 703 pacisci,
1373 665 1426 697 Ne
1440 668 1480 698 de
1494 667 1570 698 dolo
1586 674 1667 707 agat.
1683 666 1761 698 sicut
1777 667 1861 697 enim
1876 674 1936 705 po-

1066 701 1126 732 test
1152 702 1215 734 hoc
1232 705 1355 752 pactum
1376 708 1494 748 accipi,
1517 717 1557 739 ne
1575 707 1797 748 depositarium
1817 708 1932 738 invitet

1065 744 1103 788 :iti
1127 743 1322 791 grassandum
1346 756 1376 778 in
1395 758 1429 779 re
1447 748 1603 789 deposita:
1628 750 1704 789 quid
1721 750 1752 780 ni
1770 758 1805 780 ea
1820 749 1931 779 mode-

1064 782 1118 814 stia
1135 786 1339 832 explicetur?
1361 787 1397 819 fit
1423 789 1517 829 igitur
1537 790 1649 829 paCto,
1671 789 1725 821 Ne
1749 789 1880 830 depositi
1900 798 1931 819 a·

1063 832 1175 872 gatuij,
1200 836 1230 874 vi
1257 827 1320 868 ipsa
1343 829 1490 869 pactum,
1513 829 1566 862 Ne
1589 832 1628 862 de
1654 831 1731 862 dolo
1755 839 1881 872 agatur:
1902 837 1935 862 at

1064 875 1130 897 non
1147 868 1268 914 idcirco
1285 871 1426 909 proderit
1441 871 1631 911 paciscenti,
1646 881 1686 903 ne
1704 872 1781 903 ‹lolo
1798 872 1883 903 malo
1900 880 1932 902 a-

1063 916 1140 952 gens
1158 918 1188 939 in
1208 919 1241 940 re
1258 910 1417 951 deposita,
1442 913 1651 944 conveniatur
1667 912 1792 944 actione
1808 912 1932 952 depofi-

1064 956 1104 979 ti:
1129 956 1249 982 tantum
1267 951 1331 983 huc
1347 961 1478 994 perget3
1493 963 1532 985 ne
1548 953 1652 985 amissa
1670 962 1723 984 aut
1740 954 1932 985 deteriorata

1062 998 1096 1020 re
1112 990 1253 1036 deposita
1268 993 1448 1034 depositarii
1463 995 1555 1035 culpa
1571 1003 1623 1025 aut
1639 992 1849 1035 negligentia,
1865 994 1931 1034 ejus

1061 1032 1236 1077 periculum
1261 1035 1300 1065 ad
1323 1035 1546 1075 depositarium
1565 1035 1695 1076 spectet.
1727 1036 1791 1066 hoc
1815 1036 1932 1075 patitur

1062 1072 1163 1105 ciVilis
1179 1073 1209 1105 ὅς
1227 1076 1374 1121 naturalis
1391 1078 1483 1108 ratio.
1514 1077 1601 1117 quod
1624 1077 1644 1108 si
1664 1077 1726 1108 vim
1745 1076 1833 1116 liujus
1851 1076 1932 1116 paCti

1063 1113 1142 1158 ultra
1153 1123 1294 1157 porrigat
1303 1117 1527 1158 depositarius:
1545 1117 1764 1149 abstinendum
1780 1116 1852 1149 esta
1867 1124 1931 1149 tam

1061 1156 1249 1204 impudente
1264 1157 1295 1189 &
1313 1159 1458 1199 improba
1475 1159 1702 1199 explicatione.

1102 1196 1176 1228 bic:
1200 1197 1220 1228 fi
1242 1199 1369 1238 pactum
1395 1200 1538 1241 expresse
1563 1199 1617 1231 fiat
1639 1198 1785 1231 adversus
1809 1199 1931 1240 negotii

1061 1235 1219 1277 formam,
1243 1246 1339 1280 atque
1365 1242 1460 1273 etiam
1487 1241 1651 1282 injustum,
1675 1249 1728 1272 aut
1745 1248 1858 1272 contra
1872 1241 1932 1272 bo·

1061 1286 1119 1310 nos
1135 1287 1238 1312 mores
1256 1279 1301 1312 sit.
1324 1283 1488 1321 proximus
1507 1282 1653 1314 trac'tatus
1668 1283 1748 1320 erit,
1764 1282 1839 1322 quid
1854 1282 1932 1322 juris

1061 1317 1118 1365 sit:
1139 1319 1161 1351 fi
1179 1321 1302 1360 pactum
1320 1322 1374 1353 fiat
1390 1323 1537 1355 adversus
1556 1324 1678 1364 negotii
1695 1323 1851 1361 formam,
1869 1332 1930 1354 nec

1061 1360 1206 1400 injustum
1222 1361 1275 1402 sit,
1299 1372 1403 1405 neque
1419 1365 1493 1397 alias
1511 1364 1638 1405 publica
1658 1364 1795 1395 utilitate
1811 1362 1931 1395 refute-

1061 1408 1121 1432 tur.
1165 1401 1287 1435 Extant
1309 1407 1347 1436 ad
1373 1405 1456 1437 lianc
1478 1413 1600 1447 partem
1625 1405 1789 1445 complura
1813 1405 1844 1436 in
1860 1405 1931 1445 jure

1059 1444 1217 1489 exempla.
1232 1444 1283 1477 sed
1308 1445 1462 1488 defungar
1495 1447 1613 1486 paucis.
1663 1445 1762 1487 Finge
1779 1457 1787 1478 :
1818 1446 1929 1486 aliquis

1059 1491 1234 1516 committit
1250 1485 1300 1517 sua
1317 1489 1446 1528 negotia
1462 1488 1551 1519 alteri
1568 1488 1798 1528 gerenda,non
1810 1488 1905 1528 gratis
1916 1509 1927 1526 ,

1058 1522 1110 1555 sed
1137 1527 1286 1557 mercede
1309 1528 1498 1561 constituta:
1521 1537 1654 1568 eamque
1674 1529 1927 1560 conventionem

1058 1573 1160 1611 vocat.
1177 1568 1368 1600 mandatum.
1401 1578 1440 1601 an
1464 1569 1575 1602 valet?
1597 1576 1727 1607 movet,
1753 1569 1842 1609 quod
1858 1578 1927 1601 non

1058 1605 1103 1652 es’t
1118 1606 1274 1653 injustum.
1298 1608 1351 1641 sed
1368 1610 1411 1642 est
1428 1619 1540 1642 contra
1555 1611 1692 1642 mandati
1711 1610 1858 1641 formam.
1880 1608 1927 1641 fa-

1057 1655 1103 1678 cit
1119 1656 1230 1695 igitur:
1249 1659 1289 1696 ne
1306 1649 1341 1681 sit
1358 1652 1560 1690 mandatum3
1574 1651 1626 1683 sed
1643 1652 1740 1692 magis
1758 1651 1877 1682 locatio
1893 1650 1927 1683 δε

1056 1690 1230 1721 conductio
1249 1691 1403 1724 videatur.
1437 1693 1518 1724 hanc
1537 1692 1621 1724 enim
1638 1701 1688 1723 res
1705 1692 1845 1730 indicat3
1868 1690 1925 1724 etsi

1055 1730 1236 1778 mandatum
1252 1733 1375 1765 dicatur
1391 1733 1418 1775 §.
1435 1734 1488 1765 ult.
1503 1731 1575 1774 Inst.
1592 1734 1625 1764 cle
1639 1734 1784 1765 mandato.
1808 1732 1925 1765 Rursus

1055 1779 1160 1816 pone:
1183 1770 1313 1805 insulam
1332 1775 1479 1807 vendidi:
1502 1775 1566 1806 hoc
1583 1774 1701 1814 modo,
1720 1782 1755 1805 ut
1771 1774 1861 1805 aliam
1879 1775 1925 1806 in-

1055 1812 1151 1858 sulam
1168 1812 1327 1847 reficeres.
1351 1825 1389 1847 an
1407 1816 1526 1847 valebit
1543 1815 1695 1857 pactum?
1718 1824 1783 1846 non
1802 1817 1886 1847 enirn
1901 1815 1925 1847 i-

1054 1862 1184 1894 niquum
1202 1854 1266 1894 est,
1284 1865 1388 1897 neque
1404 1858 1525 1890 leuibus
1540 1865 1593 1889 aut
1607 1856 1750 1889 moribus
1765 1856 1923 1897 improba-

1054 1901 1114 1926 tur.
1145 1895 1191 1927 est
1208 1904 1314 1929 tamen
1330 1881 1477 1931 adversi’is
1494 1898 1631 1930 formam
1650 1898 1862 1929 venditionis:
1883 1897 1922 1929 ab

1052 1945 1112 1967 una
1128 1944 1215 1976 parte
1227 1948 1365 1970 mercem
1377 1963 1386 1978 ‚
1399 1940 1437 1970 ab
1455 1940 1552 1971 altera
1569 1940 1735 1981 pecuniam
1755 1947 1873 1971 certam
1889 1938 1921 1970 δε

1051 1986 1247 2024 numeratam
1270 1979 1485 2012 desiderantis.
1517 1991 1556 2012 ne
1572 1981 1667 2022 igitur
1684 1980 1921 2012 confundantur

1051 2019 1157 2066 civilia
1180 2021 1327 2062 negotia,
1351 2031 1457 2062 eoque
1481 2021 1639 2054 difficilior
1664 2020 1719 2052 fiat
1735 2031 1846 2052 eorum
1865 2030 1919 2053 ex-

1050 2060 1199 2108 plicatio:
1214 2062 1320 2108 placet
1337 2061 1470 2094 Neratio
1486 2064 1505 2094 l.
1523 2067 1553 2094 6.
1568 2062 1607 2093 D.
1625 2064 1657 2094 de
1669 2063 1839 2103 praescriptis
1854 2071 1920 2093 ver-

1048 2102 1109 2139 bis,
1133 2102 1216 2148 (non
1242 2105 1464 2136 intercedente
1486 2103 1668 2145 Pomponio
1692 2105 1712 2135 l.
1730 2107 1759 2135 6.
1783 2103 1812 2145 §.
1831 2113 1857 2135 1.
1874 2103 1918 2135 D.

1049 2143 1082 2173 de
1095 2141 1252 2175 actionibus
1267 2146 1372 2186 empti)
1388 2145 1484 2186 magis
1501 2146 1540 2177 ad
1556 2155 1642 2184 rem,
1658 2154 1750 2186 quani
1768 2147 1806 2176 ad
1822 2144 1917 2176 verba

1049 2184 1232 2223 attendere3
1256 2186 1397 2226 ideoque
1418 2187 1534 2218 nullam
1551 2194 1661 2226 putare
1678 2187 1918 2224 venditionem,

1049 2224 1103 2271 sed
1120 2227 1276 2265 agendum
1292 2227 1353 2258 esse
1371 2227 1454 2259 civili
1468 2228 1646 2259 intentione
1662 2227 1788 2258 incerti.
1812 2227 1917 2258 dicam

1050 2273 1165 2312 igitur,
1179 2267 1285 2313 valere
1294 2268 1418 2309 pactum
1430 2291 1439 2307 ,
1455 2268 1507 2300 sed
1518 2278 1558 2301 eo
1575 2269 1688 2301 mutari
1699 2268 1895 2299 contractum
1905 2289 1917 2306 ‚

1049 2316 1213 2348 magisque
1237 2317 1393 2341 incertum
1417 2319 1512 2350 atque
1531 2310 1760 2342 innominatum
1779 2309 1858 2340 esi'e:
1881 2309 1918 2340 li-

1051 2356 1103 2393 cet
1122 2349 1348 2383 contrahentes
1365 2360 1438 2383 eum
1454 2359 1574 2383 vocent
1585 2351 1814 2383 venditionem.
1830 2350 1916 2380 hunc

1052 2397 1134 2421 enim
1145 2391 1343 2436 contractum
1359 2401 1423 2424 non
1434 2391 1499 2424 fert
1512 2392 1614 2425 soi-ma
1630 2391 1834 2424 &substantia
1851 2391 1917 2429 eJus

1051 2431 1138 2477 quod
1156 2440 1293 2471 geritur:
1309 2434 1395 2464 illum
1414 2434 1542 2465 indicat.
1566 2434 1597 2464 &
1614 2433 1659 2464 est
1675 2432 1802 2472 quidem
1822 2439 1917 2462 ratio-

1050 2481 1113 2510 nis,
1132 2480 1167 2503 ut
1179 2474 1406 2505 contrahentes
1421 2474 1460 2505 ab
1476 2475 1567 2505 initio
1583 2481 1677 2514 quem
1695 2473 1793 2503 velint
1809 2474 1917 2503 ineant

1050 2512 1267 2559 contractum:
1282 2514 1439 2547 servantes
1452 2522 1613 2553 naturam,
1630 2514 1659 2545 &
1673 2513 1870 2544 substantiam
1886 2513 1916 2543 ei

1050 2563 1066 2585 a
1083 2553 1156 2593 Jure
1175 2553 1268 2586 Civili
1288 2557 1402 2587 datam.
1424 2563 1456 2587 at
1472 2563 1507 2586 ut
1522 2557 1648 2586 mutatis
1666 2555 1825 2592 terminis,
1848 2563 1915 2585 non

1050 2602 1191 2641 mutetur
1215 2605 1331 2628 nomen
1357 2597 1579 2637 obligationis:
1603 2605 1668 2628 non
1693 2595 1754 2626 fuit
1769 2596 1913 2626 rationis.

1049 2645 1106 2667 cur
1123 2645 1206 2667 enim
1221 2637 1315 2669 liceat
1332 2638 1614 2676 contrahentibus,
1636 2646 1696 2677 pro
1715 2636 1764 2668 sua
1780 2636 1913 2667 libidine

1050 2675 1250 2724 con-fundere
1275 2679 1478 2719 negotiorum
1501 2678 1640 2718 formas,
1665 2678 1748 2709 nulla
1763 2677 1914 2709 suadente

1049 2719 1195 2765 utilitate.
1232 2719 1279 2750 Ita
1297 2729 1358 2760 nec
1374 2719 1479 2760 potest
1498 2720 1625 2751 vendita
1643 2719 1775 2760 intelligi
1792 2728 1858 2750 res:
1881 2727 1914 2750 u-

1049 2760 1080 2791 bi
1097 2768 1218 2806 agitur,
1242 2770 1283 2792 ne
1298 2762 1363 2801 ejus
1386 2761 1561 2793 dominium
1579 2762 1617 2793 ad
1635 2768 1813 2801 emptorem
1831 2768 1913 2791 tran-

1049 2800 1130 2832 seat:
1153 2801 1228 2832 licet
1248 2803 1332 2833 enirn
1348 2811 1365 2833 a
1381 2802 1647 2834 contrahentibus
1664 2803 1785 2834 dicatur
1802 2801 1912 2833 vendi-

1051 2844 1115 2873 tio:
1137 2850 1242 2874 tamen
1258 2844 1295 2874 ad
1313 2852 1379 2875 rem
1399 2843 1626 2884 spectantibus,
1642 2852 1695 2874 aut
1712 2843 1833 2875 locatio
1848 2841 1912 2879 est,

1046 2890 1100 2915 aut
1114 2883 1198 2914 aliud
1213 2893 1312 2924 genus
1328 2884 1509 2916 contraCtus
1523 2885 1542 2916 l.
1562 2889 1610 2919 80.
1627 2885 1655 2926 §.
1673 2884 1727 2915 ult.
1746 2884 1786 2915 D.
1801 2885 1833 2915 a'e
1847 2892 1912 2914 con-

1047 2924 1187 2956 trahenda
1203 2927 1349 2966 empcione.
1394 2925 1492 2957 Simili
1514 2929 1638 2958 ratione
1655 2935 1726 2966 quae
1741 2926 1799 2956 dos
1816 2933 1911 2955 voca-

1048 2973 1115 3013 tur,
1139 2968 1262 3007 emptio
1284 2965 1321 2998 fit
1344 2966 1551 2998 aestimatione
1575 2969 1619 2998 rei
1638 2967 1751 2998 dotalis
1768 2965 1789 2996 l.
1807 2974 1852 3005 13.
1873 2964 1908 2995 C.

1047 3008 1080 3038 de
1091 3017 1159 3049 jure
1175 3010 1301 3040 dotium:
1324 3008 1353 3040 δε
1371 3017 1440 3048 quae
1462 3009 1584 3049 emptio
1603 3009 1735 3045 dicitur,
1758 3007 1845 3037 nullo
1864 3005 1911 3036 in-

1048 3048 1247 3080 terveniente
1269 3050 1394 3091 pretio,
1417 3059 1482 3081 non
1506 3049 1550 3081 est
1568 3048 1688 3089 emptio
1709 3048 1728 3077 l.
1745 3050 1794 3087 36.
1811 3045 1853 3076 D.
1877 3046 1911 3076 de

1047 3090 1240 3122 contrahenda
1263 3092 1418 3132 emptione,-
1442 3090 1494 3122 sed
1519 3091 1649 3122 donatio
1672 3089 1692 3120 l.
1713 3097 1743 3127 13.
1764 3086 1801 3120 δ’
1824 3096 1853 3123 9-
1873 3087 1908 3119 C·

1047 3132 1105 3162 eod.
1123 3132 1169 3163 tit.
1188 3132 1273 3163 nulla
1284 3139 1413 3163 vetante
1431 3132 1512 3173 lege.
1528 3141 1598 3163 nam
1614 3129 1633 3161 fi
1649 3129 1699 3160 illa
1714 3128 1909 3159 intercedat:

1047 3180 1159 3203 contra
1176 3173 1347 3204 dicendum
1365 3172 1444 3211 esse,
1461 3172 1590 3214 egregio
1606 3169 1754 3210 exemplo
1771 3169 1910 3202 ostendit

1049 3212 1201 3253 Ulpianus
1217 3214 1237 3246 l.
1251 3219 1301 3256 38.
1318 3214 1358 3247 D.
1377 3215 1434 3246 eod.
1450 3217 1496 3246 tit.

1828 3250 1908 3283 Haec
