2108 3479
575 136 741 175 VITA
789 134 837 170 V.
889 123 1580 173 C.„GERARD1NOODT.

190 221 381 306 {Ogdatgvarlls
404 247 413 262 ,
447 218 505 302 Pu}
536 213 728 250 melioribus
760 206 965 256 argumentis
999 217 1068 241 rem
1097 204 1202 250 ipsam
1221 230 1231 246 ‚
1267 203 1301 238 in
1336 215 1402 250 qua
1433 211 1664 245 concurrunt,
1699 190 1963 247 superstruxerit}

220 284 237 306 e
309 283 327 304 e
378 279 420 302 oc
460 276 532 301 atis.

245 319 375 354 Videor
387 316 457 361 jam
477 312 557 347 mihi
580 309 701 343 multos
721 305 834 341 audire
850 311 1056 350 quaerentes,
1091 312 1133 336 an
1159 311 1227 334 non
1251 298 1378 334 Noster
1402 298 1557 344 postuma
1581 298 1732 346 quaedam
1755 299 1869 345 Opera
1896 298 1970 332 reli*-

195 368 324 413 querit,
352 361 530 409 aliqnando
548 357 643 408 editis
661 353 856 401 adjicienda.
907 350 983 397 Ego
1004 349 1140 396 quidem
1165 348 1290 383 vellem
1314 347 1378 382 hac
1400 347 1441 383 de
1467 359 1502 383 re
1519 347 1612 392 spem
1639 347 1751 383 facere
1774 346 1863 392 posse
1888 353 1969 392 pro*-

195 414 358 450 babilem:
387 408 555 456 reliquiis,
579 405 639 441 etfi
656 400 887 448 imperfeffls,
914 399 997 433 tanti
1025 398 1118 440 Viri,
1153 397 1247 432 suum
1274 396 1440 441 pretium,
1485 396 1577 431 suam
1610 396 1804 438 utilitatem,
1840 395 1971 440 semper

194 460 370 498 habituris.
420 458 608 502 Sed-pauca
628 449 854 495 manuscripta
879 447 950 492 ejus
975 446 1165 492 supersunt:
1191 444 1228 480 ἃ
1251 445 1325 491 plus
1347 444 1448 480 semel
1472 444 1604 488 vetuit,
1637 456 1679 480 ne
1703 444 1844 480 heredes
1870 445 1973 480 ullum

193 522 240 546 ex
265 509 316 544 his
334 505 475 542 claustra
493 505 549 538 sua
565 499 750 547 refringere
769 505 976 545 paterentur.
1216 536 1220 539 Ἴ

247 558 287 593 In
310 564 485 597 numerum
502 552 654 597 Operum
671 549 741 594 ejus
758 557 826 581 non
846 544 942 579 retuli
960 542 1173 589 Responsum
1197 540 1333 588 Belgice
1352 540 1536 586 scriptum5
1563 551 1767 588 quamquam
1791 540 1862 586 ipso
1888 540 1974 575 vivo

224 605 322 642 ublici
340 604 424 650 juris
440 599 586 636 fastum:
616 598 704 644 quod
721 595 790 648 ipse
806 600 873 647 non
889 590 1063 633 retulisset,
1091 602 1155 626 nec
1178 590 1281 625 ullam
1300 590 1506 625 mentionem
1521 588 1661 625 fecisset.
1712 591 1839 626 Datum
1861 587 1913 624 est
1935 589 1973 623 il-

196 619 254 691 fud
271 653 306 688 in
321 649 430 687 cauffa
447 648 549 691 faeti,
576 647 631 682 ubi
652 643 790 691 quaestio
803 642 888 687 juris
902 640 1102 676 occurrebat
1128 639 1299 685 pertinens
1316 638 1357 674 ad
1380 638 1662 684 impedimentum
1684 638 1914 684 Nuptiarum,
1942 637 1977 672 in

198 712 293 738 certo
307 700 452 748 quodam
477 696 583 744 gradu
608 692 789 729 adfinitatis
806 717 816 733 ,
842 689 882 723 *vi
911 687 1085 723 Potestatis
1111 690 1261 723 Summae
1292 686 1491 722 tollendum.
1541 687 1754 734 Responsum
1771 714 1781 730 ‚
1814 685 1911 733 quale
1935 685 1976 720 ab

200 747 273 797 ipso
292 747 485 797 profectum
503 744 568 786 est,
599 743 717 789 legitur
743 740 828 775 inter
854 736 1092 784 Consultationes
1121 736 1332 782 Trajeetinas,
1367 734 1556 771 Volumine
1582 732 1698 771 tertio:
1742 736 1845 782 longo
1864 743 1978 769 autem

198 797 276 846 post
300 807 453 842 tempore
486 793 643 828 Latinum
677 787 809 824 fabium
838 787 886 821 Cl.
915 784 1210 820 ALEXANDER
1235 783 1507 819 ARNOLDUS
1532 782 1979 819 PAGENSTECHERUS

199 847 260 883 suo
285 847 406 926 Irnesrg'o
426 843 541 889 injuria
563 840 722 886 vapulanti
739 834 886 872 inseruit.
937 834 1045 869 Nunc
1070 832 1146 869 addi
1175 833 1301 879 placuit
1324 832 1402 868 huic
1418 832 1566 868 Editioni
1586 843 1689 868 novae
1706 832 1860 868 omnium
1884 831 1979 878 Ope-

201 898 278 931 rum
297 894 358 928 No
391 891 427 926 ri.

250 943 298 987 At
314 951 400 976 vero
422 938 482 985 ipsi
507 930 649 973 omnino
671 932 894 983 abjudicanda
921 924 1134 972 Dissertatio,
1163 941 1262 978 quam
1289 929 1466 965 liberaliter
1485 928 1519 964 ei
1544 929 1659 965 tribuit
1683 929 1812 965 AuCior
1834 928 1981 974 Anony-

201 1002 279 1041 mus
293 986 488 1025 Bibliothecae
508 987 602 1033 Juris
619 984 864 1032 Imperantium,
891 991 965 1028 quae
991 981 1170 1026 Noribergae
1192 977 1321 1024 prodiit
1350 977 1452 1013 Anno
1485 987 1589 1022 1727.
1613 988 1686 1024 pag.
1715 987 1795 1024 324.
1849 977 1984 1013 Scilicet

202 1040 304 1076 Anno
321 1041 426 1083 1718.
453 1034 602 1072 Praefidis
627 1043 740 1080 partes
765 1029 893 1066 Noster
918 1039 1054 1075 egerat,
1082 1036 1226 1074 rogante
1241 1025 1395 1062 Studioso
1414 1025 1563 1071 quodam
1595 1027 1766 1071 Germano,
1793 1026 1850 1074 qui
1875 1026 1985 1072 publi-

202 1089 244 1134 ce
259 1086 441 1123 defendere
465 1083 575 1119 voluit
596 1081 821 1127 conscriptam
846 1090 865 1113 a
891 1078 924 1113 se
946 1076 1197 1123 Diffiertationem
1222 1074 1770 1123 Historicv-Politico-Juthmm,
1805 1076 1842 1110 de
1869 1075 1985 1121 origine

202 1135 384 1174 Nobilitatis
402 1133 611 1175 Germanicoe,
640 1128 681 1170 δέ’
704 1129 864 1176 praecipuis
882 1127 1060 1172 quibusdam
1086 1126 1152 1171 ejus
1168 1125 1301 1171 juribus.
1359 1123 1398 1157 In
1428 1122 1526 1157 titulo
1555 1122 1758 1159 addebatur:
1793 1123 1899 1171 Quam
1922 1121 1985 1168 sub

199 1183 341 1233 praefidio
368 1181 411 1217 D.
442 1183 485 1225 G.
510 1179 694 1215 NOODT
719 1178 788 1213 ἃς.
818 1177 938 1222 publico
972 1175 1174 1210 Eruditormn
1195 1172 1337 1208 *examini
1357 1170 1519 1218 submittit
1555 1170 1713 1206 DAVID
1739 1170 1989 1207 GEORGIUS

203 1229 416 1274 STRUBE‚
444 1227 812 1273 Cella-Luneburgus,
837 1225 951 1259 Amor
969 1222 1038 1258 ἃς.
1093 1221 1261 1271 Quamvis
1284 1231 1371 1256 vero
1403 1218 1449 1254 fic
1477 1219 1700 1264 Respondens
1729 1220 1761 1255 se
1784 1220 1891 1266 ipsum
1916 1219 1988 1253 Au-

205 1279 337 1317 &orem
362 1280 474 1326 palam
499 1276 718 1323 profiteatur,
745 1275 948 1319 Anonymus
968 1280 1082 1306 tamen
1113 1281 1181 1305 non
1206 1268 1397 1311 dubitavit,
1422 1267 1502 1315 quin
1532 1267 1588 1302 illa
1606 1268 1731 1303 Noodtii
1755 1268 1855 1314 ipsius
1886 1265 1984 1302 effet:

203 1341 279 1366 rem
301 1327 489 1370 aestimans,
516 1335 554 1361 ut
575 1325 730 1367 videtur,
757 1335 800 1358 ex
817 1333 912 1356 more
934 1319 1050 1367 paffim
1081 1328 1220 1365 recepto
1243 1318 1279 1352 in
1309 1315 1504 1352 Academiis
1527 1317 1721 1360 Germanias,
1747 1317 1804 1352 ubi
1830 1315 1990 1351 Differta-

198 1378 336 1419 ‘'tiones,
363 1377 466 1412 etiam
491 1373 733 1419 capiendorum
755 1371 927 1406 honorum
952 1367 1061 1403 caussa
1084 1367 1220 1412 publice
1244 1365 1407 1408 defensae,
1442 1364 1641 1411 plerumque
1665 1364 1841 1401 auc‘torem
1862 1364 1990 1400 habent

204 1424 448 1470 Professorem‚
476 1423 547 1459 fere
561 1422 691 1468 semper
708 1419 896 1456 Praefidem.
948 1417 1054 1452 Hunc
1072 1426 1223 1451 errorem
1238 1426 1305 1461 ego
1319 1415 1390 1460 jam
1413 1423 1491 1448 ante
1507 1413 1633 1460 aliquot
1649 1425 1756 1449 annos
1774 1441 1784 1457 ‚
1811 1412 1990 1448 occafione

205 1476 303 1521 data,
329 1472 482 1516 ostendi,
505 1472 538 1506 in
558 1470 697 1506 Monito
713 1469 754 1504 ad
779 1469 916 1504 alteram
942 1465 1136 1500 Editionem
1160 1464 1253 1499 Libri
1281 1464 1332 1500 De
1353 1462 1429 1497 Foro
1455 1461 1647 1508 Legatorum
1662 1489 1672 1506 ,
1698 1462 1740 1498 ab
1762 1460 1882 1499 Illustri
1913 1462 1992 1509 Ryn-

205 1523 375 1560 kershoekio
395 1519 510 1566 scripti
522 1547 536 1565 ,,
559 1518 597 1555 <Sc
614 1531 633 1555 a
655 1530 711 1553 me
736 1517 772 1552 in
790 1516 956 1561 Linguam
985 1513 1151 1549 Gallicam
1176 1510 1274 1548 versi.
1325 1510 1417 1547 Heic
1443 1520 1559 1546 autem
1587 1511 1710 1548 iterum
1730 1510 1920 1555 indicandi,
1947 1521 1992 1546 ne

200 1571 282 1620 “quis
297 1569 503 1616 decipiatur,
529 1568 624 1603 locus
643 1575 717 1603 ‘erat
732 1573 832 1612 aptus
846 1563 884 1600 &
899 1561 1065 1610 proprius.

258 1617 448 1655 SANCTE
462 1615 647 1663 profiteor,
672 1616 736 1657 hac
752 1611 978 1658 clausulajam
993 1609 1176 1647 narrationi
1191 1607 1417 1655 imponenda,
1443 1613 1501 1644 'me
1525 1605 1605 1644 nihil
1624 1607 1659 1644 in
1681 1607 1846 1645 honorem
1870 1606 1994 1643 Nostri

208 1665 347 1710 dixiffe,
375 1665 466 1712 quod
485 1675 555 1700 non
574 1676 619 1699 ex
640 1663 718 1710 ipsis
733 1662 832 1698 rebus
850 1660 939 1697 nasci
957 1658 1127 1696 videretur
1141 1685 1151 1702 ,
1178 1667 1340 1704 quantum
1353 1656 1417 1693 illae
1438 1656 1524 1693 mihi
1542 1657 1689 1704 cognitae
1706 1655 1898 1693 fuerunt&
1916 1667 1991 1703 per-

210 1715 344 1763 speftae.
395 1714 521 1760 Neque
538 1713 566 1748 is
583 1712 652 1748 sum
665 1739 674 1755 ‚
701 1712 757 1759 qui
777 1709 956 1745 sustineam
973 1708 1152 1754 quidquam
1171 1706 1205 1741 in
1222 1706 1331 1753 majus
1347 1705 1528 1750 extollere,
1552 1706 1820 1752 quanticumque
1838 1716 1919 1741 eum
1942 1703 1992 1739 fa=

211 1766 322 1812 ciam,
349 1773 451 1806 quem
467 1760 689 1796 laudaverim.
742 1761 884 1805 Semper
900 1758 1004 1793 etiam
1020 1756 1103 1792 mihi
1121 1755 1247 1801 placuit
1268 1780 1280 1798 ,
1307 1765 1346 1790 ac
1370 1754 1537 1801 placebit,
1564 1754 1644 1791 illud
1670 1754 1836 1800 PLINII,
1863 1754 1935 1791 Lib.
1963 1752 1993 1786 Ι.

203 1812 312 1861 Epst
340 1810 437 1848 X1V.
465 1810 533 1846 Hoc
553 1810 650 1856 ipsttm
670 1809 806 1844 amantis
823 1806 887 1854 cst,
913 1818 972 1842 non
987 1816 1113 1841 onerare
1128 1804 1289 1843 laudibus,
1313 1804 1455 1839 clinicum.

1857 3257 2004 3310 GE-
