2036 3495
135 108 183 152 76
566 97 598 132 G
628 105 648 130 z
683 104 705 128 n
738 102 759 126 A
791 102 813 126 R
844 99 867 124 D
899 100 911 125 1

143 193 290 226 amicitia:
309 193 328 225 l.
348 200 395 231 23.
416 189 454 220 D.
475 189 508 218 de
524 187 607 217 rebus
624 182 700 215 αιιὲἶ.
715 181 782 223 jiul.
795 177 896 220 poffid.
931 177 1020 220 Quid

142 235 263 277 igitur?
288 233 415 274 putavi,
439 227 514 260 mihi
539 235 555 256 a
580 233 612 256 te
635 224 840 268 mandatum,
864 228 935 250 cum
955 228 1019 250 non

145 277 223 309 esset
239 276 440 309 mandatum
458 269 487 300 ὅ(
504 275 556 299 tua
572 265 648 307 geffi
664 270 802 309 negotia.
827 270 896 302 quae
913 259 1019 305 nasce-

145 326 197 348 tur
212 315 318 347 aetio?
335 320 457 344 certum
474 309 537 346 est,
552 305 669 338 cessare
685 305 843 336 athonem
860 302 1020 349 mandati,

145 356 317 389 deficiente
333 353 494 385 mandato.
516 348 713 390 igitur-detur
723 345 805 377 actio
816 351 1021 385 negotiorum

145 398 317 439 gestorum.
335 403 366 426 at
383 403 446 425 non
460 392 532 423 veni
543 391 627 422 ultro
639 413 647 427 ‚
666 388 717 419 sed
731 388 802 426 quia
815 387 923 426 putavi
935 394 1021 416 man·

147 441 255 471 datum
272 437 343 469 effe.
368 436 596 468 Placettamen
612 429 754 471 Ulpiano
770 429 829 468 ι’.5.
848 427 875 458 b.
894 432 916 458 t.
936 435 1023 472 coin·

147 488 259 522 petere
283 478 443 510 astionem
461 474 664 515 negotiorum
682 469 854 512 gestorum.
888 475 1025 515 ut'ennn-

147 523 277 563 putavi,
300 519 378 552 mihi
402 518 586 551 mandatum
605 513 688 551 effe,
713 520 820 543 tamen
841 510 928 540 volui
949 508 1026 539 mihi

148 563 291 604 obligare
319 569 351 594 te
373 561 460 601 quus
485 557 616 602 negoti-a
632 554 728 596 gcsli3
751 561 812 584 nce
830 550 865 582 sit
881 558 1025 590 aequum,

147 615 200 638 mc
215 613 310 645 quem
331 603 447 634 veritas
471 598 636 635 defendit,
660 603 793 636 propter
812 601 842 623 te
861 601 891 623 in
909 593 1027 638 damno

147 646 262 678 versari
288 646 441 681 idicirco,
465 641 552 682 quod
574 637 675 670 erravi
701 637 731 668 in
751 633 840 666 causa
857 633 1025 679 obligatio·

148 689 215 720 nis:
232 689 262 718 in
281 687 341 718 hac
357 685 495 717 maxime
505 682 630 713 actione
642 687 712 719 quae
724 677 768 708 est
785 686 825 707 ex
837 684 900 722 γε,
918 676 950 704 id
962 673 1027 720 est,

150 739 190 761 ex
210 730 344 770 negotio
368 726 475 768 gesto:
499 725 529 755 in
559 731 620 762 qua
637 720 773 761 proinde
785 717 886 764 quid,
911 715 1031 761 Gne-cui,

150 770 272 812 gestum
291 769 327 802 fit
344 768 530 809 negotium,
555 764 676 795 Praetor
694 767 816 801 quaerit.
852 757 969 788 Similis
986 755 1031 802 est

151 812 303 844 traCtiitus
320 812 379 851 l.5.
398 809 426 851 §.
450 818 472 839 1.
493 807 534 838 D.
552 806 579 836 l).
597 811 618 836 t.
644 803 763 843 species
781 801 850 831 haec
868 798 922 830 est.
950 798 1031 845 Alie-

150 864 189 885 na
215 855 289 894 gessi
313 852 452 893 negotia.
476 846 606 890 putavi,
631 844 693 876 esse
717 842 818 889 'fitii3
835 850 907 886 cum
928 839 1029 871 essent

151 888 343 935 Sempronii.
368 899 494 924 tenetur
509 889 586 921 mibi
605 887 811 926 Sempronius
834 883 960 930 actione
978 890 1031 926 ne-

151 938 314 977 notiorum
332 934 503 977 gestorum.
528 938 645 970 nempe
663 927 713 959 vel
732 926 782 957 hic
800 930 926 955 veritati
942 923 1031 954 cedit

150 969 232 1011 iides
257 987 347 1015 mea,
371 976 399 1006 ἃ
426 975 619 1012 deceptum,
644 979 684 1002 ne
709 969 739 999 in
761 968 877 1013 damno
905 963 1030 1010 verser,

156 1028 262 1051 tuetur
279 1016 453 1060 probabilis
465 1014 539 1046 fasti
557 1022 665 1050 error,
682 1017 716 1054 ut
729 1008 806 1040 mihi
826 1008 919 1038 detur
936 1005 1031 1036 ῃξὶιο.

151 1062 171 1092 l.
189 1071 239 1102 45.
263 1061 290 1103 §.
303 1071 330 1092 2.
349 1059 429 1100 l.3i.
448 1057 475 1099 §.
494 1067 518 1088 1.
531 1057 548 1086 l.
566 1058 596 1086 6.
614 1054 642 1095 §.
657 1058 683 1088 8.
702 1051 742 1082 D.
759 1051 786 1081 b.
804 1056 824 1080 t.
851 1048 1011 1093 Caeterum
1024 1069 1033 1084 ,

153 1102 174 1134 fi
190 1104 258 1143 quis
278 1102 406 1143 negotia
423 1108 491 1132 mea
502 1096 607 1139 gessit,
619 1104 683 1126 non
703 1102 765 1124 mei
784 1089 1032 1129 contemplatio-

154 1154 214 1184 ne,
241 1144 292 1176 scd
309 1144 352 1174 sui
370 1141 449 1173 lucri
469 1139 573 1171 causa:
591 1136 687 1177 magis
708 1134 793 1164 suum
813 1131 922 1176 geffit,
937 1139 1032 1170 quam

153 1195 281 1223 meum,
306 1184 482 1225 negotium.
515 1180 634 1221 placuit
660 1178 754 1218 igitur
780 1173 944 1210 Labeoni,
967 1180 1031 1202 non

156 1227 218 1259 csse
242 1228 295 1259 bic
322 1226 457 1257 dandam
481 1222 632 1253 direti-nn
650 1218 857 1261 negotiorum
873 1212 1035 1254 gestorum

155 1269 336 1300 neronem:
361 1275 434 1298 cum
459 1265 501 1296 nil
526 1263 586 1295 mei
612 1258 890 1298 contemplatione
914 1254 1034 1301 gestum

158 1311 205 1343 sit.
252 1310 314 1341 Sed
341 1306 502 1344 obtinuit,
528 1302 751 1337 nihilominus,
774 1300 840 1330 imo
863 1305 982 1337 magis,
1007 1297 1035 1325 (51

158 1362 230 1383 eum
256 1351 358 1383 teneri
381 1348 507 1380 afflone
535 1345 737 1385 negotiorum
761 1339 937 1384 gestorum:
962 1346 1037 1377 quia

158 1392 268 1434 utique
286 1399 435 1433 apparet,
454 1397 526 1420 cum
546 1397 578 1418 rc
596 1394 669 1416 vera
687 1392 791 1414 meum
803 1379 920 1426 gessisse
938 1387 1036 1423 nego-

159 1436 258 1473 tium3
277 1434 331 1465 etsi
351 1434 377 1463 ei
400 1440 462 1462 non
481 1428 578 1459 fuerit
595 1427 620 1457 is
637 1425 768 1457 animus.
807 1430 917 1461 utique
932 1420 1036 1466 absur-

159 1479 235 1508 dum
253 1475 359 1511 foi-cc,
377 1473 396 1505 si
412 1471 466 1512 ipsi
486 1470 555 1500 suus
574 1465 734 1508 prodesset
751 1464 862 1509 dolus,
882 1463 910 1493 ἃ
929 1469 1037 1508 eximj

156 1518 321 1560 probitate
347 1513 528 1546 nasceretur
556 1509 688 1540 fruetus.
720 1505 776 1537 fiet
800 1513 895 1545 igitur
919 1502 1036 1548 affionr

158 1558 285 1591 directae
303 1558 353 1588 vel
371 1557 400 1586 in
420 1554 478 1585 hac
496 1551 600 1592 specie
618 1550 719 1581 locus.
747 1547 794 1579 An
809 1549 836 1577 dt
850 1553 1037 1591 contrariae,

157 1601 179 1633 fi
197 1600 271 1640 quid
289 1597 416 1629 fortein
435 1593 565 1635 negotia
584 1601 652 1622 mea
668 1588 849 1629 impendit?
872 1586 935 1633 bed
951 1594 1038 1616 totus

159 1643 198 1673 ad
215 1641 245 1672 se
260 1639 433 1679 spectatum
450 1645 514 1668 non
531 1635 569 1665 ad
583 1642 643 1664 me.
663 1632 739 1663 mini
757 1639 833 1675 vero
850 1636 883 1659 ut
900 1635 1039 1667 imputet

159 1684 248 1724 quod
271 1681 325 1713 fibi
350 1678 516 1720 praestitit,
537 1684 603 1707 non
622 1674 653 1705 id
675 1673 743 1713 jus,
768 1680 870 1702 minus
888 1678 1038 1714 :equi-tas,

158 1727 290 1767 patitur.
325 1722 403 1754 Hoc
420 1726 530 1762 aperte
545 1717 666 1748 Seneca
679 1738 688 1753 ‚
705 1714 751 1744 lib.
768 1717 797 1744 6.
821 1711 864 1742 De
882 1710 996 1758 benefic.
1015 1721 1038 1740 c.

165 1777 213 1808 13.
238 1766 334 1797 etiam
361 1762 514 1796 Phaedrus
528 1759 575 1790 lib.
597 1757 701 1797 1.f.2b.
720 1765 769 1787 22.
794 1762 854 1785 nec
872 1761 974 1797 minus
989 1751 1036 1791 Ju-

158 1806 369 1841 risconsultus
389 1802 525 1844 l.6.§.s3.
545 1800 572 1831 h.
587 1805 608 1830 t.
625 1796 830 1838 sequentibus
851 1795 973 1842 verbis:
992 1793 1038 1834 Ip-

152 1848 222 1891 seft
232 1851 309 1880 circa
324 1857 368 1878 res
385 1855 460 1876 meas
477 1843 587 1884 aliquid
604 1840 791 1881 impenderit,
809 1846 866 1867 non
881 1838 911 1867 in
928 1836 957 1866 ui
968 1836 1042 1876 quod

159 1893 186 1923 ei
202 1889 295 1932 abest,
320 1889 389 1931 quia
405 1886 525 1927 improbe
540 1884 576 1914 ad
593 1883 707 1923 negotiu
724 1890 785 1910 mea
802 1877 912 1924 aceeffit
924 1901 932 1914 ‚
956 1876 1040 1923 acin?-

161 1944 226 1965 nem
241 1933 333 1964 haber.
375 1926 520 1967 Aperte?
545 1926 587 1956 ita
603 1926 657 1955 est.
683 1922 778 1953 verba
796 1930 881 1951 enirn
900 1920 988 1964 liaec,
1003 1928 1044 1964 ,ιη

165 1977 195 2006 icl
211 1975 286 2016 quod
303 1975 329 2004 εἰ
344 1969 419 2012 abest
431 1993 440 2005 ,
464 1968 534 1999 sunt
551 1976 591 1997 ex
613 1965 751 1996 formula
767 1970 934 1993 contrariae
950 1961 1044 2006 aetio-

165 2019 235 2055 nis,
260 2016 305 2046 uti
324 2012 394 2055 post
414 2009 579 2042 ostendam
599 2007 673 2037 cxl.
692 2016 719 2037 2.
742 2004 777 2039 δέ’
796 2004 881 2050 ²223·
899 2004 927 2033 h.
948 2009 967 2032 ι.
989 2010 1044 2047 μὲι-

167 2067 217 2089 tur
237 2066 350 2091 necata
371 2054 398 2085 ei
422 2054 454 2084 in
480 2048 646 2092 proposito
671 2047 796 2078 actione
816 2055 846 2075 in
864 2045 895 2074 id
912 2044 999 2090 quod
1017 2052 1046 2073 ei

167 2099 254 2131 abest
267 2090 651 2137 propterimprobitetem
668 2089 911 2132 suamznegatur
929 2095 955 2116 ei
974 2093 1045 2130 pro-

165 2149 239 2183 pter
265 2139 347 2170 suam
369 2135 609 2176 improbitatem
635 2129 794 2161 contraria
817 2127 911 2159 aCtio.
957 2126 1047 2170 Quid

170 2181 322 2215 tandem?
345 2179 387 2211 ait
410 2179 436 2208 [i.
453 2176 480 2217 §⁴
499 2185 527 2216 q.
546 2175 564 2204 l.
582 2176 611 2204 6,
628 2169 894 2212 jurisconsultus,
920 2169 951 2199 in
971 2168 1047 2209 quod

169 2234 218 2260 ego
233 2223 395 2262 locupletior
404 2210 508 2258 fastu}
523 2216 606 2253 liam,
622 2215 706 2244 babet
724 2219 822 2243 contra
839 2220 881 2241 me
897 2209 1046 2241 astionem.

168 2266 234 2296 Vix
253 2265 366 2295 dubito
378 2285 387 2299 ,
414 2261 490 2300 quin
508 2257 559 2288 hic
576 2256 612 2287 sit
637 2255 799 2295 scripturae
815 2261 923 2289 error,
938 2252 978 2299 ,δε
995 2260 1046 2282 au-

171 2308 240 2339 ξὶοι·
256 2303 397 2337 volucrit
414 2308 535 2341 ponere
547 2298 757 2338 exceptionem,
774 2302 827 2325 aut
839 2300 1043 2340 retentionem,

169 2356 223 2380 aut
247 2348 330 2378 aliud
352 2344 448 2377 simile
470 2341 614 2380 verbum.
646 2347 711 2369 vox
739 2345 845 2367 autem
864 2334 935 2373 ista,
960 2333 1046 2365 afflo-

169 2400 250 2427 nem,
275 2397 348 2419 cum
365 2384 472 2418 fuisset
490 2381 583 2424 paulo
603 2388 678 2411 :inte
697 2377 882 2415 inscrenda,
907 2377 1046 2423 deinde,

169 2440 205 2463 ut
220 2431 256 2462 fit
272 2431 354 2461 inter
371 2425 570 2459 scribendum
581 2446 591 2462 ,
607 2421 691 2452 aliud
707 2419 862 2461 cogitanti
879 2420 1047 2449 exciderit.

174 2474 238 2503 hoc
255 2481 294 2502 eo
311 2470 407 2507 magis
424 2466 556 2498 censeo:
581 2464 653 2504 quia
671 2461 809 2493 formula
826 2460 899 2499 ista,
923 2460 959 2491 1⁷2
975 2459 1049 2501 quod

172 2523 220 2555 ego
246 2504 407 2553 locupletior
430 2507 631 2547 fastussum,
656 2503 736 2535 solet
752 2504 837 2549 inter
860 2510 976 2548 caetera
998 2509 1048 2531 ac-

173 2554 371 2586 commodari
388 2548 573 2590 exceptioni
591 2554 644 2578 aut
662 2546 853 2577 retentioni:
871 2553 904 2574 ut
921 2552 951 2574 in
970 2543 1049 2583 l.38.

174 2594 211 2630 δ’
237 2595 260 2625 ί.
279 2599 328 2633 48.
357 2594 396 2624 D.
422 2594 454 2623 cle
479 2590 571 2622 heresi.
589 2588 676 2630 petit.
703 2586 739 2621 ὅ)
762 2586 782 2617 l.
806 2595 829 2617 1.
854 2584 882 2626 §.
903 2594 928 2616 1.
947 2584 990 2615 D.
1017 2585 1050 2614 de

175 2636 232 2668 doli
250 2635 319 2666 mali
337 2634 372 2668 ἐξ
389 2640 480 2665 metus
495 2637 604 2671 except.
646 2628 781 2660 Accedit
798 2628 836 2658 ad
853 2628 940 2664 haec,
964 2625 1051 2672 quod

174 2678 314 2710 Veteres
331 2676 391 2706 hac
408 2675 437 2705 in
454 2673 558 2713 specie
574 2671 706 2703 actionis
724 2677 879 2708 nusquam
897 2676 1052 2699 memine-

173 2725 260 2752 runt.
285 2717 350 2748 imo
367 2716 499 2754 actioni,
523 2714 764 2754 qualiscumque
787 2710 843 2749 sit,
867 2711 975 2742 locum
1000 2717 1052 2755 ne·

176 2767 263 2802 gant.
283 2764 406 2789 tantum
423 2756 607 2787 concedunt
633 2755 851 2785 retentionem
870 2751 921 2782 vel
942 2750 1052 2781 OffiClo

176 2800 314 2844 Judicis,
338 2798 390 2829 vel
406 2807 463 2836 per
482 2797 710 2837 exceptionem
729 2794 793 2826 doli
811 2793 894 2825 mali.
919 2791 986 2822 hoc
1002 2801 1053 2822 au-

178 2852 249 2876 tem
264 2850 337 2873 cum
356 2848 422 2870 non
446 2839 548 2868 minus
572 2836 745 2868 observent
769 2836 799 2866 in
826 2833 960 2876 persona
980 2842 1055 2873 pos-

181 2883 306 2917 sessoris
321 2883 415 2913 bonae
432 2878 525 2915 fidei,
546 2887 637 2918 quam
655 2876 834 2918 possessoris
849 2876 939 2908 malae
958 2874 1052 2906 fidei:

178 2924 304 2968 quaeso,
321 2921 438 2964 ecquid
455 2918 551 2950 causae
572 2918 626 2956 sit,
650 2929 705 2950 cur
729 2920 760 2950 in
785 2917 948 2959 praesentia
976 2924 1055 2957 prae-

178 2967 256 3001 doni
272 2965 459 3006 permittant
474 2961 654 3004 actionem,
681 2969 774 3000 quam
792 2967 964 2999 numquam
985 2967 1054 2997 per-

177 3010 312 3042 mittunt
337 3006 383 3038 illi
409 3012 503 3045 quem
533 3001 672 3040 alioqum
703 3000 780 3040 justa
810 3001 889 3032 fides
915 2998 1054 3031 tuetur?

178 3050 266 3083 Mihi
286 3058 351 3080 non
369 3047 504 3078 videtur.
528 3043 602 3083 lego
618 3042 731 3081 igitur,
756 3042 816 3081 Ipſse
832 3040 963 3078 tamenfi
978 3041 1055 3071 circa

182 3102 227 3123 res
242 3100 319 3122 meas
335 3088 448 3130 aliquid
464 3083 652 3126 impenderit,
670 3091 727 3112 non
741 3084 773 3112 in
786 3084 816 3113 id
832 3085 905 3123 quod
919 3083 945 3112 ei
962 3079 1054 3122 abest,

182 3135 251 3176 qnia
266 3132 390 3172 improbe
406 3131 443 3161 acl
457 3127 571 3168 negotia
586 3133 647 3154 mea
663 3121 773 3163 act-effic
785 3146 793 3161 ‚
817 3124 974 3154 actionem
985 3146 994 3161 ,
1002 3125 1057 3163 sed

180 3177 214 3206 in
235 3175 310 3215 quod
327 3182 375 3214 ego
394 3169 557 3210 locupletior
565 3164 669 3204 fufius
687 3166 772 3204 lum,
797 3164 879 3210 habet
896 3171 996 3195 contra
1013 3174 1056 3195 me

181 3214 423 3257 exceptionem.
447 3212 490 3245 ita
505 3204 941 3250 coniecilz'bt3.Probabilium
956 3214 980 3236 c.
1006 3214 1053 3238 ix.

970 87 1232 122 NoonT

1068 960 1290 1000 similitudinem
1319 970 1492 1001 qmeramus.

1294 85 1506 122 Comici.

1063 177 1116 209 ubi
1137 177 1233 217 plura.

1104 217 1247 259 Oportet
1264 218 1377 259 igitur,
1403 223 1438 247 ut
1458 215 1606 246 obtineat
1634 216 1717 248 astio
1734 217 1941 258 negotiorum

1064 259 1242 300 gestorum,
1266 259 1395 291 alterius
1420 257 1588 299 negotium
1611 256 1673 289 esse
1699 256 1846 299 gestum:
1876 269 1943 291 non

1064 301 1198 339 qualiter
1214 301 1367 341 qualiter3
1391 299 1461 337 sed,
1485 306 1520 330 ut
1544 299 1628 336 dixi,
1653 309 1685 331 re
1709 299 1737 330 &
1757 297 1941 332 affectione,

1065 341 1107 372 At
1125 343 1207 373 enim
1229 341 1381 383 Ulpianus
1398 342 1416 373 l.
1435 351 1463 382 3.
1482 340 1510 382 §.
1533 350 1579 372 10.
1602 340 1640 371 Di
1664 341 1691 372 h.
1711 347 1733 371 z.
1759 338 1800 371 fic
1821 340 1945 372 scribit:

1066 382 1136 413 Hac
1151 383 1260 414 afflone
1278 389 1391 421 tenetur
1408 382 1570 423 nonsvllum
1590 385 1612 412 z's
1631 384 1794 424 quisponte
1812 380 1849 415 ἐξ
1865 382 1948 414 nulla

1067 423 1226 463 neceffitczte
1243 430 1355 465 cogente
1372 424 1525 463 iinmzjs'cm't
1540 425 1567 462 se
1584 425 1705 466 negotiis
1721 422 1822 454 alienis
1834 446 1843 460 ,
1860 419 1896 457 ἑὸ)
1913 432 1946 455 ea

1065 463 1167 505 geffit:
1188 475 1290 496 verum
1310 465 1346 500 δέ)
1364 467 1404 503 is,
1429 466 1480 506 qui
1502 465 1603 506 aliqua
1626 463 1785 505 neceffltate
1802 470 1944 506 urgente,

1068 507 1115 536 vel
1131 506 1472 547 neceffimzisfizspicione
1485 506 1576 548 geffit.
1616 506 1703 550 Quid
1722 506 1891 538 dicemus?
1915 515 1949 537 u-

1070 546 1135 578 sum
1152 547 1312 588 derogasse
1329 547 1464 586 Edict03
1482 551 1509 579 ὅ(
1529 548 1638 580 utilem
1655 546 1838 579 concessisse
1855 547 1953 579 astio-

1070 597 1143 619 nem
1162 611 1170 626 ,
1192 597 1264 619 cum
1288 588 1418 620 cessaret
1443 590 1571 621 directa.
1619 589 1737 629 Neque
1761 589 1793 620 id
1815 598 1951 629 novum.

1072 631 1146 671 quin
1165 628 1391 669 saepe'evcnit3
1408 638 1442 661 ut
1458 633 1524 671 iura
1541 632 1691 672 paulatim
1707 638 1902 671 augeantur,
1919 631 1952 662 δί

1071 673 1110 702 ad
1131 680 1230 702 novas
1244 672 1445 712 porrigantur
1463 672 1602 713 species3
1620 674 1658 705 ad
1671 682 1746 713 quas
1756 672 1868 704 eadem
1880 681 1953 712 per-

1074 713 1155 744 tinet
1172 712 1307 742 utilitas:
1325 713 1402 743 licet
1417 713 1476 745 alia
1488 715 1518 745 in
1537 714 1583 745 his
1600 715 1681 746 ratio
1698 714 1733 745 sit
1745 737 1754 752 ,
1771 722 1865 754 quam
1882 722 1953 754 quse

1075 764 1110 784 ea
1138 755 1204 793 Jura
1226 753 1319 784 initio
1342 756 1545 793 provocavit.
1586 757 1667 787 adeo
1692 757 1809 786 attinet
1826 778 1836 794 ,
1867 755 1957 795 quod

1076 794 1179 825 Varro
1206 794 1311 825 scribit
1334 795 1380 825 lib.
1404 805 1433 834 4.
1468 795 1515 826 De
1541 797 1643 838 lingua
1668 797 1782 828 Latina
1799 819 1809 835 ,
1838 803 1868 837 p.
1896 800 1959 834 64,

1076 837 1273 881 Quaecumque
1289 836 1357 874 usus
1382 836 1468 876 causa
1485 838 1522 868 ad
1544 839 1719 878 vicamszmt
1739 837 1898 879 assumpta.
1923 840 1956 868 iu

1073 880 1130 909 heis
1139 877 1295 909 utilitatem
1310 887 1434 917 quaerere
1449 888 1506 908 non
1515 877 1746 915 similitudinem.
1764 880 1861 911 Item:
1880 879 1956 910 Proa

1070 926 1135 961 pter
1154 920 1311 950 utilitatem
1333 920 1364 949 in
1381 919 1439 949 heis
1461 918 1716 959 dzffimilz'tttdz'nem
1729 922 1846 962 potius,
1868 930 1960 962 quam

1538 961 1618 992 Sane
1648 962 1740 994 causa
1770 972 1959 1002 proponen-

1077 1003 1123 1034 dae
1150 1003 1180 1033 in
1203 1002 1269 1032 hoc
1290 1001 1408 1033 Edicto
1430 1002 1563 1034 aetionis
1586 1002 1668 1042 fuit;
1693 1005 1780 1043 quod
1800 1004 1894 1035 amici
1914 1005 1959 1034 vi-

1077 1045 1229 1075 derentur
1252 1053 1287 1074 ea
1306 1044 1460 1075 invitandi
1484 1045 1523 1075 ad
1547 1044 1722 1076 absentium
1741 1046 1888 1086 negotia,
1916 1054 1960 1076 ne

1081 1086 1270 1123 interirent,
1296 1084 1407 1125 sponte
1427 1085 1638 1126 suscipienda:
1663 1096 1727 1117 non
1747 1088 1825 1117 item
1841 1086 1884 1118 illi
1901 1085 1958 1126 qui

1077 1127 1179 1167 aliqua
1191 1126 1389 1165 necessitate,
1403 1127 1452 1158 vel
1469 1127 1659 1158 necessitatis
1677 1127 1853 1168 suspicione
1870 1136 1961 1168 urge·

1078 1176 1198 1199 rentur.
1226 1177 1283 1208 per
1300 1168 1400 1198 hosce
1418 1177 1523 1200 tamen
1542 1168 1693 1201 siutilitcr
1708 1168 1794 1210 gesta
1811 1168 1870 1200 sint
1887 1178 1959 1200 mea

1078 1209 1228 1250 negotia,
1246 1219 1304 1240 nec
1321 1211 1377 1240 alia
1390 1209 1567 1241 ostenditur
1584 1211 1686 1249 aCti03
1704 1212 1840 1251 placuit,
1856 1211 1886 1242 in
1903 1211 1962 1241 bo·

1079 1261 1147 1282 runi
1166 1260 1297 1291 quoque
1309 1251 1452 1291 personis
1471 1252 1578 1283 locum
1596 1253 1713 1284 habere
1730 1253 1889 1283 affionem
1905 1261 1961 1283 ne·

1079 1293 1242 1334 gotiorum
1261 1292 1421 1333 gestorum
1435 1316 1444 1329 ,
1462 1292 1516 1324 etsi
1535 1303 1598 1324 non
1617 1294 1788 1332 directam,
1806 1301 1910 1325 tamen
1928 1303 1961 1325 u·

1081 1333 1190 1372 tilem;
1213 1333 1346 1374 perinde
1371 1343 1408 1364 ac
1434 1333 1454 1365 si
1479 1333 1528 1365 sua
1554 1334 1668 1375 sponte
1691 1337 1730 1367 ad
1753 1337 1961 1376 negotiorum

1080 1384 1224 1407 meorum
1243 1374 1420 1416 gestionem
1439 1375 1654 1414 perrexissent.
1683 1377 1724 1407 ita
1743 1377 1839 1408 hodie
1856 1375 1960 1408 solum

1082 1416 1291 1448 desideramus
1311 1418 1340 1447 in
1358 1417 1418 1447 hac
1429 1417 1574 1455 actione,
1593 1419 1703 1457 utique
1714 1419 1800 1456 utili;
1817 1425 1851 1448 ut
1868 1419 1892 1448 is
1906 1418 1961 1457 qui

1081 1459 1188 1499 gestit,
1209 1459 1323 1488 habeat
1342 1457 1489 1490 affectum
1506 1460 1628 1500 negotii
1644 1460 1704 1491 mei
1715 1460 1868 1500 gerendi3
1885 1459 1913 1490 δι
1925 1458 1962 1490 sit

1081 1500 1149 1531 talis
1169 1509 1261 1539 quem
1282 1499 1358 1530 mihi
1378 1500 1521 1540 obligare
1542 1500 1663 1540 poffim.
1703 1500 1755 1532 Ne
1773 1501 1961 1541 exemplum

1081 1540 1177 1579 desit,
1197 1541 1338 1572 adferam
1356 1540 1488 1578 sequens
1505 1551 1544 1572 ex
1562 1541 1579 1572 l.
1598 1547 1626 1572 o.
1644 1542 1672 1582 §.
1687 1552 1717 1582 5.
1735 1542 1776 1572 D.
1797 1542 1824 1572 h.
1845 1550 1865 1572 τ.
1897 1542 1962 1572 Ali-

1084 1592 1154 1622 quis
1170 1590 1283 1621 putans
1295 1605 1304 1620 ,
1329 1582 1358 1612 se
1373 1581 1434 1613 ess'e
1458 1592 1563 1614 meum
1580 1582 1721 1620 servum,
1747 1592 1819 1614 cnm
1835 1582 1912 1614 esl'et
1928 1583 1968 1614 n·-

1085 1624 1192 1654 bertus
1211 1625 1261 1654 vel
1280 1624 1454 1664 ingenuus,
1479 1633 1548 1654 mea
1564 1625 1654 1665 gessit
1672 1625 1812 1666 negotia.
1837 1624 1964 1655 dubita-

1086 1673 1153 1703 tur,
1179 1674 1217 1696 an
1236 1675 1262 1695 ei
1282 1666 1384 1696 danda
1405 1665 1439 1696 sit
1455 1665 1538 1696 aeno
1557 1666 1760 1706 negotiorum
1777 1664 1963 1707 gestorum:

1086 1707 1158 1747 quia
1173 1706 1299 1737 aCCCfflt
1316 1707 1353 1737 ad
1373 1716 1441 1737 mea
1459 1707 1606 1748 negotia,
1624 1717 1689 1739 non
1708 1716 1868 1748 tamquam
1886 1708 1968 1739 ami-

1086 1758 1141 1780 cus
1160 1749 1244 1779 ultro
1262 1750 1288 1779 ck
1309 1748 1421 1788 sponte
1439 1758 1477 1780 ex
1499 1748 1608 1780 officio
1621 1751 1788 1788 amicitiae,
1805 1757 1838 1780 ut
1858 1750 1966 1789 postu·

1087 1791 1129 1821 lat
1145 1795 1234 1821 caula
1252 1791 1280 1821 ἃ
1298 1791 1390 1831 origo
1407 1791 1543 1821 inventae
1563 1790 1652 1831 hujus
1672 1791 1895 1832 obligationis:
1911 1790 1964 1823 sed

1087 1833 1126 1863 ad
1143 1841 1179 1862 ca
1203 1832 1290 1862 venit
1308 1840 1468 1871 tamquam
1486 1833 1545 1863 sci-x
1555 1842 1589 1863 us
1605 1834 1643 1864 ad
1668 1833 1788 1864 domini
1815 1833 1966 1874 negotia,

1086 1882 1194 1905 motus
1211 1872 1313 1904 servili
1331 1874 1532 1912 necesiitatc3
1548 1876 1584 1905 ad
1602 1883 1697 1915 quam
1716 1875 1797 1906 ratio
1809 1874 1837 1906 &
1856 1881 1971 1906 natura*

1088 1916 1178 1951 liuius
1197 1915 1406 1956 obligationis
1422 1925 1486 1947 non
1506 1916 1655 1956 pertinet.
1686 1924 1775 1957 putat
1794 1924 1899 1947 tamen
1915 1915 1967 1955 Ju-

1088 1958 1189 1988 lianus
1207 1957 1233 1987 d.
1250 1957 1268 1987 l.
1287 1960 1315 1987 6.
1336 1957 1401 1998 §.5
1414 1981 1423 1996 ,
1447 1958 1608 1997 utrimque
1634 1958 1768 1989 dandam
1787 1957 1848 1989 esse
1866 1965 1966 1997 nego·

1089 2000 1206 2030 tiorum
1230 1997 1392 2039 gestorum
1418 1999 1595 2030 actionem:
1619 1997 1759 2036 scilicet,
1788 2001 1859 2039 quia
1882 1999 1912 2029 in
1931 2007 1966 2029 re

1090 2050 1159 2080 quse
1180 2042 1278 2081 magis
1304 2049 1343 2071 ex
1365 2040 1455 2082 gesto
1478 2041 1619 2079 constat,
1644 2049 1738 2080 quam
1763 2049 1801 2071 ex
1824 2048 1969 2070 conven-

1090 2085 1198 2120 tione,
1223 2084 1291 2122 plus
1309 2082 1394 2112 valet
1411 2083 1499 2121 quod
1516 2082 1545 2112 in
1564 2082 1608 2113 rei
1628 2082 1762 2113 veritate
1779 2080 1843 2118 est,
1870 2090 1966 2120 quam

1091 2125 1180 2164 quod
1197 2123 1229 2154 in
1242 2123 1396 2163 opinione
1413 2123 1467 2154 cst.
1493 2123 1607 2155 Paulus
1623 2123 1640 2154 l.
1665 2133 1709 2160 ¹9·
1728 2123 1756 2164 §.
1777 2133 1805 2154 2.
1824 2122 1859 2156 δ’
1875 2123 1895 2154 l.
1915 2125 1973 2163 36.-

1090 2166 1117 2196 h.
1131 2171 1151 2196 t.
1173 2165 1271 2203 dicit,
1289 2167 1376 2204 quod
1396 2165 1420 2196 is
1435 2165 1532 2196 habet
1548 2164 1752 2197 affectionem
1771 2164 1902 2205 gerendi
1915 2173 1970 2194 ne-

1089 2206 1169 2248 gotii
1189 2207 1270 2244 mei,
1294 2206 1324 2237 &
1339 2205 1401 2237 fuit
1420 2215 1514 2247 quem
1532 2206 1674 2247 obligare
1692 2205 1827 2246 possum.
1874 2204 1968 2236 Aliud

1089 2248 1273 2288 exemplum
1290 2247 1320 2278 in
1338 2247 1357 2279 l.
1369 2259 1398 2288 3.
1418 2247 1483 2289 §.5
1503 2249 1531 2281 b.
1549 2255 1570 2279 t.
1591 2248 1636 2279 est
1653 2249 1683 2279 in
1703 2256 1851 2278 curatore
1866 2246 1970 2278 furio-

1088 2289 1128 2328 fi,
1152 2288 1252 2328 ipsum
1268 2289 1386 2321 clarum
1402 2290 1432 2320 ὅ(
1452 2299 1598 2329 certum3
1623 2290 1763 2329 ideoque
1779 2298 1843 2320 non
1865 2297 1970 2328 opus,

1089 2331 1253 2371 explicari.
1272 2338 1393 2362 tantum
1412 2332 1575 2371 monebo;
1593 2332 1681 2372 quod
1701 2330 1815 2361 vocula
1831 2331 1972 2361 autemin

1089 2375 1116 2404 d.
1133 2373 1160 2414 §.
1178 2372 1309 2404 sumitur
1326 2382 1384 2413 pro
1400 2374 1504 2408 etiam
1523 2380 1557 2404 ut
1577 2373 1649 2404 alibi
1667 2371 1787 2410 saepius.
1812 2378 1969 2412 praeterea

1091 2415 1224 2452 addam;
1240 2415 1327 2454 quod
1344 2414 1427 2445 actio
1439 2417 1645 2454 negotiorum
1661 2412 1820 2454 gestorum
1837 2410 1974 2452 cujusfit

1091 2457 1133 2488 ibi
1153 2456 1292 2491 menti0.
1314 2464 1378 2486 non
1397 2455 1440 2487 est
1459 2457 1534 2494 alia,
1556 2464 1650 2495 quam
1667 2455 1771 2485 utilis:
1796 2452 1973 2485 monstran-

1093 2508 1126 2529 te
1144 2498 1162 2528 ἰ.
1184 2507 1228 2537 17.
1249 2497 1281 2527 C.
1301 2497 1328 2528 h.
1348 2504 1368 2527 c.
1388 2496 1530 2536 Recepta
1549 2497 1646 2537 igitur
1662 2495 1746 2533 at'tio
1763 2495 1971 2536 negotiorum

1092 2538 1271 2581 gestorum,
1288 2537 1350 2569 five
1367 2539 1435 2578 quis
1452 2540 1490 2569 ad
1506 2538 1641 2569 absentis
1659 2537 1711 2569 vel
1728 2537 1903 2577 ignorantis
1919 2544 1974 2567 ne==

1094 2581 1183 2623 gotia
1201 2581 1285 2611 ultro
1307 2581 1394 2610 venit
1413 2589 1453 2611 ex
1479 2579 1590 2610 officio
1608 2578 1776 2617 amicitiae,
1800 2577 1862 2609 five
1877 2577 1916 2608 ad
1934 2586 1974 2608 ea

1096 2630 1184 2653 venit
1210 2631 1250 2652 ex
1278 2621 1462 2652 neceffitate
1485 2620 1538 2652 vel
1563 2620 1755 2652 necessitatis
1773 2618 1972 2660 suspicione:

1095 2665 1224 2704 utique,
1250 2662 1270 2694 si
1295 2671 1360 2694 non
1386 2663 1529 2693 inveniat
1553 2662 1644 2693 aliam
1660 2661 1829 2692 astionem.
1862 2669 1934 2692 nam
1950 2658 1975 2691 si

1097 2714 1189 2747 quam
1208 2705 1339 2743 habeat,
1363 2713 1428 2735 non
1443 2704 1546 2735 dicam
1565 2703 1691 2742 tutelae,
1716 2703 1768 2734 sed
1784 2701 1911 2734 familiae
1927 2711 1975 2732 er·

1096 2747 1271 2785 ciscundae‚
1294 2753 1348 2777 aut
1370 2746 1536 2777 communi
1554 2744 1754 2782 dividund03
1776 2743 1873 2775 cessat
1889 2742 1981 2774 afflo

1097 2789 1302 2830 negotiorum
1327 2787 1507 2828 gestorum:
1531 2794 1565 2818 ut
1590 2786 1645 2817 sub
1671 2786 1732 2818 illis
1748 2784 1870 2817 Titulis
1887 2785 1974 2816 dice-

1099 2840 1159 2862 tur.
1204 2828 1341 2860 Obstant
1360 2837 1466 2861 tamen
1486 2829 1539 2860 hic
1559 2828 1742 2868 complures
1761 2828 1867 2868 leges,
1890 2826 1975 2857 inter

1098 2881 1174 2912 quas
1191 2871 1209 2902 l.
1221 2881 1250 2912 3.
1271 2871 1303 2902 C.
1320 2870 1348 2901 h.
1366 2877 1386 2902 t.
1412 2870 1474 2902 Sed
1489 2870 1571 2901 hanc
1583 2870 1611 2901 ὅ(
1628 2877 1759 2900 caeteras
1771 2869 1899 2909 egregie
1911 2867 1975 2907 Jam

1097 2913 1226 2955 pacavit
1261 2910 1425 2945 Dominus
1456 2912 1591 2944 Vinnius
1618 2911 1667 2943 lib.
1696 2919 1721 2942 1.
1751 2909 1852 2941 Seleft.
1875 2905 1976 2950 quoest.

1097 2966 1122 2987 c.
1182 2979 1189 2986 .

1139 2965 1290 3036 ggquirur
1306 2995 1336 3027 in
1353 2993 1487 3026 Edicto:
1508 2994 1577 3025 Sive
1591 2994 1657 3035 quis
1671 2993 1785 3034 negotia
1800 3001 1862 3033 quae
1878 2990 1977 3031 cujusa

1098 3048 1171 3081 que,
1198 3048 1262 3068 cum
1286 3038 1312 3068 is
1330 3038 1471 3073 moritur,
1492 3036 1626 3075 fuerint,
1647 3035 1770 3076 geſjkric.
1816 3032 1865 3063 Ad
1891 3031 1973 3060 hanc:

1100 3088 1222 3121 partem
1238 3079 1280 3110 sic
1296 3078 1404 3109 scribit
1420 3076 1575 3118 Ulpianus
1586 3076 1642 3117 l.3.
1661 3076 1688 3117 §.
1698 3079 1728 3106 6.
1737 3075 1763 3104 b.
1780 3079 1800 3103 t.
1821 3071 1893 3116 Hcec
1908 3079 1974 3101 ver-

1099 3125 1153 3159 ba,
1171 3121 1244 3152 Sive
1256 3121 1325 3161 quis
1342 3119 1491 3160 megetia,
1509 3128 1579 3158 quce
1598 3118 1766 3159 cujusque,
1782 3121 1890 3144 cumis
1906 3121 1975 3144 mo⁶

1099 3164 1198 3202 ritus,
1222 3162 1368 3199 fuerint,
1393 3159 1537 3201 gesserit,
1554 3157 1726 3202 fignificant
1749 3154 1822 3198 illuc}
1845 3160 1978 3194 tempus,

1098 3215 1153 3247 quo
1178 3206 1244 3246 quis
1264 3201 1327 3245 post
1349 3207 1464 3239 mortem
1487 3201 1611 3241 alicujus
1626 3201 1737 3239 negotia
1750 3193 1849 3237 geffit:
1871 3197 1980 3276 (1εῆῒέ
