2052 3487
335 101 412 137 De
462 97 768 134 FotNoRe
816 107 885 133 ετ

32 189 72 225 D.
82 192 113 222 (le
122 188 344 234 negotiisgeflis,
355 186 570 227 cumfirnilibm5
581 186 747 227 probabile
759 187 835 219 mihi
845 186 892 226 fit,

27 243 96 265 eam
112 234 149 264 ad
165 232 357 273 fidejtiffores
370 229 542 271 respicere:
566 230 605 259 de
622 229 736 274 quibus
751 239 791 260 eo
809 229 891 261 libro

26 284 90 316 egit
102 273 263 315 Ulpianus.
280 271 371 315 poflit
383 279 484 303 autem
503 270 608 301 thema
618 276 682 311 peti
693 277 734 301 ex
750 271 890 311 emptio-

26 326 66 347 ne
85 316 113 347 ot
132 317 326 347 venditione.
347 315 378 345 in
397 321 456 353 qua
470 319 542 343 cum
563 309 771 350 fideiuss'orem
783 320 843 351 pro
860 321 890 343 e·

25 357 168 389 vilitione
180 358 242 388 dari
253 353 412 397 placuiss‘et
424 352 473 384 vel
484 352 698 391 stipulatione,
711 353 760 383 vel
773 353 866 393 patto
876 375 887 392 ‚

26 400 180 437 emptioni
205 401 234 429 in
258 394 435 429 continenti
458 393 604 433 adJ'etto:
627 393 688 434 <ut
712 392 781 424 fere
804 395 888 434 apud

27 439 229 480 Papinianum
253 441 330 478 l.72.
354 436 395 467 D.
418 437 450 466 de
466 435 658 465 contrahenda
675 436 831 475 emptione,
857 435 887 466 δε

26 479 196 520 Ulpianum
212 481 231 511 l.
251 489 298 521 37.
312 478 342 509 D
364 478 396 508 de
410 475 617 515 evibtionihus)
634 475 760 506 videtur
781 476 887 516 quaefi-

27 530 95 553 tum
106 521 166 553 esse
175 545 184 560 ,
193 522 229 553 ad
239 521 310 562 quid
321 516 527 558 fidejussorem
545 517 675 558 obligari
687 519 888 550 conveniret.

25 564 57 594 in
75 573 110 594 ea
126 572 229 594 autem
247 559 416 602 quaestione
433 559 568 598 primum
584 559 627 589 ait
646 557 799 598 Ulpianus
818 561 846 590 d.
869 558 888 590 l.

25 613 85 643 ⁶⁹34,
109 602 228 644 semper
249 600 554 641 in-stipulationibus
577 600 605 630 δι
621 600 746 631 caeteris
765 608 889 631 contra-

24 638 127 676 ‘tubus
145 645 332 684 sequendum
343 640 403 673 effe
419 641 505 681 quod
523 640 626 673 aetum
643 640 688 672 fit.
713 641 888 673 veriffime:

26 694 121 725 atque
144 688 236 723 ideo,
260 682 480 717 fi<vendendo
503 682 605 714 netum
629 682 665 713 iit
683 706 693 722 ,
725 690 759 713 ut
781 682 891 724 simpla

25 731 251 767 promittatur,
282 735 319 756 ex
341 730 451 765 empto
476 724 524 764 agi
550 723 678 763 potest:
703 725 798 756 etiam
816 747 826 763 ,
856 731 891 755 ut

26 769 152 799 latisdet
167 768 218 807 qui
240 767 363 806 duplam
388 765 561 806 promittit,
590 766 709 804 modo,
727 765 748 796 fi
764 766 794 797 id
812 774 889 806 quo-

27 818 88 849 que
113 808 299 840 convenerit
320 807 340 838 1.
357 811 407 848 56.
426 805 468 837 D.
491 808 525 836 de
538 805 739 838 evictionibus.
757 808 784 837 d.
801 806 820 837 l.
836 816 886 848 37.

27 852 86 887 ide
96 861 159 891 quo
175 849 353 891 diligentius
367 849 405 879 ad
419 846 549 879 Titulum
568 847 607 878 D.
624 849 657 878 de
674 847 890 887 evictionibus.)

28 892 132 934 Quid,
156 890 176 923 si
200 900 263 923 non
288 897 454 931 appareat,
478 889 553 929 quid
575 888 678 921 astum
704 888 767 921 fit?
791 898 890 929 porro

29 943 71 964 ait
100 932 249 974 Ulpianus
262 933 291 963 d.
310 931 329 962 l.
345 940 383 971 34
396 954 405 969 ,
427 929 621 971 sequendum
646 929 728 969 effe,
752 932 840 971 quod
859 931 888 961 in

30 975 160 1016 regione
175 975 205 1006 in
224 982 284 1015 qua
297 973 398 1004 aetum
416 971 479 1011 est,
502 970 734 1012 frequentatur.
759 981 820 1004 nec
835 971 888 1002 ali-

29 1025 76 1047 ter
98 1015 194 1056 Gaius
216 1015 234 1046 l.
265 1018 292 1046 6,
324 1013 366 1045 D.
391 1015 423 1045 de
450 1012 646 1044 eviltionibus.
672 1013 767 1044 verba
791 1012 862 1053 Gaji
879 1035 889 1050 ,

30 1060 61 1088 Si
73 1058 188 1097 fundus
203 1056 343 1094 venierit,
365 1064 399 1087 ex
421 1055 618 1092 consuetudine
644 1055 704 1096 ejus
721 1056 839 1096 regionis
859 1056 890 1085 in

32 1109 85 1139 quo
96 1099 238 1140 negotium
250 1095 358 1139 gestum
373 1094 410 1137 est
420 1120 428 1135 ,
436 1102 485 1137 pro
502 1095 639 1127 evictione
655 1098 753 1126 caveri
770 1101 888 1135 oportet.

32 1140 83 1171 led
101 1139 129 1171 ἃ
146 1139 208 1178 ipse
225 1137 374 1179 Ulpianus
392 1138 410 1168 l.
434 1147 483 1178 31.
505 1136 533 1178 §.
554 1146 601 1169 20.
626 1138 659 1168 de
678 1137 814 1168 Aedilitio
832 1138 888 1167 edi-

33 1181 92 1219 tio,
117 1180 214 1223 Quia,
235 1180 355 1219 inquit,
376 1177 484 1219 affidua
499 1176 537 1219 est
552 1179 641 1219 duplae
651 1177 821 1219 stipulatio,
845 1178 888 1208 id-

33 1226 105 1253 circo
124 1222 232 1261 placuit
253 1223 336 1252 etiam
359 1229 395 1251 ex
423 1227 510 1260 empto
534 1221 582 1261 agi
604 1219 676 1260 poffe
696 1243 705 1258 ,
722 1218 751 1257 fi
775 1220 890 1260 duplam

34 1264 164 1294 venditor
184 1262 316 1302 mancipii
335 1267 390 1292 non
407 1266 524 1292 caveat.-
539 1271 571 1292 ea
586 1262 732 1302 euimquae
747 1261 815 1297 sient
833 1270 889 1291 mo-

35 1307 74 1335 ris
90 1304 126 1338 ὅ)
139 1303 361 1343 consuetudinis,
380 1305 409 1333 in
424 1303 497 1333 bonae
508 1301 580 1342 fidei
590 1303 713 1344 judiciis
729 1304 826 1333 debent
842 1311 889 1332 ve-

34 1346 104 1376 nire.
143 1344 228 1385 Quid
251 1351 345 1384 erg0,
373 1343 391 1374 si
416 1351 519 1384 neque
543 1345 683 1384 regionis
709 1353 778 1374 mos
797 1352 891 1383 appa·

33 1393 118 1424 reat,
141 1386 212 1425 quia
234 1386 335 1415 varius
360 1383 420 1415 fuit
436 1384 452 1416 ἶ)
482 1384 644 1425 postremo
669 1385 712 1416 ait
736 1384 891 1425 Ulpianus

32 1429 58 1457 d.
76 1426 93 1457 l.
110 1436 167 1467 34,
189 1426 225 1457 ad
250 1426 281 1457 id
305 1428 391 1466 quod
408 1426 571 1458 minimum
598 1426 662 1465 est,
685 1426 891 1467 redigendam

29 1467 187 1498 summam.
211 1467 326 1508 igitur,
347 1476 415 1507 quae
431 1466 574 1506 Javoleni
595 1467 749 1498 sententia
768 1467 893 1499 videtur

30 1509 48 1540 1.
61 1513 110 1540 60.
127 1508 162 1539 D.
176 1510 208 1539 cie
216 1508 536 1547 evictionibus,ialtem
551 1508 657 1549 simpla
674 1509 890 1547 promittetur.

68 1549 130 1581 Sed
147 1550 411 1590 quemadmodum
430 1558 466 1580 ea
489 1548 613 1590 Ulpiani
631 1549 775 1581 definitio
796 1549 828 1581 in
849 1549 892 1580 su-

28 1592 154 1631 periore
175 1591 320 1631 procedit
336 1591 456 1630 specie:
479 1593 522 1622 ita
539 1592 578 1622 ad
594 1590 695 1623 usuras
718 1590 893 1632 stipulatio·

27 1642 70 1664 ne
87 1630 149 1664 line
173 1631 370 1673 expreffione
394 1633 576 1673 quantitatis
595 1631 757 1673 promissas
769 1656 778 1672 ,
795 1632 893 1670 porri-

29 1673 130 1714 genda
146 1682 209 1704 non
226 1673 282 1705 est.
307 1674 346 1704 de
364 1672 412 1705 his
427 1675 511 1705 enim
529 1682 592 1705 non
614 1674 770 1715 cogitavit
788 1672 895 1714 Ulpia-

27 1724 98 1746 nus.
115 1714 145 1745 ὅ(
160 1722 271 1745 contra
290 1713 508 1753 Modestinus,
521 1715 653 1754 amplius
670 1716 765 1746 etiam
783 1713 893 1755 Ulpia·

29 1766 88 1787 nus
105 1779 114 1792 ‚
144 1755 317 1796 respondit.
341 1755 485 1786 intererit
504 1778 513 1793 ,
541 1756 704 1796 utriusque
729 1756 825 1787 verba
846 1765 894 1787 re·

30 1795 174 1827 censere:
198 1797 290 1836 quia,
313 1802 348 1826 ut
365 1796 442 1827 mibi
458 1797 599 1835 videtur,
617 1798 795 1828 decretoria
813 1797 893 1828 sunt.

30 1837 83 1868 sed
98 1839 233 1876 primum
258 1836 431 1868 Modestini
455 1837 552 1867 verba
565 1836 747 1868 adscribam.
772 1847 807 1869 ea
824 1847 894 1868 ver-

31 1879 72 1909 ba
87 1877 156 1908 sunt
172 1887 211 1909 ex
228 1877 246 1908 l.
269 1886 320 1916 41.
342 1876 371 1918 §.
395 1887 422 1909 2.
449 1875 491 1908 D.
516 1878 550 1908 de
571 1877 675 1918 usuris.
700 1878 794 1917 Gaius
813 1879 896 1920 Sejus

31 1925 165 1950 mutuam
173 1921 318 1959 quandam
330 1919 518 1959 quantitatem
529 1920 635 1959 accepit
644 1919 694 1950 hoc
702 1920 896 1960 chirographo.

30 1960 90 1992 Jlle
109 1959 241 2001 scripsit,
265 1969 315 1991 me
332 1958 503 1999 accepisse,
528 1959 559 1991 &
575 1961 683 2001 accepi
700 1960 739 1990 ab
756 1960 811 1992 illo
829 1969 897 1991 mu·

31 2009 107 2032 tuos
129 2001 157 2032 ἃ
182 2007 364 2033 numeratos
392 2001 522 2032 decem:
546 2010 626 2041 quos
647 2004 675 2032 ei
692 2001 821 2033 reddam
838 2000 897 2032 Ka·-

31 2042 132 2074 lendis
149 2042 207 2074 illis
224 2042 374 2082 proximis
392 2050 462 2072 cum
489 2041 546 2073 suis
562 2041 659 2073 usuris
676 2042 798 2082 placitis
815 2043 898 2074 inter

32 2093 102 2114 nos.
127 2082 249 2125 Quieto,
272 2092 310 2113 an
326 2092 362 2113 ex
376 2092 403 2114 eo
414 2081 598 2123 instrumento
615 2082 897 2124 ulurcapetipoffint,

35 2124 72 2159 δ’
88 2124 175 2166 quae?
199 2121 377 2164 Modestinus
394 2125 551 2164 respondit,
567 2123 596 2162 fi
611 2133 668 2155 non
684 2131 840 2164 appareat,
864 2126 898 2155 de

35 2167 136 2207 quibus
150 2167 245 2203 usuris
266 2165 413 2196 conventio
420 2164 508 2205 fabia
516 2163 557 2202 sit
569 2187 579 2203 ,
599 2167 659 2205 petz·
674 2174 721 2196 eas
734 2175 791 2196 non
810 2165 894 2207 poffc.

33 2206 181 2238 Formula
196 2207 419 2239 conventionis
437 2205 565 2247 praefert
575 2206 812 2246 promiiliouem
830 2216 897 2238 cre-

34 2248 110 2279 'ditae
135 2247 314 2288 quantitatis
335 2248 472 2288 cuiusuis
488 2249 584 2284 usuris
603 2248 720 2289 placitis
743 2249 818 2278 inter
834 2258 895 2280 nos.

37 2298 84 2319 eae
106 2288 203 2320 usurae
227 2287 294 2320 sunt
312 2312 322 2327 ‚
352 2288 411 2319 suae
435 2289 565 2320 creditae
587 2289 754 2329 quantitati
778 2298 819 2321 ex
842 2299 897 2320 no·-

37 2329 120 2369 stro,
143 2331 196 2369 qui
212 2331 447 2369 contraximus,
470 2331 608 2370 placit03
631 2330 714 2368 five,
737 2330 806 2362 sunt
829 2330 896 2362 usu·

37 2380 79 2402 1·ae
97 2394 107 2409 ,
136 2378 251 2402 mutate
273 2370 301 2402 ὅ(
325 2378 495 2402 numeratae
529 2370 672 2412 pecuniae
702 2371 840 2412 propriae
861 2381 898 2403 ac

37 2419 259 2452 competentes
281 2421 321 2443 eo
338 2435 347 2450 ‚
370 2412 455 2453 qnod
482 2414 564 2444 inter
587 2423 646 2444 nos
670 2422 727 2453 pro
751 2413 817 2453 ejus
843 2412 898 2445 usu

38 2454 181 2492 placitae,
203 2452 267 2484 five
292 2461 480 2492 conventae,
504 2452 582 2485 sunt.
608 2464 676 2495 quae
696 2453 898 2492 usurae,'fine

38 2493 100 2525 fine
115 2494 257 2535 placitae‚
280 2494 300 2525 fi
316 2495 380 2535 peti
397 2503 577 2535 nequeunt,
601 2496 728 2527 auctore
745 2494 900 2527 Modesti·-

40 2544 102 2574 no;
124 2535 289 2575 probatum
315 2535 380 2574 cst,
404 2536 505 2568 usuras
529 2535 683 2575 infinitas,
707 2537 737 2567 in
759 2546 899 2569 conven-

42 2576 159 2607 tionem
186 2577 353 2616 deductas,
377 2586 442 2610 non
466 2588 506 2610 ex
532 2587 619 2610 more
643 2578 783 2620 regionis
800 2578 899 2619 finiri,

43 2616 94 2648 sed
109 2617 204 2650 nullas
219 2618 338 2650 deberi.

746 2733 909 2776 Canu

934 97 1196 135 UsuRis.
1248 98 1462 136 L113.lll.

976 187 1019 218 At
1042 188 1129 228 quod
1148 186 1353 227 Modestino,
1377 188 1441 220 hoc
1464 188 1495 220 ἃς
1521 186 1681 230 Ulpiano,
1703 186 1804 220 visum

933 228 953 260 1.
974 238 1025 269 31.
1051 228 1094 260 D.
1121 231 1178 260 eod.
1202 231 1248 260 tit.
1274 238 1346 261 cum
1369 229 1411 261 sic
1431 229 1560 269 scribit,
1592 228 1680 274 Quod
1703 230 1734 260 in
1747 227 1804 269 fli-

928 271 1076 312 putatione
1092 269 1136 308 fic
1152 271 1297 312 adjectum
1318 269 1375 312 efl,
1399 271 1428 302 ἂ
1454 270 1557 304 usuras
1578 270 1600 303 fi
1624 280 1696 312 quae
1711 279 1801 302 com-

932 311 1103 351 petierint,
1121 311 1231 343 nullius
1246 311 1296 352 effe
1314 312 1466 351 momenti,
1475 311 1504 349 fi
1518 314 1616 344 modus
1631 318 1727 343 certus
1744 319 1802 343 nort

931 352 1102 395 adjiciatur.
1150 353 1246 384 Certa
1279 351 1406 394 Ulpiani
1435 355 1517 385 ratio
1541 353 1596 385 est.
1640 351 1707 386 Nili
1736 353 1802 395 agit

932 395 972 425 de
988 393 1103 433 usuris,
1126 403 1191 425 non
1207 393 1343 433 futuris,
1367 394 1418 426 sed
1434 395 1614 434 praeteritis.
1658 394 1720 426 Sed
1735 395 1801 426 hoc

930 444 972 467 ne
986 435 1114 467 dixeris.
1139 445 1210 476 quae
1228 436 1313 467 enim
1333 436 1498 467 neceffitas
1512 437 1622 476 jubet,
1647 446 1683 468 ea
1702 436 1800 467 verba

932 477 973 508 de
994 476 1180 517 pratentis,
1205 477 1234 508 δι
1259 486 1323 508 non
1346 477 1479 516 futuris,
1507 476 1603 510 usuris
1629 477 1800 510 exaudiri?

932 518 998 549 imo
1015 518 1091 558 quid
1107 518 1219 558 nieJus
1239 517 1466 558 stipulationis,
1490 517 1527 552 ὃ)
1549 520 1677 559 usuras,
1693 517 1722 556 fi
1738 528 1801 560 quae

932 561 1125 600 competierint
1144 583 1153 599 ,
1186 558 1288 591 sensus
1311 558 1346 591 fit
1363 582 1372 599 ,
1402 558 1438 594 ὃ*
1455 560 1559 599 usuras
1582 570 1644 602 quae
1665 570 1702 592 ex
1722 570 1803 591 mora

933 602 1044 632 creditae
1065 602 1194 642 pecuniae
1219 600 1409 641 competent?
1438 608 1535 640 atque
1561 602 1603 632 ita
1633 600 1741 634 Graeci
1767 610 1805 633 ea

933 643 1030 673 verba
1052 649 1248 684 acceperunt
1264 665 1274 682 ,
1298 640 1412 679 Bafilic.
1428 641 1476 673 lib.
1494 651 1544 681 23.
1571 644 1617 673 tit.
1636 653 1665 684 3.
1689 649 1755 674 tom.
1772 652 1804 683 3.

927 690 997 724 pag.
1021 692 1092 722 441.
1136 684 1247 715 Scholio
1275 683 1319 714 lit.
1343 683 1384 715 A.
1410 683 1506 714 verba
1526 683 1641 715 Scholii.
1686 685 1801 726 Siquis

932 725 975 755 ita
987 722 1152 764 stipulatus
1169 724 1229 762 fit,
1250 725 1371 765 spondes
1386 731 1412 755 te
1435 725 1506 755 mihi
1523 726 1706 757 redditurum
1717 733 1805 767 pecu-

932 768 1011 796 niam
1027 768 1078 796 tibi
1094 777 1111 796 a
1128 775 1170 797 me
1184 767 1322 797 creditam
1339 766 1375 801 ξῦν
1394 770 1495 803 usuras
1513 766 1714 806 competentes:
1736 768 1805 798 inu-

932 807 1023 837 tiliter
1037 805 1178 848 stipulari
1193 809 1330 846 videtur,
1348 805 1377 846 fi
1398 806 1547 846 indefinite
1570 816 1616 838 eas
1633 805 1806 849 stipuletur.

932 850 1066 879 debuerat
1083 850 1159 880 enim
1176 854 1283 880 certum
1306 850 1422 880 modum
1439 851 1479 879 eis
1504 850 1645 889 imponere
1662 873 1671 887 ‚
1693 848 1730 884 ὃ)
1754 858 1806 880 ex·

930 892 1051 930 primere
1077 891 1251 931 quadrantes
1275 896 1329 921 aut
1346 890 1477 931 senzzffes.
1508 889 1550 921 sic
1573 889 1689 921 Graeci.
1716 890 1805 931 quod

932 930 952 963 fi
973 932 1101 971 placet:
1126 933 1229 962 dicam
1250 932 1444 972 corripetierint
1459 932 1490 962 in
1509 930 1638 972 Ulpiani
1663 931 1806 963 themate

932 973 1034 1011 accipi
1052 982 1109 1011 pro
1125 978 1297 1014 competent.-
1316 972 1426 1004 usitata
1442 972 1595 1011 temporis
1611 973 1803 1005 mutatione.

933 1023 1026 1054 quam
1049 1013 1178 1044 Servius
1193 1013 1339 1045 observat
1355 1015 1385 1046 in
1402 1014 1458 1046 illo
1483 1013 1609 1056 Virgilii
1624 1015 1673 1046 lib.
1692 1025 1722 1056 4.
1749 1014 1806 1046 AE-

932 1056 1008 1086 naid.
1035 1056 1109 1094 vers.
1132 1063 1203 1095 590.

971 1114 1024 1119 —-
1045 1114 1098 1119 —
1120 1114 1172 1119 ——
1195 1095 1277 1126 Proh
1291 1095 1412 1137 Jupiter
1427 1120 1437 1134 .,
1460 1096 1514 1128 ibit

974 1137 1053 1176 Hic,
1076 1137 1138 1177 ait,
1162 1136 1199 1172 69⁹
1217 1134 1320 1177 nostris
1336 1137 1455 1177 illuserit
1472 1139 1586 1169 advena
1602 1139 1709 1179 regnis.

931 1179 1060 1210 Servius
1077 1179 1115 1210 ad
1132 1179 1249 1217 verba,
1273 1179 1324 1209 ibit
1341 1178 1376 1213 &
1391 1179 1530 1220 illuserit,
1552 1178 1594 1210 fic
1616 1186 1708 1211 notat
1721 1201 1730 1218 ,
1753 1179 1806 1210 ibit

933 1219 970 1255 55⁹
992 1220 1115 1260 illudet,
1140 1226 1249 1261 tempus
1261 1225 1315 1260 pro
1332 1225 1461 1261 tempore.
1487 1219 1639 1253 Similiter
1654 1221 1738 1262 apud
1754 1220 1767 1261 J
1773 1230 1807 1252 u-

933 1263 1078 1293 venalem
1092 1284 1101 1299 ,
1117 1263 1180 1302 sat.
1197 1272 1226 1302 3.
1250 1261 1324 1297 vers}
1345 1266 1393 1302 78.

950 1320 955 1325 =
973 1303 1124 1334 Graeculus
1140 1304 1262 1339 esuriens
1278 1306 1310 1333 in
1325 1302 1426 1334 caelum
1437 1325 1446 1341 ,
1463 1301 1597 1344 jufferis‚
1621 1305 1685 1335 ibit.

934 1345 1022 1385 quod
1047 1343 1111 1382 est,
1134 1343 1154 1375 si
1172 1343 1314 1382 'ubebis,
1339 1344 1407 1375 ibit.
1452 1343 1530 1376 Non
1556 1345 1652 1385 igitur
1669 1345 1709 1377 de
1727 1352 1808 1385 prae-

935 1386 1035 1417 teritis
1054 1384 1151 1416 usuris
1197 1385 1335 1424 lpianum
1352 1384 1529 1426 intelliges3
1555 1385 1608 1418 sed
1624 1387 1664 1418 de
1680 1385 1808 1418 futuris.

935 1427 1158 1469 Quamquam,
1182 1426 1203 1458 fi
1220 1426 1350 1465 demus,
1373 1436 1446 1458 eum
1461 1428 1499 1458 ad
1517 1428 1694 1468 praeteritas
1711 1427 1808 1468 respi-

935 1478 1026 1500 cere:
1044 1476 1151 1500 tamen
1171 1468 1277 1509 quoad
1294 1466 1444 1499 summam
1463 1469 1533 1508 rei,
1550 1468 1629 1501 nihil
1648 1468 1808 1501 effeceris.

936 1509 1061 1550 Utique
1091 1509 1176 1540 enim
1201 1509 1332 1540 testatur
1357 1507 1398 1540 Ul
1425 1509 1513 1540 ianus
1531 1532 1541 1548 ,
1570 1509 1591 1541 fi
1613 1510 1811 1551 stipulationi

935 1561 1000 1583 non
1029 1557 1210 1591 apponatur
1241 1557 1347 1581 certus
1379 1560 1395 1581 u
1414 1559 1537 1591 urarpm
1569 1551 1711 1589 modus,
1744 1560 1811 1584 non

937 1593 1042 1624 valere
1065 1591 1302 1632 stipulationem
1329 1589 1450 1623 scilicet
1465 1591 1479 1630 ,“
1508 1591 1581 1632 quia
1604 1601 1715 1624 verum
1738 1591 1784 1623 est
1798 1614 1810 1631 ,

936 1634 1070 1665 incertas
1087 1632 1193 1665 usuras
1217 1633 1247 1664 in
1266 1632 1502 1672 stipulationem
1519 1631 1649 1664 veniss‘e.
1673 1632 1737 1664 Sed
1753 1632 1809 1664 sal-

936 1685 975 1706 va
998 1684 1048 1706 res
1071 1673 1117 1706 est
1133 1697 1142 1713 ‚
1174 1672 1465 1713 considerantibus,
1497 1675 1529 1706 in
1553 1673 1658 1715 specie
1682 1683 1743 1715 qua
1768 1674 1811 1707 de

937 1717 1077 1757 agimus,
1100 1724 1194 1748 unam
1217 1714 1281 1746 effe
1299 1716 1546 1756 exceptionem:
1570 1724 1665 1755 quam
1691 1717 1724 1748 in
1741 1724 1809 1757 gra-

938 1759 1014 1789 tiam
1039 1757 1289 1798 argentariorum
1314 1755 1394 1788 fecit
1420 1756 1500 1797 Imp.
1526 1755 1715 1796 Justinianus
1743 1756 1809 1788 No-

936 1799 1003 1830 velt.
1025 1802 1092 1839 136.
1115 1807 1140 1829 c.
1156 1808 1187 1838 5.
1205 1806 1278 1829 nam
1296 1797 1317 1829 fi
1332 1798 1388 1837 hi,
1405 1798 1528 1831 credita
1542 1798 1635 1830 alicui
1653 1798 1811 1839 pecunia,

938 1840 1042 1879 usuras
1059 1838 1139 1878 pasti
1156 1837 1234 1876 iint;
1257 1847 1318 1869 nec
1339 1839 1370 1871 in
1387 1839 1534 1880 pactione
1552 1849 1659 1872 earum
1676 1839 1809 1872 modum

939 1878 1163 1920 expresserint:
1188 1879 1291 1910 voluit
1308 1878 1508 1921 Imperator,
1530 1890 1596 1913 nou
1611 1881 1733 1913 idcirco
1750 1880 1809 1912 ste-

938 1921 1028 1952 rilem
1052 1919 1114 1952 effe
1135 1920 1321 1960 pecuniam,
1346 1922 1435 1962 quod
1456 1921 1556 1953 finitae
1581 1932 1646 1954 non
1662 1921 1721 1954 fint
1744 1921 1812 1954 usu-

940 1971 1006 1993 rae:
1037 1961 1089 1993 sed
1116 1961 1249 2002 perinde
1271 1961 1397 2002 haberi,
1422 1963 1504 2002 quasi
1523 1962 1621 1995 usurae
1644 1962 1746 1995 bess'es
1769 1972 1812 1995 ex

939 2012 1029 2034 novo
1049 2003 1298 2044 argentariorum
1311 2003 1380 2043 jure
1406 2004 1436 2035 &
1454 2014 1544 2036 more
1570 2005 1601 2037 in
1619 2004 1812 2036 conventio-

940 2053 1012 2076 nem
1030 2044 1173 2075 deduttae
1189 2043 1257 2076 sint.
1283 2053 1353 2085 quae
1369 2046 1521 2087 exceptio
1545 2055 1610 2078 non
1632 2044 1740 2077 fuisset
1758 2055 1813 2077 ne-

940 2084 1083 2122 cess'aria3
1107 2084 1128 2116 fi
1148 2085 1232 2117 idem
1250 2087 1338 2126 quod
1353 2086 1404 2118 illa
1421 2087 1588 2127 vult‚J'uris
1608 2087 1716 2127 regula
1732 2096 1811 2119 con·

940 2125 1093 2158 stituiss'et.
1118 2136 1204 2158 nunc
1220 2127 1291 2168 quia
1310 2128 1379 2158 haec
1400 2136 1459 2169 pro
1478 2128 1582 2160 inutili
1602 2128 1700 2159 habet
1715 2127 1812 2170 stipu-

940 2169 1093 2200 lationem
1114 2168 1143 2199 in
1161 2177 1222 2209 qua
1240 2168 1395 2209 promiffae
1414 2169 1483 2202 sunt
1501 2168 1598 2201 usurae
1617 2170 1748 2201 incertae
1765 2177 1811 2202 at-

940 2218 1002 2249 que
1025 2208 1175 2248 infinitae,
1201 2210 1323 2241 idcirco
1345 2209 1470 2242 necesse
1493 2209 1555 2242 fuit
1574 2234 1584 2249 ‚
1614 2212 1811 2252 argentarios

939 2251 978 2282 ab
1002 2260 1038 2281 ea
1064 2251 1181 2291 excipi.
1211 2250 1425 2291 ,Imperatoris
1448 2253 1546 2283 verba
1569 2250 1591 2284 fi
1616 2254 1686 2290 quis
1711 2252 1812 2285 conli-

941 2294 1050 2323 derare
1067 2291 1165 2331 velit,
1182 2291 1325 2333 apposui.
1343 2302 1378 2324 ea
1395 2293 1492 2324 verba
1508 2292 1598 2333 sunt,
1625 2292 1810 2336 Usurcesane

932 2331 1077 2375 siquidem
1106 2339 1198 2364 certas
1219 2334 1408 2375 pepigerint,
1436 2334 1527 2375 pat'tae
1552 2333 1736 2375 praeslentur.
1778 2336 1811 2367 Si

940 2378 1006 2405 vero
1032 2375 1180 2406 duntaxat
1203 2375 1350 2416 seriptum
1374 2376 1465 2415 fuit,
1496 2377 1572 2417 quod
1591 2377 1811 2415 soenerutitium

941 2416 1080 2447 creditum
1102 2417 1258 2448 extiterit:
1288 2422 1430 2458 nequeant
1462 2417 1659 2448 contrahentes
1689 2418 1782 2449 dicere
1798 2441 1809 2456 ,

941 2459 1016 2499 quod
1039 2466 1075 2488 ex
1098 2466 1152 2497 quo
1177 2457 1270 2497 usurae
1283 2457 1380 2498 finitae
1400 2467 1458 2489 non
1472 2459 1546 2495 sunt
1565 2481 1576 2497 ,
1602 2464 1752 2499 propterea
1774 2459 1813 2494 {3³

942 2499 1066 2529 debitum
1078 2497 1177 2539 sterile
1199 2500 1295 2530 baberi
1318 2500 1438 2535 debeat,
1458 2499 1512 2538 sed
1534 2508 1571 2531 ex
1589 2499 1811 2541 praesumptione

942 2541 984 2570 ita
1007 2540 1161 2572 celebretur
1185 2539 1296 2571 imaro
1314 2564 1323 2579 ,
1354 2538 1436 2582 quasi
1453 2539 1536 2581 beffes
1556 2541 1651 2582 usurae
1680 2541 1812 2584 expreffis

941 2582 1034 2613 verbis
1049 2583 1201 2615 nominata
1213 2580 1285 2620 sint.
1310 2582 1339 2614 δι
1357 2582 1487 2624 reliqua.

1735 109 1802 136 201

934 2746 957 2770 T
1015 2735 1029 2769 i
1058 2734 1111 2772 V.

51 2820 167 2867 Usums
183 2823 375 2879 stipulatione
402 2829 578 2876 promffls,
608 2831 628 2866 li
654 2833 799 2877 pecunia
827 2833 881 2868 sua
907 2833 961 2869 die
985 2846 1053 2870 non
1081 2834 1255 2877 solvatur,
1286 2835 1354 2882 post
1378 2834 1456 2870 diem
1473 2833 1542 2881 fine
1570 2835 1811 2881 interpellatione

119 2872 227 2907 deberi.
255 2872 293 2913 ΕΞ)
316 2878 383 2920 quid
399 2904 408 2920 ,
436 2878 464 2921 si
485 2880 676 2926 debitori-nil
699 2883 846 2928 imputari
872 2882 961 2931 pfft
978 2884 995 2917 '?
1028 2885 1102 2926 item
1126 2892 1227 2918 utrum
1254 2883 1353 2928 usurce
1370 2911 1379 2927 ,
1411 2885 1610 2931 stipulatione
1635 2881 1783 2930 promiffie
1799 2906 1809 2922 ‚

117 2928 236 2954 mutum
253 2933 287 2955 ex
303 2935 404 2965 mora,
431 2929 579 2963 unctium
597 2939 686 2973 ante,
714 2931 909 2968 debeantur?
937 2933 1035 2968 Paulo
1053 2934 1108 2967 lux
1128 2930 1253 2978 accensa
1272 2933 1303 2967 in
1329 2934 1349 2967 l.
1367 2945 1425 2979 40.
1443 2935 1488 2969 D.
1510 2935 1545 2969 de
1564 2934 1652 2968 rebus
1670 2931 1812 2972 creditis,

119 2966 161 3006 δὲ)
182 2969 201 3003 l.
226 2981 277 3015 ¹7·
303 2971 347 3007 D.
374 2973 406 3007 de
421 2973 527 3016 usuris.

45 3056 171 3128 Pollit
188 3065 317 3103 quoque
342 3058 405 3106 hoc
420 3061 457 3093 ad
479 3062 709 3106 intelligendam
729 3067 900 3108 stipulatio-

117 3107 162 3128 nis
180 3107 242 3145 vim
260 3099 390 3146 referri,
416 3104 522 3141 quod,
546 3104 566 3136 sl
588 3116 623 3137 ea
649 3108 690 3139 fic
714 3109 901 3149 interposita

48 3138 103 3176 fit;
126 3146 186 3177 ut,
214 3141 233 3171 ii
259 3149 391 3180 pecunia
415 3141 463 3174 sua
488 3144 539 3176 die
565 3148 804 3188 nonaesolvatur,
836 3151 900 3191 ejus

49 3179 363 3252 ussszirenprlaessentur:
381 3192 444 3216 uon
460 3185 586 3226 ntique,
603 3195 636 3221 ut
652 3198 697 3221 eae
708 3191 900 3234 debeantur,

113 3232 125 3252 0
159 3245 164 3252 -
200 3246 207 3253 .

941 3070 1188 3111 exspectandum
1206 3070 1271 3110 est,
1297 3070 1404 3102 donec
1427 3070 1555 3102 debitor
1572 3066 1811 3114 interpelletur:

942 3122 1051 3144 verum
1063 3112 1239 3152 stipulatio,
1250 3112 1344 3144 etiam
1362 3112 1426 3143 fine
1438 3110 1693 3150 interpellatione
1703 3131 1712 3146 ‚
1723 3115 1811 3139 com-

941 3154 1087 3186 mittitur.
1102 3154 1240 3194 quippe,
1259 3163 1332 3185 cum
1348 3153 1380 3185 id
1397 3153 1572 3183 conveniat
1589 3149 1704 3181 rationi
1715 3148 1811 3188 stipu-

941 3195 1067 3231 lationis
1082 3196 1113 3229 in
1131 3195 1232 3230 diem:
1245 3204 1315 3238 quae
1330 3192 1559 3265 comCmittitur,
1572 3191 1721 3224 veniente
1736 3190 1811 3262 diff&

1434 3241 1451 3263 C
1753 3241 1771 3263 e
