2036 3495
493 60 557 96 Dis
589 67 739 100 ronna
772 65 1039 96 EMENDANM
1074 67 1180 96 nott
1215 66 1321 98 Matr
1353 61 1442 98 Lrn.

765 177 978 214 CAI‘UT

1788 74 1860 109 315

1039 178 1156 215 XIV.

454 284 603 331 Ulpianus
628 283 648 317 l.
676 292 708 327 7.
735 282 779 317 D.
806 282 841 317 de
867 282 931 318 dolo
955 283 1034 318 malo
1060 283 1100 317 ab
1126 284 1248 329 ingenio
1273 286 1462 320 emendatus.

124 403 252 435 uccedit
267 403 286 434 l.
308 411 335 443 7.
352 401 393 432 D.
412 402 444 432 de
459 400 519 432 dolo
532 399 622 437 malo,
638 397 702 445 ipsa
717 398 769 430 vel
784 398 859 430 ideo
876 407 931 431 no·

143 445 203 476 stra
225 444 349 484 dignior
371 442 540 479 industria,
563 441 652 480 quod
674 449 705 471 in
721 448 758 471 ea
773 439 819 471 est
835 448 931 486 caput

65 494 104 518 ac
114 486 186 518 fons
203 495 243 517 ex
258 494 323 525 quo
339 481 626 524 profluitillecebra
643 480 851 513 distinctionis
866 482 932 513 doli

65 528 162 566 mali,
178 527 281 559 dantis
299 524 420 557 causam
436 522 615 556 contractui
626 523 718 554 bonae
733 521 830 560 fidei,
854 522 883 554 &
899 524 932 554 in

67 569 165 601 talem
181 567 376 599 contractum
394 565 586 597 incidentis:
609 573 679 605 quae
695 563 875 603 distinetio,
896 571 932 595 ut

65 608 156 651 supra
178 610 262 648 dixi,
285 616 348 640 tam
364 608 453 639 oneri
470 606 515 639 est
534 606 815 646 jurisprudentiae,
838 614 932 646 quam

65 649 295 682 excellentibus
314 649 447 690 ingeniis
472 657 572 688 usque
589 647 694 679 adhuc
711 656 767 686 per
781 648 871 688 plura
890 645 932 678 se-

64 693 136 723 cula
151 690 253 722 illusit.
297 689 402 721 Verba
426 688 552 731 Ulpiani
569 690 598 720 d.
618 689 638 720 l.
656 697 684 729 7.
702 687 872 720 Florentiae
891 687 932 720 fic

65 732 197 765 exhibet
214 730 394 764 Franciscus
410 730 604 763 Taurellius.
901 769 907 775 ·

104 773 147 806 Et
163 773 304 815 eleganter
325 773 499 813 Pomponius
519 772 576 803 brec
597 771 683 803 verba
707 769 740 802 Si
765 770 824 802 alia
848 769 932 801 astro

142 824 209 846 non
225 814 260 846 lit
270 814 315 852 fic
329 816 435 855 excipit
452 816 489 852 *,
512 811 595 855 quasi
617 821 661 843 res
676 812 732 843 alio
749 813 828 843 modo
844 813 871 857 ei
894 812 933 842 ad

145 865 228 897 quenz
242 865 274 886 ea
297 865 340 886 res
352 857 497 897 pertinet,
511 855 602 894 salva
617 852 668 894 effe
692 862 750 884 non
769 858 886 894 poterit.
910 851 931 892 †

144 897 212 929 Nec
227 898 342 928 videtur
356 898 423 928 huic
429 897 580 936 sententiae
595 894 761 935 aaversuri‚
785 894 860 940 quod
873 892 931 940 Ju-

144 939 242 969 liunus
266 938 335 969 libro
359 944 462 980 quarto
484 938 603 975 scribit,
622 934 651 974 fi
673 937 766 981 minor
781 944 868 982 annis
884 943 930 965 vz-

143 981 223 1021 gintz'
244 980 370 1021 quinque
391 978 501 1017 confilio
517 979 602 1019 servi
623 979 852 1016 circumscriptus
868 984 931 1022 eum

144 1021 277 1052 vendidit
299 1021 502 1061 compendio,
526 1025 686 1060 emptorque
705 1027 770 1049 eum
786 1025 930 1048 manumi—

140 1061 181 1101 fit
191 1085 201 1100 ,
210 1063 336 1093 dandam
344 1063 377 1092 in
385 1060 587 1102 manumzffum
602 1061 635 1090 de
649 1059 709 1090 dolo
723 1058 862 1090 astionem
872 1067 881 1089 :
890 1057 930 1078 *ss

144 1104 194 1134 boc
208 1106 283 1134 enim
290 1101 335 1141 fic
343 1104 516 1144 accipimus,
533 1110 627 1133 carere
641 1100 701 1131 dolo
715 1105 881 1140 emptorem,
896 1103 930 1129 ut

143 1154 180 1175 ex
199 1151 289 1185 empto
312 1145 401 1175 teneri
415 1153 472 1175 non
494 1141 591 1183 poffit:
613 1141 632 1163 *
650 1146 704 1172 aut
721 1142 739 1160 *
755 1139 864 1187 nullam
879 1137 930 1179 effe

149 1187 341 1217 venditionem
356 1185 384 1224 fi
407 1186 437 1216 in
460 1185 511 1215 hoc
532 1183 589 1224 ipso
606 1189 640 1213 ut
657 1183 792 1213 venderet
808 1189 930 1226 czrcum-

135 1227 264 1268 scriptus
282 1224 332 1267 est.
362 1225 398 1260 &²
414 1226 488 1267 quod
502 1226 594 1255 minor
604 1225 789 1264 proponitur,
812 1230 870 1252 non
885 1230 929 1251 zn-

146 1269 227 1299 ducit
250 1270 281 1298 in
305 1268 447 1308 integrum
471 1264 677 1306 restitutionem
695 1274 705 1294 .·
734 1272 804 1294 nam
826 1263 930 1293 adver-

136 1305 193 1349 sus
208 1306 499 1348 manumzffumnulla
514 1309 544 1338 in
561 1307 707 1346 integrum
724 1302 865 1344 restitutio
880 1309 931 1344 po-

146 1347 198 1389 test
217 1350 308 1380 locum
324 1350 433 1380 habere.
848 1386 854 1392 η

60 1391 109 1424 Ita
125 1390 295 1423 Florentiae
317 1391 439 1422 editur:
464 1388 564 1430 pofita
579 1388 735 1429 particula
752 1391 822 1426 aut,
846 1392 930 1418 mter

61 1434 137 1465 duas
153 1431 254 1464 stellas
270 1430 321 1462 sed
338 1441 406 1463 eam
420 1430 605 1472 particulam
621 1439 711 1461 vetus
728 1436 834 1460 tuetur
850 1428 930 1459 liber

60 1483 156 1506 manu
181 1473 330 1514 scriptus:
353 1482 448 1514 quem
474 1472 532 1503 Vir
550 1471 782 1511 Amplissimos,
807 1468 930 1516 Corne-

58 1515 120 1547 lius
139 1524 195 1546 van
214 1514 464 1556 Bynckershoek
477 1537 486 1551 ‚
511 1515 542 1544 in
559 1513 712 1553 Suprema
729 1511 929 1558 Hollandiae,

61 1555 241 1594 Zelandiae,
265 1557 294 1587 &
314 1554 437 1594 Frifiae,
462 1555 557 1587 Curia
574 1554 726 1593 Senator,
750 1561 813 1584 non
831 1562 929 1594 magis

58 1597 226 1639 praestante
250 1597 422 1638 dignitate,
441 1606 533 1636 quam
557 1596 660 1636 gloria
677 1596 838 1627 literarum
856 1594 925 1641 Cia-

60 1639 210 1678 riffimus,
233 1648 292 1680 pro
315 1637 365 1670 sua
387 1637 582 1670 humanitate
608 1645 734 1669 mecum
751 1644 928 1666 communi-

60 1681 164 1712 cavit:
187 1681 301 1712 additis
319 1680 487 1711 rarioribus
507 1679 628 1719 aliquot
649 1676 927 1723 Pandee'tarurn-e-

57 1722 233 1753 ditionibus
252 1721 398 1761 Hugonis
418 1720 566 1757 aeona,
590 1719 833 1757 Blaublommii,
852 1718 926 1749 Vin-

58 1763 193 1801 timillii,
213 1762 347 1793 Roberti
364 1761 535 1802 Stephani,
552 1761 582 1791 &
602 1761 685 1791 Petri
701 1760 741 1791 ab
759 1760 839 1791 Area
849 1759 927 1791 Bau-

59 1805 162 1836 doza:
187 1813 255 1842 quae
281 1813 392 1835 omnes
414 1802 627 1842 manuscripto
648 1800 690 1832 illi
713 1801 796 1832 libro
813 1801 872 1832 hac
893 1801 925 1832 in

84 1854 151 1877 arte
166 1844 378 1876 assentiuntur.
420 1844 482 1875 Sed
500 1852 560 1875 nec
579 1840 686 1885 Graeci
702 1843 793 1874 aliter
809 1841 924 1880 Bafilic.

55 1854 106 1918 gb.
126 1896 173 1919 10.
187 1887 232 1918 tit.
248 1896 277 1927 3.
293 1893 363 1927 pag.
380 1895 452 1926 599.
472 1890 538 1916 tom.
557 1893 582 1915 1.
600 1884 728 1925 quando
754 1882 925 1931 Ulpianum

58 1929 88 1960 d.
107 1928 128 1960 l.
153 1927 195 1959 fic
211 1926 427 1966 transferunt,
452 1926 595 1958 Fabroto
614 1926 800 1966 interprete.
823 1926 858 1956 δι’
872 1934 925 1956 mz-

57 1978 112 2001 nor
133 1966 243 2007 consilio
259 1970 342 2010 servi
358 1970 411 2009 sui
437 1968 684 2008 circumscriptus,
707 1976 771 1997 eum
794 1967 925 1997 vendidit

56 2020 124 2042 cum
137 2009 244 2050 peculio
254 2033 263 2048 ,
281 2015 442 2051 emptorque
456 2019 520 2040 euin
536 2007 720 2047 manumifit,
738 2008 925 2048 manumzffus

56 2057 171 2084 tenetur
187 2050 297 2082 afflone
314 2056 347 2082 ae
362 2051 440 2082 dolo.-
462 2048 517 2088 nzfi
539 2055 645 2090 emptor
660 2057 768 2090 compos
784 2049 821 2083 {5³
829 2051 922 2090 parti-

56 2099 119 2133 ceps
135 2092 192 2124 doli
200 2091 259 2130 fit.-
279 2091 386 2129 namsi
400 2092 459 2123 dolo
474 2101 530 2122 non
547 2096 662 2130 careat,
686 2095 799 2122 tenetur
815 2090 924 2122 actione

58 2143 94 2166 ex
116 2140 222 2174 empto:
244 2140 297 2164 aut
323 2135 408 2164 irritu
432 2130 470 2173 ⁶st
492 2134 638 2170 venditio,
655 2130 685 2169 fi
708 2133 740 2163 in
756 2132 805 2163 hoc
818 2132 874 2173 ipst)
891 2137 924 2163 ut

57 2176 209 2214 venderet,
232 2175 313 2206 dolus
329 2175 472 2205 adhibitus
484 2172 534 2211 fit.
565 2175 699 2215 quamvis
715 2179 810 2205 autem
832 2175 926 2205 minor

53 2215 95 2254 fit
114 2218 164 2257 qui
180 2217 326 2254 vendidit,
352 2225 409 2246 non
424 2213 597 2256 restituitur.
630 2225 697 2246 nam
714 2216 850 2258 adverſjcs
868 2225 927 2247 ma-

59 2257 214 2298 numiffum
235 2257 316 2289 nulla
339 2257 372 2288 in
393 2257 538 2299 integrum
562 2254 703 2297 restitucio
729 2258 828 2289 datur.
874 2256 927 2288 Sic

61 2297 178 2330 Graeci.

98 2339 161 2372 Sed
176 2340 251 2381 quid
265 2364 274 2379 ,
297 2340 317 2372 fi
339 2339 490 2380 suspicer,
512 2349 630 2382 aegrum
654 2339 715 2372 effe
734 2338 863 2382 Ulpiani
881 2340 928 2373 lo-

61 2390 154 2421 cum3
178 2390 274 2423 atque
292 2383 334 2413 ita
351 2382 584 2414 recreandum?

99 2423 142 2455 Et
160 2423 303 2464 eleganter
322 2423 495 2463 Pomponius
518 2425 575 2454 [πρε
591 2425 698 2463 verba,
722 2423 751 2456 Si
769 2425 827 2456 alia
843 2424 927 2456 ae'tio

140 2473 206 2496 non
230 2463 285 2504 fit,
302 2462 347 2502 sic
368 2465 494 2505 excipit,
517 2463 599 2506 quast
621 2475 665 2496 res
681 2465 734 2497 alio
751 2468 830 2498 modo
846 2467 871 2497 ez·
891 2468 928 2497 ad

138 2515 223 2547 quem
238 2515 272 2537 ea
288 2515 332 2536 res
344 2506 471 2546 pertinet
482 2505 571 2544 salva
587 2506 638 2547 effe
653 2517 710 2538 non
720 2509 836 2548 poterit.
862 2508 928 2538 Nec

141 2548 259 2578 videtur
282 2547 350 2578 huic
365 2548 517 2586 sententice
543 2549 712 2588 adversari,
735 2552 810 2590 quoii
825 2549 928 2589 Julia-

138 2598 195 2619 nus
219 2589 287 2618 libro
311 2593 413 2629 quarto
421 2588 543 2627 scribit,
562 2587 591 2626 si
606 2591 700 2621 minor
714 2592 800 2621 annis
817 2592 929 2631 viginti

139 2630 265 2670 quinque
281 2628 391 2666 consilio
401 2629 482 2667 servi
501 2631 751 2671 circumscriptus,
773 2641 837 2662 eum
858 2641 926 2662 ven-

140 2670 216 2700 didit
240 2679 304 2705 cum
323 2670 453 2710 peculio,
476 2677 638 2713 emptorque
663 2681 727 2703 eum
744 2671 928 2711 manumisit,

141 2711 267 2740 dandam
281 2712 313 2740 in
335 2711 538 2752 manumzffum
559 2714 591 2743 de
614 2713 674 2744 dolo
697 2713 853 2745 actionem:
879 2715 928 2744 hoc

140 2752 215 2781 enim
222 2749 266 2787 fic
281 2753 454 2791 accipimus,
471 2762 566 2783 carere
576 2754 636 2784 dolo
653 2760 801 2795 emptorem
812 2779 822 2794 ,
845 2761 879 2786 ut
895 2764 930 2786 ex

143 2797 233 2831 empto
250 2793 338 2822 teneri
354 2801 410 2823 non
429 2791 520 2833 poffit.
546 2793 582 2828 ὣς
605 2797 681 2836 quod
694 2798 787 2827 minor
797 2797 931 2837 proponi-

144 2837 278 2871 tur,non
292 2833 403 2863 inducit
417 2834 448 2864 in
465 2835 610 2874 integrum
626 2835 839 2876 restitutionem.
862 2847 931 2868 nam

141 2872 278 2912 adversus
294 2874 495 2914 manumzffum
513 2875 594 2907 nulla
610 2877 642 2907 in
657 2878 802 2920 integrum
816 2876 931 2918 restitu-

142 2915 181 2945 tz'o
195 2911 284 2955 potest
299 2914 389 2944 locum
407 2916 516 2946 babere.

63 2954 115 2987 Sic
131 2955 209 2989 olim
223 2954 373 2986 divinavi.
406 2964 511 2996 neque
527 2966 578 2988 me
596 2967 680 2990 nunc
697 2960 784 3001 piget
801 2961 866 3000 ejus
886 2970 931 2991 re-

62 2997 171 3029 medii.
215 2995 290 3028 Non
313 2996 443 3035 addam,
467 2995 637 3038 Ulpianum
654 3010 690 3032 ex
706 3008 797 3042 empto
823 3002 931 3033 dicere

105 3092 120 3109 *
138 3094 299 3122 Haloandcr
325 3095 389 3131 legit
406 3115 412 3127 ‚
434 3096 539 3130 excepit.
641 3097 653 3131 †
672 3096 833 3124 Haloander
850 3116 859 3130 ,
886 3093 964 3132 [soffia

68 3137 122 3156 rere
140 3130 190 3157 dolo
214 3139 360 3168 emptorem,
382 3140 411 3160 ut
433 3142 464 3161 et
487 3139 565 3169 empto
579 3136 660 3162 teneri
675 3143 723 3161 non
735 3133 825 3170 poffit:
841 3134 898 3171 five
911 3135 1008 3163 nullam
1021 3134 1070 3173 effe
1082 3137 1264 3169 venditionem.

63 3173 124 3204 ptus
139 3166 189 3203 est:
209 3171 270 3205 quod
283 3169 318 3206 ὅ)
328 3173 495 3209 proponitur,
518 3180 565 3201 non
581 3172 713 3202 inducitur
729 3174 757 3202 in
772 3175 903 3211 integrum
916 3170 1049 3210 restitutio.
1077 3183 1152 3210 iiam,
1175 3176 1227 3207 ἃς,

106 3202 184 3238 Tom.
207 3206 234 3239 Ι.

974 407 1034 439 pro
1051 408 1087 431 ex
1110 401 1239 432 vendito.
1270 400 1315 432 est
1332 401 1395 432 hoc
1412 402 1451 434 ab
1471 402 1622 435 Accurlio
1639 412 1837 438 annotatum.

974 440 1084 473 Potius
1101 442 1243 473 monebo
1255 443 1362 482 ,quod
1379 453 1396 474 a
1412 446 1540 476 nemine
1556 445 1758 479 observatum
1776 447 1841 487 est,

974 482 1073 513 verba
1090 481 1158 513 haec
1169 505 1178 521 ,
1202 491 1254 515 aut
1271 484 1381 515 nullam
1396 485 1446 526 effe
1468 487 1677 528 venditionem,
1693 487 1722 527 fi
1743 491 1775 521 in
1790 490 1840 521 hoc

973 524 1030 563 ipso
1049 530 1082 554 ut
1097 526 1231 555 venderet
1255 526 1487 568 circumscriptus
1503 525 1562 566 est,
1587 538 1657 569 quae
1677 530 1772 562 verba
1788 531 1842 563 de-

974 564 1059 603 levi,
1084 573 1149 596 non
1177 564 1239 597 esse
1257 565 1394 607 Ulpiani.
1425 577 1489 609 quo
1506 570 1654 602 indicio?
1675 572 1843 611 probabili.

974 605 1104 636 turbant
1128 604 1256 645 Ulpiani
1280 607 1399 641 sensum
1419 618 1482 641 tam
1508 610 1727 651 manifestum,
1750 622 1844 653 quarn

974 649 1144 687 optimum.
1168 647 1296 690 Nempe
1312 648 1487 691 Ulpianus,
1504 661 1670 692 exponens
1682 653 1784 686 Edisti
1802 656 1843 688 de

975 687 1053 719 dolo
1071 689 1154 735 malo
1170 691 1267 721 verba
1283 713 1293 730 ,
1317 692 1350 722 Si
1364 693 1422 724 alia
1437 691 1510 724 aetio
1529 703 1586 725 non
1605 695 1679 731 erit,
1696 695 1844 735 judicium

974 729 1043 759 dabo
1055 752 1064 766 ,
1080 731 1372 772 animadvertebat,
1387 744 1423 766 ea
1438 733 1646 776 apomponio
1662 735 1703 767 fic
1719 737 1841 778 accipi,

975 770 1057 810 quasi
1067 769 1221 817 significet
1231 773 1352 806 Praetor
1363 799 1372 813 ‚
1385 774 1416 807 se
1431 778 1577 808 daturum
1590 777 1718 809 demum
1737 779 1777 809 de
1787 779 1843 810 do-

975 811 1008 841 lo
1028 811 1207 856 athonem3
1230 813 1250 844 fi
1266 824 1316 845 res
1334 817 1396 848 alio
1413 819 1513 849 modo
1529 819 1557 850 ei
1575 819 1613 850 ad
1629 827 1725 859 quem
1741 829 1778 851 ea
1793 830 1843 852 res

973 859 1133 892 pertinet,
1150 852 1239 899 ‘salva
1264 855 1324 888 ess'e
1343 867 1407 889 non
1427 860 1538 898 possit:
1561 869 1696 901 eamque
1715 862 1843 903 elegan-

974 901 1040 923 tem
1065 892 1126 924 effe
1148 899 1445 939 interpretationem
1470 900 1694 941 e-xistimabat3
1715 912 1775 934 nec
1797 911 1843 935 ta-

973 942 1046 964 men
1071 943 1158 980 omni
1187 945 1318 968 vacuam
1342 939 1538 974 difficultate.
1578 952 1649 975 nam
1674 944 1843 977 videbatur

972 973 1126 1021 adversari
1138 998 1147 1013 ‚
1165 977 1252 1016 quod
1269 978 1408 1016 Julianus
1426 982 1508 1014 libro
1526 993 1574 1014 1v.
1597 984 1722 1024 scribit,
1740 985 1770 1017 Si
1788 987 1845 1017 mi-

972 1024 1032 1047 nor
1049 1017 1125 1047 lerv1
1144 1016 1277 1062 consilio
1302 1021 1577 1065 circumscriptus,
1601 1035 1673 1057 eum
1698 1027 1844 1059 vendidit

972 1065 1046 1088 cum
1062 1058 1216 1102 peculio,
1239 1068 1434 1106 emptorque
1458 1074 1530 1097 eum
1555 1068 1750 1101 manumisit:
1772 1069 1845 1101 dan-

972 1098 1044 1144 dam
1061 1107 1091 1129 in
1107 1100 1325 1145 manumiffum
1337 1104 1376 1134 de
1387 1106 1465 1137 dolo
1482 1107 1653 1139 actionem.
1679 1110 1742 1141 hoc
1757 1112 1844 1142 enim

972 1139 1050 1180 quid
1067 1139 1260 1187 denuntiat?
1284 1143 1338 1188 nili
1355 1147 1442 1185 quod
1460 1148 1562 1179 voluit
1576 1148 1734 1189 Julianus,
1752 1151 1847 1183 dece·

972 1188 1031 1221 pto
1050 1183 1232 1220 venditori,
1257 1191 1352 1215 etiam
1371 1195 1444 1218 cum
1462 1188 1489 1219 ei
1508 1198 1557 1219 res
1576 1191 1666 1222 aliter
1685 1191 1766 1222 salva
1782 1192 1846 1225 effe

972 1220 1099 1267 potest,¹
1125 1223 1258 1269 dedolo
1275 1225 1400 1258 actione
1419 1227 1565 1261 succurri.
1589 1229 1691 1272 finge:
1715 1233 1845 1273 emptor

973 1261 1101 1308 estdoli
1121 1271 1291 1306 particeps.
1316 1275 1445 1300 tenetur
1461 1271 1620 1303 venditori
1638 1273 1704 1304 utili
1722 1275 1845 1307 venditi

973 1304 1108 1351 actione.
1131 1304 1234 1346 finge:
1257 1307 1334 1339 dolo
1349 1318 1446 1342 caret.
1479 1313 1556 1352 quid
1573 1321 1680 1353 vetat,
1704 1324 1769 1355 quo
1788 1316 1845 1347 mi-

974 1354 1107 1392 nusbJam
1131 1348 1300 1388 venditor,
1323 1350 1473 1392 idemque
1492 1353 1614 1393 minor,
1638 1357 1669 1386 in
1685 1356 1844 1397 integrum

971 1386 1172 1433 restitutione
1190 1387 1302 1422 favore
1325 1393 1426 1424 aetatis
1448 1394 1640 1434 adjuvetur?
1669 1405 1844 1439 utcumque

972 1436 1049 1460 er1t:
1073 1430 1164 1475 datur
1188 1439 1204 1461 a
1226 1430 1352 1471 juliano
1377 1435 1408 1466 in
1428 1436 1645 1469 manumiffum
1662 1439 1702 1470 de
1720 1440 1798 1471 dolo
1814 1450 1845 1471 a·

973 1470 1058 1508 ctio,
1081 1470 1140 1516 etii
1161 1481 1208 1503 res
1234 1475 1394 1506 venditori
1416 1476 1507 1508 aliter
1531 1477 1613 1509 salva
1644 1479 1705 1511 effe
1727 1481 1843 1522 poffit,

972 1520 1069 1558 quarn
1082 1511 1207 1544 athone
1226 1514 1265 1545 de
1281 1515 1376 1547 dolo:
1393 1517 1465 1557 quia
1481 1517 1510 1548 ei
1526 1520 1616 1551 datur
1632 1521 1717 1552 utilis
1733 1523 1844 1554 vendi-

973 1560 996 1584 ti
1011 1553 1095 1584 actio
1118 1554 1265 1587 adversus
1283 1565 1484 1597 emptorem;
1507 1568 1581 1592 cuin
1599 1561 1665 1601 ejus
1684 1563 1777 1594 dolus
1796 1572 1849 1596 ar-

971 1598 1095 1636 guitur:
1119 1604 1173 1626 aut
1192 1596 1223 1627 in
1242 1597 1401 1639 integrum
1419 1599 1602 1640 restituti03
1627 1601 1646 1633 fl
1664 1612 1730 1635 non
1745 1613 1842 1645 appa-

971 1645 1019 1667 ret
1045 1637 1137 1668 dolus
1162 1637 1245 1677 ejus:
1267 1639 1297 1671 &
1321 1648 1426 1672 tamen
1444 1650 1462 1672 a
1477 1640 1601 1681 Juliano
1628 1643 1659 1675 in
1677 1647 1844 1678 manumis-

970 1677 1035 1708 sum
1052 1678 1092 1724 de
1111 1679 1187 1710 dolo
1210 1679 1293 1712 aetio
1310 1683 1518 1714 conceditur:
1542 1684 1634 1716 aliter
1648 1694 1686 1716 ae
1703 1685 1842 1728 Pompo·

969 1720 1039 1751 nius
1055 1727 1281 1760 interpretatus
1298 1722 1354 1755 est.
1385 1722 1528 1757 indicavi
1545 1725 1786 1768 difficultatem,
1810 1729 1843 1763 δε

970 1762 1100 1801 quidem
1118 1762 1292 1802 duplicem.

992 1800 1146 1849 ‘Dicam,
1170 1804 1247 1851 quid
1263 1806 1391 1848 utrique
1408 1816 1542 1849 reponat
1561 1808 1726 1851 Ulpianus.
1749 1810 1843 1845 Prior

969 1842 1137 1889 difficultas
1155 1844 1218 1883 est,
1241 1848 1328 1892 quod
1352 1849 1403 1880 ubi
1421 1852 1576 1891 emptoris
1593 1852 1685 1885 dolus
1700 1853 1843 1885 interve-

968 1892 1032 1917 nit:
1054 1886 1145 1916 datur
1162 1887 1331 1932 ‘venditori
1354 1889 1385 1921 in
1411 1892 1628 1925 manumissum
1652 1894 1692 1926 de
1717 1894 1796 1927 dolo
1812 1904 1844 1927 a·

969 1925 1129 1973 etim-etsi
1140 1935 1169 1958 ei
1182 1928 1332 1974 adversus
1347 1940 1528 1973 emptorem
1547 1942 1714 1976 competat
1730 1937 1845 1969 vendi-

969 1975 992 1998 ti
1009 1968 1102 2014 actio.
1119 1968 1246 2001 obtinet
1261 1970 1357 2012 igitur
1373 1983 1414 2005 ex
1429 1973 1543 2014 Juliani
1561 1975 1714 2009 sententia
1731 1979 1772 2010 de
1785 1979 1844 2011 do-

968 2009 1000 2054 lo
1016 2009 1119 2048 aet103
1142 2019 1215 2042 cum
1230 2021 1279 2043 res
1298 2013 1327 2044 ei
1343 2015 1382 2046 ad
1399 2023 1494 2053 quem
1511 2026 1547 2048 ea
1564 2027 1613 2049 res
1631 2018 1790 2059 pertinet,
1809 2028 1841 2052 a·

967 2050 1011 2082 lio
1027 2051 1127 2082 modo
1145 2050 1227 2084 salva
1244 2053 1306 2085 effe
1323 2057 1447 2096 potest,
1471 2067 1565 2098 quam
1581 2059 1708 2092 actione
1727 2061 1769 2093 de
1785 2061 1842 2093 do·

967 2091 1012 2123 lo.
1053 2091 1136 2123 Haec
1161 2093 1340 2128 difficultas.
1382 2099 1424 2129 At
1440 2098 1556 2131 solutio
1576 2101 1645 2133 talis
1665 2101 1729 2134 est:
1747 2103 1843 2143 Julia-

968 2142 1043 2165 num
1059 2143 1124 2165 non
1143 2133 1281 2174 spectare
1295 2138 1335 2168 ad
1352 2138 1455 2171 casum
1472 2150 1537 2181 quo
1553 2151 1682 2183 emptor
1698 2153 1767 2175 erat
1786 2145 1842 2176 do-

975 2175 1000 2222 li
1013 2176 1196 2222 particep83
1213 2176 1265 2208 sed
1283 2187 1347 2219 quo
1364 2188 1431 2212 erat
1446 2181 1512 2213 doli
1529 2191 1641 2222 purus:
1659 2193 1757 2225 porro
1769 2196 1846 2218 ven-

971 2216 1067 2262 ditori
1083 2218 1228 2262 adverlus
1247 2227 1427 2259 emptorem
1444 2223 1484 2254 de
1505 2225 1571 2264 eJ'us
1589 2225 1668 2256 dolo
1685 2226 1750 2258 dari
1769 2237 1845 2259 ven-

970 2259 1028 2289 diti
1052 2258 1229 2298 actionem3
1252 2269 1325 2292 curn
1349 2262 1374 2294 is
1398 2263 1510 2295 dolum
1533 2265 1672 2299 admisit:
1698 2266 1749 2300 sed
1769 2278 1843 2301 cum

971 2299 1049 2331 dolo
1075 2307 1179 2345 caret,
1203 2301 1350 2334 adversus
1373 2313 1446 2336 eum
1470 2314 1534 2337 non
1555 2308 1638 2339 dari:
1663 2317 1728 2339 non
1752 2308 1845 2342 fuiffe

971 2342 1069 2381 igitur
1083 2340 1207 2380 Juliano
1224 2345 1391 2384 negotium
1409 2369 1418 2385 ,
1445 2348 1633 2386 permittere
1658 2349 1698 2380 de
1716 2350 1795 2382 dolo
1812 2361 1845 2382 a·

973 2383 1138 2421 ttionem3
1162 2383 1214 2415 ubi
1240 2394 1289 2416 res
1314 2386 1343 2416 ei
1367 2386 1406 2418 ad
1427 2396 1522 2427 quern
1550 2398 1587 2419 ea
1610 2398 1659 2421 res
1684 2392 1846 2433 pertinet,

971 2424 1063 2455 aliter
1078 2422 1159 2455 salva
1175 2424 1236 2456 effe
1254 2426 1379 2466 potest,
1403 2436 1497 2468 quam
1516 2429 1643 2461 actione
1658 2431 1699 2463 de
1716 2433 1807 2466 dolo.

1012 2464 1141 2500 Sublata
1158 2465 1203 2497 est
1228 2467 1267 2498 ab
1294 2466 1434 2508 Ulpiano
1460 2470 1547 2509 prior
1570 2471 1750 2506 difficultas.
1773 2484 1844 2516 quae

970 2507 1091 2538 altera?
1117 2508 1205 2548 quod
1221 2509 1392 2548 venditor,
1417 2510 1447 2542 &
1463 2512 1588 2552 minor,
1613 2513 1644 2545 &
1661 2522 1756 2547 aetate
1780 2518 1846 2559 lap-

970 2548 1143 2587 sus‚etiam
1162 2558 1236 2581 cum
1254 2549 1348 2582 Civili
1363 2551 1438 2590 Jure
1457 2554 1543 2585 valet
1559 2556 1847 2599 contractus,Jure

971 2589 1126 2621 Praetorio
1144 2591 1175 2622 in
1193 2592 1350 2633 integrum
1367 2592 1567 2626 restitutione
1583 2596 1758 2636 adjuvatur.
1791 2602 1846 2632 da·

972 2638 1021 2662 tur
1039 2632 1133 2673 igitur
1149 2642 1164 2663 a
1176 2631 1302 2672 juliano
1320 2633 1351 2666 in
1367 2635 1584 2668 manumiss'um
1602 2638 1728 2671 dedolo
1745 2641 1848 2682 actim

966 2674 1024 2703 -ubi
1050 2683 1098 2704 res
1124 2673 1153 2704 ei
1173 2674 1212 2705 ad
1233 2683 1329 2714 quem
1352 2684 1389 2706 ea
1412 2686 1461 2709 res
1478 2677 1636 2718 pertinet,
1659 2680 1752 2714 aliter
1766 2681 1847 2716 salva

973 2712 1035 2744 csse
1053 2714 1177 2754 potest,
1202 2724 1295 2755 quam
1312 2716 1437 2749 afflone
1460 2718 1500 2750 de
1516 2719 1604 2752 dolo.
1649 2720 1732 2755 Haec
1748 2724 1845 2757 altera

974 2755 1154 2787 difficultas
1184 2756 1227 2788 At
1242 2765 1303 2788 nee
1319 2767 1355 2789 ea
1372 2757 1543 2799 Ulpianum
1557 2761 1741 2797 confundit.
1766 2775 1844 2797 con-

975 2802 1021 2827 tra
1038 2797 1062 2828 is
1077 2804 1186 2842 putat,
1202 2798 1297 2830 etiam
1312 2798 1354 2831 fic
1371 2801 1481 2842 colligi
1497 2801 1562 2834 fine
1576 2806 1747 2839 mercede:
1771 2808 1844 2846 quia

974 2836 1081 2868 servus
1097 2838 1150 2877 qui
1169 2847 1185 2869 a
1203 2840 1327 2872 minore
1343 2842 1490 2876 venditus
1507 2844 1552 2876 est
1566 2847 1649 2886 apud
1665 2846 1821 2886 Julianum
1832 2871 1842 2886 ,

975 2878 1014 2909 ab
1037 2886 1185 2918 emptore
1200 2881 1399 2914 manumissus
1415 2884 1481 2917 est:
1505 2886 1653 2918 adversus
1675 2888 1845 2920 manumis-

975 2919 1041 2951 sum
1067 2929 1173 2952 autem
1192 2923 1288 2968 ‘nulla
1310 2925 1341 2955 in
1367 2925 1527 2968 integrum
1554 2927 1713 2960 restitutio
1736 2928 1847 2964 locum

975 2960 1083 3007 habet.
1108 2971 1174 2994 non
1190 2964 1286 3004 igitur
1301 2966 1407 3005 potest
1421 2968 1557 3007 minori,
1580 2969 1750 3008 eidemque
1766 2979 1845 3004 ven-

975 3002 1092 3042 ditori,
1116 3005 1168 3035 cui
1186 3013 1291 3047 neque
1304 3008 1339 3039 in
1353 3007 1513 3050 integrum
1536 3009 1715 3047 restitutio,
1738 3018 1846 3053 neque

1786 3062 1845 3088 uti-

1065 3098 1097 3116 *'¹‘
1116 3100 1189 3136 apud
1210 3101 1405 3129 Haioandrum
1432 3101 1469 3129 est
1483 3100 1543 3138 five
1562 3103 1629 3130 enim
1649 3105 1785 3142 accipimus
1806 3118 1849 3138 ca-

1286 3139 1312 3177 fi
1325 3141 1351 3169 in
1370 3139 1412 3169 boc
1424 3138 1471 3177 ipso
1485 3146 1516 3169 ut
1533 3141 1670 3178 venderet,
1692 3145 1849 3186 circumstri-

1013 3210 1113 3244 Rr2
