2052 3487
194 73 265 107 206

195 160 224 190 d.
240 159 259 191 l.
285 163 341 201 58,
365 157 434 199 post
453 156 531 196 Imp.
550 153 705 187 :Marcum
720 148 886 190 scripfiffe,
910 148 1007 181 didici
1018 158 1058 181 ex

195 205 286 242 1.·39.
310 200 352 231 D.
384 202 416 230 cle
444 198 546 238 legatis
570 195 616 225 lio.
640 203 670 234 3.
699 195 730 224 in
755 200 816 231 qua
840 200 912 222 eum
937 190 1059 222 Divum

191 242 340 282 appellat.
366 240 552 279 Papinianus
577 241 685 266 autem
705 256 715 272 ‚
746 233 822 278 item
847 231 1031 264 Marcianus
1048 255 1057 270 ‚

187 282 368 322 Uipianus,
390 280 419 311 ἀ
436 279 567 315 Paulus,
591 277 647 308 illo
663 281 860 307 recentiores
876 273 957 305 sunt.
982 283 1059 313 prae·

192 333 277 355 terea
296 321 490 361 Pomponius
508 326 602 358 quem
626 317 664 348 ad
689 315 835 347 Marcum
859 315 1059 346 Antoninum

192 362 370 405 pervenisse
388 384 397 399 ,
428 360 593 391 verisimile
617 357 661 389 est
679 381 688 396 ,
718 355 823 398 (quia
842 354 878 402 'in
898 356 917 387 l.
944 364 989 392 14.
1015 355 1059 387 D.

193 408 225 436 cie
239 403 496 444 pollicitationibus
505 402 582 432 citat
602 398 797 430 Antoninum
813 396 923 435 Pium,
941 396 994 428 sed
1005 395 1059 428 Di-

192 442 286 484 vum,
317 445 347 475 id
366 442 410 475 est
428 466 438 481 ,
468 440 657 480 mortuum)
686 449 752 471 non
768 437 933 478 adgnoscit
957 437 1062 470 adhuc

189 486 292 517 usui-as
304 508 313 523 ,
337 494 376 515 ex
393 492 481 515 mora
498 482 686 523 praestandas
696 480 807 512 officio
822 478 940 525 judicis
951 503 960 516 ‚
977 488 1054 520 prae-

189 536 332 568 terquam
351 527 380 557 in
400 524 551 556 societate
569 525 597 554 ci.
622 523 641 553 l.
664 526 715 554 60.
740 521 783 552 D.
809 521 867 552 Pro
884 524 972 556 socio:
995 529 1054 551 nec

186 570 217 600 in
234 568 295 608 ipsa
312 569 411 599 utitur
428 567 556 606 alicujus
574 564 762 595 auctoritate
788 560 1055 600 Constitutionis,

188 609 240 642 sed
257 609 435 640 Labeonis:
460 618 498 639 ex
518 609 575 638 hac
594 614 724 645 quoque
750 603 853 635 usuras
871 612 935 634 non
956 603 1056 643 palam

186 651 382 689 introducit,
415 650 465 681 sed
491 647 544 679 sub
568 647 680 678 colore
705 646 771 685 ejus
795 645 882 685 quod
908 644 1056 677 interest:

185 702 257 724 cum
276 691 405 723 insecuti
430 690 499 728 posi
515 687 731 729 jurisconsulti
749 687 840 718 easin
858 688 981 718 caeteris
993 695 1058 717 om-

186 736 278 766 nibus
295 734 389 765 bonae
419 732 493 763 fidei
516 731 641 771 judiciis
668 729 769 769 palam
794 728 981 758 admittant.-
1007 726 1059 758 sed

189 785 253 807 non
273 785 312 806 ex
331 774 489 806 Labeonis
510 772 724 811 disputatione
738 793 747 808 ,
771 768 823 801 sed
841 778 880 799 ex
900 767 1059 799 Constitu-

187 818 294 849 tione:
319 825 352 847 ut
371 825 410 846 ex
430 814 600 854 Papiniano
617 813 646 843 ἀ
667 812 766 843 Paulo
794 810 928 841 ostendi.
957 810 989 841 id
1006 819 1057 840 ve-

188 868 225 889 ro
246 858 320 890 mihi
339 857 458 887 indicio
475 855 538 892 est,
563 854 726 885 auctorem
750 851 997 883 Constitutionis
1019 851 1059 882 de

186 908 247 939 qua
266 899 454 939 quaerimus,
479 896 540 927 effe
556 895 678 927 Divum
704 893 812 925 Pium:
836 892 888 924 sed
912 892 1059 932 scriptam

184 939 246 971 esse
267 939 335 980 post
360 939 482 970 editum
507 947 523 969 a
546 935 729 977 Pomponio
756 935 871 966 librum
898 934 1058 965 decimum

185 984 315 1013 tertium
340 981 377 1011 ad
401 980 552 1011 Sabinum
577 988 617 1010 ex
642 986 706 1018 quo
732 975 777 1008 est
798 977 826 1007 d.
848 975 866 1007 l.
892 979 951 1013 60,
976 976 1005 1006 ἃ
1025 975 1058 1006 ii-

186 1023 277 1054 brum
305 1021 426 1053 sextum
452 1021 499 1053 Ad
525 1020 569 1062 Q.
600 1019 748 1050 Mucium
774 1026 814 1048 ex
838 1026 903 1057 quo
921 1016 966 1048 est
989 1017 1017 1047 cl.
1039 1016 1058 1047 l.

190 1074 258 1096 121.
282 1063 325 1095 D.
348 1065 381 1095 cle
411 1064 563 1094 verborum
579 1059 805 1102 significatione.
837 1066 931 1098 atque
956 1058 987 1089 iu
1010 1057 1058 1097 jus

184 1105 354 1137 Africanus
377 1104 397 1136 l.
425 1114 473 1137 10.
506 1103 551 1134 D.
575 1103 650 1133 Rem
677 1100 783 1141 pupilli
808 1099 854 1130 vel
877 1099 1057 1139 adolescentis

174 1147 373 1188 salvamfore
388 1146 450 1187 Jam
471 1152 593 1176 certum
611 1142 702 1174 fuiss'e
725 1142 861 1179 ludicat‚
886 1149 959 1171 cuin
984 1139 1054 1171 scri-

181 1188 277 1220 ·beret
303 1188 416 1219 librum
442 1188 571 1218 tertium
594 1183 828 1227 Quaestionum.
851 1190 924 1214 narn
954 1191 994 1213 ex
1014 1191 1054 1213 eo

182 1230 267 1261 libro
285 1229 468 1269 desumptus
487 1228 512 1259 is
532 1229 622 1258 locus
643 1225 697 1257 est.

223 1270 307 1312 Quae
336 1270 357 1302 si
381 1271 424 1301 ita
449 1269 543 1301 sunt:
578 1275 678 1308 puto,
707 1273 861 1307 apparet,
885 1263 1053 1305 quomodo

182 1312 387 1354 explicandus
410 1311 445 1343 sit
467 1310 635 1350 Javolenus
651 1309 670 1340 l.
698 1316 765 1349 1¹7·
790 1307 832 1338 D.
857 1307 889 1337 de
903 1307 1053 1337 verborum

175 1352 409 1396 significatione:
439 1361 512 1383 cum
536 1351 577 1383 fic
596 1349 723 1387 scribit,
747 1349 820 1380 Non
844 1345 936 1388 potest
957 1347 1051 1378 videri

181 1397 279 1426 minus
293 1393 411 1434 solviffe
424 1395 448 1424 is
463 1394 494 1424 in
512 1402 595 1434 quem
612 1391 756 1431 amplioris
764 1391 886 1434 sumnue
902 1387 976 1420 attio
994 1397 1051 1418 non

182 1438 323 1476 competit.
347 1436 415 1466 vult
439 1435 542 1472 enim,
567 1432 767 1469 debitorem,
792 1429 847 1461 etsi
871 1439 902 1461 in
926 1428 1049 1461 solven-

182 1478 225 1509 do
242 1485 363 1508 moram
381 1474 593 1511 commiserit,
626 1481 732 1504 tamen
753 1471 774 1503 si
786 1470 888 1502 usuras
904 1470 1050 1511 stipulan-

181 1519 204 1550 ti
223 1528 288 1549 non
305 1515 465 1557 promisit,
491 1525 555 1547 non
572 1515 673 1546 videri
690 1514 792 1545 minus
812 1511 953 1544 solvisse:
978 1512 1050 1552 quia

181 1559 246 1600 ejus
269 1565 380 1596 aetate,
409 1558 517 1598 (cujus
545 1555 703 1595 postrema
728 1563 799 1595 pars
823 1554 952 1585 videtur
968 1553 1048 1584 inci-

177 1599 255 1632 disse
277 1600 308 1631 in
332 1599 499 1639 imperium
525 1597 673 1638 Trajani,
703 1605 768 1637 quo
796 1602 858 1626 tem
886 1604 942 1626 ore
976 1603 1049 1626 eum

174 1642 306 1674 delirare
316 1638 459 1680 coepisse,
470 1640 587 1672 Plinius
599 1638 761 1670 scribitlio.
771 1640 800 1667 6.
809 1639 851 1677 epi
880 1660 886 1667 .
900 1635 967 1676 15.)
984 1635 1050 1667 usu-

175 1692 218 1715 rae
233 1683 351 1722 Judicis
371 1681 481 1713 officio
493 1681 635 1712 nondum
645 1679 854 1711 debebantur.
877 1685 1048 1715 caeoerum,

176 1724 198 1756 fi
214 1724 244 1755 in
262 1723 442 1764 stipulatum
463 1722 606 1754 deducrae
625 1720 743 1758 essent,
766 1718 838 1759 post
855 1728 976 1750 moram
993 1719 1050 1750 mi-

176 1775 234 1797 nus
253 1764 395 1796 solvere:
419 1766 490 1802 quia
507 1764 568 1804 jam
584 1762 747 1801 amplioris
764 1760 892 1791 sumnia:
908 1759 992 1790 atrio
1007 1769 1049 1791 ex

175 1806 323 1847 stipulatu
345 1806 562 1843 competebat.
608 1803 708 1846 Quod
732 1801 752 1833 fi
768 1803 799 1833 id
822 1800 985 1842 scripsisset
1000 1800 1048 1840 Ja-

176 1849 310 1880 voienus
327 1847 397 1887 post
416 1846 688 1879 Constitutionem
705 1852 767 1883 qua
784 1843 881 1874 usurae
897 1844 927 1873 in
953 1842 1046 1873 bonae

175 1888 250 1921 fidei
263 1889 388 1929 judiciis
412 1887 523 1919 officio
539 1886 660 1927 Judicis
685 1888 951 1918 committuntun·
981 1893 1046 1914 non

175 1930 344 1962 necessaria
364 1929 441 1961 esset
461 1928 603 1970 superior
626 1926 868 1967 interpretatio:
894 1925 967 1965 quia
989 1925 1047 1955 alia

176 1973 242 2012 peti
261 1971 362 2012 posset
380 1980 418 2003 ex
437 1971 515 2010 l.49.
532 1970 560 2012 §.
575 1980 598 2004 1.
612 1968 653 2000 D.
677 1971 709 2000 de
727 1966 886 1999 actionibus
906 1968 991 2007 enimi
1008 1965 1045 2001 ὅ)

175 2014 297 2044 venditi.

217 2054 297 2086 illud
319 2052 425 2084 nescio
451 2062 487 2084 an
506 2052 617 2083 addam
635 2074 644 2089 ,
676 2050 852 2091 ignorantia
877 2047 1044 2090 superioris

174 2094 407 2126 observationis
424 2094 550 2135 egregie
565 2092 631 2124 falli
651 2091 689 2123 V.
716 2092 775 2124 CL.
801 2090 967 2122 Claudium
981 2090 1044 2121 Sal·

175 2137 322 2174 manum,
346 2136 394 2167 De
412 2138 489 2166 modo
507 2138 661 2171 usurarum
676 2144 700 2164 c.
717 2143 735 2172 4
763 2140 832 2174 pag.
853 2137 919 2166 180.
937 2130 1043 2172 &serp

175 2179 207 2209 in
224 2179 486 2218 interpretatione
503 2177 564 2208 loci
583 2176 742 2215 cujusdam
762 2174 906 2215 Polybii,
930 2175 961 2204 in
979 2172 1043 2204 Ex-

176 2220 278 2259 cerptis
293 2229 329 2249 ex
347 2218 529 2249 Collefftaneis
554 2217 738 2257 Constantini
760 2212 889 2257 Augusti
914 2214 1041 2254 Porphy-

175 2267 328 2302 rogenetae,
352 2269 421 2300 quae
438 2257 555 2291 Parisiis
572 2258 671 2289 edidit
695 2256 855 2288 Hem-icus
882 2255 1041 2294 Valesius,

172 2308 232 2343 pag
253 2311 316 2342 155.
337 2301 365 2332 &
386 2304 451 2340 156.
468 2299 595 2338 Polybii
615 2298 711 2329 verba
730 2298 784 2329 etsi
801 2298 888 2337 plura
907 2297 982 2335 sint,
998 2304 1042 2328 ta-

174 2353 248 2374 men
264 2343 335 2383 quin
352 2341 502 2372 notabilia
520 2340 607 2379 sunt,
625 2339 766 2380 apposui.
786 2339 882 2370 verba
902 2337 1041 2379 Polybii.

175 2384 289 2415 Deinde
305 2383 426 2423 filiabus
443 2383 581 2423 Scipionis
601 2383 719 2422 magni,
738 2382 833 2421 patris
856 2380 1041 2420 adoptivisb-

176 2427 299 2462 roribus,
310 2426 461 2455 dimidium
471 2425 543 2455 dotis
550 2423 724 2462 solvendum
733 2429 805 2453 erat.
830 2421 978 2463 Siquidem
988 2429 1041 2461 pa·

175 2472 217 2497 ter
236 2468 433 2507 quadraginta
448 2465 556 2496 talenta
573 2465 690 2505 utrique
701 2462 773 2503 filiae
787 2465 860 2494 dotis
868 2464 980 2494 nomine
989 2464 1039 2493 da-

175 2514 315 2546 turumje
324 2509 530 2547 spoponderat:
553 2506 639 2547 cujus
657 2506 783 2543 pecunia
806 2505 955 2536 dimidiam
977 2504 1040 2544 qui-

174 2550 236 2579 dem
252 2554 365 2588 partem
380 2554 470 2578 mater
491 2549 607 2588 utrique
627 2556 730 2588 genero
746 2551 951 2577 numeraverat
970 2552 1040 2585 prae-

165 2592 297 2629 sentem,
317 2590 463 2619 dimidiam
479 2599 544 2619 vero
561 2591 592 2619 in
606 2597 659 2618 aere
673 2588 764 2619 alieno
785 2588 906 2618 moriens
920 2586 1038 2627 relique-

175 2636 232 2662 rat.
255 2639 341 2669 quare
352 2631 381 2660 icl
398 2639 497 2660 nomen
513 2630 530 2660 ιὶ
549 2629 583 2660 Ρ.
610 2629 739 2669 Scipione
754 2628 961 2669 diffolvenclum
978 2633 1040 2658 erat

174 2672 305 2712 adoptivi
322 2673 416 2710 patris
433 2673 590 2708 sororibus.
616 2670 704 2701 Porro
727 2680 791 2700 cum
815 2670 958 2711 reliquum
977 2669 1039 2699 e'us

172 2714 300 2754 pecuniae
310 2722 371 2753 quae
381 2713 450 2741 (iotis
460 2713 569 2742 nomine
579 2712 704 2748 debetur,
709 2711 778 2752 jure
787 2711 868 2742 civili
870 2710 969 2751 populi
1009 2719 1036 2741 o-

175 2756 254 2786 mani
271 2763 372 2785 annua
394 2754 469 2783 bima
485 2756 571 2783 trima
586 2754 630 2783 die
644 2753 810 2784 mulieribus
825 2752 1038 2783 numerandum

164 2795 227 2835 fit,
257 2792 445 2835 instrumento
471 2803 504 2824 ac
523 2792 712 2833 suppellefflle
733 2795 819 2833 prius
842 2794 923 2824 intra
946 2794 1038 2823 decem

174 2837 279 2877 menses
292 2833 426 2877 praestitis
441 2844 477 2865 ex
494 2844 567 2865 more
583 2835 633 2874 qui
654 2835 731 2874 apud
745 2834 807 2865 illos
829 2836 953 2866 obtinet:
976 2834 1037 2865 Sci-

170 2881 219 2920 pio
239 2875 336 2917 statim
358 2877 522 2917 argentario
543 2876 711 2912 mandavit,
735 2881 767 2906 ut
788 2877 916 2917 quinque
934 2874 971 2910 &⁹
993 2876 1038 2906 vi-

174 2921 254 2961 ginti
285 2918 394 2949 talenta
423 2918 568 2957 utrimque
597 2916 676 2946 intra
698 2917 790 2947 decem
811 2918 917 2957 menses
941 2917 1038 2956 proxi-

775 51 1118 98 'GERARDI
1168 59 1409 101 Noonfi·⁴

1102 148 1211 180 talenta
1234 150 1350 190 utrique
1373 152 1557 186 numeraret,
1581 152 1643 180 tum
1664 150 1687 181 ii
1703 159 1795 184 errare
1816 153 1964 187 illamdi-

1102 196 1229 225 xerunt,
1250 200 1307 221 non
1322 191 1396 221 eniin
1423 188 1587 229 univerjam
1606 189 1696 228 fimul
1716 195 1867 232 pecuniam
1887 219 1897 235 ,
1911 197 1965 236 Jed

1102 231 1216 262 tertiam
1241 237 1356 262 tantum
1373 237 1486 271 partem
1509 231 1540 260 in
1560 233 1711 270 praesentia
1731 234 1840 274 legibus
1863 237 1965 268 deberi.

1101 280 1221 313 cumque
1242 272 1288 303 ille
1300 273 1456 314 *subjiceret
1482 271 1525 302 im
1535 271 1593 310 fibi
1614 276 1783 306 mandatum
1804 275 1854 315 effe
1869 287 1887 307 a
1904 277 1967 308 Sci·

1099 315 1183 354 pione
1202 336 1212 349 ,
1235 312 1321 354 clzffifi
1331 314 1470 354 juvenem
1483 313 1638 351 adierunt,
1661 314 1718 345 labi
1732 324 1796 346 eum
1811 318 1963 357 ignoratio-

1101 364 1137 386 ne
1151 356 1295 386 arbitrati.
1319 356 1404 396 idque
1415 353 1541 394 profesto
1567 355 1647 385 haud
1660 354 1725 393 fine
1747 359 1842 396 causa.
1864 359 1966 392 etenim

1101 405 1160 427 non
1174 398 1251 427 modo
1275 396 1491 437 quinquaginta
1512 396 1621 427 talenta
1643 402 1709 427 ante
1736 399 1893 430 triennium
1914 408 1963 429 ne-

1100 447 1145 467 mo
1155 460 1165 475 ,
1179 438 1234 476 sed
1244 447 1278 468 ne
1293 447 1385 468 unum
1399 438 1512 478 quidem
1521 442 1587 468 ante
1600 436 1793 478 prestitutum
1807 440 1881 471 diem
1889 437 1966 481 quis-⁴,

1096 487 1183 520 quam
1198 478 1295 510 Romae
1302 479 1411 518 solvat.
1436 484 1552 510 tantam
1569 480 1768 521 urzusquisque
1784 480 1965 521 diligentiam

1095 523 1128 550 in
1140 521 1282 560 pecunia,
1306 519 1462 551 utilitatem
1482 522 1513 550 in
1532 527 1651 561 tempore
1673 522 1799 553 collocat.
1824 520 1966 553 Caeterun'i

1099 571 1167 592 cum
1183 561 1344 602 Scipionem
1360 561 1568 601 conveniffent,
1575 562 1759 602 pert-unbiati
1776 564 1846 604 quid
1862 572 1967 604 argen-

1101 603 1174 633 tario
1197 604 1228 632 in
1254 604 1398 633 mandatis
1423 602 1536 643 dediffet
1553 626 1562 640 .,
1594 613 1659 635 cum
1682 604 1727 635 ille
1752 605 1860 639 diceret
1884 605 1966 636 manss

1100 643 1193 690 claffo,
1217 649 1251 674 ut
1274 644 1364 674 omnis
1373 642 1463 682 finzul
1477 645 1603 684 pecunia
1611 647 1760 684 sororibus
1782 646 1969 687 solveretur,

1101 685 1144 716 illi
1163 691 1223 724 prce
1237 685 1271 725 se
1287 695 1386 716 curam
1407 686 1469 727 ejus
1481 685 1626 725 ferentes,
1648 696 1744 718 errare
1768 697 1833 719 eum
1840 688 1970 729 subjece-

1100 732 1193 758 runt:
1216 724 1268 766 ipsi
1282 727 1421 766 enimsua
1436 726 1524 767 ipsius
1541 728 1661 768 pecunia
1676 730 1721 759 uti
1735 730 1766 759 in
1783 729 1902 768 longum
1921 730 1971 760 ad-

1101 767 1158 802 huc
1175 773 1286 808 tempus
1301 768 1408 809 legibus
1424 767 1517 798 licere.
1559 768 1603 798 At
1619 770 1712 809 SciPio
1735 771 1791 800 [πρε
1808 769 1865 807 fiiri
1886 771 1971 810 probe

1102 815 1241 849 comperta
1254 808 1289 842 δέ)
1305 810 1419 850 cognita
1433 809 1484 850 effe
1500 810 1657 849 respondit,
1679 811 1726 848 sed
1742 820 1806 841 cum
1821 812 1968 842 extraneis

1101 850 1216 890 quidem
1226 847 1329 890 striii‘o
1346 850 1416 891 jure
1431 852 1475 881 uti
1485 850 1590 889 solere,
1612 860 1678 882 cum
1692 853 1861 892 propinquis
1876 860 1971 885 autem

1102 891 1139 925 &⁹
1166 892 1265 922 amicis
1290 892 1411 922 conoide
1430 901 1464 922 ac
1484 891 1615 932 generose
1640 901 1723 933 agere
1745 899 1888 934 quantum
1904 892 1972 933 fieri

1096 931 1195 972 poffit.
1237 942 1328 974 quare
1347 938 1379 963 ut
1394 942 1503 963 omnem
1519 935 1671 973 pecuniam
1693 935 1729 964 ab
1743 936 1908 975 argentario
1923 945 1971 965 ac·

1101 975 1225 1013 ciperem
1242 976 1371 1016 rogabat.
1397 973 1511 1017 Quibus
1526 975 1634 1005 auditis
1646 997 1655 1013 ,
1674 973 1804 1006 'liberius
1814 975 1849 1010 δ’)
1860 973 1972 1012 Nasica

1102 1016 1187 1046 taciti
1210 1016 1322 1046 dornum
1336 1015 1535 1055 reverfisunt.
1556 1013 1638 1047 Haec
1654 1015 1819 1057 Polybius.
1844 1017 1882 1048 ad
1899 1019 1969 1058 quai

1100 1055 1142 1088 fic
1159 1056 1266 1087 scribit
1287 1055 1470 1094 Salmasius,
1497 1055 1614 1096 Constat
1638 1058 1727 1088 etiam
1749 1067 1784 1088 ex
1802 1059 1896 1089 verbis
1915 1059 1970 1090 Po-

1103 1097 1174 1138 lgybii
1187 1107 1250 1138 quae
1257 1098 1351 1139 supra
1365 1098 1516 1129 retulimus
1527 1121 1535 1136 ‚
1541 1097 1676 1139 fingulas
1682 1097 1827 1139 pensiones
1846 1109 1902 1130 non
1909 1093 1969 1141 post

1093 1140 1186 1179 finem
1201 1140 1273 1170 anni
1283 1162 1292 1178 ,
1305 1140 1358 1180 sed
1373 1140 1478 1170 decimo
1494 1140 1585 1179 mense
1593 1139 1672 1178 solvi
1680 1140 1784 1179 solitus
1795 1164 1804 1178 ‚
1814 1141 1894 1180 forte
1912 1147 1967 1180 ut,

1091 1178 1122 1218 si
1137 1190 1193 1211 non
1209 1179 1273 1221 effet
1277 1181 1379 1220 soluta
1389 1204 1399 1221 ,
1422 1182 1453 1211 in
1465 1179 1527 1219 fine
1543 1190 1608 1212 cum
1624 1181 1719 1220 usuris
1731 1181 1818 1222 poffet
1836 1184 1915 1224 exigi
1931 1184 1966 1214 ab

1096 1231 1125 1252 eo
1145 1223 1194 1252 cui
1209 1223 1370 1253 debebatur.
1412 1220 1542 1262 Nempe
1556 1230 1647 1264 putat
1662 1221 1843 1261 Salmasius,
1867 1225 1969 1257 usuras'

1096 1263 1127 1294 in
1145 1263 1238 1294 bonae
1256 1262 1330 1294 fidei
1344 1264 1470 1303 judiciis
1493 1273 1534 1294 eo
1554 1271 1702 1304 tempore
1716 1273 1756 1295 ex
1771 1273 1860 1295 mora
1878 1264 1969 1296 fuisse

1096 1304 1219 1336 debitas
1243 1304 1351 1335 officio
1375 1304 1518 1344 Judicis;
1542 1314 1602 1336 nec
1624 1303 1715 1336 suiss‘e
1741 1304 1881 1345 causam,
1911 1315 1969 1339 cut

1094 1355 1160 1377 non
1186 1355 1225 1377 ex
1248 1347 1326 1378 dote
1352 1346 1565 1378 deberentur:
1589 1344 1653 1377 five
1678 1347 1809 1378 maritus
1835 1346 1969 1379 cessaret
1995 1376 2006 1381 ,

1094 1396 1164 1418 eam
1193 1386 1359 1419 restituere
1383 1396 1503 1426 annua,
1536 1387 1640 1427 bima,
1672 1388 1783 1426 trima,
1806 1388 1880 1420 die:
1903 1389 1968 1421 sive

1093 1428 1118 1460 is
1137 1428 1190 1469 qui
1208 1430 1323 1460 marito
1344 1437 1413 1460 eam
1431 1427 1618 1469 promiserat
1635 1452 1644 1467 ‚
1669 1429 1802 1460 ceffaret
1819 1429 1847 1461 ei
1867 1428 1970 1461 solve-

1092 1478 1143 1500 re:
1168 1471 1197 1501 &
1221 1470 1307 1501 addit
1331 1469 1516 1508 Salmasius,
1547 1469 1680 1511 singulas
1704 1470 1872 1510 pensiones
1899 1481 1967 1504 non

1092 1510 1162 1552 post
1174 1511 1245 1543 anni
1262 1511 1359 1543 finem
1379 1510 1455 1542 solvi
1474 1510 1596 1550 solitas,
1621 1510 1672 1542 sed
1697 1512 1824 1543 decimo
1841 1512 1981 1552 mense;'

1093 1560 1146 1590 ut,
1171 1552 1269 1584 finon
1296 1551 1372 1584 effet
1399 1552 1519 1591 soluta,
1541 1553 1573 1584 in
1597 1551 1660 1584 fine
1676 1561 1748 1584 cum
1766 1553 1863 1585 usuris
1879 1555 1966 1595 exigi

1092 1593 1208 1634 posset.
1255 1593 1364 1625 Habes
1381 1593 1517 1626 Salmasii
1538 1593 1725 1626 sententiam
1738 1617 1748 1633 ,
1770 1603 1866 1635 atque
1880 1595 1911 1626 in
1930 1605 1967 1627 ea

1094 1636 1202 1680 plures
1223 1644 1359 1666 errores.
1379 1635 1498 1676 primus
1514 1634 1577 1673 est,
1598 1636 1686 1675 quod
1705 1637 1846 1676 putavit,
1864 1635 1969 1669 usuras

1092 1685 1125 1707 in
1151 1676 1242 1708 bonae
1266 1675 1340 1708 fidei
1356 1677 1481 1716 J'udiciis
1505 1686 1546 1708 ex
1563 1686 1651 1708 mora
1675 1676 1799 1708 debitas
1817 1676 1906 1709 fuisse
1917 1677 1968 1709 of-

1091 1716 1167 1750 ficio
1188 1718 1325 1757 judicis:
1350 1727 1422 1749 cum
1441 1718 1473 1749 id
1490 1727 1555 1749 non
1577 1717 1646 1757 J‘ure
1671 1718 1754 1749 civili
1765 1741 1777 1755 ‚,
1804 1728 1909 1758 neque
1931 1719 1968 1751 li-

1091 1758 1167 1790 bei-a
1189 1759 1371 1799 republica,
1403 1758 1573 1790 obtinuiss'e
1590 1781 1600 1795 ‚
1626 1757 1679 1790 sed
1699 1759 1825 1791 demum
1845 1760 1965 1792 Princi-

1091 1808 1167 1839 pum
1186 1799 1479 1831 Constitutionibus
1498 1799 1647 1831 effectum
1665 1798 1746 1839 esse,
1769 1810 1809 1831 ex
1828 1809 1901 1832 ante
1917 1801 1965 1833 di-

1092 1840 1148 1872 ctis
1161 1840 1297 1872 constet.
1324 1841 1403 1873 alter
1420 1850 1510 1873 error
1529 1839 1592 1875 cst,
1614 1842 1701 1880 quod
1719 1851 1788 1873 eam
1805 1841 1964 1875 actionem·

1088 1890 1150 1922 qua
1165 1883 1311 1921 maritus,
1335 1881 1501 1914 constante
1529 1883 1755 1922 matrimonio,
1773 1891 1898 1923 peteret
1909 1884 1964 1915 do-

1089 1930 1154 1955 tem
1172 1923 1226 1955 sibi
1245 1923 1445 1964 promissam,
1478 1925 1569 1955 bonae
1591 1922 1667 1955 fidei
1690 1923 1771 1963 esse,
1794 1925 1961 1957 arbitratus

1088 1964 1143 1996 est.
1160 1974 1270 1997 verum
1286 1965 1371 1997 enirn
1388 1965 1459 2005 est,·
1471 1966 1579 1996 dotem
1596 1965 1678 2006 apud
1700 1966 1833 1997 Veteres
1853 1965 1960 1998 saltem·

1087 2006 1259 2038 traditione
1275 2030 1285 2044 ,
1317 2015 1370 2038 aut
1393 2006 1596 2045 stipulatione
1612 2030 1621 2045 ‚
1643 2014 1696 2037 aut
1719 2007 1878 2046 dictione,
1902 2016 1960 2047 po-

1088 2046 1177 2078 tuisse
1193 2048 1369 2086 constitui,
1394 2048 1522 2078 auctore
1546 2046 1705 2087 Ulpiano,
1728 2050 1758 2078 in
1774 2047 1886 2090 Fragm.
1911 2051 1958 2080 tit.

1086 2092 1116 2121 6.
1135 2088 1165 2120 ἃ
1191 2087 1274 2129 Gajo
1299 2089 1347 2120 lib.
1371 2099 1400 2120 2.
1425 2086 1498 2129 lnst.
1523 2090 1568 2119 tit.
1593 2100 1620 2127 9.
1643 2088 1678 2129 ᾗ.
1702 2099 1730 2129 3.
1755 2097 1849 2129 atque
1872 2090 1954 2122 adeo

1088 2139 1104 2161 a
1121 2130 1233 2161 marito
1252 2139 1422 2170 numquam
1439 2130 1504 2170 peti
1517 2130 1640 2162 afflone
1658 2132 1749 2161 bonae
1762 2129 1856 2162 fidei:
1881 2132 1958 2162 licet

1088 2171 1217 2210 mulier,
1241 2170 1346 2203 soluto
1363 2172 1586 2209 matrimonio,
1604 2180 1672 2202 cam
1690 2179 1836 2210 repetere
1852 2171 1957 2212 posset

1086 2212 1212 2244 afflone
1229 2213 1272 2244 rei
1290 2214 1410 2244 uxoriae
1427 2222 1495 2253 quae
1514 2221 1581 2243 erat
1600 2214 1693 2244 bona:
1720 2213 1791 2244 fidei
1809 2236 1817 2252 ,
1843 2214 1912 2252 vel,
1935 2212 1958 2244 si

1086 2254 1126 2286 de
1141 2254 1332 2286 restituenda
1355 2255 1433 2286 dote
1462 2254 1621 2294 stipulatio
1647 2253 1830 2294 interposita
1858 2253 1956 2293 esset,

1086 2295 1213 2327 actione
1236 2305 1276 2327 ex
1294 2295 1541 2336 stipulatu,quae
1561 2295 1644 2326 atrio
1662 2303 1728 2326 erat
1748 2294 1843 2326 striffi
1856 2297 1952 2336 juris,

1084 2346 1255 2378 antequam
1271 2336 1457 2376 Justinianus
1473 2346 1542 2368 eam
1562 2335 1642 2368 fecit
1659 2337 1748 2368 bonae
1768 2335 1841 2367 fidei
1857 2337 1886 2378 §.
1907 2347 1954 2372 ρῳ.

1084 2376 1159 2419 Inft.
1182 2381 1216 2410 de
1236 2377 1406 2410 ustionibus.
1428 2378 1591 2419 postremo
1616 2387 1676 2409 nec
1699 2379 1762 2409 lioc
1789 2378 1864 2409 mibi
1893 2379 1954 2418 pla-

1083 2428 1157 2459 cet,
1181 2420 1270 2460 quod
1291 2419 1454 2452 Salmasius
1477 2420 1520 2451 ait
1543 2420 1582 2451 de
1608 2418 1731 2460 singulis
1751 2419 1954 2460 pensionibus

1082 2470 1148 2493 non
1173 2460 1244 2502 post
1265 2460 1361 2493 finem
1377 2462 1467 2500 anni,
1491 2460 1542 2492 sed
1568 2461 1695 2492 decimo
1721 2460 1826 2492 mense
1841 2484 1851 2500 ‚
1873 2460 1951 2492 solvi

1083 2502 1199 2535 solitis:
1223 2502 1352 2543 ejusque
1369 2503 1413 2534 rei
1431 2502 1512 2534 hanc
1530 2501 1591 2533 effe
1612 2502 1765 2533 rationein
1786 2502 1952 2541 opinatur;

1083 2543 1180 2582 ut,‚si
1199 2553 1264 2575 non
1286 2543 1364 2576 effet
1387 2543 1503 2582 soluta,
1528 2544 1559 2574 in
1582 2541 1644 2574 fine
1665 2552 1737 2574 cuin
1754 2543 1848 2575 usuris
1866 2544 1951 2584 exigi

1084 2582 1196 2626 posset.
1221 2594 1286 2616 non
1309 2585 1393 2616 enim
1416 2585 1458 2616 ita
1483 2583 1537 2616 est.
1563 2582 1615 2615 sed
1639 2594 1675 2614 ea
1700 2594 1749 2615 res
1775 2584 1870 2615 habet
1896 2595 1948 2615 ve-

1083 2626 1208 2668 stigium
1225 2627 1344 2658 veteris
1361 2626 1451 2658 anni:
1477 2626 1530 2666 qui
1547 2624 1674 2657 Romuli
1694 2625 1771 2662 fuit,
1797 2634 1856 2656 nec
1871 2626 1950 2657 duo-

1083 2668 1188 2700 decim
1204 2691 1214 2708 ,
1246 2666 1299 2699 sed
1322 2668 1455 2705 decem,
1485 2666 1641 2699 mensibus
1666 2664 1858 2698 finiebatur:
1890 2667 1919 2698 dc
1937 2690 1948 2704 ,

1080 2717 1270 2750 quamquam
1298 2718 1314 2739 a
1339 2707 1446 2740 Numa
1476 2708 1591 2739 deinde
1620 2708 1727 2739 auctus
1759 2707 1795 2738 sit
1823 2707 1947 2739 duobus

1080 2749 1256 2789 mensibus,
1279 2749 1408 2781 austore
1432 2747 1554 2781 Ovidio
1579 2749 1627 2780 lib.
1657 2759 1683 2781 1.
1708 2748 1881 2789 Fastorum,
1906 2750 1947 2780 vi-

1080 2793 1174 2824 detur
1199 2799 1304 2822 tamen
1334 2793 1365 2822 in
1385 2791 1505 2831 juribus
1524 2814 1534 2829 ‚
1571 2800 1587 2820 a
1610 2790 1751 2822 Romulo
1785 2791 1919 2830 proditis
1935 2813 1946 2828 ‚

1080 2834 1176 2865 etiam
1203 2832 1431 2874 posterioribus
1455 2831 1651 2872 temporibus
1676 2831 1756 2872 saepe
1784 2839 1875 2863 vetus
1893 2832 1946 2862 de-

1080 2884 1152 2906 cem
1176 2874 1329 2906 mensium
1361 2873 1492 2913 spatium
1523 2872 1691 2904 retinuisse.
1734 2873 1816 2904 hanc
1841 2873 1946 2912 conje-
1972 2897 1974 2899 ,

1081 2916 1199 2948 cruram
1216 2916 1304 2956 juvat
1321 2914 1440 2946 Seneca
1456 2911 1532 2955 epist.
1555 2918 1611 2955 63.
1635 2923 1706 2946 cum
1733 2915 1775 2945 ait
1789 2936 1800 2952 ‚
1822 2914 1945 2944 Annum

174 2971 233 2992 mos
252 2960 432 3001 persolveret.
474 2957 547 2988 Cum
571 2965 637 2987 vero
667 2955 796 2988 Tiberius
818 2959 970 2990 Gracchus
1001 2957 1038 2992 &²
1072 2958 1206 2999 foeminis
1223 2957 1260 2988 acl
1276 2956 1433 2997 lugendum
1448 2955 1615 2996 constituere
1637 2956 1766 2997 majores.
1796 2955 1944 2993 intelligit

175 3003 271 3042 Scipio
303 2999 416 3038 Nafica
438 3021 447 3038 ‚

167 3043 269 3083 sterant
291 3066 301 3082 ,
332 3042 420 3082 elapso
451 3040 542 3080 meuse
571 3040 673 3069 decimo
700 3037 846 3078 confestim
870 3041 907 3071 ad
936 3050 1038 3081 argen-

177 3085 286 3115 tarium
324 3081 464 3123 veniffent
482 3104 491 3120 ‚
532 3079 727 3122 rogaffentque
748 3102 758 3117 ,
795 3090 866 3110 num
899 3083 971 3121 quid
1007 3082 1041 3112 de

175 3134 208 3156 ea
227 3127 349 3164 pecunia
369 3124 500 3155 numerati
522 3123 557 3154 ab
581 3122 710 3161 Scipione
732 3121 863 3159 haberet,
889 3128 978 3161 atque
996 3123 1042 3152 ille

170 3167 325 3208 pecuniam
341 3169 464 3205 accipere
479 3174 521 3196 eos
533 3164 664 3205 juberet,
688 3161 725 3198 ἃ
740 3164 868 3204 quinque
882 3171 916 3196 cic
934 3163 1045 3203 viginti

481 3000 583 3039 quibus
607 3002 674 3028 ante
696 2996 776 3029 diffie
805 3000 936 3030 mulieres
965 3006 1038 3039 nup·
1080 3007 1186 3031 autem
1209 3007 1324 3029 annum
1349 3007 1414 3028 non
1442 2996 1576 3035 Numae,
1607 2997 1663 3028 sed
1687 2995 1820 3028 Romuli.
1845 2993 1954 3033 ipsum·

1082 3040 1179 3079 audi,
1203 3039 1343 3076 Confiilut.
1374 3039 1411 3069 ad
1436 3038 1576 3070 Helviam
1602 3049 1626 3069 c.
1660 3042 1706 3069 16.
1739 3036 1803 3068 Ideo
1826 3036 1945 3076 majores

1082 3083 1175 3113 decem
1200 3079 1336 3118 menfium
1350 3079 1483 3121 spaliznn
1509 3079 1674 3122 lugentibus
1695 3078 1774 3110 viros
1794 3077 1943 3108 dederunt.

1087 3123 1183 3157 etiam
1199 3121 1351 3156 Ovidium
1368 3122 1394 3153 α’.
1413 3121 1461 3153 lio.
1491 3129 1514 3152 r.

1899 3196 1953 3230 Per

2022 1017 2025 1030 l
