<?xml version="1.0" encoding="UTF-8"?>
<!DOCTYPE html PUBLIC "-//W3C//DTD XHTML 1.0 Transitional//EN"
    "http://www.w3.org/TR/xhtml1/DTD/xhtml1-transitional.dtd">
<html xmlns="http://www.w3.org/1999/xhtml" xml:lang="en" lang="en">
 <head>
  <title>
</title>
<meta http-equiv="Content-Type" content="text/html;charset=utf-8" />
  <meta name='ocr-system' content='tesseract 3.04.00' />
  <meta name='ocr-capabilities' content='ocr_page ocr_carea ocr_par ocr_line ocrx_word'/>
</head>
<body>
  <div class='ocr_page' id='page_1' title='image "./gerardinoodtnovi00nood/gerardinoodtnovi00nood_0916.png"; bbox 0 0 2036 3495; ppageno 0'>
   <div class='ocr_carea' id='block_1_1' title="bbox 165 109 1063 3200">
    <p class='ocr_par' dir='ltr' id='par_1_1' title="bbox 167 109 1045 1095">
     <span class='ocr_line' id='line_1_1' title="bbox 167 109 1004 164; baseline -0.01 -17"><span class='ocrx_word' id='word_1_1' title='bbox 167 127 238 164; x_wconf 63' lang='lat'>334</span> <span class='ocrx_word' id='word_1_2' title='bbox 659 109 693 142; x_wconf 78' lang='lat' dir='ltr'>G</span> <span class='ocrx_word' id='word_1_3' title='bbox 726 118 745 141; x_wconf 72' lang='grc' dir='ltr'>ε</span> <span class='ocrx_word' id='word_1_4' title='bbox 776 117 799 140; x_wconf 67' lang='lat' dir='ltr'>a</span> <span class='ocrx_word' id='word_1_5' title='bbox 833 116 854 140; x_wconf 82' lang='grc' dir='ltr'><strong>Λ</strong></span> <span class='ocrx_word' id='word_1_6' title='bbox 880 116 902 140; x_wconf 68' lang='grc' dir='ltr'>κ</span> <span class='ocrx_word' id='word_1_7' title='bbox 934 117 957 140; x_wconf 79' lang='lat' dir='ltr'>n</span> <span class='ocrx_word' id='word_1_8' title='bbox 991 115 1004 140; x_wconf 82' lang='lat' dir='ltr'>x</span> 
     </span>
     <span class='ocr_line' id='line_1_2' title="bbox 175 193 1044 239; baseline -0.012 -5"><span class='ocrx_word' id='word_1_9' title='bbox 175 202 314 239; x_wconf 82' lang='lat' dir='ltr'>Servio,</span> <span class='ocrx_word' id='word_1_10' title='bbox 346 198 510 237; x_wconf 81' lang='lat' dir='ltr'>Labeoni,</span> <span class='ocrx_word' id='word_1_11' title='bbox 541 194 658 228; x_wconf 78' lang='lat' dir='ltr'>Sabino</span> <span class='ocrx_word' id='word_1_12' title='bbox 683 193 840 234; x_wconf 84' lang='lat' dir='ltr'>placuiffe.</span> <span class='ocrx_word' id='word_1_13' title='bbox 870 194 957 226; x_wconf 88' lang='lat' dir='ltr'>forte</span> <span class='ocrx_word' id='word_1_14' title='bbox 980 202 1044 225; x_wconf 81' lang='lat' dir='ltr'>uon</span> 
     </span>
     <span class='ocr_line' id='line_1_3' title="bbox 175 234 1045 277; baseline -0.013 -1"><span class='ocrx_word' id='word_1_15' title='bbox 175 243 241 276; x_wconf 77' lang='lat' dir='ltr'>sine</span> <span class='ocrx_word' id='word_1_16' title='bbox 265 244 404 274; x_wconf 81' lang='lat' dir='ltr'>ratione:</span> <span class='ocrx_word' id='word_1_17' title='bbox 427 248 496 271; x_wconf 82' lang='lat' dir='ltr'>nam</span> <span class='ocrx_word' id='word_1_18' title='bbox 521 237 608 277; x_wconf 87' lang='lat' dir='ltr'>quod</span> <span class='ocrx_word' id='word_1_19' title='bbox 631 235 668 267; x_wconf 84' lang='lat' dir='ltr'>ad</span> <span class='ocrx_word' id='word_1_20' title='bbox 694 234 814 266; x_wconf 85' lang='lat' dir='ltr'>dolium</span> <span class='ocrx_word' id='word_1_21' title='bbox 838 236 954 266; x_wconf 81' lang='lat' dir='ltr'>attinet</span> <span class='ocrx_word' id='word_1_22' title='bbox 972 257 982 273; x_wconf 92' lang='lat'>,</span> <span class='ocrx_word' id='word_1_23' title='bbox 1013 235 1045 266; x_wconf 89' lang='lat' dir='ltr'>id</span> 
     </span>
     <span class='ocr_line' id='line_1_4' title="bbox 176 276 1044 318; baseline -0.01 -2"><span class='ocrx_word' id='word_1_24' title='bbox 176 285 304 316; x_wconf 79' lang='lat' dir='ltr'>locator</span> <span class='ocrx_word' id='word_1_25' title='bbox 324 292 387 314; x_wconf 89' lang='lat' dir='ltr'>non</span> <span class='ocrx_word' id='word_1_26' title='bbox 405 282 506 316; x_wconf 80' lang='lat' dir='ltr'>locat,</span> <span class='ocrx_word' id='word_1_27' title='bbox 523 278 616 317; x_wconf 83' lang='lat' dir='ltr'>quale</span> <span class='ocrx_word' id='word_1_28' title='bbox 634 276 726 318; x_wconf 81' lang='lat' dir='ltr'>quale</span> <span class='ocrx_word' id='word_1_29' title='bbox 743 276 798 309; x_wconf 79' lang='lat' dir='ltr'>lit:</span> <span class='ocrx_word' id='word_1_30' title='bbox 816 276 867 308; x_wconf 86' lang='lat' dir='ltr'>sed</span> <span class='ocrx_word' id='word_1_31' title='bbox 885 283 1044 317; x_wconf 83' lang='lat' dir='ltr'>tamquam</span> 
     </span>
     <span class='ocr_line' id='line_1_5' title="bbox 176 317 1041 362; baseline -0.01 -4"><span class='ocrx_word' id='word_1_32' title='bbox 176 326 317 362; x_wconf 85' lang='lat' dir='ltr'>dolium,</span> <span class='ocrx_word' id='word_1_33' title='bbox 341 324 371 353; x_wconf 87' lang='lat' dir='ltr'>id</span> <span class='ocrx_word' id='word_1_34' title='bbox 399 321 463 358; x_wconf 88' lang='lat' dir='ltr'>est,</span> <span class='ocrx_word' id='word_1_35' title='bbox 494 327 653 358; x_wconf 81' lang='lat' dir='ltr'>tamquam</span> <span class='ocrx_word' id='word_1_36' title='bbox 680 327 733 349; x_wconf 85' lang='lat' dir='ltr'>vas</span> <span class='ocrx_word' id='word_1_37' title='bbox 763 326 864 357; x_wconf 81' lang='lat' dir='ltr'>capax</span> <span class='ocrx_word' id='word_1_38' title='bbox 889 317 1041 358; x_wconf 88' lang='lat' dir='ltr'>liquoris,</span> 
     </span>
     <span class='ocr_line' id='line_1_6' title="bbox 173 357 1041 405; baseline -0.009 -7"><span class='ocrx_word' id='word_1_39' title='bbox 173 364 315 405; x_wconf 83' lang='lat' dir='ltr'>ideoque</span> <span class='ocrx_word' id='word_1_40' title='bbox 340 364 510 401; x_wconf 84' lang='lat' dir='ltr'>integrum.</span> <span class='ocrx_word' id='word_1_41' title='bbox 540 359 628 400; x_wconf 87' lang='lat' dir='ltr'>quod</span> <span class='ocrx_word' id='word_1_42' title='bbox 661 358 683 391; x_wconf 86' lang='lat' dir='ltr'>fi</span> <span class='ocrx_word' id='word_1_43' title='bbox 710 358 857 391; x_wconf 83' lang='lat' dir='ltr'>vitiosum</span> <span class='ocrx_word' id='word_1_44' title='bbox 883 357 943 392; x_wconf 82' lang='lat' dir='ltr'>fit:</span> <span class='ocrx_word' id='word_1_45' title='bbox 975 361 1041 391; x_wconf 82' lang='lat' dir='ltr'>non</span> 
     </span>
     <span class='ocr_line' id='line_1_7' title="bbox 177 399 1043 450; baseline -0.008 -12"><span class='ocrx_word' id='word_1_46' title='bbox 177 405 304 450; x_wconf 81' lang='lat' dir='ltr'>praestat</span> <span class='ocrx_word' id='word_1_47' title='bbox 321 402 470 435; x_wconf 75' lang='lat' dir='ltr'>effectum</span> <span class='ocrx_word' id='word_1_48' title='bbox 486 408 583 441; x_wconf 84' lang='lat' dir='ltr'>atque</span> <span class='ocrx_word' id='word_1_49' title='bbox 602 400 688 432; x_wconf 85' lang='lat' dir='ltr'>usum</span> <span class='ocrx_word' id='word_1_50' title='bbox 705 399 798 439; x_wconf 86' lang='lat' dir='ltr'>dolii,</span> <span class='ocrx_word' id='word_1_51' title='bbox 822 400 896 441; x_wconf 79' lang='lat' dir='ltr'>quia·</span> <span class='ocrx_word' id='word_1_52' title='bbox 914 409 979 432; x_wconf 90' lang='lat' dir='ltr'>non</span> <span class='ocrx_word' id='word_1_53' title='bbox 997 399 1043 432; x_wconf 78' lang='lat' dir='ltr'>est</span> 
     </span>
     <span class='ocr_line' id='line_1_8' title="bbox 176 441 1041 487; baseline -0.006 -9"><span class='ocrx_word' id='word_1_54' title='bbox 176 456 275 487; x_wconf 80' lang='lat' dir='ltr'>capax</span> <span class='ocrx_word' id='word_1_55' title='bbox 293 443 442 484; x_wconf 81' lang='lat' dir='ltr'>liquoris:</span> <span class='ocrx_word' id='word_1_56' title='bbox 466 443 496 474; x_wconf 70' lang='lat' dir='ltr'>dt</span> <span class='ocrx_word' id='word_1_57' title='bbox 512 442 532 474; x_wconf 80' lang='lat' dir='ltr'>si</span> <span class='ocrx_word' id='word_1_58' title='bbox 550 442 611 473; x_wconf 87' lang='lat' dir='ltr'>tale</span> <span class='ocrx_word' id='word_1_59' title='bbox 628 441 690 473; x_wconf 78' lang='lat' dir='ltr'>effe</span> <span class='ocrx_word' id='word_1_60' title='bbox 706 441 798 473; x_wconf 74' lang='lat' dir='ltr'>scIvit</span> <span class='ocrx_word' id='word_1_61' title='bbox 815 442 961 480; x_wconf 86' lang='lat' dir='ltr'>locator,</span> <span class='ocrx_word' id='word_1_62' title='bbox 985 443 1041 473; x_wconf 87' lang='lat' dir='ltr'>do·</span> 
     </span>
     <span class='ocr_line' id='line_1_9' title="bbox 175 482 1043 525; baseline -0.008 -5"><span class='ocrx_word' id='word_1_63' title='bbox 175 486 224 521; x_wconf 86' lang='lat' dir='ltr'>Ius</span> <span class='ocrx_word' id='word_1_64' title='bbox 242 485 306 524; x_wconf 89' lang='lat' dir='ltr'>est,</span> <span class='ocrx_word' id='word_1_65' title='bbox 330 485 374 516; x_wconf 93' lang='lat' dir='ltr'>ob</span> <span class='ocrx_word' id='word_1_66' title='bbox 389 491 485 525; x_wconf 86' lang='lat' dir='ltr'>quern</span> <span class='ocrx_word' id='word_1_67' title='bbox 501 483 586 515; x_wconf 73' lang='lat' dir='ltr'>refte</span> <span class='ocrx_word' id='word_1_68' title='bbox 603 490 728 515; x_wconf 85' lang='lat' dir='ltr'>tenetur</span> <span class='ocrx_word' id='word_1_69' title='bbox 745 483 782 513; x_wconf 90' lang='lat' dir='ltr'>ad</span> <span class='ocrx_word' id='word_1_70' title='bbox 797 482 830 514; x_wconf 89' lang='lat' dir='ltr'>id</span> <span class='ocrx_word' id='word_1_71' title='bbox 848 482 935 523; x_wconf 87' lang='lat' dir='ltr'>quod</span> <span class='ocrx_word' id='word_1_72' title='bbox 949 483 1043 514; x_wconf 76' lang='lat' dir='ltr'>inter-</span> 
     </span>
     <span class='ocr_line' id='line_1_10' title="bbox 176 523 1043 567; baseline -0.005 -8"><span class='ocrx_word' id='word_1_73' title='bbox 176 528 239 559; x_wconf 88' lang='lat' dir='ltr'>est:</span> <span class='ocrx_word' id='word_1_74' title='bbox 261 526 303 558; x_wconf 84' lang='lat' dir='ltr'>lin</span> <span class='ocrx_word' id='word_1_75' title='bbox 327 525 505 567; x_wconf 84' lang='lat' dir='ltr'>ignoravit,</span> <span class='ocrx_word' id='word_1_76' title='bbox 536 524 639 556; x_wconf 85' lang='lat' dir='ltr'>adhuc</span> <span class='ocrx_word' id='word_1_77' title='bbox 662 525 729 564; x_wconf 80' lang='lat' dir='ltr'>ejus</span> <span class='ocrx_word' id='word_1_78' title='bbox 751 524 845 564; x_wconf 87' lang='lat' dir='ltr'>culpa</span> <span class='ocrx_word' id='word_1_79' title='bbox 866 523 930 562; x_wconf 86' lang='lat' dir='ltr'>est,</span> <span class='ocrx_word' id='word_1_80' title='bbox 954 524 1043 564; x_wconf 91' lang='lat' dir='ltr'>quod</span> 
     </span>
     <span class='ocr_line' id='line_1_11' title="bbox 172 562 1042 610; baseline -0.006 -10"><span class='ocrx_word' id='word_1_81' title='bbox 172 578 235 610; x_wconf 86' lang='lat' dir='ltr'>pro</span> <span class='ocrx_word' id='word_1_82' title='bbox 252 569 379 608; x_wconf 81' lang='lat' dir='ltr'>integro</span> <span class='ocrx_word' id='word_1_83' title='bbox 403 566 524 598; x_wconf 88' lang='lat' dir='ltr'>locavit</span> <span class='ocrx_word' id='word_1_84' title='bbox 546 565 687 603; x_wconf 87' lang='lat' dir='ltr'>dolium,</span> <span class='ocrx_word' id='word_1_85' title='bbox 711 565 798 605; x_wconf 84' lang='lat' dir='ltr'>quod</span> <span class='ocrx_word' id='word_1_86' title='bbox 815 573 878 596; x_wconf 90' lang='lat' dir='ltr'>non</span> <span class='ocrx_word' id='word_1_87' title='bbox 902 562 947 596; x_wconf 85' lang='lat' dir='ltr'>est</span> <span class='ocrx_word' id='word_1_88' title='bbox 963 566 1042 596; x_wconf 88' lang='lat' dir='ltr'>inte-</span> 
     </span>
     <span class='ocr_line' id='line_1_12' title="bbox 172 603 1042 653; baseline -0.006 -12"><span class='ocrx_word' id='word_1_89' title='bbox 172 618 275 653; x_wconf 85' lang='lat' dir='ltr'>grum.</span> <span class='ocrx_word' id='word_1_90' title='bbox 297 610 393 650; x_wconf 88' lang='lat' dir='ltr'>igitur</span> <span class='ocrx_word' id='word_1_91' title='bbox 417 607 505 647; x_wconf 84' lang='lat' dir='ltr'>quod</span> <span class='ocrx_word' id='word_1_92' title='bbox 529 610 591 648; x_wconf 83' lang='lat' dir='ltr'>prae</span> <span class='ocrx_word' id='word_1_93' title='bbox 618 605 647 637; x_wconf 90' lang='lat' dir='ltr'>se</span> <span class='ocrx_word' id='word_1_94' title='bbox 674 603 765 644; x_wconf 88' lang='lat' dir='ltr'>tulit,</span> <span class='ocrx_word' id='word_1_95' title='bbox 788 605 819 637; x_wconf 93' lang='lat' dir='ltr'>id</span> <span class='ocrx_word' id='word_1_96' title='bbox 845 613 880 636; x_wconf 91' lang='lat' dir='ltr'>ut</span> <span class='ocrx_word' id='word_1_97' title='bbox 897 604 1042 647; x_wconf 79' lang='lat' dir='ltr'>praestet,</span> 
     </span>
     <span class='ocr_line' id='line_1_13' title="bbox 171 645 1041 689; baseline -0.005 -7"><span class='ocrx_word' id='word_1_98' title='bbox 171 653 267 683; x_wconf 87' lang='lat' dir='ltr'>bonae</span> <span class='ocrx_word' id='word_1_99' title='bbox 278 649 352 682; x_wconf 88' lang='lat' dir='ltr'>fidei</span> <span class='ocrx_word' id='word_1_100' title='bbox 362 648 562 689; x_wconf 83' lang='lat' dir='ltr'>consequens</span> <span class='ocrx_word' id='word_1_101' title='bbox 572 647 615 679; x_wconf 88' lang='lat' dir='ltr'>est</span> <span class='ocrx_word' id='word_1_102' title='bbox 624 647 643 678; x_wconf 94' lang='lat' dir='ltr'>l.</span> <span class='ocrx_word' id='word_1_103' title='bbox 659 650 704 688; x_wconf 52' lang='lat'>13.</span> <span class='ocrx_word' id='word_1_104' title='bbox 712 646 742 689; x_wconf 91' lang='lat'>§.</span> <span class='ocrx_word' id='word_1_105' title='bbox 754 656 783 688; x_wconf 85' lang='lat'>3.</span> <span class='ocrx_word' id='word_1_106' title='bbox 797 646 836 678; x_wconf 89' lang='lat' dir='ltr'>D.</span> <span class='ocrx_word' id='word_1_107' title='bbox 846 648 878 677; x_wconf 78' lang='lat' dir='ltr'>de</span> <span class='ocrx_word' id='word_1_108' title='bbox 886 645 942 678; x_wconf 70' lang='lat' dir='ltr'>aa.</span> <span class='ocrx_word' id='word_1_109' title='bbox 956 650 1041 687; x_wconf 85' lang='lat' dir='ltr'>empt.</span> 
     </span>
     <span class='ocr_line' id='line_1_14' title="bbox 172 685 1042 728; baseline -0.006 -4"><span class='ocrx_word' id='word_1_110' title='bbox 172 692 227 725; x_wconf 90' lang='lat' dir='ltr'>Sic</span> <span class='ocrx_word' id='word_1_111' title='bbox 242 692 274 723; x_wconf 92' lang='lat' dir='ltr'>in</span> <span class='ocrx_word' id='word_1_112' title='bbox 293 691 381 722; x_wconf 89' lang='lat' dir='ltr'>dolio</span> <span class='ocrx_word' id='word_1_113' title='bbox 399 689 524 721; x_wconf 81' lang='lat' dir='ltr'>vitioso.</span> <span class='ocrx_word' id='word_1_114' title='bbox 569 688 605 728; x_wconf 82' lang='lat' dir='ltr'>In</span> <span class='ocrx_word' id='word_1_115' title='bbox 631 686 709 719; x_wconf 90' lang='lat' dir='ltr'>saltu</span> <span class='ocrx_word' id='word_1_116' title='bbox 737 686 853 728; x_wconf 82' lang='lat' dir='ltr'>pascuo</span> <span class='ocrx_word' id='word_1_117' title='bbox 870 685 952 719; x_wconf 86' lang='lat' dir='ltr'>aliud</span> <span class='ocrx_word' id='word_1_118' title='bbox 967 687 1042 727; x_wconf 72' lang='lat' dir='ltr'>iuris</span> 
     </span>
     <span class='ocr_line' id='line_1_15' title="bbox 171 729 1042 773; baseline -0.008 -7"><span class='ocrx_word' id='word_1_119' title='bbox 171 733 233 766; x_wconf 84' lang='lat' dir='ltr'>est:</span> <span class='ocrx_word' id='word_1_120' title='bbox 258 733 330 771; x_wconf 79' lang='lat' dir='ltr'>cruia</span> <span class='ocrx_word' id='word_1_121' title='bbox 347 740 419 764; x_wconf 86' lang='lat' dir='ltr'>curn</span> <span class='ocrx_word' id='word_1_122' title='bbox 446 731 554 762; x_wconf 87' lang='lat' dir='ltr'>saltum</span> <span class='ocrx_word' id='word_1_123' title='bbox 581 730 667 762; x_wconf 86' lang='lat' dir='ltr'>locat</span> <span class='ocrx_word' id='word_1_124' title='bbox 685 729 850 767; x_wconf 82' lang='lat' dir='ltr'>dominus,</span> <span class='ocrx_word' id='word_1_125' title='bbox 874 732 936 760; x_wconf 86' lang='lat' dir='ltr'>non</span> <span class='ocrx_word' id='word_1_126' title='bbox 955 729 1042 773; x_wconf 75' lang='lat' dir='ltr'>locat</span> 
     </span>
     <span class='ocr_line' id='line_1_16' title="bbox 173 770 1041 812; baseline -0.006 -6"><span class='ocrx_word' id='word_1_127' title='bbox 173 778 248 806; x_wconf 84' lang='lat' dir='ltr'>eum</span> <span class='ocrx_word' id='word_1_128' title='bbox 263 773 326 812; x_wconf 83' lang='lat' dir='ltr'>sie,</span> <span class='ocrx_word' id='word_1_129' title='bbox 351 782 385 804; x_wconf 88' lang='lat' dir='ltr'>ut</span> <span class='ocrx_word' id='word_1_130' title='bbox 401 772 555 809; x_wconf 82' lang='lat' dir='ltr'>affirmet,</span> <span class='ocrx_word' id='word_1_131' title='bbox 578 779 686 801; x_wconf 86' lang='lat' dir='ltr'>carere</span> <span class='ocrx_word' id='word_1_132' title='bbox 704 770 784 802; x_wconf 87' lang='lat' dir='ltr'>mala</span> <span class='ocrx_word' id='word_1_133' title='bbox 805 770 913 802; x_wconf 84' lang='lat' dir='ltr'>herba.</span> <span class='ocrx_word' id='word_1_134' title='bbox 935 777 1041 810; x_wconf 84' lang='lat' dir='ltr'>potuit</span> 
     </span>
     <span class='ocr_line' id='line_1_17' title="bbox 172 809 1041 858; baseline -0.006 -11"><span class='ocrx_word' id='word_1_135' title='bbox 172 825 304 858; x_wconf 81' lang='lat' dir='ltr'>quoque</span> <span class='ocrx_word' id='word_1_136' title='bbox 327 816 359 853; x_wconf 69' lang='lat' dir='ltr'>id</span> <span class='ocrx_word' id='word_1_137' title='bbox 382 815 528 854; x_wconf 85' lang='lat' dir='ltr'>ignorare</span> <span class='ocrx_word' id='word_1_138' title='bbox 551 813 634 843; x_wconf 87' lang='lat' dir='ltr'>bona</span> <span class='ocrx_word' id='word_1_139' title='bbox 657 809 738 855; x_wconf 71' lang='lat' dir='ltr'>fide:</span> <span class='ocrx_word' id='word_1_140' title='bbox 769 810 799 843; x_wconf 74' lang='grc' dir='ltr'>δι</span> <span class='ocrx_word' id='word_1_141' title='bbox 825 811 902 843; x_wconf 90' lang='lat' dir='ltr'>ideo</span> <span class='ocrx_word' id='word_1_142' title='bbox 924 812 1041 842; x_wconf 88' lang='lat' dir='ltr'>merito</span> 
     </span>
     <span class='ocr_line' id='line_1_18' title="bbox 170 851 1041 894; baseline -0.007 -5"><span class='ocrx_word' id='word_1_143' title='bbox 170 856 321 889; x_wconf 81' lang='lat' dir='ltr'>excusata</span> <span class='ocrx_word' id='word_1_144' title='bbox 343 856 403 886; x_wconf 89' lang='lat' dir='ltr'>erit</span> <span class='ocrx_word' id='word_1_145' title='bbox 426 854 492 893; x_wconf 70' lang='lat' dir='ltr'>eius</span> <span class='ocrx_word' id='word_1_146' title='bbox 518 854 713 894; x_wconf 78' lang='lat' dir='ltr'>ignorant1a3</span> <span class='ocrx_word' id='word_1_147' title='bbox 736 861 795 890; x_wconf 86' lang='lat' dir='ltr'>ne,</span> <span class='ocrx_word' id='word_1_148' title='bbox 825 851 847 884; x_wconf 82' lang='lat' dir='ltr'><strong>fi</strong></span> <span class='ocrx_word' id='word_1_149' title='bbox 873 853 1041 884; x_wconf 84' lang='lat' dir='ltr'>demortua</span> 
     </span>
     <span class='ocr_line' id='line_1_19' title="bbox 169 892 1040 934; baseline -0.005 -6"><span class='ocrx_word' id='word_1_150' title='bbox 169 899 223 930; x_wconf 84' lang='lat' dir='ltr'>vel</span> <span class='ocrx_word' id='word_1_151' title='bbox 250 896 409 929; x_wconf 79' lang='lat' dir='ltr'>deteriora</span> <span class='ocrx_word' id='word_1_152' title='bbox 433 894 517 926; x_wconf 67' lang='lat' dir='ltr'>facta</span> <span class='ocrx_word' id='word_1_153' title='bbox 539 893 598 926; x_wconf 83' lang='lat' dir='ltr'>sint</span> <span class='ocrx_word' id='word_1_154' title='bbox 621 902 758 934; x_wconf 87' lang='lat' dir='ltr'>pecora,</span> <span class='ocrx_word' id='word_1_155' title='bbox 783 892 871 925; x_wconf 87' lang='lat' dir='ltr'>adid</span> <span class='ocrx_word' id='word_1_156' title='bbox 888 895 976 934; x_wconf 86' lang='lat' dir='ltr'>quod</span> <span class='ocrx_word' id='word_1_157' title='bbox 994 893 1040 925; x_wconf 90' lang='lat' dir='ltr'>in·</span> 
     </span>
     <span class='ocr_line' id='line_1_20' title="bbox 168 933 1040 975; baseline -0.006 -4"><span class='ocrx_word' id='word_1_158' title='bbox 168 937 267 971; x_wconf 86' lang='lat' dir='ltr'>terest</span> <span class='ocrx_word' id='word_1_159' title='bbox 291 945 456 975; x_wconf 69' lang='lat' dir='ltr'>teneatur,</span> <span class='ocrx_word' id='word_1_160' title='bbox 480 941 668 975; x_wconf 85' lang='lat' dir='ltr'>tantumque</span> <span class='ocrx_word' id='word_1_161' title='bbox 690 933 871 975; x_wconf 80' lang='lat' dir='ltr'><strong>pensionem</strong></span> <span class='ocrx_word' id='word_1_162' title='bbox 897 944 962 966; x_wconf 91' lang='lat' dir='ltr'>non</span> <span class='ocrx_word' id='word_1_163' title='bbox 984 942 1040 975; x_wconf 84' lang='lat' dir='ltr'>pe·</span> 
     </span>
     <span class='ocr_line' id='line_1_21' title="bbox 169 976 1040 1019; baseline -0.006 -8"><span class='ocrx_word' id='word_1_164' title='bbox 169 989 232 1012; x_wconf 83' lang='lat' dir='ltr'>tat:</span> <span class='ocrx_word' id='word_1_165' title='bbox 256 981 328 1019; x_wconf 80' lang='lat' dir='ltr'>quia</span> <span class='ocrx_word' id='word_1_166' title='bbox 350 976 407 1010; x_wconf 75' lang='lat' dir='ltr'>etti</span> <span class='ocrx_word' id='word_1_167' title='bbox 435 977 513 1009; x_wconf 90' lang='lat' dir='ltr'>dolo</span> <span class='ocrx_word' id='word_1_168' title='bbox 536 976 567 1008; x_wconf 66' lang='grc' dir='ltr'>ὅ(</span> <span class='ocrx_word' id='word_1_169' title='bbox 592 976 685 1016; x_wconf 88' lang='lat' dir='ltr'>culpa</span> <span class='ocrx_word' id='word_1_170' title='bbox 710 983 827 1014; x_wconf 84' lang='lat' dir='ltr'>vacat;</span> <span class='ocrx_word' id='word_1_171' title='bbox 849 984 954 1007; x_wconf 88' lang='lat' dir='ltr'>tamen</span> <span class='ocrx_word' id='word_1_172' title='bbox 973 984 1040 1006; x_wconf 91' lang='lat' dir='ltr'>non</span> 
     </span>
     <span class='ocr_line' id='line_1_22' title="bbox 171 1016 1040 1058; baseline -0.006 -5"><span class='ocrx_word' id='word_1_173' title='bbox 171 1022 216 1053; x_wconf 87' lang='lat' dir='ltr'>est</span> <span class='ocrx_word' id='word_1_174' title='bbox 233 1019 321 1052; x_wconf 86' lang='lat' dir='ltr'>causa</span> <span class='ocrx_word' id='word_1_175' title='bbox 338 1018 548 1058; x_wconf 64' lang='lat' dir='ltr'>conductori,</span> <span class='ocrx_word' id='word_1_176' title='bbox 565 1026 621 1049; x_wconf 90' lang='lat' dir='ltr'>cur</span> <span class='ocrx_word' id='word_1_177' title='bbox 636 1017 736 1049; x_wconf 87' lang='lat' dir='ltr'>solvat</span> <span class='ocrx_word' id='word_1_178' title='bbox 749 1016 950 1058; x_wconf 77' lang='lat' dir='ltr'>pe&#39;nfionem3</span> <span class='ocrx_word' id='word_1_179' title='bbox 965 1020 1040 1049; x_wconf 67' lang='lat' dir='ltr'>curn·</span> 
     </span>
     <span class='ocr_line' id='line_1_23' title="bbox 170 1057 867 1095; baseline -0.007 -1"><span class='ocrx_word' id='word_1_180' title='bbox 170 1064 200 1095; x_wconf 85' lang='lat' dir='ltr'>ei</span> <span class='ocrx_word' id='word_1_181' title='bbox 218 1072 281 1093; x_wconf 89' lang='lat' dir='ltr'>non</span> <span class='ocrx_word' id='word_1_182' title='bbox 300 1060 377 1094; x_wconf 85' lang='lat' dir='ltr'>licet</span> <span class='ocrx_word' id='word_1_183' title='bbox 390 1057 463 1092; x_wconf 73' lang='lat' dir='ltr'>frui.</span> <span class='ocrx_word' id='word_1_184' title='bbox 835 1081 837 1083; x_wconf 89' lang='lat'>-</span> <span class='ocrx_word' id='word_1_185' title='bbox 866 1092 867 1095; x_wconf 11' lang='grc' dir='ltr'><strong>Ἴ</strong></span> 
     </span>
    </p>

    <p class='ocr_par' dir='ltr' id='par_1_2' title="bbox 165 1098 1046 1798">
     <span class='ocr_line' id='line_1_24' title="bbox 211 1098 1039 1148; baseline -0.005 -13"><span class='ocrx_word' id='word_1_186' title='bbox 211 1103 313 1148; x_wconf 83' lang='lat' dir='ltr'>Quod</span> <span class='ocrx_word' id='word_1_187' title='bbox 329 1102 350 1134; x_wconf 82' lang='lat' dir='ltr'>ss</span> <span class='ocrx_word' id='word_1_188' title='bbox 366 1111 437 1142; x_wconf 85' lang='lat' dir='ltr'>quae</span> <span class='ocrx_word' id='word_1_189' title='bbox 452 1101 566 1134; x_wconf 82' lang='lat' dir='ltr'>damna</span> <span class='ocrx_word' id='word_1_190' title='bbox 580 1105 621 1133; x_wconf 76' lang='lat' dir='ltr'>ex&#39;</span> <span class='ocrx_word' id='word_1_191' title='bbox 638 1110 672 1133; x_wconf 91' lang='lat' dir='ltr'>re</span> <span class='ocrx_word' id='word_1_192' title='bbox 689 1100 796 1132; x_wconf 85' lang='lat' dir='ltr'>locata</span> <span class='ocrx_word' id='word_1_193' title='bbox 814 1100 943 1142; x_wconf 85' lang='lat' dir='ltr'>quidem</span> <span class='ocrx_word' id='word_1_194' title='bbox 961 1098 1039 1138; x_wconf 85' lang='lat' dir='ltr'>sint,</span> 
     </span>
     <span class='ocr_line' id='line_1_25' title="bbox 165 1141 1041 1182; baseline -0.007 -5"><span class='ocrx_word' id='word_1_195' title='bbox 165 1145 219 1178; x_wconf 86' lang='lat' dir='ltr'>sed</span> <span class='ocrx_word' id='word_1_196' title='bbox 241 1143 473 1178; x_wconf 68' lang='lat' dir='ltr'>condustorem</span> <span class='ocrx_word' id='word_1_197' title='bbox 505 1141 568 1174; x_wconf 88' lang='lat' dir='ltr'>frui</span> <span class='ocrx_word' id='word_1_198' title='bbox 591 1151 657 1174; x_wconf 90' lang='lat' dir='ltr'>non</span> <span class='ocrx_word' id='word_1_199' title='bbox 682 1142 818 1182; x_wconf 83' lang='lat' dir='ltr'>perinde</span> <span class='ocrx_word' id='word_1_200' title='bbox 847 1141 1041 1182; x_wconf 82' lang='lat' dir='ltr'>impediant,</span> 
     </span>
     <span class='ocr_line' id='line_1_26' title="bbox 167 1183 1042 1227; baseline -0.007 -8"><span class='ocrx_word' id='word_1_201' title='bbox 167 1188 240 1220; x_wconf 80' lang='lat' dir='ltr'>haee</span> <span class='ocrx_word' id='word_1_202' title='bbox 262 1187 439 1218; x_wconf 76' lang='lat' dir='ltr'>locatorem</span> <span class='ocrx_word' id='word_1_203' title='bbox 466 1192 502 1216; x_wconf 90' lang='lat' dir='ltr'>ea</span> <span class='ocrx_word' id='word_1_204' title='bbox 537 1184 739 1225; x_wconf 86' lang='lat' dir='ltr'>ignorantem</span> <span class='ocrx_word' id='word_1_205' title='bbox 765 1183 847 1215; x_wconf 88' lang='lat' dir='ltr'>adeo</span> <span class='ocrx_word' id='word_1_206' title='bbox 871 1191 934 1214; x_wconf 90' lang='lat' dir='ltr'>non</span> <span class='ocrx_word' id='word_1_207' title='bbox 965 1191 1042 1227; x_wconf 77' lang='lat' dir='ltr'>one-</span> 
     </span>
     <span class='ocr_line' id='line_1_27' title="bbox 168 1223 1042 1265; baseline -0.008 -4"><span class='ocrx_word' id='word_1_208' title='bbox 168 1236 261 1261; x_wconf 75' lang='lat' dir='ltr'>rant:</span> <span class='ocrx_word' id='word_1_209' title='bbox 285 1235 321 1259; x_wconf 91' lang='lat' dir='ltr'>ut</span> <span class='ocrx_word' id='word_1_210' title='bbox 343 1236 382 1258; x_wconf 91' lang='lat' dir='ltr'>ne</span> <span class='ocrx_word' id='word_1_211' title='bbox 401 1225 583 1259; x_wconf 86' lang='lat' dir='ltr'><strong>mercedem</strong></span> <span class='ocrx_word' id='word_1_212' title='bbox 609 1223 739 1265; x_wconf 86' lang='lat' dir='ltr'>quidem</span> <span class='ocrx_word' id='word_1_213' title='bbox 768 1232 914 1256; x_wconf 88' lang='lat' dir='ltr'>teneatur</span> <span class='ocrx_word' id='word_1_214' title='bbox 935 1230 1042 1255; x_wconf 84' lang='lat' dir='ltr'>remit·</span> 
     </span>
     <span class='ocr_line' id='line_1_28' title="bbox 167 1262 1042 1309; baseline -0.006 -7"><span class='ocrx_word' id='word_1_215' title='bbox 167 1279 258 1309; x_wconf 81' lang='lat' dir='ltr'>tere3</span> <span class='ocrx_word' id='word_1_216' title='bbox 282 1269 399 1301; x_wconf 80' lang='lat' dir='ltr'>nedum</span> <span class='ocrx_word' id='word_1_217' title='bbox 426 1266 571 1309; x_wconf 80' lang='lat' dir='ltr'>prae&#39;sta&#39;re</span> <span class='ocrx_word' id='word_1_218' title='bbox 594 1266 625 1298; x_wconf 89' lang='lat' dir='ltr'>id</span> <span class='ocrx_word' id='word_1_219' title='bbox 649 1266 736 1307; x_wconf 86' lang='lat' dir='ltr'>quod</span> <span class='ocrx_word' id='word_1_220' title='bbox 752 1264 893 1297; x_wconf 86' lang='lat' dir='ltr'>interest.</span> <span class='ocrx_word' id='word_1_221' title='bbox 936 1262 1042 1297; x_wconf 83' lang='lat' dir='ltr'>Pone:</span> 
     </span>
     <span class='ocr_line' id='line_1_29' title="bbox 170 1305 1045 1352; baseline -0.008 -9"><span class='ocrx_word' id='word_1_222' title='bbox 170 1309 278 1352; x_wconf 82' lang='lat' dir='ltr'>(quod</span> <span class='ocrx_word' id='word_1_223' title='bbox 304 1309 349 1341; x_wconf 89' lang='lat' dir='ltr'>est</span> <span class='ocrx_word' id='word_1_224' title='bbox 373 1307 482 1340; x_wconf 80' lang='lat' dir='ltr'>thema</span> <span class='ocrx_word' id='word_1_225' title='bbox 506 1307 524 1339; x_wconf 91' lang='lat' dir='ltr'>l.</span> <span class='ocrx_word' id='word_1_226' title='bbox 550 1313 601 1348; x_wconf 84' lang='lat'>45.</span> <span class='ocrx_word' id='word_1_227' title='bbox 630 1306 659 1349; x_wconf 87' lang='lat'>§.</span> <span class='ocrx_word' id='word_1_228' title='bbox 682 1310 708 1338; x_wconf 78' lang='lat'>1.</span> <span class='ocrx_word' id='word_1_229' title='bbox 736 1306 764 1337; x_wconf 85' lang='lat' dir='ltr'>b.</span> <span class='ocrx_word' id='word_1_230' title='bbox 780 1307 828 1347; x_wconf 89' lang='lat' dir='ltr'>t.)</span> <span class='ocrx_word' id='word_1_231' title='bbox 859 1305 1045 1351; x_wconf 76' lang='lat' dir='ltr'>hominem,</span> 
     </span>
     <span class='ocr_line' id='line_1_30' title="bbox 171 1347 1043 1390; baseline -0.007 -6"><span class='ocrx_word' id='word_1_232' title='bbox 171 1353 205 1385; x_wconf 89' lang='lat' dir='ltr'>id</span> <span class='ocrx_word' id='word_1_233' title='bbox 229 1352 293 1390; x_wconf 85' lang='lat' dir='ltr'>est,</span> <span class='ocrx_word' id='word_1_234' title='bbox 317 1352 439 1382; x_wconf 86' lang='lat' dir='ltr'>servum</span> <span class='ocrx_word' id='word_1_235' title='bbox 464 1349 570 1380; x_wconf 87' lang='lat' dir='ltr'>locavi</span> <span class='ocrx_word' id='word_1_236' title='bbox 597 1348 673 1385; x_wconf 84' lang='lat' dir='ltr'>tibi,</span> <span class='ocrx_word' id='word_1_237' title='bbox 697 1355 732 1378; x_wconf 87' lang='lat' dir='ltr'>ut</span> <span class='ocrx_word' id='word_1_238' title='bbox 748 1347 864 1379; x_wconf 83' lang='lat' dir='ltr'>habeas</span> <span class='ocrx_word' id='word_1_239' title='bbox 891 1356 921 1378; x_wconf 91' lang='lat' dir='ltr'>m</span> <span class='ocrx_word' id='word_1_240' title='bbox 939 1347 1043 1378; x_wconf 86' lang='lat' dir='ltr'>taber-</span> 
     </span>
     <span class='ocr_line' id='line_1_31' title="bbox 170 1387 1045 1426; baseline -0.007 -1"><span class='ocrx_word' id='word_1_241' title='bbox 170 1399 221 1426; x_wconf 80' lang='lat' dir='ltr'>n&#39;a.</span> <span class='ocrx_word' id='word_1_242' title='bbox 246 1394 271 1424; x_wconf 87' lang='lat' dir='ltr'>is</span> <span class='ocrx_word' id='word_1_243' title='bbox 290 1392 346 1423; x_wconf 73' lang='lat' dir='ltr'>tib‘i</span> <span class='ocrx_word' id='word_1_244' title='bbox 362 1390 441 1423; x_wconf 86' lang='lat' dir='ltr'>fecit</span> <span class='ocrx_word' id='word_1_245' title='bbox 456 1389 590 1421; x_wconf 85' lang='lat' dir='ltr'>furtum.</span> <span class='ocrx_word' id='word_1_246' title='bbox 612 1390 720 1421; x_wconf 84' lang='lat' dir='ltr'>datum</span> <span class='ocrx_word' id='word_1_247' title='bbox 737 1387 782 1420; x_wconf 89' lang='lat' dir='ltr'>est</span> <span class='ocrx_word' id='word_1_248' title='bbox 797 1388 853 1420; x_wconf 90' lang='lat' dir='ltr'>tibi</span> <span class='ocrx_word' id='word_1_249' title='bbox 876 1389 1045 1420; x_wconf 83' lang='lat' dir='ltr'>damnum:</span> 
     </span>
     <span class='ocr_line' id='line_1_32' title="bbox 171 1429 1044 1474; baseline -0.008 -7"><span class='ocrx_word' id='word_1_250' title='bbox 171 1435 227 1467; x_wconf 86' lang='lat' dir='ltr'>sed</span> <span class='ocrx_word' id='word_1_251' title='bbox 254 1433 369 1474; x_wconf 81' lang='lat' dir='ltr'>(quod</span> <span class='ocrx_word' id='word_1_252' title='bbox 394 1432 507 1465; x_wconf 87' lang='lat' dir='ltr'>Paulus</span> <span class='ocrx_word' id='word_1_253' title='bbox 532 1430 709 1469; x_wconf 83' lang='lat' dir='ltr'>observat)</span> <span class='ocrx_word' id='word_1_254' title='bbox 738 1429 784 1461; x_wconf 86' lang='lat' dir='ltr'>est</span> <span class='ocrx_word' id='word_1_255' title='bbox 809 1437 899 1461; x_wconf 78' lang='lat' dir='ltr'>extra</span> <span class='ocrx_word' id='word_1_256' title='bbox 922 1430 1044 1461; x_wconf 75' lang='lat' dir='ltr'>caulam</span> 
     </span>
     <span class='ocr_line' id='line_1_33' title="bbox 171 1470 1045 1511; baseline -0.007 -4"><span class='ocrx_word' id='word_1_257' title='bbox 171 1473 423 1508; x_wconf 68' lang='lat' dir='ltr'>conductionis:</span> <span class='ocrx_word' id='word_1_258' title='bbox 453 1480 525 1503; x_wconf 90' lang='lat' dir='ltr'>cum</span> <span class='ocrx_word' id='word_1_259' title='bbox 552 1479 614 1511; x_wconf 90' lang='lat' dir='ltr'>qua</span> <span class='ocrx_word' id='word_1_260' title='bbox 640 1470 717 1501; x_wconf 90' lang='lat' dir='ltr'>nihil</span> <span class='ocrx_word' id='word_1_261' title='bbox 750 1479 923 1502; x_wconf 87' lang='lat' dir='ltr'>commune</span> <span class='ocrx_word' id='word_1_262' title='bbox 947 1470 1045 1502; x_wconf 88' lang='lat' dir='ltr'>habet</span> 
     </span>
     <span class='ocr_line' id='line_1_34' title="bbox 172 1509 1044 1551; baseline -0.009 -1"><span class='ocrx_word' id='word_1_263' title='bbox 172 1513 252 1550; x_wconf 76' lang='lat' dir='ltr'>furti</span> <span class='ocrx_word' id='word_1_264' title='bbox 274 1516 422 1546; x_wconf 88' lang='lat' dir='ltr'>crimen:</span> <span class='ocrx_word' id='word_1_265' title='bbox 450 1512 603 1551; x_wconf 70' lang='lat' dir='ltr'>siquidem</span> <span class='ocrx_word' id='word_1_266' title='bbox 624 1510 716 1542; x_wconf 84' lang='lat' dir='ltr'>servo</span> <span class='ocrx_word' id='word_1_267' title='bbox 749 1509 953 1543; x_wconf 80' lang='lat' dir='ltr'>nihilominus</span> <span class='ocrx_word' id='word_1_268' title='bbox 982 1511 1044 1543; x_wconf 83' lang='lat' dir='ltr'>frui</span> 
     </span>
     <span class='ocr_line' id='line_1_35' title="bbox 173 1551 1044 1600; baseline -0.007 -11"><span class='ocrx_word' id='word_1_269' title='bbox 173 1565 278 1600; x_wconf 86' lang='lat' dir='ltr'>potes.</span> <span class='ocrx_word' id='word_1_270' title='bbox 300 1554 436 1596; x_wconf 82' lang='lat' dir='ltr'>proinde</span> <span class='ocrx_word' id='word_1_271' title='bbox 459 1551 556 1584; x_wconf 75' lang='lat' dir='ltr'>eess&#39;at</span> <span class='ocrx_word' id='word_1_272' title='bbox 573 1551 719 1583; x_wconf 70' lang='lat' dir='ltr'>conducti</span> <span class='ocrx_word' id='word_1_273' title='bbox 743 1551 845 1584; x_wconf 74' lang='lat' dir='ltr'>aerio:</span> <span class='ocrx_word' id='word_1_274' title='bbox 868 1562 934 1584; x_wconf 90' lang='lat' dir='ltr'>non</span> <span class='ocrx_word' id='word_1_275' title='bbox 954 1551 1044 1584; x_wconf 90' lang='lat' dir='ltr'>solita</span> 
     </span>
     <span class='ocr_line' id='line_1_36' title="bbox 173 1592 1043 1636; baseline -0.007 -5"><span class='ocrx_word' id='word_1_276' title='bbox 173 1596 263 1636; x_wconf 83' lang='lat' dir='ltr'>dari,</span> <span class='ocrx_word' id='word_1_277' title='bbox 285 1596 339 1628; x_wconf 81' lang='lat' dir='ltr'>nisi</span> <span class='ocrx_word' id='word_1_278' title='bbox 354 1596 393 1628; x_wconf 88' lang='lat' dir='ltr'>ad</span> <span class='ocrx_word' id='word_1_279' title='bbox 409 1603 446 1626; x_wconf 88' lang='lat' dir='ltr'>ea</span> <span class='ocrx_word' id='word_1_280' title='bbox 462 1602 532 1635; x_wconf 84' lang='lat' dir='ltr'>quae</span> <span class='ocrx_word' id='word_1_281' title='bbox 548 1595 588 1624; x_wconf 87' lang='lat' dir='ltr'>ad</span> <span class='ocrx_word' id='word_1_282' title='bbox 604 1592 853 1626; x_wconf 74' lang='lat' dir='ltr'>conduCtionem</span> <span class='ocrx_word' id='word_1_283' title='bbox 871 1593 1043 1634; x_wconf 80' lang='lat' dir='ltr'>pertinent.</span> 
     </span>
     <span class='ocr_line' id='line_1_37' title="bbox 173 1632 1046 1683; baseline -0.006 -12"><span class='ocrx_word' id='word_1_284' title='bbox 173 1636 265 1683; x_wconf 84' lang='lat' dir='ltr'>Quid</span> <span class='ocrx_word' id='word_1_285' title='bbox 280 1637 373 1678; x_wconf 80' lang='lat' dir='ltr'>igitur</span> <span class='ocrx_word' id='word_1_286' title='bbox 391 1634 460 1668; x_wconf 81' lang='lat' dir='ltr'>est?</span> <span class='ocrx_word' id='word_1_287' title='bbox 483 1635 526 1665; x_wconf 88' lang='lat' dir='ltr'>ait</span> <span class='ocrx_word' id='word_1_288' title='bbox 541 1633 676 1672; x_wconf 84' lang='lat' dir='ltr'>Paulus,</span> <span class='ocrx_word' id='word_1_289' title='bbox 699 1632 777 1666; x_wconf 86' lang='lat' dir='ltr'>furti</span> <span class='ocrx_word' id='word_1_290' title='bbox 797 1635 957 1679; x_wconf 21' lang='lat' dir='ltr'>vitium‘in</span> <span class='ocrx_word' id='word_1_291' title='bbox 975 1644 1046 1676; x_wconf 89' lang='lat' dir='ltr'>pro-</span> 
     </span>
     <span class='ocr_line' id='line_1_38' title="bbox 173 1675 1045 1724; baseline -0.007 -11"><span class='ocrx_word' id='word_1_292' title='bbox 173 1681 275 1724; x_wconf 84' lang='lat' dir='ltr'>priam</span> <span class='ocrx_word' id='word_1_293' title='bbox 291 1679 408 1710; x_wconf 81' lang='lat' dir='ltr'>cadere</span> <span class='ocrx_word' id='word_1_294' title='bbox 423 1676 675 1718; x_wconf 80' lang='lat' dir='ltr'>persecutionem</span> <span class='ocrx_word' id='word_1_295' title='bbox 688 1697 698 1713; x_wconf 88' lang='lat'>,</span> <span class='ocrx_word' id='word_1_296' title='bbox 719 1675 750 1707; x_wconf 67' lang='grc' dir='ltr'>ὅ(</span> <span class='ocrx_word' id='word_1_297' title='bbox 768 1683 890 1708; x_wconf 89' lang='lat' dir='ltr'>tantum</span> <span class='ocrx_word' id='word_1_298' title='bbox 910 1685 941 1707; x_wconf 92' lang='lat' dir='ltr'>1n</span> <span class='ocrx_word' id='word_1_299' title='bbox 960 1676 1045 1708; x_wconf 87' lang='lat' dir='ltr'>loca-</span> 
     </span>
     <span class='ocr_line' id='line_1_39' title="bbox 173 1716 1045 1761; baseline -0.008 -6"><span class='ocrx_word' id='word_1_300' title='bbox 173 1730 280 1755; x_wconf 88' lang='lat' dir='ltr'>torem</span> <span class='ocrx_word' id='word_1_301' title='bbox 303 1728 415 1761; x_wconf 84' lang='lat' dir='ltr'>parere</span> <span class='ocrx_word' id='word_1_302' title='bbox 431 1717 591 1750; x_wconf 77' lang='lat' dir='ltr'>aCtionem</span> <span class='ocrx_word' id='word_1_303' title='bbox 613 1716 781 1756; x_wconf 80' lang='lat' dir='ltr'>noxalem,</span> <span class='ocrx_word' id='word_1_304' title='bbox 803 1716 825 1749; x_wconf 86' lang='lat' dir='ltr'>fi</span> <span class='ocrx_word' id='word_1_305' title='bbox 848 1716 966 1749; x_wconf 67' lang='lat' dir='ltr'>facturn</span> <span class='ocrx_word' id='word_1_306' title='bbox 990 1716 1045 1757; x_wconf 85' lang='lat' dir='ltr'>fit,</span> 
     </span>
     <span class='ocr_line' id='line_1_40' title="bbox 173 1761 692 1798; baseline -0.023 0"><span class='ocrx_word' id='word_1_307' title='bbox 173 1774 216 1798; x_wconf 86' lang='lat' dir='ltr'>eo</span> <span class='ocrx_word' id='word_1_308' title='bbox 232 1761 397 1795; x_wconf 79' lang='lat' dir='ltr'>insciente.</span> <span class='ocrx_word' id='word_1_309' title='bbox 690 1786 692 1791; x_wconf 83' lang='grc'><em>,</em></span> 
     </span>
    </p>

    <p class='ocr_par' dir='ltr' id='par_1_3' title="bbox 172 1798 1051 1924">
     <span class='ocr_line' id='line_1_41' title="bbox 214 1798 1046 1838; baseline -0.007 -1"><span class='ocrx_word' id='word_1_310' title='bbox 214 1803 309 1838; x_wconf 71' lang='lat' dir='ltr'>Attio</span> <span class='ocrx_word' id='word_1_311' title='bbox 325 1802 424 1835; x_wconf 81' lang='lat' dir='ltr'>locati</span> <span class='ocrx_word' id='word_1_312' title='bbox 451 1801 543 1833; x_wconf 77' lang='lat' dir='ltr'>datur</span> <span class='ocrx_word' id='word_1_313' title='bbox 558 1798 693 1832; x_wconf 87' lang='lat' dir='ltr'>locatori</span> <span class='ocrx_word' id='word_1_314' title='bbox 708 1798 857 1832; x_wconf 86' lang='lat' dir='ltr'>adversus</span> <span class='ocrx_word' id='word_1_315' title='bbox 875 1799 1046 1832; x_wconf 69' lang='lat' dir='ltr'>conducto-</span> 
     </span>
     <span class='ocr_line' id='line_1_42' title="bbox 174 1840 1051 1885; baseline -0.009 -5"><span class='ocrx_word' id='word_1_316' title='bbox 174 1854 264 1880; x_wconf 74' lang='lat' dir='ltr'>rem:</span> <span class='ocrx_word' id='word_1_317' title='bbox 287 1852 323 1877; x_wconf 91' lang='lat' dir='ltr'>ut</span> <span class='ocrx_word' id='word_1_318' title='bbox 338 1841 467 1885; x_wconf 87' lang='lat' dir='ltr'>praestet</span> <span class='ocrx_word' id='word_1_319' title='bbox 493 1851 530 1873; x_wconf 88' lang='lat' dir='ltr'>ea</span> <span class='ocrx_word' id='word_1_320' title='bbox 554 1850 624 1882; x_wconf 90' lang='lat' dir='ltr'>quae</span> <span class='ocrx_word' id='word_1_321' title='bbox 649 1845 723 1873; x_wconf 87' lang='lat' dir='ltr'>eum</span> <span class='ocrx_word' id='word_1_322' title='bbox 747 1840 891 1882; x_wconf 84' lang='lat' dir='ltr'>praestare</span> <span class='ocrx_word' id='word_1_323' title='bbox 916 1842 1051 1882; x_wconf 85' lang='lat' dir='ltr'>oportet</span> 
     </span>
     <span class='ocr_line' id='line_1_43' title="bbox 172 1881 1050 1924; baseline -0.008 -3"><span class='ocrx_word' id='word_1_324' title='bbox 172 1897 218 1921; x_wconf 80' lang='lat' dir='ltr'>ex</span> <span class='ocrx_word' id='word_1_325' title='bbox 240 1886 305 1919; x_wconf 91' lang='lat' dir='ltr'>fide</span> <span class='ocrx_word' id='word_1_326' title='bbox 328 1886 424 1917; x_wconf 90' lang='lat' dir='ltr'>bona.</span> <span class='ocrx_word' id='word_1_327' title='bbox 467 1882 578 1916; x_wconf 89' lang='lat' dir='ltr'>Debet</span> <span class='ocrx_word' id='word_1_328' title='bbox 600 1881 716 1924; x_wconf 86' lang='lat' dir='ltr'>igitur,</span> <span class='ocrx_word' id='word_1_329' title='bbox 739 1890 774 1914; x_wconf 92' lang='lat' dir='ltr'>ut</span> <span class='ocrx_word' id='word_1_330' title='bbox 795 1881 984 1923; x_wconf 84' lang='lat' dir='ltr'>Justinianus</span> <span class='ocrx_word' id='word_1_331' title='bbox 1006 1883 1050 1914; x_wconf 87' lang='lat' dir='ltr'>ait</span> 
     </span>
    </p>

    <p class='ocr_par' dir='ltr' id='par_1_4' title="bbox 200 1922 1051 1970">
     <span class='ocr_line' id='line_1_44' title="bbox 200 1922 1051 1970; baseline -0.007 -9"><span class='ocrx_word' id='word_1_332' title='bbox 200 1953 207 1961; x_wconf 89' lang='lat'>.</span> <span class='ocrx_word' id='word_1_333' title='bbox 222 1939 254 1970; x_wconf 83' lang='lat'>5.</span> <span class='ocrx_word' id='word_1_334' title='bbox 280 1925 352 1968; x_wconf 82' lang='lat' dir='ltr'>Inst.</span> <span class='ocrx_word' id='word_1_335' title='bbox 375 1927 404 1958; x_wconf 78' lang='lat' dir='ltr'>h.</span> <span class='ocrx_word' id='word_1_336' title='bbox 424 1930 447 1957; x_wconf 88' lang='lat' dir='ltr'>t.</span> <span class='ocrx_word' id='word_1_337' title='bbox 472 1923 647 1956; x_wconf 74' lang='lat' dir='ltr'>conductor</span> <span class='ocrx_word' id='word_1_338' title='bbox 677 1924 785 1956; x_wconf 84' lang='lat' dir='ltr'>omnia</span> <span class='ocrx_word' id='word_1_339' title='bbox 809 1923 918 1956; x_wconf 88' lang='lat' dir='ltr'>facere</span> <span class='ocrx_word' id='word_1_340' title='bbox 942 1922 1051 1955; x_wconf 83' lang='lat' dir='ltr'>secun-</span> 
     </span>
    </p>

    <p class='ocr_par' dir='ltr' id='par_1_5' title="bbox 174 1964 1063 3200">
     <span class='ocr_line' id='line_1_45' title="bbox 201 1964 1052 2010; baseline -0.007 -7"><span class='ocrx_word' id='word_1_341' title='bbox 201 1979 253 2003; x_wconf 91' lang='lat' dir='ltr'>um</span> <span class='ocrx_word' id='word_1_342' title='bbox 277 1969 383 2010; x_wconf 83' lang='lat' dir='ltr'>legem</span> <span class='ocrx_word' id='word_1_343' title='bbox 408 1964 650 1999; x_wconf 82' lang='lat' dir='ltr'>conductionis:</span> <span class='ocrx_word' id='word_1_344' title='bbox 673 1965 703 1997; x_wconf 72' lang='lat'>61</span> <span class='ocrx_word' id='word_1_345' title='bbox 724 1964 748 1997; x_wconf 84' lang='lat' dir='ltr'>fi</span> <span class='ocrx_word' id='word_1_346' title='bbox 768 1965 800 1997; x_wconf 90' lang='lat' dir='ltr'>in</span> <span class='ocrx_word' id='word_1_347' title='bbox 827 1965 898 2006; x_wconf 89' lang='lat' dir='ltr'>lege</span> <span class='ocrx_word' id='word_1_348' title='bbox 916 1965 992 2005; x_wconf 91' lang='lat' dir='ltr'>quid</span> <span class='ocrx_word' id='word_1_349' title='bbox 1014 1964 1052 1997; x_wconf 86' lang='lat' dir='ltr'>fit</span> 
     </span>
     <span class='ocr_line' id='line_1_46' title="bbox 174 2005 1043 2054; baseline -0.008 -10"><span class='ocrx_word' id='word_1_350' title='bbox 174 2009 438 2054; x_wconf 71' lang='lat' dir='ltr'>praetermissum,</span> <span class='ocrx_word' id='word_1_351' title='bbox 462 2008 494 2039; x_wconf 91' lang='lat' dir='ltr'>id</span> <span class='ocrx_word' id='word_1_352' title='bbox 518 2016 560 2039; x_wconf 81' lang='lat' dir='ltr'>ex</span> <span class='ocrx_word' id='word_1_353' title='bbox 582 2006 674 2038; x_wconf 92' lang='lat' dir='ltr'>bono</span> <span class='ocrx_word' id='word_1_354' title='bbox 706 2005 737 2038; x_wconf 77' lang='grc' dir='ltr'>δι</span> <span class='ocrx_word' id='word_1_355' title='bbox 763 2013 856 2047; x_wconf 86' lang='lat' dir='ltr'>aequo</span> <span class='ocrx_word' id='word_1_356' title='bbox 887 2005 1043 2048; x_wconf 81' lang='lat' dir='ltr'>praestare.</span> 
     </span>
     <span class='ocr_line' id='line_1_47' title="bbox 177 2045 1048 2092; baseline -0.008 -6"><span class='ocrx_word' id='word_1_357' title='bbox 177 2050 243 2086; x_wconf 88' lang='lat' dir='ltr'>Sed</span> <span class='ocrx_word' id='word_1_358' title='bbox 258 2051 394 2092; x_wconf 86' lang='lat' dir='ltr'>primum</span> <span class='ocrx_word' id='word_1_359' title='bbox 418 2048 578 2090; x_wconf 86' lang='lat' dir='ltr'>praestabit</span> <span class='ocrx_word' id='word_1_360' title='bbox 593 2057 630 2079; x_wconf 90' lang='lat' dir='ltr'>ea</span> <span class='ocrx_word' id='word_1_361' title='bbox 647 2048 688 2079; x_wconf 90' lang='lat' dir='ltr'>de</span> <span class='ocrx_word' id='word_1_362' title='bbox 703 2045 818 2088; x_wconf 83' lang='lat' dir='ltr'>quibus</span> <span class='ocrx_word' id='word_1_363' title='bbox 836 2053 1048 2079; x_wconf 84' lang='lat' dir='ltr'>conventum.</span> 
     </span>
     <span class='ocr_line' id='line_1_48' title="bbox 177 2087 1049 2131; baseline -0.008 -4"><span class='ocrx_word' id='word_1_364' title='bbox 177 2103 241 2128; x_wconf 89' lang='lat' dir='ltr'>nec</span> <span class='ocrx_word' id='word_1_365' title='bbox 263 2093 393 2125; x_wconf 89' lang='lat' dir='ltr'>dubium</span> <span class='ocrx_word' id='word_1_366' title='bbox 418 2090 483 2129; x_wconf 86' lang='lat' dir='ltr'>est;</span> <span class='ocrx_word' id='word_1_367' title='bbox 506 2089 605 2131; x_wconf 89' lang='lat' dir='ltr'>quin,</span> <span class='ocrx_word' id='word_1_368' title='bbox 634 2088 655 2120; x_wconf 81' lang='lat' dir='ltr'>li</span> <span class='ocrx_word' id='word_1_369' title='bbox 679 2090 852 2127; x_wconf 86' lang='lat' dir='ltr'>convenit,</span> <span class='ocrx_word' id='word_1_370' title='bbox 876 2087 984 2129; x_wconf 82' lang='lat' dir='ltr'>Ignem</span> <span class='ocrx_word' id='word_1_371' title='bbox 1009 2097 1049 2121; x_wconf 91' lang='lat' dir='ltr'>ne</span> 
     </span>
     <span class='ocr_line' id='line_1_49' title="bbox 177 2128 1052 2173; baseline -0.008 -5"><span class='ocrx_word' id='word_1_372' title='bbox 177 2136 321 2173; x_wconf 88' lang='lat' dir='ltr'>habeto,</span> <span class='ocrx_word' id='word_1_373' title='bbox 353 2133 383 2165; x_wconf 75' lang='grc' dir='ltr'>δι</span> <span class='ocrx_word' id='word_1_374' title='bbox 407 2131 539 2168; x_wconf 84' lang='lat' dir='ltr'>habuit,</span> <span class='ocrx_word' id='word_1_375' title='bbox 568 2136 733 2169; x_wconf 87' lang='lat' dir='ltr'>teneatur,</span> <span class='ocrx_word' id='word_1_376' title='bbox 757 2128 875 2162; x_wconf 78' lang='lat' dir='ltr'>etiamsi</span> <span class='ocrx_word' id='word_1_377' title='bbox 899 2129 1052 2162; x_wconf 85' lang='lat' dir='ltr'>fortuitus</span> 
     </span>
     <span class='ocr_line' id='line_1_50' title="bbox 178 2171 1052 2212; baseline -0.009 -2"><span class='ocrx_word' id='word_1_378' title='bbox 178 2177 266 2210; x_wconf 81' lang='lat' dir='ltr'>casus</span> <span class='ocrx_word' id='word_1_379' title='bbox 281 2173 404 2208; x_wconf 76' lang='lat' dir='ltr'>admisit</span> <span class='ocrx_word' id='word_1_380' title='bbox 421 2172 621 2204; x_wconf 85' lang='lat' dir='ltr'>incendium:</span> <span class='ocrx_word' id='word_1_381' title='bbox 645 2171 718 2212; x_wconf 87' lang='lat' dir='ltr'>quia</span> <span class='ocrx_word' id='word_1_382' title='bbox 737 2181 798 2203; x_wconf 91' lang='lat' dir='ltr'>non</span> <span class='ocrx_word' id='word_1_383' title='bbox 817 2171 928 2202; x_wconf 86' lang='lat' dir='ltr'>debuit</span> <span class='ocrx_word' id='word_1_384' title='bbox 946 2171 1052 2212; x_wconf 85' lang='lat' dir='ltr'>ignem</span> 
     </span>
     <span class='ocr_line' id='line_1_51' title="bbox 177 2212 1051 2257; baseline -0.008 -6"><span class='ocrx_word' id='word_1_385' title='bbox 177 2218 320 2257; x_wconf 75' lang='lat' dir='ltr'>habere,</span> <span class='ocrx_word' id='word_1_386' title='bbox 342 2225 383 2249; x_wconf 89' lang='lat' dir='ltr'>ne</span> <span class='ocrx_word' id='word_1_387' title='bbox 400 2216 606 2247; x_wconf 88' lang='lat' dir='ltr'>innocentem</span> <span class='ocrx_word' id='word_1_388' title='bbox 631 2212 776 2254; x_wconf 85' lang='lat' dir='ltr'>quidem:</span> <span class='ocrx_word' id='word_1_389' title='bbox 799 2212 994 2253; x_wconf 89' lang='lat' dir='ltr'>prohibente</span> <span class='ocrx_word' id='word_1_390' title='bbox 1010 2213 1051 2244; x_wconf 82' lang='lat' dir='ltr'>l&#39;e-</span> 
     </span>
     <span class='ocr_line' id='line_1_52' title="bbox 179 2253 1051 2302; baseline -0.009 -10"><span class='ocrx_word' id='word_1_391' title='bbox 179 2270 222 2302; x_wconf 86' lang='lat' dir='ltr'>ge</span> <span class='ocrx_word' id='word_1_392' title='bbox 237 2256 474 2291; x_wconf 72' lang='lat' dir='ltr'>conductionis.</span> <span class='ocrx_word' id='word_1_393' title='bbox 498 2263 570 2287; x_wconf 89' lang='lat' dir='ltr'>nam</span> <span class='ocrx_word' id='word_1_394' title='bbox 587 2254 673 2285; x_wconf 88' lang='lat' dir='ltr'>aliud</span> <span class='ocrx_word' id='word_1_395' title='bbox 688 2253 752 2292; x_wconf 87' lang='lat' dir='ltr'>est,</span> <span class='ocrx_word' id='word_1_396' title='bbox 775 2256 880 2295; x_wconf 86' lang='lat' dir='ltr'>ignem</span> <span class='ocrx_word' id='word_1_397' title='bbox 901 2255 1051 2285; x_wconf 90' lang='lat' dir='ltr'>innocen·</span> 
     </span>
     <span class='ocr_line' id='line_1_53' title="bbox 181 2295 1051 2336; baseline -0.009 -2"><span class='ocrx_word' id='word_1_398' title='bbox 181 2310 248 2333; x_wconf 89' lang='lat' dir='ltr'>tem</span> <span class='ocrx_word' id='word_1_399' title='bbox 270 2300 408 2336; x_wconf 87' lang='lat' dir='ltr'>habere,</span> <span class='ocrx_word' id='word_1_400' title='bbox 431 2296 515 2329; x_wconf 85' lang='lat' dir='ltr'>aliud</span> <span class='ocrx_word' id='word_1_401' title='bbox 539 2295 672 2327; x_wconf 88' lang='lat' dir='ltr'>omnino</span> <span class='ocrx_word' id='word_1_402' title='bbox 694 2304 759 2326; x_wconf 91' lang='lat' dir='ltr'>non</span> <span class='ocrx_word' id='word_1_403' title='bbox 787 2295 920 2327; x_wconf 88' lang='lat' dir='ltr'>habere:</span> <span class='ocrx_word' id='word_1_404' title='bbox 942 2304 1051 2335; x_wconf 86' lang='lat' dir='ltr'>quam-</span> 
     </span>
     <span class='ocr_line' id='line_1_54' title="bbox 180 2336 1052 2381; baseline -0.008 -7"><span class='ocrx_word' id='word_1_405' title='bbox 180 2343 251 2381; x_wconf 84' lang='lat' dir='ltr'>vis,</span> <span class='ocrx_word' id='word_1_406' title='bbox 274 2342 293 2373; x_wconf 81' lang='lat' dir='ltr'>si</span> <span class='ocrx_word' id='word_1_407' title='bbox 310 2340 429 2373; x_wconf 62' lang='lat' dir='ltr'>dietum</span> <span class='ocrx_word' id='word_1_408' title='bbox 445 2339 500 2377; x_wconf 83' lang='lat' dir='ltr'>sit,</span> <span class='ocrx_word' id='word_1_409' title='bbox 523 2345 558 2369; x_wconf 90' lang='lat' dir='ltr'>ut</span> <span class='ocrx_word' id='word_1_410' title='bbox 576 2337 784 2368; x_wconf 86' lang='lat' dir='ltr'>innocentem</span> <span class='ocrx_word' id='word_1_411' title='bbox 800 2337 907 2377; x_wconf 85' lang='lat' dir='ltr'>ignem</span> <span class='ocrx_word' id='word_1_412' title='bbox 924 2336 1052 2375; x_wconf 86' lang='lat' dir='ltr'>habeat,</span> 
     </span>
     <span class='ocr_line' id='line_1_55' title="bbox 181 2376 1054 2424; baseline -0.008 -9"><span class='ocrx_word' id='word_1_413' title='bbox 181 2383 376 2424; x_wconf 84' lang='lat' dir='ltr'>permittitur</span> <span class='ocrx_word' id='word_1_414' title='bbox 398 2380 517 2412; x_wconf 88' lang='lat' dir='ltr'>habere</span> <span class='ocrx_word' id='word_1_415' title='bbox 532 2379 660 2420; x_wconf 85' lang='lat' dir='ltr'>ignem;</span> <span class='ocrx_word' id='word_1_416' title='bbox 683 2378 737 2409; x_wconf 87' lang='lat' dir='ltr'>sed</span> <span class='ocrx_word' id='word_1_417' title='bbox 758 2378 933 2409; x_wconf 87' lang='lat' dir='ltr'>innoxium.</span> <span class='ocrx_word' id='word_1_418' title='bbox 977 2376 1054 2409; x_wconf 91' lang='lat' dir='ltr'>Hoc</span> 
     </span>
     <span class='ocr_line' id='line_1_56' title="bbox 183 2418 1054 2464; baseline -0.008 -8"><span class='ocrx_word' id='word_1_419' title='bbox 183 2424 288 2455; x_wconf 87' lang='lat' dir='ltr'>voluit</span> <span class='ocrx_word' id='word_1_420' title='bbox 305 2423 460 2464; x_wconf 85' lang='lat' dir='ltr'>Ulpianus</span> <span class='ocrx_word' id='word_1_421' title='bbox 477 2421 496 2452; x_wconf 88' lang='lat' dir='ltr'>l.</span> <span class='ocrx_word' id='word_1_422' title='bbox 519 2428 568 2453; x_wconf 85' lang='lat'>11.</span> <span class='ocrx_word' id='word_1_423' title='bbox 583 2419 613 2462; x_wconf 89' lang='lat'>§.</span> <span class='ocrx_word' id='word_1_424' title='bbox 636 2429 662 2451; x_wconf 90' lang='lat'>1.</span> <span class='ocrx_word' id='word_1_425' title='bbox 677 2419 705 2450; x_wconf 85' lang='lat' dir='ltr'>b.</span> <span class='ocrx_word' id='word_1_426' title='bbox 725 2424 746 2451; x_wconf 89' lang='lat' dir='ltr'>t.</span> <span class='ocrx_word' id='word_1_427' title='bbox 772 2419 806 2450; x_wconf 90' lang='lat' dir='ltr'>Si</span> <span class='ocrx_word' id='word_1_428' title='bbox 822 2419 872 2450; x_wconf 83' lang='lat' dir='ltr'>hoc</span> <span class='ocrx_word' id='word_1_429' title='bbox 886 2420 918 2449; x_wconf 86' lang='lat' dir='ltr'>in</span> <span class='ocrx_word' id='word_1_430' title='bbox 940 2418 1054 2450; x_wconf 83' lang='lat' dir='ltr'>locatio·</span> 
     </span>
     <span class='ocr_line' id='line_1_57' title="bbox 184 2458 1054 2504; baseline -0.007 -8"><span class='ocrx_word' id='word_1_431' title='bbox 184 2473 222 2497; x_wconf 76' lang='lat' dir='ltr'>ne</span> <span class='ocrx_word' id='word_1_432' title='bbox 244 2467 393 2504; x_wconf 80' lang='lat' dir='ltr'>convenit,</span> <span class='ocrx_word' id='word_1_433' title='bbox 418 2463 528 2504; x_wconf 86' lang='lat' dir='ltr'>Ignem</span> <span class='ocrx_word' id='word_1_434' title='bbox 554 2471 594 2493; x_wconf 91' lang='lat' dir='ltr'>ne</span> <span class='ocrx_word' id='word_1_435' title='bbox 614 2461 754 2499; x_wconf 88' lang='lat' dir='ltr'>habeto,</span> <span class='ocrx_word' id='word_1_436' title='bbox 777 2458 814 2495; x_wconf 62' lang='grc' dir='ltr'>ὅ)</span> <span class='ocrx_word' id='word_1_437' title='bbox 837 2461 955 2492; x_wconf 80' lang='lat' dir='ltr'>habuit:</span> <span class='ocrx_word' id='word_1_438' title='bbox 977 2465 1054 2491; x_wconf 88' lang='lat' dir='ltr'>tene-</span> 
     </span>
     <span class='ocr_line' id='line_1_58' title="bbox 187 2500 1051 2544; baseline -0.006 -7"><span class='ocrx_word' id='word_1_439' title='bbox 187 2507 286 2544; x_wconf 79' lang='lat' dir='ltr'>bitur,</span> <span class='ocrx_word' id='word_1_440' title='bbox 308 2508 391 2537; x_wconf 86' lang='lat' dir='ltr'>etiam</span> <span class='ocrx_word' id='word_1_441' title='bbox 409 2504 439 2543; x_wconf 88' lang='lat' dir='ltr'><em>fi</em></span> <span class='ocrx_word' id='word_1_442' title='bbox 452 2504 599 2544; x_wconf 83' lang='lat' dir='ltr'>fortuitus</span> <span class='ocrx_word' id='word_1_443' title='bbox 621 2503 704 2539; x_wconf 85' lang='lat' dir='ltr'>casus</span> <span class='ocrx_word' id='word_1_444' title='bbox 726 2500 842 2539; x_wconf 76' lang='lat' dir='ltr'>admisit</span> <span class='ocrx_word' id='word_1_445' title='bbox 868 2502 1051 2538; x_wconf 77' lang='lat' dir='ltr'>incendium3</span> 
     </span>
     <span class='ocr_line' id='line_1_59' title="bbox 185 2540 1054 2596; baseline -0.006 -18"><span class='ocrx_word' id='word_1_446' title='bbox 185 2547 258 2596; x_wconf 70' lang='lat' dir='ltr'>quia</span> <span class='ocrx_word' id='word_1_447' title='bbox 283 2556 339 2577; x_wconf 87' lang='lat' dir='ltr'>non</span> <span class='ocrx_word' id='word_1_448' title='bbox 362 2547 457 2578; x_wconf 80' lang='lat' dir='ltr'>debuit</span> <span class='ocrx_word' id='word_1_449' title='bbox 481 2547 576 2586; x_wconf 82' lang='lat' dir='ltr'>ignem</span> <span class='ocrx_word' id='word_1_450' title='bbox 605 2543 713 2575; x_wconf 83' lang='lat' dir='ltr'>babere.</span> <span class='ocrx_word' id='word_1_451' title='bbox 756 2543 852 2574; x_wconf 84' lang='lat' dir='ltr'>Aliud</span> <span class='ocrx_word' id='word_1_452' title='bbox 882 2544 959 2574; x_wconf 86' lang='lat' dir='ltr'>enim</span> <span class='ocrx_word' id='word_1_453' title='bbox 990 2540 1054 2583; x_wconf 81' lang='lat' dir='ltr'>est,</span> 
     </span>
     <span class='ocr_line' id='line_1_60' title="bbox 186 2583 1055 2630; baseline -0.006 -11"><span class='ocrx_word' id='word_1_454' title='bbox 186 2597 286 2630; x_wconf 75' lang='lat' dir='ltr'>ignem</span> <span class='ocrx_word' id='word_1_455' title='bbox 299 2588 474 2618; x_wconf 78' lang='lat' dir='ltr'>innocentem</span> <span class='ocrx_word' id='word_1_456' title='bbox 488 2587 599 2618; x_wconf 86' lang='lat' dir='ltr'>habere.</span> <span class='ocrx_word' id='word_1_457' title='bbox 616 2585 761 2626; x_wconf 85' lang='lat' dir='ltr'>permittit</span> <span class='ocrx_word' id='word_1_458' title='bbox 774 2586 850 2615; x_wconf 86' lang='lat' dir='ltr'>enim</span> <span class='ocrx_word' id='word_1_459' title='bbox 866 2585 986 2623; x_wconf 83' lang='lat' dir='ltr'>babere,</span> <span class='ocrx_word' id='word_1_460' title='bbox 1002 2583 1055 2624; x_wconf 76' lang='lat' dir='ltr'>fed</span> 
     </span>
     <span class='ocr_line' id='line_1_61' title="bbox 187 2624 1056 2668; baseline -0.006 -7"><span class='ocrx_word' id='word_1_461' title='bbox 187 2628 342 2660; x_wconf 78' lang='lat' dir='ltr'>innoxium</span> <span class='ocrx_word' id='word_1_462' title='bbox 363 2629 465 2668; x_wconf 79' lang='lat' dir='ltr'>ignem.</span> <span class='ocrx_word' id='word_1_463' title='bbox 506 2627 559 2659; x_wconf 94' lang='lat' dir='ltr'>Sic</span> <span class='ocrx_word' id='word_1_464' title='bbox 581 2633 671 2658; x_wconf 87' lang='lat' dir='ltr'>extat</span> <span class='ocrx_word' id='word_1_465' title='bbox 694 2624 718 2656; x_wconf 89' lang='lat' dir='ltr'>F</span> <span class='ocrx_word' id='word_1_466' title='bbox 722 2625 886 2663; x_wconf 87' lang='lat' dir='ltr'>lorentiae‚</span> <span class='ocrx_word' id='word_1_467' title='bbox 917 2625 947 2657; x_wconf 86' lang='lat'>&amp;</span> <span class='ocrx_word' id='word_1_468' title='bbox 970 2625 1056 2665; x_wconf 85' lang='lat' dir='ltr'>apud</span> 
     </span>
     <span class='ocr_line' id='line_1_62' title="bbox 189 2665 1059 2708; baseline -0.008 -5"><span class='ocrx_word' id='word_1_469' title='bbox 189 2668 419 2704; x_wconf 85' lang='lat' dir='ltr'>Haloandrum.</span> <span class='ocrx_word' id='word_1_470' title='bbox 441 2668 492 2700; x_wconf 90' lang='lat' dir='ltr'>sed</span> <span class='ocrx_word' id='word_1_471' title='bbox 509 2667 597 2700; x_wconf 85' lang='lat' dir='ltr'>deest</span> <span class='ocrx_word' id='word_1_472' title='bbox 614 2666 731 2708; x_wconf 87' lang='lat' dir='ltr'>aliquid</span> <span class='ocrx_word' id='word_1_473' title='bbox 754 2667 849 2707; x_wconf 91' lang='lat' dir='ltr'>pleno</span> <span class='ocrx_word' id='word_1_474' title='bbox 871 2665 989 2705; x_wconf 85' lang='lat' dir='ltr'>sensui,</span> <span class='ocrx_word' id='word_1_475' title='bbox 1013 2667 1059 2697; x_wconf 77' lang='lat' dir='ltr'>ita</span> 
     </span>
     <span class='ocr_line' id='line_1_63' title="bbox 190 2706 1057 2753; baseline -0.006 -9"><span class='ocrx_word' id='word_1_476' title='bbox 190 2720 257 2753; x_wconf 90' lang='lat' dir='ltr'>ope</span> <span class='ocrx_word' id='word_1_477' title='bbox 273 2710 406 2750; x_wconf 86' lang='lat' dir='ltr'>vulgatae</span> <span class='ocrx_word' id='word_1_478' title='bbox 430 2708 574 2740; x_wconf 87' lang='lat' dir='ltr'>editionis</span> <span class='ocrx_word' id='word_1_479' title='bbox 597 2707 736 2740; x_wconf 78' lang='lat' dir='ltr'>Accurlii</span> <span class='ocrx_word' id='word_1_480' title='bbox 767 2706 991 2748; x_wconf 87' lang='lat' dir='ltr'>supplendum:</span> <span class='ocrx_word' id='word_1_481' title='bbox 1014 2707 1057 2739; x_wconf 80' lang='lat' dir='ltr'>A·</span> 
     </span>
     <span class='ocr_line' id='line_1_64' title="bbox 191 2747 1059 2789; baseline -0.007 -4"><span class='ocrx_word' id='word_1_482' title='bbox 191 2753 254 2785; x_wconf 82' lang='lat' dir='ltr'>liud</span> <span class='ocrx_word' id='word_1_483' title='bbox 271 2752 346 2782; x_wconf 88' lang='lat' dir='ltr'>enim</span> <span class='ocrx_word' id='word_1_484' title='bbox 360 2747 418 2789; x_wconf 76' lang='lat' dir='ltr'>est,</span> <span class='ocrx_word' id='word_1_485' title='bbox 440 2749 532 2788; x_wconf 85' lang='lat' dir='ltr'>ignem</span> <span class='ocrx_word' id='word_1_486' title='bbox 544 2752 720 2781; x_wconf 76' lang='lat' dir='ltr'>innocentem</span> <span class='ocrx_word' id='word_1_487' title='bbox 734 2749 853 2788; x_wconf 82' lang='lat' dir='ltr'>babere,</span> <span class='ocrx_word' id='word_1_488' title='bbox 872 2749 953 2780; x_wconf 84' lang='lat' dir='ltr'>aliud</span> <span class='ocrx_word' id='word_1_489' title='bbox 968 2748 1059 2779; x_wconf 88' lang='lat' dir='ltr'>omni-</span> 
     </span>
     <span class='ocr_line' id='line_1_65' title="bbox 192 2788 1060 2832; baseline -0.007 -6"><span class='ocrx_word' id='word_1_490' title='bbox 192 2803 230 2826; x_wconf 87' lang='lat' dir='ltr'>no</span> <span class='ocrx_word' id='word_1_491' title='bbox 247 2801 306 2824; x_wconf 86' lang='lat' dir='ltr'>non</span> <span class='ocrx_word' id='word_1_492' title='bbox 328 2791 435 2822; x_wconf 83' lang='lat' dir='ltr'>babere.</span> <span class='ocrx_word' id='word_1_493' title='bbox 457 2792 598 2829; x_wconf 83' lang='lat' dir='ltr'>permittit</span> <span class='ocrx_word' id='word_1_494' title='bbox 619 2793 704 2823; x_wconf 86' lang='lat' dir='ltr'>enim.</span> <span class='ocrx_word' id='word_1_495' title='bbox 730 2791 760 2823; x_wconf 72' lang='grc' dir='ltr'><strong>ἃ</strong></span> <span class='ocrx_word' id='word_1_496' title='bbox 785 2790 916 2832; x_wconf 85' lang='lat' dir='ltr'>reliqua.</span> <span class='ocrx_word' id='word_1_497' title='bbox 961 2788 1060 2830; x_wconf 90' lang='lat' dir='ltr'>Supe-</span> 
     </span>
     <span class='ocr_line' id='line_1_66' title="bbox 191 2829 1057 2873; baseline -0.007 -6"><span class='ocrx_word' id='word_1_498' title='bbox 191 2835 270 2868; x_wconf 82' lang='lat' dir='ltr'>riori</span> <span class='ocrx_word' id='word_1_499' title='bbox 289 2834 365 2866; x_wconf 84' lang='lat' dir='ltr'>loco</span> <span class='ocrx_word' id='word_1_500' title='bbox 380 2829 478 2862; x_wconf 88' lang='lat' dir='ltr'>affinis</span> <span class='ocrx_word' id='word_1_501' title='bbox 500 2829 545 2860; x_wconf 90' lang='lat' dir='ltr'>est</span> <span class='ocrx_word' id='word_1_502' title='bbox 568 2831 698 2873; x_wconf 79' lang='lat' dir='ltr'>sequens</span> <span class='ocrx_word' id='word_1_503' title='bbox 720 2841 761 2864; x_wconf 84' lang='lat' dir='ltr'>ex</span> <span class='ocrx_word' id='word_1_504' title='bbox 786 2832 805 2863; x_wconf 87' lang='lat' dir='ltr'>l.</span> <span class='ocrx_word' id='word_1_505' title='bbox 825 2840 856 2868; x_wconf 87' lang='lat'>9.</span> <span class='ocrx_word' id='word_1_506' title='bbox 878 2831 907 2873; x_wconf 85' lang='lat'>§.</span> <span class='ocrx_word' id='word_1_507' title='bbox 927 2840 957 2872; x_wconf 83' lang='lat'>3.</span> <span class='ocrx_word' id='word_1_508' title='bbox 983 2831 1012 2863; x_wconf 82' lang='lat' dir='ltr'>b.</span> <span class='ocrx_word' id='word_1_509' title='bbox 1034 2835 1057 2862; x_wconf 87' lang='lat' dir='ltr'>t.</span> 
     </span>
     <span class='ocr_line' id='line_1_67' title="bbox 193 2870 1061 2914; baseline -0.007 -5"><span class='ocrx_word' id='word_1_510' title='bbox 193 2877 230 2909; x_wconf 83' lang='lat' dir='ltr'>Si</span> <span class='ocrx_word' id='word_1_511' title='bbox 245 2873 350 2907; x_wconf 87' lang='lat' dir='ltr'>colonis</span> <span class='ocrx_word' id='word_1_512' title='bbox 367 2872 538 2914; x_wconf 72' lang='lat' dir='ltr'>prediorum</span> <span class='ocrx_word' id='word_1_513' title='bbox 559 2870 616 2910; x_wconf 86' lang='lat' dir='ltr'>lege</span> <span class='ocrx_word' id='word_1_514' title='bbox 635 2873 800 2912; x_wconf 79' lang='lat' dir='ltr'>locationis,</span> <span class='ocrx_word' id='word_1_515' title='bbox 822 2878 857 2904; x_wconf 85' lang='lat' dir='ltr'>ut</span> <span class='ocrx_word' id='word_1_516' title='bbox 880 2874 1061 2903; x_wconf 79' lang='lat' dir='ltr'>innocentem</span> 
     </span>
     <span class='ocr_line' id='line_1_68' title="bbox 195 2911 1060 2960; baseline -0.007 -10"><span class='ocrx_word' id='word_1_517' title='bbox 195 2920 293 2960; x_wconf 81' lang='lat' dir='ltr'>ignem</span> <span class='ocrx_word' id='word_1_518' title='bbox 306 2915 446 2952; x_wconf 82' lang='lat' dir='ltr'>habeant,</span> <span class='ocrx_word' id='word_1_519' title='bbox 457 2911 661 2943; x_wconf 81' lang='lat' dir='ltr'>denuntiatum</span> <span class='ocrx_word' id='word_1_520' title='bbox 672 2913 730 2954; x_wconf 83' lang='lat' dir='ltr'>fit,</span> <span class='ocrx_word' id='word_1_521' title='bbox 747 2913 776 2953; x_wconf 89' lang='lat' dir='ltr'><em>fi</em></span> <span class='ocrx_word' id='word_1_522' title='bbox 789 2915 902 2956; x_wconf 84' lang='lat' dir='ltr'>quidem</span> <span class='ocrx_word' id='word_1_523' title='bbox 912 2914 1060 2954; x_wconf 84' lang='lat' dir='ltr'>fortuitus</span> 
     </span>
     <span class='ocr_line' id='line_1_69' title="bbox 196 2952 1059 2998; baseline -0.014 -7"><span class='ocrx_word' id='word_1_524' title='bbox 196 2959 280 2998; x_wconf 83' lang='lat' dir='ltr'>casus</span> <span class='ocrx_word' id='word_1_525' title='bbox 298 2955 425 2989; x_wconf 85' lang='lat' dir='ltr'>incendii</span> <span class='ocrx_word' id='word_1_526' title='bbox 447 2953 560 2991; x_wconf 83' lang='lat' dir='ltr'>causam</span> <span class='ocrx_word' id='word_1_527' title='bbox 581 2952 732 2992; x_wconf 80' lang='lat' dir='ltr'>intulerit,</span> <span class='ocrx_word' id='word_1_528' title='bbox 753 2964 811 2986; x_wconf 84' lang='lat' dir='ltr'>non</span> <span class='ocrx_word' id='word_1_529' title='bbox 823 2953 971 2996; x_wconf 74' lang='lat' dir='ltr'>prceliabit</span> <span class='ocrx_word' id='word_1_530' title='bbox 981 2956 1059 2995; x_wconf 73' lang='lat' dir='ltr'>peri.</span> 
     </span>
     <span class='ocr_line' id='line_1_70' title="bbox 196 2992 1061 3039; baseline -0.009 -5"><span class='ocrx_word' id='word_1_531' title='bbox 196 3002 296 3034; x_wconf 86' lang='lat' dir='ltr'>culum</span> <span class='ocrx_word' id='word_1_532' title='bbox 311 2998 423 3029; x_wconf 82' lang='lat' dir='ltr'>locator.</span> <span class='ocrx_word' id='word_1_533' title='bbox 441 2993 470 3032; x_wconf 87' lang='lat' dir='ltr'><em>fi</em></span> <span class='ocrx_word' id='word_1_534' title='bbox 485 3002 550 3025; x_wconf 88' lang='lat' dir='ltr'>vero</span> <span class='ocrx_word' id='word_1_535' title='bbox 566 2992 650 3039; x_wconf 79' lang='lat' dir='ltr'>culpa</span> <span class='ocrx_word' id='word_1_536' title='bbox 665 2992 809 3034; x_wconf 61' lang='lat' dir='ltr'>locatores,</span> <span class='ocrx_word' id='word_1_537' title='bbox 826 3006 914 3037; x_wconf 78' lang='lat' dir='ltr'>quam</span> <span class='ocrx_word' id='word_1_538' title='bbox 925 2995 1061 3037; x_wconf 71' lang='lat' dir='ltr'>prestare</span> 
     </span>
     <span class='ocr_line' id='line_1_71' title="bbox 196 3034 1061 3082; baseline -0.008 -8"><span class='ocrx_word' id='word_1_539' title='bbox 196 3040 300 3082; x_wconf 80' lang='lat' dir='ltr'>neceffe</span> <span class='ocrx_word' id='word_1_540' title='bbox 314 3036 373 3080; x_wconf 78' lang='lat' dir='ltr'>est,</span> <span class='ocrx_word' id='word_1_541' title='bbox 397 3037 534 3068; x_wconf 82' lang='lat' dir='ltr'>damnum</span> <span class='ocrx_word' id='word_1_542' title='bbox 551 3034 672 3073; x_wconf 84' lang='lat' dir='ltr'>fecerit,</span> <span class='ocrx_word' id='word_1_543' title='bbox 694 3036 844 3078; x_wconf 66' lang='lat' dir='ltr'>tenebitur.</span> <span class='ocrx_word' id='word_1_544' title='bbox 889 3036 941 3068; x_wconf 90' lang='lat' dir='ltr'>Sic</span> <span class='ocrx_word' id='word_1_545' title='bbox 956 3038 1061 3069; x_wconf 87' lang='lat' dir='ltr'>editur</span> 
     </span>
     <span class='ocr_line' id='line_1_72' title="bbox 197 3074 1061 3118; baseline -0.006 -3"><span class='ocrx_word' id='word_1_546' title='bbox 197 3081 389 3118; x_wconf 79' lang='lat' dir='ltr'>Florentiae,</span> <span class='ocrx_word' id='word_1_547' title='bbox 410 3078 499 3109; x_wconf 90' lang='lat' dir='ltr'>nullo</span> <span class='ocrx_word' id='word_1_548' title='bbox 518 3074 615 3107; x_wconf 89' lang='lat' dir='ltr'>sensu.</span> <span class='ocrx_word' id='word_1_549' title='bbox 638 3074 752 3106; x_wconf 86' lang='lat' dir='ltr'>mellus</span> <span class='ocrx_word' id='word_1_550' title='bbox 778 3078 903 3118; x_wconf 87' lang='lat' dir='ltr'>vulgata</span> <span class='ocrx_word' id='word_1_551' title='bbox 920 3077 1061 3110; x_wconf 80' lang='lat' dir='ltr'>Accursii</span> 
     </span>
     <span class='ocr_line' id='line_1_73' title="bbox 199 3115 1063 3159; baseline -0.01 -3"><span class='ocrx_word' id='word_1_552' title='bbox 199 3124 321 3156; x_wconf 88' lang='lat' dir='ltr'>editio:</span> <span class='ocrx_word' id='word_1_553' title='bbox 343 3129 401 3152; x_wconf 86' lang='lat' dir='ltr'>non</span> <span class='ocrx_word' id='word_1_554' title='bbox 419 3115 603 3159; x_wconf 82' lang='lat' dir='ltr'>praeflabitur</span> <span class='ocrx_word' id='word_1_555' title='bbox 618 3115 778 3158; x_wconf 87' lang='lat' dir='ltr'>periculum</span> <span class='ocrx_word' id='word_1_556' title='bbox 805 3117 931 3148; x_wconf 84' lang='lat' dir='ltr'>locatori.</span> <span class='ocrx_word' id='word_1_557' title='bbox 983 3118 1063 3152; x_wconf 87' lang='lat' dir='ltr'>Non</span> 
     </span>
     <span class='ocr_line' id='line_1_74' title="bbox 198 3155 1062 3200; baseline -0.006 -3"><span class='ocrx_word' id='word_1_558' title='bbox 198 3165 306 3198; x_wconf 84' lang='lat' dir='ltr'>minus</span> <span class='ocrx_word' id='word_1_559' title='bbox 321 3162 444 3194; x_wconf 87' lang='lat' dir='ltr'>laborat</span> <span class='ocrx_word' id='word_1_560' title='bbox 460 3158 594 3200; x_wconf 88' lang='lat' dir='ltr'>sequens</span> <span class='ocrx_word' id='word_1_561' title='bbox 619 3155 738 3189; x_wconf 89' lang='lat' dir='ltr'>versus:</span> <span class='ocrx_word' id='word_1_562' title='bbox 760 3156 794 3187; x_wconf 86' lang='lat' dir='ltr'>Si</span> <span class='ocrx_word' id='word_1_563' title='bbox 807 3166 875 3188; x_wconf 83' lang='lat' dir='ltr'>vero</span> <span class='ocrx_word' id='word_1_564' title='bbox 891 3159 975 3198; x_wconf 85' lang='lat' dir='ltr'>culpa</span> <span class='ocrx_word' id='word_1_565' title='bbox 990 3161 1062 3192; x_wconf 86' lang='lat' dir='ltr'>loca·</span> 
     </span>
    </p>
   </div>
   <div class='ocr_carea' id='block_1_2' title="bbox 200 3196 1067 3245">
    <p class='ocr_par' dir='ltr' id='par_1_6' title="bbox 200 3196 1067 3245">
     <span class='ocr_line' id='line_1_75' title="bbox 200 3196 1067 3245; baseline -0.006 -6"><span class='ocrx_word' id='word_1_566' title='bbox 200 3205 292 3245; x_wconf 78' lang='lat' dir='ltr'>toris,</span> <span class='ocrx_word' id='word_1_567' title='bbox 312 3212 400 3245; x_wconf 71' lang='lat' dir='ltr'>qaam</span> <span class='ocrx_word' id='word_1_568' title='bbox 415 3199 555 3245; x_wconf 79' lang='lat' dir='ltr'>praestare</span> <span class='ocrx_word' id='word_1_569' title='bbox 576 3197 678 3242; x_wconf 78' lang='lat' dir='ltr'>neceffo</span> <span class='ocrx_word' id='word_1_570' title='bbox 701 3196 759 3241; x_wconf 74' lang='lat' dir='ltr'>est,</span> <span class='ocrx_word' id='word_1_571' title='bbox 780 3198 918 3236; x_wconf 78' lang='lat' dir='ltr'>damnum</span> <span class='ocrx_word' id='word_1_572' title='bbox 937 3199 1067 3244; x_wconf 75' lang='lat' dir='ltr'>fecerit,</span> 
     </span>
    </p>
   </div>
   <div class='ocr_carea' id='block_1_3' title="bbox 1068 104 1601 145">
    <p class='ocr_par' dir='ltr' id='par_1_7' title="bbox 1068 104 1601 145">
     <span class='ocr_line' id='line_1_76' title="bbox 1068 104 1601 145; baseline 0.006 -7"><span class='ocrx_word' id='word_1_573' title='bbox 1068 104 1330 141; x_wconf 72' lang='lat' dir='ltr'>Noon‘r</span> <span class='ocrx_word' id='word_1_574' title='bbox 1386 105 1601 145; x_wconf 62' lang='lat' dir='ltr'>Cottii.</span> 
     </span>
    </p>
   </div>
   <div class='ocr_carea' id='block_1_4' title="bbox 1082 193 2026 3114">
    <p class='ocr_par' dir='ltr' id='par_1_8' title="bbox 1082 193 2026 3114">
     <span class='ocr_line' id='line_1_77' title="bbox 1089 193 2004 241; baseline 0.01 -18"><span class='ocrx_word' id='word_1_575' title='bbox 1089 193 1239 228; x_wconf 78' lang='lat' dir='ltr'>tenebitur.</span> <span class='ocrx_word' id='word_1_576' title='bbox 1282 194 1410 227; x_wconf 84' lang='lat' dir='ltr'>Scribe:</span> <span class='ocrx_word' id='word_1_577' title='bbox 1427 195 1455 234; x_wconf 80' lang='lat' dir='ltr'>si</span> <span class='ocrx_word' id='word_1_578' title='bbox 1471 197 1639 239; x_wconf 77' lang='lat' dir='ltr'>vero-culpa</span> <span class='ocrx_word' id='word_1_579' title='bbox 1652 205 1741 240; x_wconf 75' lang='lat' dir='ltr'>quam</span> <span class='ocrx_word' id='word_1_580' title='bbox 1759 198 1894 241; x_wconf 64' lang='lat' dir='ltr'>praestare</span> <span class='ocrx_word' id='word_1_581' title='bbox 1909 201 1957 232; x_wconf 74' lang='lat' dir='ltr'>rze&#39;-</span> <span class='ocrx_word' id='word_1_582' title='bbox 1998 194 2004 200; x_wconf 56' lang='grc'><em>”</em></span> 
     </span>
     <span class='ocr_line' id='line_1_78' title="bbox 1088 233 1956 282; baseline 0.01 -18"><span class='ocrx_word' id='word_1_583' title='bbox 1088 234 1155 274; x_wconf 83' lang='lat' dir='ltr'>ceffe</span> <span class='ocrx_word' id='word_1_584' title='bbox 1177 233 1235 275; x_wconf 79' lang='lat' dir='ltr'>est,</span> <span class='ocrx_word' id='word_1_585' title='bbox 1257 236 1394 281; x_wconf 69' lang='lat' dir='ltr'>damnum</span> <span class='ocrx_word' id='word_1_586' title='bbox 1412 238 1538 278; x_wconf 83' lang='lat' dir='ltr'>fecerit,</span> <span class='ocrx_word' id='word_1_587' title='bbox 1564 241 1749 279; x_wconf 80' lang='lat' dir='ltr'>tenebuntur.</span> <span class='ocrx_word' id='word_1_588' title='bbox 1793 241 1845 272; x_wconf 83' lang='lat' dir='ltr'>Sic</span> <span class='ocrx_word' id='word_1_589' title='bbox 1875 245 1956 282; x_wconf 80' lang='lat' dir='ltr'>opti·</span> 
     </span>
     <span class='ocr_line' id='line_1_79' title="bbox 1089 275 1955 322; baseline 0.01 -17"><span class='ocrx_word' id='word_1_590' title='bbox 1089 275 1314 322; x_wconf 33' lang='lat' dir='ltr'>menAntomus</span> <span class='ocrx_word' id='word_1_591' title='bbox 1333 277 1450 318; x_wconf 80' lang='lat' dir='ltr'>Faber,</span> <span class='ocrx_word' id='word_1_592' title='bbox 1472 275 1578 311; x_wconf 74' lang='lat' dir='ltr'>deleta</span> <span class='ocrx_word' id='word_1_593' title='bbox 1601 289 1701 320; x_wconf 52' lang='lat' dir='ltr'>poce,</span> <span class='ocrx_word' id='word_1_594' title='bbox 1724 281 1864 313; x_wconf 84' lang='lat' dir='ltr'>locatoris.</span> <span class='ocrx_word' id='word_1_595' title='bbox 1890 291 1955 314; x_wconf 86' lang='lat' dir='ltr'>non</span> 
     </span>
     <span class='ocr_line' id='line_1_80' title="bbox 1087 315 1957 361; baseline 0.009 -14"><span class='ocrx_word' id='word_1_596' title='bbox 1087 325 1171 361; x_wconf 82' lang='lat' dir='ltr'>enim</span> <span class='ocrx_word' id='word_1_597' title='bbox 1197 316 1242 349; x_wconf 87' lang='lat' dir='ltr'>est</span> <span class='ocrx_word' id='word_1_598' title='bbox 1265 315 1405 359; x_wconf 87' lang='lat' dir='ltr'>Ulpiano</span> <span class='ocrx_word' id='word_1_599' title='bbox 1430 320 1579 360; x_wconf 77' lang='lat' dir='ltr'>quaesti03</span> <span class='ocrx_word' id='word_1_600' title='bbox 1602 331 1641 353; x_wconf 87' lang='lat' dir='ltr'>an</span> <span class='ocrx_word' id='word_1_601' title='bbox 1664 323 1785 354; x_wconf 84' lang='lat' dir='ltr'>locator</span> <span class='ocrx_word' id='word_1_602' title='bbox 1810 331 1957 356; x_wconf 84' lang='lat' dir='ltr'>teneatur</span> 
     </span>
     <span class='ocr_line' id='line_1_81' title="bbox 1086 357 1954 404; baseline 0.01 -17"><span class='ocrx_word' id='word_1_603' title='bbox 1086 357 1295 398; x_wconf 70' lang='grc' dir='ltr'>ςοῃᾰυᾶοτὶς</span> <span class='ocrx_word' id='word_1_604' title='bbox 1320 359 1371 392; x_wconf 86' lang='lat' dir='ltr'>sed</span> <span class='ocrx_word' id='word_1_605' title='bbox 1390 370 1428 392; x_wconf 92' lang='lat' dir='ltr'>an</span> <span class='ocrx_word' id='word_1_606' title='bbox 1446 361 1620 394; x_wconf 66' lang='lat' dir='ltr'>conduCIor</span> <span class='ocrx_word' id='word_1_607' title='bbox 1646 363 1781 395; x_wconf 84' lang='lat' dir='ltr'>locatori</span> <span class='ocrx_word' id='word_1_608' title='bbox 1798 372 1954 404; x_wconf 60' lang='lat' dir='ltr'>teneatur.¹</span> 
     </span>
     <span class='ocr_line' id='line_1_82' title="bbox 1085 398 1955 445; baseline 0.009 -16"><span class='ocrx_word' id='word_1_609' title='bbox 1085 398 1149 443; x_wconf 82' lang='lat' dir='ltr'>Res</span> <span class='ocrx_word' id='word_1_610' title='bbox 1167 400 1347 440; x_wconf 83' lang='lat' dir='ltr'>clariffima;</span> <span class='ocrx_word' id='word_1_611' title='bbox 1370 411 1431 434; x_wconf 90' lang='lat' dir='ltr'>nec</span> <span class='ocrx_word' id='word_1_612' title='bbox 1445 403 1709 444; x_wconf 84' lang='lat' dir='ltr'>interpretatione</span> <span class='ocrx_word' id='word_1_613' title='bbox 1724 413 1815 445; x_wconf 83' lang='lat' dir='ltr'>opus.</span> <span class='ocrx_word' id='word_1_614' title='bbox 1863 405 1955 437; x_wconf 89' lang='lat' dir='ltr'>Aliud</span> 
     </span>
     <span class='ocr_line' id='line_1_83' title="bbox 1087 439 1951 486; baseline 0.009 -16"><span class='ocrx_word' id='word_1_615' title='bbox 1087 439 1291 480; x_wconf 83' lang='lat' dir='ltr'>exemplum,</span> <span class='ocrx_word' id='word_1_616' title='bbox 1315 452 1376 474; x_wconf 88' lang='lat' dir='ltr'>nec</span> <span class='ocrx_word' id='word_1_617' title='bbox 1398 443 1541 476; x_wconf 81' lang='lat' dir='ltr'>diffimile</span> <span class='ocrx_word' id='word_1_618' title='bbox 1567 443 1777 486; x_wconf 83' lang='lat' dir='ltr'>superioribus</span> <span class='ocrx_word' id='word_1_619' title='bbox 1802 446 1847 478; x_wconf 89' lang='lat' dir='ltr'>est</span> <span class='ocrx_word' id='word_1_620' title='bbox 1869 448 1900 478; x_wconf 90' lang='lat' dir='ltr'>in</span> <span class='ocrx_word' id='word_1_621' title='bbox 1930 448 1951 478; x_wconf 86' lang='lat' dir='ltr'>l.</span> 
     </span>
     <span class='ocr_line' id='line_1_84' title="bbox 1091 480 1953 522; baseline 0.009 -12"><span class='ocrx_word' id='word_1_622' title='bbox 1091 489 1135 512; x_wconf 89' lang='lat'>11.</span> <span class='ocrx_word' id='word_1_623' title='bbox 1157 480 1187 522; x_wconf 84' lang='lat'>§.</span> <span class='ocrx_word' id='word_1_624' title='bbox 1209 481 1262 512; x_wconf 84' lang='lat' dir='ltr'>ult.</span> <span class='ocrx_word' id='word_1_625' title='bbox 1280 483 1309 513; x_wconf 84' lang='lat' dir='ltr'>b.</span> <span class='ocrx_word' id='word_1_626' title='bbox 1326 487 1348 514; x_wconf 91' lang='lat' dir='ltr'>t.</span> <span class='ocrx_word' id='word_1_627' title='bbox 1393 482 1500 517; x_wconf 90' lang='lat' dir='ltr'>Verba</span> <span class='ocrx_word' id='word_1_628' title='bbox 1521 485 1600 518; x_wconf 86' lang='lat' dir='ltr'>sunt.</span> <span class='ocrx_word' id='word_1_629' title='bbox 1645 486 1729 518; x_wconf 81' lang='lat' dir='ltr'>Inter</span> <span class='ocrx_word' id='word_1_630' title='bbox 1754 486 1953 518; x_wconf 67' lang='lat' dir='ltr'>conduttoreni</span> 
     </span>
     <span class='ocr_line' id='line_1_85' title="bbox 1086 521 1953 566; baseline 0.012 -16"><span class='ocrx_word' id='word_1_631' title='bbox 1086 521 1124 556; x_wconf 66' lang='grc' dir='ltr'>ὅ)</span> <span class='ocrx_word' id='word_1_632' title='bbox 1146 521 1295 552; x_wconf 81' lang='lat' dir='ltr'>locatorem</span> <span class='ocrx_word' id='word_1_633' title='bbox 1317 532 1506 565; x_wconf 85' lang='lat' dir='ltr'>convenerat,</span> <span class='ocrx_word' id='word_1_634' title='bbox 1530 536 1571 558; x_wconf 79' lang='lat' dir='ltr'>ne</span> <span class='ocrx_word' id='word_1_635' title='bbox 1595 527 1627 559; x_wconf 78' lang='lat' dir='ltr'>iu</span> <span class='ocrx_word' id='word_1_636' title='bbox 1653 527 1729 566; x_wconf 81' lang='lat' dir='ltr'>villa</span> <span class='ocrx_word' id='word_1_637' title='bbox 1751 528 1869 560; x_wconf 84' lang='lat' dir='ltr'>urbana</span> <span class='ocrx_word' id='word_1_638' title='bbox 1891 528 1953 561; x_wconf 77' lang='lat' dir='ltr'>foe-</span> 
     </span>
     <span class='ocr_line' id='line_1_86' title="bbox 1085 567 1960 611; baseline 0.008 -17"><span class='ocrx_word' id='word_1_639' title='bbox 1085 571 1161 594; x_wconf 88' lang='lat' dir='ltr'>num</span> <span class='ocrx_word' id='word_1_640' title='bbox 1181 567 1447 602; x_wconf 77' lang='lat' dir='ltr'>componeretur:</span> <span class='ocrx_word' id='word_1_641' title='bbox 1469 567 1577 606; x_wconf 75' lang='lat' dir='ltr'>pofiiit:</span> <span class='ocrx_word' id='word_1_642' title='bbox 1600 568 1703 605; x_wconf 83' lang='lat' dir='ltr'>deinde</span> <span class='ocrx_word' id='word_1_643' title='bbox 1709 570 1820 609; x_wconf 85' lang='lat' dir='ltr'>servus</span> <span class='ocrx_word' id='word_1_644' title='bbox 1835 571 1900 611; x_wconf 84' lang='lat' dir='ltr'>igne</span> <span class='ocrx_word' id='word_1_645' title='bbox 1917 570 1960 601; x_wconf 56' lang='lat' dir='ltr'>ilav</span> 
     </span>
     <span class='ocr_line' id='line_1_87' title="bbox 1084 601 1953 650; baseline 0.009 -16"><span class='ocrx_word' id='word_1_646' title='bbox 1084 604 1144 635; x_wconf 86' lang='lat' dir='ltr'>lato</span> <span class='ocrx_word' id='word_1_647' title='bbox 1158 605 1312 641; x_wconf 77' lang='lat' dir='ltr'>succendit.</span> <span class='ocrx_word' id='word_1_648' title='bbox 1335 605 1378 635; x_wconf 85' lang='lat' dir='ltr'>ait</span> <span class='ocrx_word' id='word_1_649' title='bbox 1398 601 1511 650; x_wconf 81' lang='lat' dir='ltr'>Labeo,</span> <span class='ocrx_word' id='word_1_650' title='bbox 1533 609 1624 641; x_wconf 81' lang='lat' dir='ltr'>teneri</span> <span class='ocrx_word' id='word_1_651' title='bbox 1639 609 1837 642; x_wconf 62' lang='lat' dir='ltr'>conductorem</span> <span class='ocrx_word' id='word_1_652' title='bbox 1856 621 1897 642; x_wconf 83' lang='lat' dir='ltr'>ex</span> <span class='ocrx_word' id='word_1_653' title='bbox 1912 611 1953 642; x_wconf 85' lang='lat' dir='ltr'>lo-</span> 
     </span>
     <span class='ocr_line' id='line_1_88' title="bbox 1084 645 1952 693; baseline 0.002 -13"><span class='ocrx_word' id='word_1_654' title='bbox 1084 651 1170 677; x_wconf 85' lang='lat' dir='ltr'>cato:</span> <span class='ocrx_word' id='word_1_655' title='bbox 1204 646 1274 692; x_wconf 80' lang='lat' dir='ltr'>quia</span> <span class='ocrx_word' id='word_1_656' title='bbox 1297 645 1634 693; x_wconf 10' lang='lat' dir='ltr'>ipsftbcaulamnpraebuit</span> <span class='ocrx_word' id='word_1_657' title='bbox 1657 651 1806 691; x_wconf 76' lang='lat' dir='ltr'>inferendo</span> <span class='ocrx_word' id='word_1_658' title='bbox 1834 653 1952 692; x_wconf 82' lang='lat' dir='ltr'>saenum</span> 
     </span>
     <span class='ocr_line' id='line_1_89' title="bbox 1084 685 1953 725; baseline 0.008 -8"><span class='ocrx_word' id='word_1_659' title='bbox 1084 693 1184 717; x_wconf 85' lang='lat' dir='ltr'>contra</span> <span class='ocrx_word' id='word_1_660' title='bbox 1208 685 1430 718; x_wconf 72' lang='lat' dir='ltr'>conauazonem.</span> <span class='ocrx_word' id='word_1_661' title='bbox 1474 687 1526 718; x_wconf 81' lang='lat' dir='ltr'>Sic</span> <span class='ocrx_word' id='word_1_662' title='bbox 1552 688 1751 724; x_wconf 88' lang='lat' dir='ltr'>Haloander:</span> <span class='ocrx_word' id='word_1_663' title='bbox 1781 692 1953 725; x_wconf 79' lang='lat' dir='ltr'>Florentiae</span> 
     </span>
     <span class='ocr_line' id='line_1_90' title="bbox 1083 727 1951 769; baseline 0.008 -10"><span class='ocrx_word' id='word_1_664' title='bbox 1083 732 1193 765; x_wconf 80' lang='lat' dir='ltr'>extat,</span> <span class='ocrx_word' id='word_1_665' title='bbox 1216 728 1283 768; x_wconf 84' lang='lat' dir='ltr'>igne</span> <span class='ocrx_word' id='word_1_666' title='bbox 1304 727 1384 758; x_wconf 84' lang='lat' dir='ltr'>illato</span> <span class='ocrx_word' id='word_1_667' title='bbox 1398 729 1433 769; x_wconf 89' lang='lat' dir='ltr'>se</span> <span class='ocrx_word' id='word_1_668' title='bbox 1458 727 1570 762; x_wconf 76' lang='lat' dir='ltr'>occidit.</span> <span class='ocrx_word' id='word_1_669' title='bbox 1614 729 1677 763; x_wconf 85' lang='lat' dir='ltr'>Sed</span> <span class='ocrx_word' id='word_1_670' title='bbox 1698 735 1951 766; x_wconf 84' lang='lat' dir='ltr'>commodiffima</span> 
     </span>
     <span class='ocr_line' id='line_1_91' title="bbox 1085 767 1950 817; baseline 0.009 -18"><span class='ocrx_word' id='word_1_671' title='bbox 1085 767 1260 800; x_wconf 88' lang='lat' dir='ltr'>Haloandri</span> <span class='ocrx_word' id='word_1_672' title='bbox 1287 767 1403 807; x_wconf 65' lang='lat' dir='ltr'>lectio,</span> <span class='ocrx_word' id='word_1_673' title='bbox 1425 770 1491 811; x_wconf 87' lang='lat' dir='ltr'>igne</span> <span class='ocrx_word' id='word_1_674' title='bbox 1513 768 1592 801; x_wconf 80' lang='lat' dir='ltr'>illato</span> <span class='ocrx_word' id='word_1_675' title='bbox 1607 771 1764 808; x_wconf 65' lang='lat' dir='ltr'>fiectendit.</span> <span class='ocrx_word' id='word_1_676' title='bbox 1813 775 1896 817; x_wconf 86' lang='lat' dir='ltr'>Quae</span> <span class='ocrx_word' id='word_1_677' title='bbox 1919 777 1950 808; x_wconf 70' lang='lat' dir='ltr'>in</span> 
     </span>
     <span class='ocr_line' id='line_1_92' title="bbox 1085 808 1952 854; baseline 0.009 -13"><span class='ocrx_word' id='word_1_678' title='bbox 1085 809 1150 841; x_wconf 88' lang='lat' dir='ltr'>h&#39;oc</span> <span class='ocrx_word' id='word_1_679' title='bbox 1176 808 1253 840; x_wconf 87' lang='lat' dir='ltr'>loco</span> <span class='ocrx_word' id='word_1_680' title='bbox 1277 808 1313 840; x_wconf 78' lang='lat' dir='ltr'>fit</span> <span class='ocrx_word' id='word_1_681' title='bbox 1336 809 1452 841; x_wconf 88' lang='lat' dir='ltr'>urbana</span> <span class='ocrx_word' id='word_1_682' title='bbox 1475 811 1567 849; x_wconf 82' lang='lat' dir='ltr'>villa,</span> <span class='ocrx_word' id='word_1_683' title='bbox 1589 811 1774 854; x_wconf 85' lang='lat' dir='ltr'>intelligitur</span> <span class='ocrx_word' id='word_1_684' title='bbox 1796 826 1836 848; x_wconf 86' lang='lat' dir='ltr'>ex</span> <span class='ocrx_word' id='word_1_685' title='bbox 1854 817 1952 849; x_wconf 85' lang='lat' dir='ltr'>Colu-</span> 
     </span>
     <span class='ocr_line' id='line_1_93' title="bbox 1084 848 1951 893; baseline 0.008 -10"><span class='ocrx_word' id='word_1_686' title='bbox 1084 850 1178 883; x_wconf 81' lang='lat' dir='ltr'>mella</span> <span class='ocrx_word' id='word_1_687' title='bbox 1202 850 1249 881; x_wconf 87' lang='lat' dir='ltr'>De</span> <span class='ocrx_word' id='word_1_688' title='bbox 1264 860 1293 881; x_wconf 88' lang='lat' dir='ltr'>re</span> <span class='ocrx_word' id='word_1_689' title='bbox 1309 848 1416 891; x_wconf 79' lang='lat' dir='ltr'>rustica</span> <span class='ocrx_word' id='word_1_690' title='bbox 1433 851 1480 883; x_wconf 86' lang='lat' dir='ltr'>lib.</span> <span class='ocrx_word' id='word_1_691' title='bbox 1502 861 1527 883; x_wconf 91' lang='lat'>1.</span> <span class='ocrx_word' id='word_1_692' title='bbox 1550 852 1605 892; x_wconf 88' lang='lat' dir='ltr'>qui</span> <span class='ocrx_word' id='word_1_693' title='bbox 1627 860 1686 893; x_wconf 87' lang='lat' dir='ltr'>cap.</span> <span class='ocrx_word' id='word_1_694' title='bbox 1711 864 1761 886; x_wconf 83' lang='lat' dir='ltr'>VI.</span> <span class='ocrx_word' id='word_1_695' title='bbox 1783 857 1886 889; x_wconf 87' lang='lat' dir='ltr'>villam</span> <span class='ocrx_word' id='word_1_696' title='bbox 1905 860 1951 890; x_wconf 88' lang='lat' dir='ltr'>di-</span> 
     </span>
     <span class='ocr_line' id='line_1_94' title="bbox 1083 891 1952 934; baseline 0.01 -13"><span class='ocrx_word' id='word_1_697' title='bbox 1083 891 1162 923; x_wconf 87' lang='lat' dir='ltr'>vidit</span> <span class='ocrx_word' id='word_1_698' title='bbox 1187 892 1218 922; x_wconf 91' lang='lat' dir='ltr'>iri</span> <span class='ocrx_word' id='word_1_699' title='bbox 1235 899 1298 923; x_wconf 84' lang='lat' dir='ltr'>tres</span> <span class='ocrx_word' id='word_1_700' title='bbox 1315 896 1438 931; x_wconf 74' lang='lat' dir='ltr'>partes:</span> <span class='ocrx_word' id='word_1_701' title='bbox 1462 892 1630 932; x_wconf 85' lang='lat' dir='ltr'>urbanam,</span> <span class='ocrx_word' id='word_1_702' title='bbox 1654 894 1818 934; x_wconf 87' lang='lat' dir='ltr'>rusticam,</span> <span class='ocrx_word' id='word_1_703' title='bbox 1841 898 1870 929; x_wconf 85' lang='lat'>&amp;</span> <span class='ocrx_word' id='word_1_704' title='bbox 1887 899 1952 930; x_wconf 89' lang='lat' dir='ltr'>fru-</span> 
     </span>
     <span class='ocr_line' id='line_1_95' title="bbox 1085 931 1950 978; baseline 0.007 -14"><span class='ocrx_word' id='word_1_705' title='bbox 1085 931 1252 964; x_wconf 68' lang='lat' dir='ltr'>ctuariam:</span> <span class='ocrx_word' id='word_1_706' title='bbox 1275 931 1475 974; x_wconf 78' lang='lat' dir='ltr'>singulasque</span> <span class='ocrx_word' id='word_1_707' title='bbox 1499 935 1527 965; x_wconf 86' lang='lat' dir='ltr'>d.</span> <span class='ocrx_word' id='word_1_708' title='bbox 1547 945 1571 966; x_wconf 89' lang='lat' dir='ltr'>c.</span> <span class='ocrx_word' id='word_1_709' title='bbox 1595 935 1633 970; x_wconf 58' lang='grc' dir='ltr'>ὅ)</span> <span class='ocrx_word' id='word_1_710' title='bbox 1649 939 1682 976; x_wconf 78' lang='lat' dir='ltr'>se</span> <span class='ocrx_word' id='word_1_711' title='bbox 1704 960 1711 967; x_wconf 92' lang='lat'>.</span> <span class='ocrx_word' id='word_1_712' title='bbox 1746 935 1889 978; x_wconf 86' lang='lat' dir='ltr'>exponit.</span> <span class='ocrx_word' id='word_1_713' title='bbox 1911 942 1950 972; x_wconf 75' lang='lat' dir='ltr'>de</span> 
     </span>
     <span class='ocr_line' id='line_1_96' title="bbox 1082 973 1952 1012; baseline 0.008 -8"><span class='ocrx_word' id='word_1_714' title='bbox 1082 973 1197 1005; x_wconf 83' lang='lat' dir='ltr'>rustica</span> <span class='ocrx_word' id='word_1_715' title='bbox 1211 974 1253 1005; x_wconf 88' lang='lat' dir='ltr'>nil</span> <span class='ocrx_word' id='word_1_716' title='bbox 1271 976 1385 1005; x_wconf 87' lang='lat' dir='ltr'>attinet</span> <span class='ocrx_word' id='word_1_717' title='bbox 1403 974 1455 1006; x_wconf 88' lang='lat' dir='ltr'>hic</span> <span class='ocrx_word' id='word_1_718' title='bbox 1473 975 1596 1007; x_wconf 88' lang='lat' dir='ltr'>dicere:</span> <span class='ocrx_word' id='word_1_719' title='bbox 1619 976 1671 1008; x_wconf 86' lang='lat' dir='ltr'>sed</span> <span class='ocrx_word' id='word_1_720' title='bbox 1705 976 1891 1010; x_wconf 74' lang='lat' dir='ltr'>ructuariam</span> <span class='ocrx_word' id='word_1_721' title='bbox 1908 981 1952 1012; x_wconf 90' lang='lat' dir='ltr'>di·</span> 
     </span>
     <span class='ocr_line' id='line_1_97' title="bbox 1083 1014 1953 1057; baseline 0.007 -11"><span class='ocrx_word' id='word_1_722' title='bbox 1083 1015 1163 1047; x_wconf 87' lang='lat' dir='ltr'>vidit</span> <span class='ocrx_word' id='word_1_723' title='bbox 1180 1014 1209 1046; x_wconf 90' lang='lat' dir='ltr'>in</span> <span class='ocrx_word' id='word_1_724' title='bbox 1227 1015 1326 1046; x_wconf 83' lang='lat' dir='ltr'>cellam</span> <span class='ocrx_word' id='word_1_725' title='bbox 1340 1015 1493 1055; x_wconf 84' lang='lat' dir='ltr'>oleariam,</span> <span class='ocrx_word' id='word_1_726' title='bbox 1517 1018 1723 1057; x_wconf 77' lang='lat' dir='ltr'>torcularium,</span> <span class='ocrx_word' id='word_1_727' title='bbox 1746 1017 1843 1051; x_wconf 88' lang='lat' dir='ltr'>cellam</span> <span class='ocrx_word' id='word_1_728' title='bbox 1866 1021 1953 1052; x_wconf 86' lang='lat' dir='ltr'>vina-</span> 
     </span>
     <span class='ocr_line' id='line_1_98' title="bbox 1082 1056 1953 1102; baseline 0.007 -15"><span class='ocrx_word' id='word_1_729' title='bbox 1082 1057 1174 1095; x_wconf 83' lang='lat' dir='ltr'>riam,</span> <span class='ocrx_word' id='word_1_730' title='bbox 1196 1056 1409 1096; x_wconf 79' lang='lat' dir='ltr'>defrutur&#39;iam,</span> <span class='ocrx_word' id='word_1_731' title='bbox 1431 1057 1572 1096; x_wconf 71' lang='lat' dir='ltr'>faenilia,</span> <span class='ocrx_word' id='word_1_732' title='bbox 1592 1059 1795 1101; x_wconf 84' lang='lat' dir='ltr'>paleariaque,</span> <span class='ocrx_word' id='word_1_733' title='bbox 1826 1060 1863 1095; x_wconf 61' lang='grc' dir='ltr'>ὅ)</span> <span class='ocrx_word' id='word_1_734' title='bbox 1887 1068 1953 1102; x_wconf 83' lang='lat' dir='ltr'>apo-</span> 
     </span>
     <span class='ocr_line' id='line_1_99' title="bbox 1084 1096 1956 1139; baseline 0.007 -11"><span class='ocrx_word' id='word_1_735' title='bbox 1084 1098 1198 1139; x_wconf 82' lang='lat' dir='ltr'>thecas,</span> <span class='ocrx_word' id='word_1_736' title='bbox 1221 1096 1258 1132; x_wconf 67' lang='lat'>{5⁹</span> <span class='ocrx_word' id='word_1_737' title='bbox 1280 1098 1391 1130; x_wconf 84' lang='lat' dir='ltr'>horrea.</span> <span class='ocrx_word' id='word_1_738' title='bbox 1415 1099 1456 1129; x_wconf 89' lang='lat' dir='ltr'>de</span> <span class='ocrx_word' id='word_1_739' title='bbox 1480 1100 1598 1131; x_wconf 84' lang='lat' dir='ltr'>urbana</span> <span class='ocrx_word' id='word_1_740' title='bbox 1622 1100 1662 1132; x_wconf 85' lang='lat' dir='ltr'>fic</span> <span class='ocrx_word' id='word_1_741' title='bbox 1680 1099 1800 1133; x_wconf 83' lang='lat' dir='ltr'>scribit:</span> <span class='ocrx_word' id='word_1_742' title='bbox 1829 1102 1956 1134; x_wconf 61' lang='lat' dir='ltr'>Urbane</span> 
     </span>
     <span class='ocr_line' id='line_1_100' title="bbox 1082 1138 1956 1184; baseline 0.005 -14"><span class='ocrx_word' id='word_1_743' title='bbox 1082 1138 1185 1179; x_wconf 75' lang='lat' dir='ltr'>rursus</span> <span class='ocrx_word' id='word_1_744' title='bbox 1209 1139 1242 1169; x_wconf 88' lang='lat' dir='ltr'>in</span> <span class='ocrx_word' id='word_1_745' title='bbox 1266 1139 1389 1180; x_wconf 62' lang='lat' dir='ltr'>hyberna</span> <span class='ocrx_word' id='word_1_746' title='bbox 1411 1139 1448 1174; x_wconf 55' lang='grc' dir='ltr'>ὃ)</span> <span class='ocrx_word' id='word_1_747' title='bbox 1471 1138 1572 1181; x_wconf 82' lang='lat' dir='ltr'>aefliva</span> <span class='ocrx_word' id='word_1_748' title='bbox 1595 1139 1634 1176; x_wconf 82' lang='lat' dir='ltr'>sic</span> <span class='ocrx_word' id='word_1_749' title='bbox 1650 1143 1817 1184; x_wconf 85' lang='lat' dir='ltr'>digeratur,</span> <span class='ocrx_word' id='word_1_750' title='bbox 1842 1150 1876 1174; x_wconf 87' lang='lat' dir='ltr'>ut</span> <span class='ocrx_word' id='word_1_751' title='bbox 1889 1145 1956 1184; x_wconf 77' lang='lat' dir='ltr'>spe-</span> 
     </span>
     <span class='ocr_line' id='line_1_101' title="bbox 1084 1179 1953 1223; baseline 0.007 -13"><span class='ocrx_word' id='word_1_752' title='bbox 1084 1179 1161 1211; x_wconf 69' lang='lat' dir='ltr'>ctent</span> <span class='ocrx_word' id='word_1_753' title='bbox 1174 1179 1311 1220; x_wconf 69' lang='lat' dir='ltr'>hyemalis</span> <span class='ocrx_word' id='word_1_754' title='bbox 1326 1181 1459 1220; x_wconf 79' lang='lat' dir='ltr'>temporis</span> <span class='ocrx_word' id='word_1_755' title='bbox 1481 1182 1614 1214; x_wconf 85' lang='lat' dir='ltr'>cubicula</span> <span class='ocrx_word' id='word_1_756' title='bbox 1628 1180 1784 1215; x_wconf 83' lang='lat' dir='ltr'>brumalem</span> <span class='ocrx_word' id='word_1_757' title='bbox 1799 1186 1953 1223; x_wconf 80' lang='lat' dir='ltr'>orientem,</span> 
     </span>
     <span class='ocr_line' id='line_1_102' title="bbox 1085 1220 1969 1266; baseline 0.002 -14"><span class='ocrx_word' id='word_1_758' title='bbox 1085 1222 1255 1253; x_wconf 63' lang='lat' dir='ltr'>cenationes</span> <span class='ocrx_word' id='word_1_759' title='bbox 1275 1220 1500 1263; x_wconf 57' lang='lat' dir='ltr'>‹equinodialem</span> <span class='ocrx_word' id='word_1_760' title='bbox 1521 1224 1701 1256; x_wconf 81' lang='lat' dir='ltr'>occidentem.</span> <span class='ocrx_word' id='word_1_761' title='bbox 1731 1228 1832 1263; x_wconf 78' lang='lat' dir='ltr'>rursus</span> <span class='ocrx_word' id='word_1_762' title='bbox 1855 1224 1969 1266; x_wconf 70' lang='lat' dir='ltr'>(estiva.</span> 
     </span>
     <span class='ocr_line' id='line_1_103' title="bbox 1086 1262 1955 1308; baseline 0.007 -15"><span class='ocrx_word' id='word_1_763' title='bbox 1086 1262 1354 1303; x_wconf 63' lang='lat' dir='ltr'>cubiculaspetlent</span> <span class='ocrx_word' id='word_1_764' title='bbox 1370 1265 1514 1295; x_wconf 78' lang='lat' dir='ltr'>meridiem</span> <span class='ocrx_word' id='word_1_765' title='bbox 1534 1265 1777 1306; x_wconf 56' lang='lat' dir='ltr'>aequinooiialem,</span> <span class='ocrx_word' id='word_1_766' title='bbox 1794 1266 1846 1308; x_wconf 79' lang='lat' dir='ltr'>sed</span> <span class='ocrx_word' id='word_1_767' title='bbox 1861 1277 1955 1299; x_wconf 56' lang='lat' dir='ltr'>coena*</span> 
     </span>
     <span class='ocr_line' id='line_1_104' title="bbox 1087 1304 1955 1348; baseline 0.007 -14"><span class='ocrx_word' id='word_1_768' title='bbox 1087 1304 1177 1335; x_wconf 85' lang='lat' dir='ltr'>tiones</span> <span class='ocrx_word' id='word_1_769' title='bbox 1192 1304 1317 1346; x_wconf 85' lang='lat' dir='ltr'>ejusdem</span> <span class='ocrx_word' id='word_1_770' title='bbox 1340 1306 1470 1344; x_wconf 81' lang='lat' dir='ltr'>temporis</span> <span class='ocrx_word' id='word_1_771' title='bbox 1488 1306 1665 1346; x_wconf 65' lang='lat' dir='ltr'>prospectent</span> <span class='ocrx_word' id='word_1_772' title='bbox 1683 1308 1840 1348; x_wconf 67' lang='lat' dir='ltr'>hybernum</span> <span class='ocrx_word' id='word_1_773' title='bbox 1863 1310 1955 1339; x_wconf 82' lang='lat' dir='ltr'>orien-</span> 
     </span>
     <span class='ocr_line' id='line_1_105' title="bbox 1087 1344 1952 1387; baseline 0.005 -12"><span class='ocrx_word' id='word_1_774' title='bbox 1087 1351 1160 1384; x_wconf 86' lang='lat' dir='ltr'>tem,</span> <span class='ocrx_word' id='word_1_775' title='bbox 1183 1344 1329 1376; x_wconf 82' lang='lat' dir='ltr'>balnearia</span> <span class='ocrx_word' id='word_1_776' title='bbox 1343 1345 1481 1376; x_wconf 75' lang='lat' dir='ltr'>occidenti</span> <span class='ocrx_word' id='word_1_777' title='bbox 1497 1345 1592 1386; x_wconf 83' lang='lat' dir='ltr'>aestivo</span> <span class='ocrx_word' id='word_1_778' title='bbox 1609 1349 1819 1387; x_wconf 79' lang='lat' dir='ltr'>advertantur,</span> <span class='ocrx_word' id='word_1_779' title='bbox 1843 1357 1876 1380; x_wconf 82' lang='lat' dir='ltr'>ut</span> <span class='ocrx_word' id='word_1_780' title='bbox 1888 1349 1952 1387; x_wconf 78' lang='lat' dir='ltr'>sint</span> 
     </span>
     <span class='ocr_line' id='line_1_106' title="bbox 1082 1385 1954 1430; baseline 0.002 -13"><span class='ocrx_word' id='word_1_781' title='bbox 1082 1385 1145 1428; x_wconf 75' lang='lat' dir='ltr'>post</span> <span class='ocrx_word' id='word_1_782' title='bbox 1162 1386 1306 1418; x_wconf 75' lang='lat' dir='ltr'>meridiem</span> <span class='ocrx_word' id='word_1_783' title='bbox 1330 1385 1368 1419; x_wconf 56' lang='grc' dir='ltr'>ἐξ</span> <span class='ocrx_word' id='word_1_784' title='bbox 1384 1388 1473 1427; x_wconf 78' lang='lat' dir='ltr'>usque</span> <span class='ocrx_word' id='word_1_785' title='bbox 1489 1388 1520 1418; x_wconf 87' lang='lat' dir='ltr'>in</span> <span class='ocrx_word' id='word_1_786' title='bbox 1537 1387 1681 1427; x_wconf 84' lang='lat' dir='ltr'>vesperam</span> <span class='ocrx_word' id='word_1_787' title='bbox 1696 1388 1831 1430; x_wconf 75' lang='lat' dir='ltr'>illustria.</span> <span class='ocrx_word' id='word_1_788' title='bbox 1856 1392 1954 1421; x_wconf 67' lang='lat' dir='ltr'>ambii-</span> 
     </span>
     <span class='ocr_line' id='line_1_107' title="bbox 1087 1427 1952 1470; baseline 0.005 -11"><span class='ocrx_word' id='word_1_789' title='bbox 1087 1429 1205 1459; x_wconf 82' lang='lat' dir='ltr'>lationes</span> <span class='ocrx_word' id='word_1_790' title='bbox 1226 1428 1381 1458; x_wconf 78' lang='lat' dir='ltr'>meridiano</span> <span class='ocrx_word' id='word_1_791' title='bbox 1401 1427 1593 1468; x_wconf 61' lang='lat' dir='ltr'>aequinoctiali</span> <span class='ocrx_word' id='word_1_792' title='bbox 1610 1429 1744 1470; x_wconf 70' lang='lat' dir='ltr'>subjecta</span> <span class='ocrx_word' id='word_1_793' title='bbox 1758 1429 1840 1470; x_wconf 88' lang='lat' dir='ltr'>sint,</span> <span class='ocrx_word' id='word_1_794' title='bbox 1864 1438 1896 1463; x_wconf 89' lang='lat' dir='ltr'>ut</span> <span class='ocrx_word' id='word_1_795' title='bbox 1914 1432 1952 1466; x_wconf 66' lang='grc' dir='ltr'>ἐς·</span> 
     </span>
     <span class='ocr_line' id='line_1_108' title="bbox 1087 1468 1954 1514; baseline 0.005 -15"><span class='ocrx_word' id='word_1_796' title='bbox 1087 1470 1182 1507; x_wconf 52' lang='lat' dir='ltr'>hyeme</span> <span class='ocrx_word' id='word_1_797' title='bbox 1195 1469 1357 1509; x_wconf 88' lang='lat' dir='ltr'>plurimum</span> <span class='ocrx_word' id='word_1_798' title='bbox 1364 1468 1456 1508; x_wconf 84' lang='lat' dir='ltr'>solis,</span> <span class='ocrx_word' id='word_1_799' title='bbox 1472 1468 1508 1503; x_wconf 78' lang='lat'>&amp;³</span> <span class='ocrx_word' id='word_1_800' title='bbox 1523 1468 1616 1508; x_wconf 73' lang='lat' dir='ltr'>astate</span> <span class='ocrx_word' id='word_1_801' title='bbox 1633 1472 1785 1503; x_wconf 85' lang='lat' dir='ltr'>minimum</span> <span class='ocrx_word' id='word_1_802' title='bbox 1801 1473 1954 1514; x_wconf 76' lang='lat' dir='ltr'>recipiant.</span> 
     </span>
     <span class='ocr_line' id='line_1_109' title="bbox 1087 1509 1956 1553; baseline 0.002 -11"><span class='ocrx_word' id='word_1_803' title='bbox 1087 1509 1181 1542; x_wconf 91' lang='lat' dir='ltr'>Unde</span> <span class='ocrx_word' id='word_1_804' title='bbox 1204 1517 1354 1550; x_wconf 79' lang='lat' dir='ltr'>apparet,</span> <span class='ocrx_word' id='word_1_805' title='bbox 1378 1509 1483 1541; x_wconf 89' lang='lat' dir='ltr'>villam</span> <span class='ocrx_word' id='word_1_806' title='bbox 1509 1512 1658 1543; x_wconf 89' lang='lat' dir='ltr'>urbanam</span> <span class='ocrx_word' id='word_1_807' title='bbox 1683 1513 1745 1544; x_wconf 90' lang='lat' dir='ltr'>dici</span> <span class='ocrx_word' id='word_1_808' title='bbox 1769 1521 1839 1553; x_wconf 82' lang='lat' dir='ltr'>quae</span> <span class='ocrx_word' id='word_1_809' title='bbox 1863 1523 1956 1544; x_wconf 64' lang='lat' dir='ltr'>vacat</span> 
     </span>
     <span class='ocr_line' id='line_1_110' title="bbox 1087 1549 1956 1593; baseline 0.005 -11"><span class='ocrx_word' id='word_1_810' title='bbox 1087 1550 1320 1592; x_wconf 85' lang='lat' dir='ltr'>patrisfamilias</span> <span class='ocrx_word' id='word_1_811' title='bbox 1345 1549 1552 1590; x_wconf 80' lang='lat' dir='ltr'>habitationi,</span> <span class='ocrx_word' id='word_1_812' title='bbox 1575 1552 1762 1592; x_wconf 61' lang='lat' dir='ltr'>caeteroque</span> <span class='ocrx_word' id='word_1_813' title='bbox 1780 1554 1845 1593; x_wconf 85' lang='lat' dir='ltr'>ejus</span> <span class='ocrx_word' id='word_1_814' title='bbox 1865 1555 1956 1585; x_wconf 82' lang='lat' dir='ltr'>urba-</span> 
     </span>
     <span class='ocr_line' id='line_1_111' title="bbox 1088 1590 1960 1632; baseline 0.002 -8"><span class='ocrx_word' id='word_1_815' title='bbox 1088 1602 1132 1624; x_wconf 91' lang='lat' dir='ltr'>no</span> <span class='ocrx_word' id='word_1_816' title='bbox 1157 1591 1231 1623; x_wconf 90' lang='lat' dir='ltr'>usui.</span> <span class='ocrx_word' id='word_1_817' title='bbox 1274 1590 1398 1632; x_wconf 85' lang='lat' dir='ltr'>igitur,</span> <span class='ocrx_word' id='word_1_818' title='bbox 1428 1599 1463 1622; x_wconf 91' lang='lat' dir='ltr'>ut</span> <span class='ocrx_word' id='word_1_819' title='bbox 1492 1592 1531 1622; x_wconf 87' lang='lat' dir='ltr'>ad</span> <span class='ocrx_word' id='word_1_820' title='bbox 1552 1594 1619 1624; x_wconf 89' lang='lat' dir='ltr'>rem</span> <span class='ocrx_word' id='word_1_821' title='bbox 1650 1594 1775 1625; x_wconf 83' lang='lat' dir='ltr'>veniam</span> <span class='ocrx_word' id='word_1_822' title='bbox 1794 1617 1804 1632; x_wconf 90' lang='lat'>‚</span> <span class='ocrx_word' id='word_1_823' title='bbox 1842 1604 1960 1626; x_wconf 83' lang='lat' dir='ltr'>conve-</span> 
     </span>
     <span class='ocr_line' id='line_1_112' title="bbox 1089 1632 1961 1673; baseline 0.002 -8"><span class='ocrx_word' id='word_1_824' title='bbox 1089 1636 1178 1666; x_wconf 88' lang='lat' dir='ltr'>nerat</span> <span class='ocrx_word' id='word_1_825' title='bbox 1204 1633 1286 1664; x_wconf 86' lang='lat' dir='ltr'>inter</span> <span class='ocrx_word' id='word_1_826' title='bbox 1311 1632 1539 1664; x_wconf 72' lang='lat' dir='ltr'>conductorem</span> <span class='ocrx_word' id='word_1_827' title='bbox 1563 1633 1592 1665; x_wconf 70' lang='grc' dir='ltr'><strong><em>ἁ</em></strong></span> <span class='ocrx_word' id='word_1_828' title='bbox 1621 1634 1799 1667; x_wconf 79' lang='lat' dir='ltr'>locatorem</span> <span class='ocrx_word' id='word_1_829' title='bbox 1816 1658 1826 1673; x_wconf 87' lang='lat'>‚</span> <span class='ocrx_word' id='word_1_830' title='bbox 1860 1645 1901 1667; x_wconf 88' lang='lat' dir='ltr'>ne</span> <span class='ocrx_word' id='word_1_831' title='bbox 1926 1637 1961 1667; x_wconf 81' lang='lat' dir='ltr'>in</span> 
     </span>
     <span class='ocr_line' id='line_1_113' title="bbox 1088 1671 1964 1714; baseline 0.003 -9"><span class='ocrx_word' id='word_1_832' title='bbox 1088 1675 1163 1706; x_wconf 84' lang='lat' dir='ltr'>villa</span> <span class='ocrx_word' id='word_1_833' title='bbox 1193 1674 1308 1706; x_wconf 82' lang='lat' dir='ltr'>urbana</span> <span class='ocrx_word' id='word_1_834' title='bbox 1339 1681 1590 1714; x_wconf 85' lang='lat' dir='ltr'>componeretur</span> <span class='ocrx_word' id='word_1_835' title='bbox 1609 1671 1760 1707; x_wconf 83' lang='lat' dir='ltr'>foenum:</span> <span class='ocrx_word' id='word_1_836' title='bbox 1790 1676 1864 1708; x_wconf 86' lang='lat' dir='ltr'>villa</span> <span class='ocrx_word' id='word_1_837' title='bbox 1895 1675 1964 1708; x_wconf 87' lang='lat' dir='ltr'>fru-</span> 
     </span>
     <span class='ocr_line' id='line_1_114' title="bbox 1089 1714 1965 1750; baseline 0 -2"><span class='ocrx_word' id='word_1_838' title='bbox 1089 1715 1205 1748; x_wconf 64' lang='lat' dir='ltr'>&amp;uaria</span> <span class='ocrx_word' id='word_1_839' title='bbox 1238 1714 1312 1746; x_wconf 86' lang='lat' dir='ltr'>huic</span> <span class='ocrx_word' id='word_1_840' title='bbox 1344 1714 1408 1746; x_wconf 86' lang='lat' dir='ltr'>usui</span> <span class='ocrx_word' id='word_1_841' title='bbox 1453 1714 1655 1748; x_wconf 86' lang='lat' dir='ltr'>inserviente.</span> <span class='ocrx_word' id='word_1_842' title='bbox 1693 1718 1873 1750; x_wconf 66' lang='lat' dir='ltr'>conductor</span> <span class='ocrx_word' id='word_1_843' title='bbox 1917 1725 1965 1749; x_wconf 58' lang='lat' dir='ltr'>tas</span> 
     </span>
     <span class='ocr_line' id='line_1_115' title="bbox 1090 1756 1963 1799; baseline 0.002 -10"><span class='ocrx_word' id='word_1_844' title='bbox 1090 1767 1165 1789; x_wconf 81' lang='lat' dir='ltr'>rnen</span> <span class='ocrx_word' id='word_1_845' title='bbox 1189 1759 1220 1788; x_wconf 82' lang='lat' dir='ltr'>in</span> <span class='ocrx_word' id='word_1_846' title='bbox 1243 1756 1318 1787; x_wconf 90' lang='lat' dir='ltr'>villa</span> <span class='ocrx_word' id='word_1_847' title='bbox 1344 1758 1461 1788; x_wconf 87' lang='lat' dir='ltr'>urbana</span> <span class='ocrx_word' id='word_1_848' title='bbox 1485 1756 1608 1788; x_wconf 85' lang='lat' dir='ltr'>soenum</span> <span class='ocrx_word' id='word_1_849' title='bbox 1632 1757 1820 1799; x_wconf 86' lang='lat' dir='ltr'>composuit.</span> <span class='ocrx_word' id='word_1_850' title='bbox 1845 1759 1963 1791; x_wconf 84' lang='lat' dir='ltr'>deinde</span> 
     </span>
     <span class='ocr_line' id='line_1_116' title="bbox 1090 1797 1965 1840; baseline 0.002 -10"><span class='ocrx_word' id='word_1_851' title='bbox 1090 1799 1198 1830; x_wconf 81' lang='lat' dir='ltr'>servus</span> <span class='ocrx_word' id='word_1_852' title='bbox 1218 1797 1251 1829; x_wconf 89' lang='lat' dir='ltr'>id</span> <span class='ocrx_word' id='word_1_853' title='bbox 1272 1797 1436 1830; x_wconf 84' lang='lat' dir='ltr'>succendit</span> <span class='ocrx_word' id='word_1_854' title='bbox 1460 1797 1549 1829; x_wconf 89' lang='lat' dir='ltr'>illato</span> <span class='ocrx_word' id='word_1_855' title='bbox 1574 1798 1659 1839; x_wconf 88' lang='lat' dir='ltr'>igne.</span> <span class='ocrx_word' id='word_1_856' title='bbox 1689 1801 1734 1832; x_wconf 88' lang='lat' dir='ltr'>ait</span> <span class='ocrx_word' id='word_1_857' title='bbox 1757 1799 1888 1840; x_wconf 88' lang='lat' dir='ltr'>Labeo,</span> <span class='ocrx_word' id='word_1_858' title='bbox 1923 1809 1965 1832; x_wconf 80' lang='lat' dir='ltr'>ex</span> 
     </span>
     <span class='ocr_line' id='line_1_117' title="bbox 1093 1838 1964 1882; baseline 0 -10"><span class='ocrx_word' id='word_1_859' title='bbox 1093 1840 1204 1872; x_wconf 87' lang='lat' dir='ltr'>locato</span> <span class='ocrx_word' id='word_1_860' title='bbox 1229 1840 1331 1870; x_wconf 86' lang='lat' dir='ltr'>teneri</span> <span class='ocrx_word' id='word_1_861' title='bbox 1358 1838 1600 1871; x_wconf 65' lang='lat' dir='ltr'>conductorem.</span> <span class='ocrx_word' id='word_1_862' title='bbox 1634 1848 1696 1881; x_wconf 84' lang='lat' dir='ltr'>qua</span> <span class='ocrx_word' id='word_1_863' title='bbox 1717 1842 1866 1874; x_wconf 80' lang='lat' dir='ltr'>ratione?</span> <span class='ocrx_word' id='word_1_864' title='bbox 1889 1840 1964 1882; x_wconf 80' lang='lat' dir='ltr'>quia</span> 
     </span>
     <span class='ocr_line' id='line_1_118' title="bbox 1093 1880 1967 1922; baseline 0 -9"><span class='ocrx_word' id='word_1_865' title='bbox 1093 1881 1159 1922; x_wconf 73' lang='lat' dir='ltr'>ip‘se</span> <span class='ocrx_word' id='word_1_866' title='bbox 1183 1880 1304 1912; x_wconf 86' lang='lat' dir='ltr'>causam</span> <span class='ocrx_word' id='word_1_867' title='bbox 1329 1881 1465 1921; x_wconf 86' lang='lat' dir='ltr'>praebuit</span> <span class='ocrx_word' id='word_1_868' title='bbox 1495 1880 1668 1913; x_wconf 77' lang='lat' dir='ltr'>inserendo</span> <span class='ocrx_word' id='word_1_869' title='bbox 1700 1881 1824 1915; x_wconf 86' lang='lat' dir='ltr'>foenum</span> <span class='ocrx_word' id='word_1_870' title='bbox 1850 1891 1967 1914; x_wconf 84' lang='lat' dir='ltr'>contra</span> 
     </span>
     <span class='ocr_line' id='line_1_119' title="bbox 1094 1920 1967 1964; baseline 0 -10"><span class='ocrx_word' id='word_1_871' title='bbox 1094 1922 1366 1954; x_wconf 70' lang='lat' dir='ltr'>conductionem:</span> <span class='ocrx_word' id='word_1_872' title='bbox 1389 1923 1422 1954; x_wconf 91' lang='lat' dir='ltr'>id</span> <span class='ocrx_word' id='word_1_873' title='bbox 1439 1920 1502 1961; x_wconf 88' lang='lat' dir='ltr'>est,</span> <span class='ocrx_word' id='word_1_874' title='bbox 1526 1926 1638 1954; x_wconf 88' lang='lat' dir='ltr'>contra</span> <span class='ocrx_word' id='word_1_875' title='bbox 1652 1923 1756 1964; x_wconf 85' lang='lat' dir='ltr'>legem</span> <span class='ocrx_word' id='word_1_876' title='bbox 1775 1924 1967 1956; x_wconf 69' lang='lat' dir='ltr'>conductio-</span> 
     </span>
     <span class='ocr_line' id='line_1_120' title="bbox 1093 1959 1970 2005; baseline 0.003 -10"><span class='ocrx_word' id='word_1_877' title='bbox 1093 1963 1152 1996; x_wconf 88' lang='lat' dir='ltr'>nis.</span> <span class='ocrx_word' id='word_1_878' title='bbox 1193 1963 1364 2003; x_wconf 85' lang='lat' dir='ltr'>Subjicitur</span> <span class='ocrx_word' id='word_1_879' title='bbox 1387 1973 1428 1995; x_wconf 86' lang='lat' dir='ltr'>ex</span> <span class='ocrx_word' id='word_1_880' title='bbox 1453 1959 1719 2005; x_wconf 82' lang='lat' dir='ltr'>Hermogeniano</span> <span class='ocrx_word' id='word_1_881' title='bbox 1736 1966 1755 1996; x_wconf 89' lang='lat' dir='ltr'>l.</span> <span class='ocrx_word' id='word_1_882' title='bbox 1778 1973 1825 1997; x_wconf 62' lang='grc' dir='ltr'>ια’.</span> <span class='ocrx_word' id='word_1_883' title='bbox 1850 1967 1906 1997; x_wconf 81' lang='lat' dir='ltr'>Sed</span> <span class='ocrx_word' id='word_1_884' title='bbox 1928 1961 1970 1999; x_wconf 66' lang='lat' dir='ltr'>f?</span> 
     </span>
     <span class='ocr_line' id='line_1_121' title="bbox 1089 2004 1965 2047; baseline 0.001 -11"><span class='ocrx_word' id='word_1_885' title='bbox 1089 2004 1117 2044; x_wconf 86' lang='lat' dir='ltr'><strong><em>fi</em></strong></span> <span class='ocrx_word' id='word_1_886' title='bbox 1133 2005 1250 2047; x_wconf 82' lang='lat' dir='ltr'>quilibet</span> <span class='ocrx_word' id='word_1_887' title='bbox 1265 2010 1421 2036; x_wconf 73' lang='lat' dir='ltr'>extraneus</span> <span class='ocrx_word' id='word_1_888' title='bbox 1437 2005 1586 2045; x_wconf 81' lang='lat' dir='ltr'>injecerit,</span> <span class='ocrx_word' id='word_1_889' title='bbox 1597 2007 1698 2037; x_wconf 80' lang='lat' dir='ltr'>damni</span> <span class='ocrx_word' id='word_1_890' title='bbox 1713 2005 1861 2038; x_wconf 81' lang='lat' dir='ltr'>habebitur</span> <span class='ocrx_word' id='word_1_891' title='bbox 1878 2008 1965 2037; x_wconf 84' lang='lat' dir='ltr'>ratio.</span> 
     </span>
     <span class='ocr_line' id='line_1_122' title="bbox 1092 2044 1966 2087; baseline 0.001 -10"><span class='ocrx_word' id='word_1_892' title='bbox 1092 2045 1193 2078; x_wconf 85' lang='lat' dir='ltr'>sensus</span> <span class='ocrx_word' id='word_1_893' title='bbox 1212 2057 1221 2077; x_wconf 91' lang='lat'>:</span> <span class='ocrx_word' id='word_1_894' title='bbox 1254 2044 1435 2077; x_wconf 85' lang='lat' dir='ltr'>Habebitur</span> <span class='ocrx_word' id='word_1_895' title='bbox 1452 2045 1556 2077; x_wconf 87' lang='lat' dir='ltr'>damni</span> <span class='ocrx_word' id='word_1_896' title='bbox 1580 2048 1661 2078; x_wconf 86' lang='lat' dir='ltr'>ratio</span> <span class='ocrx_word' id='word_1_897' title='bbox 1679 2046 1710 2078; x_wconf 89' lang='lat' dir='ltr'>in</span> <span class='ocrx_word' id='word_1_898' title='bbox 1724 2047 1842 2087; x_wconf 87' lang='lat' dir='ltr'>judicio</span> <span class='ocrx_word' id='word_1_899' title='bbox 1856 2045 1966 2081; x_wconf 86' lang='lat' dir='ltr'>locati.</span> 
     </span>
     <span class='ocr_line' id='line_1_123' title="bbox 1137 2087 1967 2128; baseline 0 -9"><span class='ocrx_word' id='word_1_900' title='bbox 1137 2087 1198 2119; x_wconf 89' lang='lat' dir='ltr'>Sed</span> <span class='ocrx_word' id='word_1_901' title='bbox 1217 2091 1367 2127; x_wconf 86' lang='lat' dir='ltr'>apparet,</span> <span class='ocrx_word' id='word_1_902' title='bbox 1391 2087 1492 2127; x_wconf 82' lang='lat' dir='ltr'>legem</span> <span class='ocrx_word' id='word_1_903' title='bbox 1516 2087 1699 2121; x_wconf 72' lang='lat' dir='ltr'>contractus</span> <span class='ocrx_word' id='word_1_904' title='bbox 1715 2088 1850 2128; x_wconf 72' lang='lat' dir='ltr'>servari,</span> <span class='ocrx_word' id='word_1_905' title='bbox 1873 2089 1967 2120; x_wconf 63' lang='lat' dir='ltr'>bonae</span> 
     </span>
     <span class='ocr_line' id='line_1_124' title="bbox 1094 2126 1968 2170; baseline 0 -9"><span class='ocrx_word' id='word_1_906' title='bbox 1094 2128 1170 2161; x_wconf 88' lang='lat' dir='ltr'>fidei</span> <span class='ocrx_word' id='word_1_907' title='bbox 1187 2128 1383 2160; x_wconf 88' lang='lat' dir='ltr'>convenire:</span> <span class='ocrx_word' id='word_1_908' title='bbox 1407 2137 1444 2159; x_wconf 86' lang='lat' dir='ltr'>ac</span> <span class='ocrx_word' id='word_1_909' title='bbox 1459 2127 1480 2159; x_wconf 87' lang='lat' dir='ltr'><strong>fi</strong></span> <span class='ocrx_word' id='word_1_910' title='bbox 1496 2126 1592 2159; x_wconf 88' lang='lat' dir='ltr'>fuerit</span> <span class='ocrx_word' id='word_1_911' title='bbox 1609 2128 1687 2169; x_wconf 87' lang='lat' dir='ltr'>quid</span> <span class='ocrx_word' id='word_1_912' title='bbox 1701 2129 1732 2161; x_wconf 89' lang='lat' dir='ltr'>in</span> <span class='ocrx_word' id='word_1_913' title='bbox 1750 2130 1821 2170; x_wconf 84' lang='lat' dir='ltr'>lege</span> <span class='ocrx_word' id='word_1_914' title='bbox 1836 2138 1968 2170; x_wconf 64' lang='lat' dir='ltr'>praeter-</span> 
     </span>
     <span class='ocr_line' id='line_1_125' title="bbox 1095 2169 1969 2210; baseline 0 -8"><span class='ocrx_word' id='word_1_915' title='bbox 1095 2169 1236 2208; x_wconf 80' lang='lat' dir='ltr'>miffum;</span> <span class='ocrx_word' id='word_1_916' title='bbox 1260 2169 1311 2199; x_wconf 88' lang='lat' dir='ltr'>vel</span> <span class='ocrx_word' id='word_1_917' title='bbox 1333 2170 1365 2201; x_wconf 78' lang='lat' dir='ltr'>i&#39;d</span> <span class='ocrx_word' id='word_1_918' title='bbox 1390 2178 1431 2200; x_wconf 85' lang='lat' dir='ltr'>ex</span> <span class='ocrx_word' id='word_1_919' title='bbox 1454 2169 1540 2200; x_wconf 93' lang='lat' dir='ltr'>bono</span> <span class='ocrx_word' id='word_1_920' title='bbox 1559 2169 1588 2200; x_wconf 75' lang='grc' dir='ltr'>ὅ(</span> <span class='ocrx_word' id='word_1_921' title='bbox 1604 2179 1698 2209; x_wconf 79' lang='lat' dir='ltr'>aequo</span> <span class='ocrx_word' id='word_1_922' title='bbox 1721 2170 1857 2210; x_wconf 78' lang='lat' dir='ltr'>praestari</span> <span class='ocrx_word' id='word_1_923' title='bbox 1874 2180 1969 2209; x_wconf 86' lang='lat' dir='ltr'>opor-</span> 
     </span>
     <span class='ocr_line' id='line_1_126' title="bbox 1095 2208 1967 2253; baseline 0 -10"><span class='ocrx_word' id='word_1_924' title='bbox 1095 2212 1163 2243; x_wconf 80' lang='lat' dir='ltr'>t&#39;ere</span> <span class='ocrx_word' id='word_1_925' title='bbox 1178 2210 1206 2252; x_wconf 84' lang='lat'>§.</span> <span class='ocrx_word' id='word_1_926' title='bbox 1223 2221 1253 2250; x_wconf 87' lang='lat'>5.</span> <span class='ocrx_word' id='word_1_927' title='bbox 1276 2208 1348 2250; x_wconf 74' lang='lat' dir='ltr'>last.</span> <span class='ocrx_word' id='word_1_928' title='bbox 1369 2211 1396 2242; x_wconf 84' lang='lat' dir='ltr'>b.</span> <span class='ocrx_word' id='word_1_929' title='bbox 1416 2216 1437 2242; x_wconf 90' lang='lat' dir='ltr'>t.</span> <span class='ocrx_word' id='word_1_930' title='bbox 1463 2211 1545 2241; x_wconf 81' lang='lat' dir='ltr'>Ante</span> <span class='ocrx_word' id='word_1_931' title='bbox 1559 2212 1665 2243; x_wconf 88' lang='lat' dir='ltr'>omnia</span> <span class='ocrx_word' id='word_1_932' title='bbox 1682 2221 1759 2243; x_wconf 89' lang='lat' dir='ltr'>vero</span> <span class='ocrx_word' id='word_1_933' title='bbox 1779 2212 1883 2253; x_wconf 86' lang='lat' dir='ltr'>placet</span> <span class='ocrx_word' id='word_1_934' title='bbox 1901 2211 1967 2243; x_wconf 79' lang='lat' dir='ltr'>Ga-</span> 
     </span>
     <span class='ocr_line' id='line_1_127' title="bbox 1092 2251 1967 2294; baseline 0 -10"><span class='ocrx_word' id='word_1_935' title='bbox 1092 2253 1124 2293; x_wconf 83' lang='lat' dir='ltr'>jo</span> <span class='ocrx_word' id='word_1_936' title='bbox 1140 2253 1159 2283; x_wconf 88' lang='lat' dir='ltr'>l.</span> <span class='ocrx_word' id='word_1_937' title='bbox 1176 2262 1227 2291; x_wconf 85' lang='lat'>25.</span> <span class='ocrx_word' id='word_1_938' title='bbox 1243 2251 1271 2293; x_wconf 84' lang='lat'>§.</span> <span class='ocrx_word' id='word_1_939' title='bbox 1289 2261 1318 2293; x_wconf 83' lang='lat'>3.</span> <span class='ocrx_word' id='word_1_940' title='bbox 1338 2253 1369 2283; x_wconf 81' lang='lat' dir='ltr'>b.</span> <span class='ocrx_word' id='word_1_941' title='bbox 1388 2258 1407 2282; x_wconf 84' lang='lat' dir='ltr'>t.</span> <span class='ocrx_word' id='word_1_942' title='bbox 1431 2252 1582 2283; x_wconf 89' lang='lat' dir='ltr'>colonum</span> <span class='ocrx_word' id='word_1_943' title='bbox 1599 2261 1730 2291; x_wconf 87' lang='lat' dir='ltr'>curare,</span> <span class='ocrx_word' id='word_1_944' title='bbox 1754 2261 1787 2284; x_wconf 90' lang='lat' dir='ltr'>ut</span> <span class='ocrx_word' id='word_1_945' title='bbox 1803 2262 1901 2294; x_wconf 87' lang='lat' dir='ltr'>opera</span> <span class='ocrx_word' id='word_1_946' title='bbox 1918 2263 1967 2285; x_wconf 93' lang='lat' dir='ltr'>ru-</span> 
     </span>
     <span class='ocr_line' id='line_1_128' title="bbox 1094 2292 1965 2333; baseline 0.001 -8"><span class='ocrx_word' id='word_1_947' title='bbox 1094 2293 1171 2326; x_wconf 87' lang='lat' dir='ltr'>stica</span> <span class='ocrx_word' id='word_1_948' title='bbox 1195 2292 1250 2324; x_wconf 90' lang='lat' dir='ltr'>suo</span> <span class='ocrx_word' id='word_1_949' title='bbox 1273 2302 1406 2333; x_wconf 86' lang='lat' dir='ltr'>quoquo</span> <span class='ocrx_word' id='word_1_950' title='bbox 1434 2301 1580 2333; x_wconf 88' lang='lat' dir='ltr'>tempore</span> <span class='ocrx_word' id='word_1_951' title='bbox 1602 2293 1709 2326; x_wconf 87' lang='lat' dir='ltr'>faciat.</span> <span class='ocrx_word' id='word_1_952' title='bbox 1735 2294 1901 2333; x_wconf 84' lang='lat' dir='ltr'>nimirum,</span> <span class='ocrx_word' id='word_1_953' title='bbox 1925 2304 1965 2326; x_wconf 89' lang='lat' dir='ltr'>ne</span> 
     </span>
     <span class='ocr_line' id='line_1_129' title="bbox 1098 2333 1965 2375; baseline 0 -8"><span class='ocrx_word' id='word_1_954' title='bbox 1098 2333 1318 2375; x_wconf 82' lang='lat' dir='ltr'>intempestiva</span> <span class='ocrx_word' id='word_1_955' title='bbox 1334 2334 1457 2366; x_wconf 88' lang='lat' dir='ltr'>cultura</span> <span class='ocrx_word' id='word_1_956' title='bbox 1474 2334 1665 2367; x_wconf 89' lang='lat' dir='ltr'>deteriorem</span> <span class='ocrx_word' id='word_1_957' title='bbox 1683 2334 1815 2367; x_wconf 84' lang='lat' dir='ltr'>fundum</span> <span class='ocrx_word' id='word_1_958' title='bbox 1832 2335 1965 2367; x_wconf 86' lang='lat' dir='ltr'>faceret.</span> 
     </span>
     <span class='ocr_line' id='line_1_130' title="bbox 1098 2374 1966 2417; baseline -0.001 -10"><span class='ocrx_word' id='word_1_959' title='bbox 1098 2375 1233 2417; x_wconf 88' lang='lat' dir='ltr'>Optime</span> <span class='ocrx_word' id='word_1_960' title='bbox 1251 2375 1292 2407; x_wconf 84' lang='lat' dir='ltr'>fic</span> <span class='ocrx_word' id='word_1_961' title='bbox 1309 2375 1392 2407; x_wconf 84' lang='lat' dir='ltr'>Cato</span> <span class='ocrx_word' id='word_1_962' title='bbox 1434 2374 1481 2406; x_wconf 82' lang='lat' dir='ltr'>De</span> <span class='ocrx_word' id='word_1_963' title='bbox 1500 2385 1531 2406; x_wconf 90' lang='lat' dir='ltr'>re</span> <span class='ocrx_word' id='word_1_964' title='bbox 1546 2374 1675 2415; x_wconf 79' lang='lat' dir='ltr'>rustica,</span> <span class='ocrx_word' id='word_1_965' title='bbox 1699 2386 1722 2407; x_wconf 90' lang='lat' dir='ltr'>c.</span> <span class='ocrx_word' id='word_1_966' title='bbox 1739 2387 1769 2417; x_wconf 88' lang='lat'>5.</span> <span class='ocrx_word' id='word_1_967' title='bbox 1795 2375 1891 2415; x_wconf 82' lang='lat' dir='ltr'>Opera</span> <span class='ocrx_word' id='word_1_968' title='bbox 1907 2386 1966 2406; x_wconf 81' lang='lat' dir='ltr'>om-</span> 
     </span>
     <span class='ocr_line' id='line_1_131' title="bbox 1098 2414 1965 2457; baseline 0 -8"><span class='ocrx_word' id='word_1_969' title='bbox 1098 2419 1149 2449; x_wconf 85' lang='lat' dir='ltr'>nia</span> <span class='ocrx_word' id='word_1_970' title='bbox 1164 2424 1277 2448; x_wconf 85' lang='lat' dir='ltr'>mature</span> <span class='ocrx_word' id='word_1_971' title='bbox 1301 2415 1391 2456; x_wconf 87' lang='lat' dir='ltr'>confic</span> <span class='ocrx_word' id='word_1_972' title='bbox 1405 2426 1456 2455; x_wconf 85' lang='lat' dir='ltr'>as,</span> <span class='ocrx_word' id='word_1_973' title='bbox 1472 2417 1552 2455; x_wconf 85' lang='lat' dir='ltr'>face.</span> <span class='ocrx_word' id='word_1_974' title='bbox 1575 2426 1644 2449; x_wconf 86' lang='lat' dir='ltr'>nam</span> <span class='ocrx_word' id='word_1_975' title='bbox 1668 2426 1711 2448; x_wconf 85' lang='lat' dir='ltr'>res</span> <span class='ocrx_word' id='word_1_976' title='bbox 1732 2415 1838 2457; x_wconf 82' lang='lat' dir='ltr'>rustica</span> <span class='ocrx_word' id='word_1_977' title='bbox 1847 2414 1891 2454; x_wconf 89' lang='lat' dir='ltr'>fic</span> <span class='ocrx_word' id='word_1_978' title='bbox 1907 2416 1965 2457; x_wconf 78' lang='lat' dir='ltr'>eft,</span> 
     </span>
     <span class='ocr_line' id='line_1_132' title="bbox 1090 2458 1961 2498; baseline -0.001 -8"><span class='ocrx_word' id='word_1_979' title='bbox 1090 2458 1121 2498; x_wconf 86' lang='lat' dir='ltr'><em>fi</em></span> <span class='ocrx_word' id='word_1_980' title='bbox 1137 2468 1227 2490; x_wconf 85' lang='lat' dir='ltr'>unam</span> <span class='ocrx_word' id='word_1_981' title='bbox 1251 2467 1310 2489; x_wconf 84' lang='lat' dir='ltr'>rem</span> <span class='ocrx_word' id='word_1_982' title='bbox 1322 2460 1388 2498; x_wconf 80' lang='lat' dir='ltr'>sero</span> <span class='ocrx_word' id='word_1_983' title='bbox 1403 2458 1530 2497; x_wconf 87' lang='lat' dir='ltr'>feceris,</span> <span class='ocrx_word' id='word_1_984' title='bbox 1557 2459 1655 2496; x_wconf 20' lang='lat' dir='ltr'>*omnia</span> <span class='ocrx_word' id='word_1_985' title='bbox 1678 2464 1761 2498; x_wconf 85' lang='lat' dir='ltr'>opera</span> <span class='ocrx_word' id='word_1_986' title='bbox 1782 2459 1839 2495; x_wconf 76' lang='lat' dir='ltr'>lero</span> <span class='ocrx_word' id='word_1_987' title='bbox 1859 2458 1961 2495; x_wconf 86' lang='lat' dir='ltr'>facies.</span> 
     </span>
     <span class='ocr_line' id='line_1_133' title="bbox 1097 2496 1965 2533; baseline -0.003 0"><span class='ocrx_word' id='word_1_988' title='bbox 1097 2499 1246 2533; x_wconf 86' lang='lat' dir='ltr'>Breviter</span> <span class='ocrx_word' id='word_1_989' title='bbox 1269 2496 1368 2532; x_wconf 87' lang='lat' dir='ltr'>Cato:</span> <span class='ocrx_word' id='word_1_990' title='bbox 1392 2498 1519 2530; x_wconf 92' lang='lat' dir='ltr'>uberius</span> <span class='ocrx_word' id='word_1_991' title='bbox 1546 2498 1723 2530; x_wconf 86' lang='lat' dir='ltr'>Columella</span> <span class='ocrx_word' id='word_1_992' title='bbox 1748 2498 1795 2530; x_wconf 79' lang='lat' dir='ltr'>lio.</span> <span class='ocrx_word' id='word_1_993' title='bbox 1819 2508 1871 2530; x_wconf 75' lang='lat' dir='ltr'>XI.</span> <span class='ocrx_word' id='word_1_994' title='bbox 1917 2499 1965 2530; x_wconf 88' lang='lat' dir='ltr'>De</span> 
     </span>
     <span class='ocr_line' id='line_1_134' title="bbox 1096 2539 1964 2582; baseline -0.001 -9"><span class='ocrx_word' id='word_1_995' title='bbox 1096 2551 1127 2573; x_wconf 88' lang='lat' dir='ltr'>re</span> <span class='ocrx_word' id='word_1_996' title='bbox 1152 2539 1261 2582; x_wconf 82' lang='lat' dir='ltr'>rustica</span> <span class='ocrx_word' id='word_1_997' title='bbox 1282 2550 1307 2571; x_wconf 93' lang='lat' dir='ltr'>c.</span> <span class='ocrx_word' id='word_1_998' title='bbox 1330 2545 1355 2571; x_wconf 87' lang='lat'>1.</span> <span class='ocrx_word' id='word_1_999' title='bbox 1380 2541 1418 2571; x_wconf 86' lang='lat' dir='ltr'>ad</span> <span class='ocrx_word' id='word_1_1000' title='bbox 1440 2539 1499 2580; x_wconf 85' lang='lat' dir='ltr'>fin.</span> <span class='ocrx_word' id='word_1_1001' title='bbox 1530 2539 1583 2571; x_wconf 88' lang='lat' dir='ltr'>sed</span> <span class='ocrx_word' id='word_1_1002' title='bbox 1605 2539 1756 2580; x_wconf 89' lang='lat' dir='ltr'>prolixior</span> <span class='ocrx_word' id='word_1_1003' title='bbox 1778 2540 1868 2571; x_wconf 86' lang='lat' dir='ltr'>locus</span> <span class='ocrx_word' id='word_1_1004' title='bbox 1898 2541 1964 2579; x_wconf 85' lang='lat' dir='ltr'>est,</span> 
     </span>
     <span class='ocr_line' id='line_1_135' title="bbox 1097 2579 1965 2623; baseline -0.001 -9"><span class='ocrx_word' id='word_1_1005' title='bbox 1097 2591 1193 2623; x_wconf 88' lang='lat' dir='ltr'>quam</span> <span class='ocrx_word' id='word_1_1006' title='bbox 1211 2589 1246 2613; x_wconf 91' lang='lat' dir='ltr'>ut</span> <span class='ocrx_word' id='word_1_1007' title='bbox 1262 2579 1439 2613; x_wconf 86' lang='lat' dir='ltr'>adscribere</span> <span class='ocrx_word' id='word_1_1008' title='bbox 1456 2579 1600 2612; x_wconf 87' lang='lat' dir='ltr'>debeam.</span> <span class='ocrx_word' id='word_1_1009' title='bbox 1642 2580 1799 2612; x_wconf 86' lang='lat' dir='ltr'>Praeterea</span> <span class='ocrx_word' id='word_1_1010' title='bbox 1817 2582 1885 2613; x_wconf 80' lang='lat' dir='ltr'>vult</span> <span class='ocrx_word' id='word_1_1011' title='bbox 1900 2580 1965 2613; x_wconf 82' lang='lat' dir='ltr'>Ga-</span> 
     </span>
     <span class='ocr_line' id='line_1_136' title="bbox 1096 2620 1966 2665; baseline -0.001 -10"><span class='ocrx_word' id='word_1_1012' title='bbox 1096 2624 1145 2665; x_wconf 83' lang='lat' dir='ltr'>jus</span> <span class='ocrx_word' id='word_1_1013' title='bbox 1163 2624 1190 2654; x_wconf 82' lang='lat' dir='ltr'>d.</span> <span class='ocrx_word' id='word_1_1014' title='bbox 1207 2622 1236 2664; x_wconf 89' lang='lat'>§.</span> <span class='ocrx_word' id='word_1_1015' title='bbox 1255 2632 1287 2662; x_wconf 86' lang='lat'>3.</span> <span class='ocrx_word' id='word_1_1016' title='bbox 1318 2621 1470 2653; x_wconf 92' lang='lat' dir='ltr'>colonum</span> <span class='ocrx_word' id='word_1_1017' title='bbox 1496 2620 1637 2652; x_wconf 86' lang='lat' dir='ltr'>villarum</span> <span class='ocrx_word' id='word_1_1018' title='bbox 1661 2630 1768 2654; x_wconf 87' lang='lat' dir='ltr'>curam</span> <span class='ocrx_word' id='word_1_1019' title='bbox 1794 2632 1905 2664; x_wconf 83' lang='lat' dir='ltr'>agere,</span> <span class='ocrx_word' id='word_1_1020' title='bbox 1931 2631 1966 2655; x_wconf 91' lang='lat' dir='ltr'>ut</span> 
     </span>
     <span class='ocr_line' id='line_1_137' title="bbox 1100 2661 1967 2702; baseline -0.001 -5"><span class='ocrx_word' id='word_1_1021' title='bbox 1100 2674 1152 2697; x_wconf 83' lang='lat' dir='ltr'>cas</span> <span class='ocrx_word' id='word_1_1022' title='bbox 1169 2664 1368 2702; x_wconf 88' lang='lat' dir='ltr'>incorruptas</span> <span class='ocrx_word' id='word_1_1023' title='bbox 1392 2662 1517 2693; x_wconf 86' lang='lat' dir='ltr'>habeat.</span> <span class='ocrx_word' id='word_1_1024' title='bbox 1562 2661 1710 2702; x_wconf 78' lang='lat' dir='ltr'>inquilini</span> <span class='ocrx_word' id='word_1_1025' title='bbox 1734 2664 1872 2695; x_wconf 82' lang='lat' dir='ltr'>similiter</span> <span class='ocrx_word' id='word_1_1026' title='bbox 1899 2664 1967 2696; x_wconf 88' lang='lat' dir='ltr'>offi-</span> 
     </span>
     <span class='ocr_line' id='line_1_138' title="bbox 1101 2703 1968 2746; baseline -0.001 -8"><span class='ocrx_word' id='word_1_1027' title='bbox 1101 2707 1187 2738; x_wconf 88' lang='lat' dir='ltr'>cium</span> <span class='ocrx_word' id='word_1_1028' title='bbox 1203 2703 1271 2742; x_wconf 91' lang='lat' dir='ltr'>est,</span> <span class='ocrx_word' id='word_1_1029' title='bbox 1295 2704 1326 2736; x_wconf 91' lang='lat' dir='ltr'>in</span> <span class='ocrx_word' id='word_1_1030' title='bbox 1350 2704 1446 2735; x_wconf 89' lang='lat' dir='ltr'>domo</span> <span class='ocrx_word' id='word_1_1031' title='bbox 1470 2703 1629 2735; x_wconf 75' lang='lat' dir='ltr'>conducta</span> <span class='ocrx_word' id='word_1_1032' title='bbox 1655 2704 1788 2743; x_wconf 88' lang='lat' dir='ltr'>versari,</span> <span class='ocrx_word' id='word_1_1033' title='bbox 1813 2713 1846 2736; x_wconf 91' lang='lat' dir='ltr'>ut</span> <span class='ocrx_word' id='word_1_1034' title='bbox 1872 2714 1968 2746; x_wconf 87' lang='lat' dir='ltr'>opor-</span> 
     </span>
     <span class='ocr_line' id='line_1_139' title="bbox 1103 2743 1968 2786; baseline -0.002 -7"><span class='ocrx_word' id='word_1_1035' title='bbox 1103 2753 1150 2779; x_wconf 87' lang='lat' dir='ltr'>tet</span> <span class='ocrx_word' id='word_1_1036' title='bbox 1174 2746 1293 2778; x_wconf 82' lang='lat' dir='ltr'>bonum</span> <span class='ocrx_word' id='word_1_1037' title='bbox 1321 2743 1588 2784; x_wconf 86' lang='lat' dir='ltr'>patremfamilias.</span> <span class='ocrx_word' id='word_1_1038' title='bbox 1632 2744 1757 2786; x_wconf 88' lang='lat' dir='ltr'>insuper</span> <span class='ocrx_word' id='word_1_1039' title='bbox 1782 2755 1892 2777; x_wconf 84' lang='lat' dir='ltr'>curare</span> <span class='ocrx_word' id='word_1_1040' title='bbox 1915 2747 1968 2778; x_wconf 87' lang='lat' dir='ltr'>de-</span> 
     </span>
     <span class='ocr_line' id='line_1_140' title="bbox 1100 2785 1969 2826; baseline 0 -6"><span class='ocrx_word' id='word_1_1041' title='bbox 1100 2788 1158 2820; x_wconf 91' lang='lat' dir='ltr'>bet</span> <span class='ocrx_word' id='word_1_1042' title='bbox 1178 2785 1373 2824; x_wconf 68' lang='lat' dir='ltr'>condustor,</span> <span class='ocrx_word' id='word_1_1043' title='bbox 1396 2794 1429 2817; x_wconf 92' lang='lat' dir='ltr'>ut</span> <span class='ocrx_word' id='word_1_1044' title='bbox 1446 2786 1577 2817; x_wconf 86' lang='lat' dir='ltr'>locatori</span> <span class='ocrx_word' id='word_1_1045' title='bbox 1594 2786 1694 2818; x_wconf 86' lang='lat' dir='ltr'>solvat</span> <span class='ocrx_word' id='word_1_1046' title='bbox 1709 2787 1892 2826; x_wconf 79' lang='lat' dir='ltr'>mercedes,</span> <span class='ocrx_word' id='word_1_1047' title='bbox 1916 2787 1969 2820; x_wconf 79' lang='lat' dir='ltr'>scu</span> 
     </span>
     <span class='ocr_line' id='line_1_141' title="bbox 1101 2825 2026 2871; baseline -0.001 -10"><span class='ocrx_word' id='word_1_1048' title='bbox 1101 2825 1279 2871; x_wconf 84' lang='lat' dir='ltr'>penssoues.</span> <span class='ocrx_word' id='word_1_1049' title='bbox 1301 2827 1389 2867; x_wconf 89' lang='lat' dir='ltr'>quod</span> <span class='ocrx_word' id='word_1_1050' title='bbox 1413 2825 1434 2859; x_wconf 85' lang='lat' dir='ltr'><strong>fi</strong></span> <span class='ocrx_word' id='word_1_1051' title='bbox 1450 2826 1547 2859; x_wconf 84' lang='lat' dir='ltr'>fecit:</span> <span class='ocrx_word' id='word_1_1052' title='bbox 1571 2828 1654 2860; x_wconf 91' lang='lat' dir='ltr'>bene</span> <span class='ocrx_word' id='word_1_1053' title='bbox 1680 2827 1745 2866; x_wconf 84' lang='lat' dir='ltr'>est,</span> <span class='ocrx_word' id='word_1_1054' title='bbox 1768 2838 1828 2860; x_wconf 89' lang='lat' dir='ltr'>nec</span> <span class='ocrx_word' id='word_1_1055' title='bbox 1851 2829 1968 2860; x_wconf 86' lang='lat' dir='ltr'>invitus</span> <span class='ocrx_word' id='word_1_1056' title='bbox 2025 2845 2026 2855; x_wconf 39' lang='grc' dir='ltr'><strong>κ</strong></span> 
     </span>
     <span class='ocr_line' id='line_1_142' title="bbox 1103 2867 2026 2912; baseline -0.003 -8"><span class='ocrx_word' id='word_1_1057' title='bbox 1103 2869 1219 2912; x_wconf 86' lang='lat' dir='ltr'>expelli</span> <span class='ocrx_word' id='word_1_1058' title='bbox 1242 2867 1344 2909; x_wconf 90' lang='lat' dir='ltr'>potest</span> <span class='ocrx_word' id='word_1_1059' title='bbox 1366 2868 1446 2899; x_wconf 88' lang='lat' dir='ltr'>intra</span> <span class='ocrx_word' id='word_1_1060' title='bbox 1476 2876 1623 2909; x_wconf 87' lang='lat' dir='ltr'>tempora</span> <span class='ocrx_word' id='word_1_1061' title='bbox 1644 2868 1814 2910; x_wconf 87' lang='lat' dir='ltr'>praefinita:</span> <span class='ocrx_word' id='word_1_1062' title='bbox 1839 2870 1891 2901; x_wconf 83' lang='lat' dir='ltr'>nisi</span> <span class='ocrx_word' id='word_1_1063' title='bbox 1914 2872 1970 2901; x_wconf 90' lang='lat' dir='ltr'>do·</span> <span class='ocrx_word' id='word_1_1064' title='bbox 2025 2876 2026 2883; x_wconf 62' lang='lat'>¹</span> 
     </span>
     <span class='ocr_line' id='line_1_143' title="bbox 1103 2909 1971 2951; baseline 0 -8"><span class='ocrx_word' id='word_1_1065' title='bbox 1103 2920 1189 2945; x_wconf 87' lang='lat' dir='ltr'>mum</span> <span class='ocrx_word' id='word_1_1066' title='bbox 1216 2910 1351 2951; x_wconf 81' lang='lat' dir='ltr'>propriis</span> <span class='ocrx_word' id='word_1_1067' title='bbox 1379 2909 1481 2941; x_wconf 87' lang='lat' dir='ltr'>ufibus</span> <span class='ocrx_word' id='word_1_1068' title='bbox 1514 2909 1715 2942; x_wconf 81' lang='lat' dir='ltr'>neceffariam</span> <span class='ocrx_word' id='word_1_1069' title='bbox 1742 2910 1804 2942; x_wconf 78' lang='lat' dir='ltr'>ess&#39;e</span> <span class='ocrx_word' id='word_1_1070' title='bbox 1826 2911 1971 2943; x_wconf 73' lang='lat' dir='ltr'>dominus</span> 
     </span>
     <span class='ocr_line' id='line_1_144' title="bbox 1103 2951 1969 2994; baseline -0.002 -9"><span class='ocrx_word' id='word_1_1071' title='bbox 1103 2951 1306 2994; x_wconf 86' lang='lat' dir='ltr'>probaverit;</span> <span class='ocrx_word' id='word_1_1072' title='bbox 1322 2958 1376 2982; x_wconf 87' lang='lat' dir='ltr'>aut</span> <span class='ocrx_word' id='word_1_1073' title='bbox 1392 2951 1550 2992; x_wconf 84' lang='lat' dir='ltr'>corrigere</span> <span class='ocrx_word' id='word_1_1074' title='bbox 1568 2961 1636 2983; x_wconf 86' lang='lat' dir='ltr'>eam</span> <span class='ocrx_word' id='word_1_1075' title='bbox 1653 2953 1814 2990; x_wconf 88' lang='lat' dir='ltr'>maluerit;</span> <span class='ocrx_word' id='word_1_1076' title='bbox 1826 2961 1878 2983; x_wconf 85' lang='lat' dir='ltr'>aut</span> <span class='ocrx_word' id='word_1_1077' title='bbox 1894 2961 1969 2983; x_wconf 87' lang='lat' dir='ltr'>con·</span> 
     </span>
     <span class='ocr_line' id='line_1_145' title="bbox 1104 2990 1971 3032; baseline 0 -6"><span class='ocrx_word' id='word_1_1078' title='bbox 1104 2994 1217 3026; x_wconf 67' lang='lat' dir='ltr'>ductor</span> <span class='ocrx_word' id='word_1_1079' title='bbox 1233 2992 1315 3024; x_wconf 86' lang='lat' dir='ltr'>male</span> <span class='ocrx_word' id='word_1_1080' title='bbox 1336 2992 1368 3023; x_wconf 88' lang='lat' dir='ltr'>in</span> <span class='ocrx_word' id='word_1_1081' title='bbox 1392 3000 1428 3023; x_wconf 84' lang='lat' dir='ltr'>ea</span> <span class='ocrx_word' id='word_1_1082' title='bbox 1445 2990 1583 3024; x_wconf 86' lang='lat' dir='ltr'>versatus</span> <span class='ocrx_word' id='word_1_1083' title='bbox 1604 2992 1660 3032; x_wconf 86' lang='lat' dir='ltr'>fit;</span> <span class='ocrx_word' id='word_1_1084' title='bbox 1682 3001 1735 3024; x_wconf 87' lang='lat' dir='ltr'>aut</span> <span class='ocrx_word' id='word_1_1085' title='bbox 1758 2993 1921 3025; x_wconf 70' lang='lat' dir='ltr'>cessaverit</span> <span class='ocrx_word' id='word_1_1086' title='bbox 1938 2993 1971 3026; x_wconf 88' lang='lat' dir='ltr'>in</span> 
     </span>
     <span class='ocr_line' id='line_1_146' title="bbox 1105 3032 1974 3075; baseline -0.001 -8"><span class='ocrx_word' id='word_1_1087' title='bbox 1105 3033 1264 3068; x_wconf 91' lang='lat' dir='ltr'>solutione</span> <span class='ocrx_word' id='word_1_1088' title='bbox 1285 3033 1469 3074; x_wconf 85' lang='lat' dir='ltr'>pensionum</span> <span class='ocrx_word' id='word_1_1089' title='bbox 1486 3033 1507 3072; x_wconf 89' lang='lat' dir='ltr'>l,</span> <span class='ocrx_word' id='word_1_1090' title='bbox 1525 3043 1555 3075; x_wconf 85' lang='lat'>3.</span> <span class='ocrx_word' id='word_1_1091' title='bbox 1574 3033 1608 3065; x_wconf 87' lang='lat' dir='ltr'>C.</span> <span class='ocrx_word' id='word_1_1092' title='bbox 1624 3034 1652 3065; x_wconf 86' lang='lat' dir='ltr'>b.</span> <span class='ocrx_word' id='word_1_1093' title='bbox 1671 3039 1692 3065; x_wconf 89' lang='lat' dir='ltr'>t.</span> <span class='ocrx_word' id='word_1_1094' title='bbox 1715 3035 1796 3066; x_wconf 88' lang='lat' dir='ltr'>intra</span> <span class='ocrx_word' id='word_1_1095' title='bbox 1810 3032 1974 3066; x_wconf 81' lang='lat' dir='ltr'>biennium</span> 
     </span>
     <span class='ocr_line' id='line_1_147' title="bbox 1105 3075 1973 3114; baseline -0.003 -5"><span class='ocrx_word' id='word_1_1096' title='bbox 1105 3076 1317 3114; x_wconf 81' lang='lat' dir='ltr'>continuum3</span> <span class='ocrx_word' id='word_1_1097' title='bbox 1339 3075 1393 3106; x_wconf 85' lang='lat' dir='ltr'>etsi</span> <span class='ocrx_word' id='word_1_1098' title='bbox 1416 3076 1607 3106; x_wconf 91' lang='lat' dir='ltr'>convenerit</span> <span class='ocrx_word' id='word_1_1099' title='bbox 1622 3097 1632 3114; x_wconf 93' lang='lat'>,</span> <span class='ocrx_word' id='word_1_1100' title='bbox 1663 3084 1702 3107; x_wconf 86' lang='lat' dir='ltr'>ne</span> <span class='ocrx_word' id='word_1_1101' title='bbox 1725 3075 1803 3106; x_wconf 86' lang='lat' dir='ltr'>intra</span> <span class='ocrx_word' id='word_1_1102' title='bbox 1827 3082 1973 3114; x_wconf 84' lang='lat' dir='ltr'>tempora</span> 
     </span>
    </p>
   </div>
   <div class='ocr_carea' id='block_1_5' title="bbox 1106 3116 2031 3157">
    <p class='ocr_par' dir='ltr' id='par_1_9' title="bbox 1106 3116 2031 3157">
     <span class='ocr_line' id='line_1_148' title="bbox 1106 3116 2031 3157; baseline -0.008 -7"><span class='ocrx_word' id='word_1_1103' title='bbox 1106 3117 1273 3150; x_wconf 84' lang='lat' dir='ltr'>locationis</span> <span class='ocrx_word' id='word_1_1104' title='bbox 1299 3117 1339 3147; x_wconf 88' lang='lat' dir='ltr'>de</span> <span class='ocrx_word' id='word_1_1105' title='bbox 1361 3116 1462 3147; x_wconf 89' lang='lat' dir='ltr'>fundo</span> <span class='ocrx_word' id='word_1_1106' title='bbox 1488 3116 1606 3147; x_wconf 85' lang='lat' dir='ltr'>invitus</span> <span class='ocrx_word' id='word_1_1107' title='bbox 1637 3116 1866 3157; x_wconf 88' lang='lat' dir='ltr'>repelleretur:</span> <span class='ocrx_word' id='word_1_1108' title='bbox 1901 3125 1975 3148; x_wconf 78' lang='lat' dir='ltr'>nam.</span> <span class='ocrx_word' id='word_1_1109' title='bbox 2028 3119 2031 3143; x_wconf 64' lang='grc' dir='ltr'><em>ι</em></span> 
     </span>
    </p>
   </div>
   <div class='ocr_carea' id='block_1_6' title="bbox 1106 3155 1976 3200">
    <p class='ocr_par' dir='ltr' id='par_1_10' title="bbox 1106 3155 1976 3200">
     <span class='ocr_line' id='line_1_149' title="bbox 1106 3155 1976 3200; baseline -0.003 -9"><span class='ocrx_word' id='word_1_1110' title='bbox 1106 3157 1274 3192; x_wconf 76' lang='lat' dir='ltr'>verisimile</span> <span class='ocrx_word' id='word_1_1111' title='bbox 1291 3156 1356 3196; x_wconf 89' lang='lat' dir='ltr'>est,</span> <span class='ocrx_word' id='word_1_1112' title='bbox 1380 3157 1495 3198; x_wconf 83' lang='lat' dir='ltr'>(quod</span> <span class='ocrx_word' id='word_1_1113' title='bbox 1521 3156 1635 3188; x_wconf 88' lang='lat' dir='ltr'>Paulus</span> <span class='ocrx_word' id='word_1_1114' title='bbox 1653 3155 1815 3197; x_wconf 85' lang='lat' dir='ltr'>respondit</span> <span class='ocrx_word' id='word_1_1115' title='bbox 1838 3156 1857 3187; x_wconf 90' lang='lat' dir='ltr'>l.</span> <span class='ocrx_word' id='word_1_1116' title='bbox 1875 3167 1925 3197; x_wconf 80' lang='lat'>54.</span> <span class='ocrx_word' id='word_1_1117' title='bbox 1944 3158 1976 3200; x_wconf 54' lang='grc' dir='ltr'>ᾗ.</span> 
     </span>
    </p>
   </div>
   <div class='ocr_carea' id='block_1_7' title="bbox 1110 3196 1984 3273">
    <p class='ocr_par' dir='ltr' id='par_1_11' title="bbox 1110 3196 1984 3273">
     <span class='ocr_line' id='line_1_150' title="bbox 1110 3196 1984 3273; baseline -0.006 -38"><span class='ocrx_word' id='word_1_1118' title='bbox 1110 3209 1140 3240; x_wconf 76' lang='lat'>1.</span> <span class='ocrx_word' id='word_1_1119' title='bbox 1157 3200 1188 3247; x_wconf 70' lang='lat' dir='ltr'>h.</span> <span class='ocrx_word' id='word_1_1120' title='bbox 1206 3200 1250 3246; x_wconf 79' lang='lat' dir='ltr'>t.)</span> <span class='ocrx_word' id='word_1_1121' title='bbox 1270 3200 1316 3236; x_wconf 74' lang='lat' dir='ltr'>ita</span> <span class='ocrx_word' id='word_1_1122' title='bbox 1330 3198 1514 3236; x_wconf 80' lang='lat' dir='ltr'>conveniffe</span> <span class='ocrx_word' id='word_1_1123' title='bbox 1535 3199 1576 3233; x_wconf 81' lang='lat' dir='ltr'>de</span> <span class='ocrx_word' id='word_1_1124' title='bbox 1594 3206 1658 3237; x_wconf 77' lang='lat' dir='ltr'>non</span> <span class='ocrx_word' id='word_1_1125' title='bbox 1680 3196 1872 3242; x_wconf 75' lang='lat' dir='ltr'>expellendo</span> <span class='ocrx_word' id='word_1_1126' title='bbox 1891 3199 1984 3273; x_wconf 46' lang='lat' dir='ltr'>celsi}</span> 
     </span>
    </p>
   </div>
  </div>
 </body>
</html>
