2036 3495
511 128 728 169 INDEX
778 127 1011 170 RERUM
1064 137 1101 173 a&
1154 138 1553 175 VERBORUM.

182 226 275 256 ritarli.
681 228 719 254 44

147 265 223 293 Dare
239 272 300 293 cum
318 259 471 291 Infinitivo.
498 258 576 287 dedit
596 259 718 287 reverti3

182 303 258 330 dedit
274 299 447 328 accumbere.
592 302 717 329 330‚331

146 339 191 368 De
206 337 360 375 ergalium,
384 334 419 362 de
433 333 554 370 palaestra
566 354 573 366 ‚
593 333 627 360 de
655 332 722 369 syni-

182 376 304 411 phonia.
326 372 359 400 de
374 372 469 400 schola
483 393 490 405 ,
513 370 564 398 διε.
668 377 721 404 352

144 411 307 441 Decemviri
330 411 424 438 litibus
443 407 600 443 judicandis
617 407 720 434 adside-

183 451 250 478 bant
268 446 442 484 Magistratui
461 455 512 482 pro
528 445 659 474 tribunall
674 453 721 472 co-

180 486 343 522 gnoscenti,
371 485 397 513 &
420 484 469 521 ipsi
490 492 606 521 quoque
629 484 718 518 Magi-

182 524 278 552 stratus
294 529 441 551 vocantur.
622 524 671 553 86,
688 529 721 553 91

141 563 377 591 Decemvirorum
411 559 515 595 judicia
549 566 607 586 non
644 565 723 586 erant

179 601 294 637 propria
306 621 313 632 ,
335 606 387 627 nec
403 607 418 626 a
438 598 567 635 praetoria
582 596 721 632 cognitio-

179 646 217 665 ne
233 637 365 673 separata.
685 642 719 667 91

143 670 257 705 Decere
279 676 362 703 etiam
378 673 508 703 dicuntur
530 680 579 705 ea,
607 670 641 699 ad
662 679 722 706 quae

180 714 241 750 quis
261 719 382 741 tenetur.
667 717 719 743 251

141 751 285 780 Decidere
295 771 303 784 ,
315 750 340 778 &
356 748 468 778 Decifio
482 747 516 776 de
526 746 720 776 transaettone.

582 789 652 820 406,
666 787 719 819 458

139 826 265 855 Decreta
279 825 360 863 Juris.
381 823 440 852 vid.
460 824 517 861 Jus.

142 865 267 894 Decreta
288 861 536 899 Philosophorum.
666 868 720 894 477

142 902 298 931 Decretum
320 900 448 928 Praetoris
464 898 543 935 quid.
687 902 723 933 84

140 939 294 969 Decretum
312 937 351 966 est
367 946 428 974 pars
447 935 665 970 jurisdiffionis,
693 936 722 963 s1-

179 987 215 1006 ve
230 977 311 1005 mixti
326 974 449 1012 imperii.
618 976 668 1008 84,
686 976 722 1007 89

140 1014 296 1044 Decretum
317 1013 421 1049 duplex
444 1017 520 1046 erat,
551 1011 596 1040 vel
621 1013 648 1039 in
665 1011 722 1047 spe-

179 1055 224 1082 cie
248 1054 285 1081 ita
308 1050 410 1079 dietum
426 1071 434 1083 ,
468 1051 514 1078 vel
541 1049 721 1084 subscriptio:

177 1091 237 1119 hoc
252 1090 287 1119 de
301 1089 403 1127 plano,
425 1087 501 1117 aliud
514 1095 567 1124 pro
590 1087 721 1116 tribunali

180 1128 275 1157 fiebat.
687 1127 723 1158 89

141 1164 319 1195 Decuriones
336 1163 464 1197 abusive,
485 1162 510 1191 &
525 1170 576 1199 per
592 1163 722 1191 ambitio-

179 1212 243 1233 nem
259 1203 390 1232 dicuntur
406 1202 569 1231 Senatores,
685 1203 720 1230 82

140 1243 320 1271 Decuriones
339 1239 456 1268 admisso
471 1239 590 1267 crimine
606 1238 718 1273 capitali

180 1281 272 1316 capite
286 1279 460 1315 puniuntur3
495 1276 541 1305 sed
564 1275 667 1304 Praeses
684 1278 718 1304 de

179 1326 262 1354 poena
277 1318 471 1353 damnatorum
488 1316 563 1349 prius
581 1313 614 1341 ad
631 1314 719 1349 Impe-

183 1361 307 1384 ratorem
321 1354 440 1383 scribere
461 1351 554 1379 debet.
588 1359 655 1386 249.
666 1353 721 1385 289

142 1393 274 1422 Defectus
294 1391 504 1429 probationum.
539 1387 596 1418 vid.
617 1390 720 1417 Proba-

181 1439 234 1460 tto.

142 1468 333 1499 Definitiones
361 1467 496 1494 Veterum
518 1463 586 1498 saepe
611 1468 718 1491 tantum

181 1504 317 1542 exemplis
330 1502 467 1531 constant.
509 1503 540 1530 81
552 1521 560 1534 ‚
577 1502 627 1534 83.
648 1504 719 1533 296,

664 1546 719 1571 412

667 1578 720 1610 387

667 1616 721 1648 468

143 1579 303 1610 DemolIre.

141 1617 315 1647 Denunciati
330 1623 423 1653 poena.

141 1655 304 1693 Deponere.
325 1654 383 1682 vid.
404 1652 525 1680 Ponere.

141 1693 260 1730 Deponi
280 1692 409 1722 solebant
430 1688 557 1726 pecuniae
575 1689 603 1718 in
617 1688 721 1718 aedibus

181 1732 273 1760 sacris.
666 1730 720 1757 216

140 1769 292 1804 Depositio
307 1765 434 1805 pecuniae
442 1763 544 1794 debitae
559 1773 574 1794 a
591 1765 719 1831 debitorde

181 1808 260 1836 fasta.
656 1805 694 1832 ibi
715 1824 721 1832 .

140 1845 283 1882 Deposito
313 1842 448 1878 adiectum
468 1840 593 1879 pastum,
620 1850 656 1869 ne
686 1837 722 1870 de

179 1882 249 1913 dolo
264 1888 376 1918 agatur,
398 1886 446 1908 aut
470 1888 506 1908 ne
526 1879 644 1916 depositi
659 1888 722 1915 aga-

178 1928 243 1955 tur,
263 1919 333 1948 dolo
347 1917 474 1947 nondum
489 1915 621 1952 admisso,
637 1926 720 1954 quam

179 1960 240 1987 vim
253 1958 365 1987 habeat.
665 1964 720 1991 442

144 2005 162 2026 e
172 1996 310 2033 Deposito
324 1994 438 2033 quando
446 1993 532 2023 usurae
541 1993 599 2030 peti
607 1993 718 2030 poffint.

141 2071 309 2101 Desertores
325 2070 399 2099 ultro
415 2068 533 2103 reversi,
549 2069 595 2097 vel
611 2077 661 2105 per
673 2079 719 2106 pa-

183 2117 255 2139 trem
274 2108 364 2138 oblati
381 2108 472 2137 levius
489 2107 652 2145 puniuntur.
685 2115 719 2142 43

142 2142 235 2177 Diaeta
248 2145 327 2183 quid.
666 2148 721 2180 346

143 2185 270 2216 Difficile
284 2184 337 2217 est,
359 2192 417 2213 non
433 2183 514 2212 facile
530 2182 582 2217 est,
593 2183 720 2212 formulae

183 2222 304 2260 negandi
323 2221 398 2259 apud
416 2221 515 2257 JCtos.
666 2228 717 2256 311

142 2261 310 2297 Diligentta.
329 2259 387 2288 vid.
408 2258 550 2287 Custodia.

143 2298 322 2330 Diminutiva
334 2306 393 2326 non
412 2296 567 2326 minuentia
588 2295 719 2332 fignifica-

182 2344 301 2365 ttonem.
318 2356 321 2357 ν

143 2371 276 2408 Όίτεὲὶο,
299 2373 317 2402 i.
332 2381 357 2401 e.
381 2372 438 2401 fine
453 2380 530 2401 novo
555 2372 643 2406 facto,
664 2373 721 2402 fine

183 2420 257 2440 nova
271 2410 482 2445 conventione,
494 2410 551 2448 ipso
566 2411 643 2447 Jure.
665 2419 719 2445 312

144 2449 349 2485 Disputationis
363 2449 428 2476 Fori
446 2449 516 2477 ratio
533 2457 565 2476 ac
581 2450 632 2477 vis.
668 2458 719 2484 137

145 2486 343 2523 Disputatione
360 2487 424 2514 Fori
446 2487 515 2521 saepe
532 2495 588 2514 uno
610 2488 636 2515 in
657 2490 720 2516 casu

182 2524 287 2560 aliquid
302 2531 442 2559 receptum
467 2524 538 2556 fuit,
560 2534 612 2553 nec
626 2525 715 2554 statim

180 2563 339 2598 porrectum
369 2561 404 2589 ad
429 2563 498 2591 alios
519 2562 638 2596 ssmiles,
667 2563 717 2592 nist

182 2599 394 2636 superveniente
434 2609 509 2629 nova
542 2600 715 2630 auctoritate.

144 2672 341 2703 Diffitnulatio-
363 2675 418 2702 vid.
441 2671 564 2704 Veritas.
662 2646 716 2675 443

143 2712 363 2744 Distinfflones,
386 2712 440 2741 sive
462 2715 715 2750 interpunffiones,

183 2756 301 2778 mutatae.
380 2757 428 2783 10,
441 2760 490 2785 40,
506 2756 572 2786 387,
584 2762 654 2787 401,
665 2758 719 2788 40'4

143 2787 254 2817 Divisio
275 2786 400 2821 ejusdem
427 2792 535 2823 generis
564 2791 590 2818 in
614 2791 717 2826 specics

182 2825 270 2854 modo
292 2825 441 2861 bipertita,
470 2826 556 2854 modo
580 2830 718 2864 tripertita

182 2863 231 2892 est.
602 2870 717 2899 22‚286

143 2900 283 2931 Divifioni
311 2900 450 2936 bipertitae
471 2901 539 2936 saepe
561 2907 667 2931 tantum
688 2914 717 2932 u-

180 2941 243 2969 nius
264 2939 364 2976 speciei
383 2939 541 2975 exemplum
568 2939 717 2974 subjicitur.

682 2984 718 3009 26

144 3018 173 3046 in
187 3016 333 3046 Divisione
346 3015 456 3051 generis
466 3014 604 3043 interdum
614 3015 717 3051 species

180 3056 274 3084 mixtae
287 3058 484 3090 praetereuntur
492 3060 499 3084 ;
508 3052 645 3081 interdum
655 3055 718 3081 dua-

182 3095 234 3121 bus
263 3091 414 3130 propositis
437 3090 578 3126 speciebus
613 3090 716 3118 deinde

182 3130 264 3159 tertia
281 3131 367 3158 mixta
382 3127 652 3164 subjicitur,quafi&
663 3128 717 3164 ipsa

784 223 877 258 jussor.

748 259 796 288 Do
814 268 843 288 ut
869 261 934 295 des,
956 263 994 289 do
1019 270 1046 291 ut
1067 264 1159 294 facias.
1180 266 1237 295 vid.
1260 267 1323 295 Per-

788 300 916 328 mutatio.
939 300 963 327 &
981 302 1154 332 Contractus.

750 336 842 365 Dolus
870 338 937 374 quid
954 361 960 371 ,
993 338 1018 367 ἃ
1050 339 1122 369 unde
1146 340 1242 371 distns.
1271 351 1323 380 295

788 376 879 403 bonus
894 396 903 408 ,
939 377 982 404 vel
998 377 1097 409 malum
1137 382 1199 416 quis
1214 381 1323 416 boum,

788 412 814 440 t&
827 421 860 440 an
876 413 970 442 licitus
985 415 1184 449 burnanojure.
1221 424 1227 429 '
1259 420 1323 450 ibid.

752 448 821 479 Doli
839 451 905 480 mali
922 452 1101 481 definitiones
1117 457 1248 492 expensae.
1258 462 1322 492 296.

1194 495 1221 523 se
1244 517 1250 523 .

752 526 820 554 Doli
837 526 902 554 rnali
920 526 1058 555 dissinftio
1073 529 1183 566 vulgata
1194 504 1326 563 ῖηῗὶοῖἴιξι

789 564 896 592 causam
926 566 1037 593 dantem
1065 569 1217 598 contractui
1245 571 1326 600 bonae

788 602 853 630 fidei
869 623 875 634 ,
897 602 964 631 &in
982 611 1043 631 cum
1061 604 1248 641 incidentem,
1268 617 1325 638 non

789 640 888 668 nititur
902 638 1065 670 auctoritate
1079 643 1161 679 Juris.
1184 653 1234 680 97,
1251 655 1304 682 ²97
1317 668 1324 680 ‚

790 681 860 711 298,
874 686 936 713 314.
965 679 1109 708 discrimen
1125 681 1197 710 circa
1217 691 1326 713 contra-

789 716 848 744 ctus
864 717 943 744 bonae
959 716 1040 748 fidei,
1058 717 1084 745 δε
1100 718 1180 747 stricti
1193 721 1261 755 juris
1272 730 1325 750 rna-

786 754 828 796 gis
850 753 889 782 est
910 754 984 791 Juris
1003 755 1120 785 Civilis,
1147 765 1230 793 quam
1252 760 1324 788 Gen-

787 797 865 820 tium.
1271 801 1323 831 298

749 828 841 857 Dolus
859 830 945 858 malus
960 831 1169 869 qualiscumque
1182 856 1188 864 ,
1210 830 1266 863 sive·
1284 836 1322 864 in-

787 868 898 900 cidens,
934 868 989 896 five
1008 870 1112 898 causam
1134 872 1273 907 praebens,
1295 873 1323 902 in

789 907 870 933 bonae
887 905 950 934 fidei
964 906 1074 940 judiciis
1093 909 1150 944 ipso
1167 910 1232 946 Jure
1247 912 1324 939 civili

790 943 885 971 officio
897 944 1000 982 Judicis
1014 945 1070 974 fine
1084 947 1137 975 ulla
1155 956 1241 982 opera
1256 949 1325 977 l'rae-

788 982 856 1009 toris
879 983 1037 1017 corrigitur.
1067 984 1144 1019 quod
1167 994 1224 1013 non
1248 984 1324 1023 Lege

787 1018 862 1053 lata,
886 1018 932 1048 sed
957 1019 1140 1056 disputatione
1160 1024 1224 1051 Fori
1248 1024 1326 1053 indu-

787 1057 858 1085 erum
876 1057 922 1085 est.
1045 1066 1112 1094 299,
1125 1067 1194 1094 300,
1204 1069 1326 1098 301-304

750 1094 828 1122 Dolo
845 1096 919 1123 malo
933 1095 1067 1131 deceptus
1082 1098 1108 1125 in
1127 1100 1268 1128 contractu
1277 1101 1327 1128 bo-

788 1140 829 1160 nae
846 1132 909 1161 fidei
925 1132 1054 1162 adversus
1074 1135 1260 1170 decipientem
1276 1144 1326 1175 po-

788 1169 839 1197 test
863 1179 947 1206 agere
972 1171 1082 1200 actione
1104 1174 1132 1201 b.
1153 1175 1171 1202 f.
1199 1184 1288 1211 eaque
1311 1186 1326 1205 a

788 1209 931 1237 contranu
947 1231 954 1241 ‚
983 1209 1057 1244 quafi
1080 1211 1204 1240 invalido
1231 1213 1257 1240 &
1278 1214 1327 1242 im-

788 1246 931 1281 perfecto,
950 1247 1055 1283 Judicis
1071 1248 1169 1278 officio
1191 1251 1249 1284 ipso
1264 1251 1326 1284 jure

784 1279 934 1312 discedere.
958 1285 1091 1322 1305.seq.
1129 1288 1220 1323 potest
1242 1289 1325 1317 etiam

784 1322 822 1349 ita
841 1330 923 1358 agere
938 1322 1047 1350 afflone
1064 1324 1091 1352 b.
1108 1324 1127 1353 f.
1149 1332 1178 1354 ut
1193 1333 1326 1362 purgetur

786 1359 869 1387 dolus
901 1359 975 1387 salvo
997 1363 1139 1390 contractu
1154 1383 1163 1397 ‚
1197 1373 1224 1393 v.
1248 1373 1274 1401 g.
1295 1370 1327 1393 ut

785 1397 951 1433 metietur,
980 1405 1087 1434 quanto
1113 1401 1251 1434 minoris,
1279 1407 1327 1431 aut

786 1435 872 1469 pluris
892 1434 1017 1469 emisset,
1039 1444 1085 1465 aut
1104 1439 1284 1473 vendidisset,
1307 1440 1326 1469 fi

786 1478 842 1499 non
864 1472 1057 1503 intervenisset
1073 1475 1166 1505 dolus.
1186 1481 1248 1511 306.
1267 1477 1324 1513 seq.

788 1509 925 1550 interdum
941 1511 1023 1539 etiam
1039 1514 1129 1548 potest
1149 1524 1231 1551 agere
1254 1516 1281 1543 b.
1304 1515 1324 1545 f.

787 1548 909 1581 judicio,
931 1548 964 1576 ad
981 1549 1007 1577 id
1023 1551 1099 1585 quod
1124 1552 1169 1580 sua
1189 1553 1324 1587 interest,

791 1584 817 1612 se
838 1584 985 1622 deceptum
1003 1595 1060 1616 non
1077 1589 1140 1618 effe.
1273 1599 1326 1627 307

749 1622 829 1650 Dolo
850 1624 1036 1658 malefactus
1062 1628 1218 1656 contractus
1243 1629 1325 1658 bonae

788 1660 868 1695 fidei,
890 1662 938 1690 etsi
954 1663 1045 1691 nullus
1061 1665 1115 1698 est,
1138 1672 1229 1694 tamen
1245 1667 1329 1695 astio-

786 1706 850 1727 nem
864 1699 1043 1736 producit,&
1060 1710 1114 1739 qua
1123 1705 1241 1733 ratione.
1263 1704 1327 1739 3¹0·

760 1766 763 1768 ,
1270 1742 1297 1771 se
1320 1762 1328 1769 .

751 1774 822 1818 Doli
837 1773 902 1804 mali
918 1777 989 1805 actio
1003 1777 1028 1805 &
1041 1779 1171 1815 exceptio
1180 1751 1329 1816 quomodqo

787 1813 868 1842 insint
882 1814 907 1842 b.
926 1814 1073 1848 sindicus.
1095 1825 1166 1853 303,
1181 1818 1328 1854 304,3'13,

789 1858 851 1885 314.
873 1852 935 1880 add.
951 1853 1152 1889 Exceptiones.
1197 1888 1199 1890 ,

749 1888 787 1916 ob
810 1889 916 1918 Dolum
937 1891 1040 1920 malum
1057 1901 1118 1922 cum
1146 1893 1247 1923 dicitur
1268 1894 1328 1924 nul-

788 1926 829 1966 lus
846 1926 900 1955 esse
919 1931 1075 1958 contractus
1089 1930 1116 1959 b.
1132 1931 1151 1960 f.
1169 1933 1195 1960 id
1211 1942 1267 1961 non
1277 1942 1328 1962 no-

789 1969 843 1995 tat,
866 1965 973 1995 nullum
989 1967 1043 1996 effe
1065 1969 1123 2004 eius
1138 1970 1267 1999 effeetum
1282 1971 1329 2000 ad-

787 2002 880 2030 versus
895 2003 1080 2039 decipientem
1095 2029 1103 2039 ,
1127 2007 1171 2036 sed
1187 2010 1328 2044 exceptio-

787 2048 850 2068 nem
872 2041 1048 2072 ac‘tionemve
1069 2045 1128 2074 doli
1152 2046 1216 2074 mali
1243 2047 1328 2076 inesse

756 2108 757 2111 Ἰ
786 2077 816 2121 b.
832 2077 849 2105 f.
873 2079 975 2107 actioni
993 2089 1076 2110 exeo
1098 2085 1249 2113 contractu.
1272 2089 1327 2119 316

748 2114 817 2143 Dolt
833 2117 897 2144 mali
915 2118 942 2145 in
958 2120 1147 2148 contraffibus
1163 2122 1190 2150 b.
1201 2122 1219 2150 f.
1231 2131 1324 2151 emen·

787 2152 870 2182 dandi
893 2155 965 2184 aetio
985 2155 1061 2184 utilis
1083 2157 1192 2188 dicitur.
1214 2167 1277 2194 310.
1299 2170 1327 2189 a·

786 2191 842 2219 ctio
858 2191 984 2227 quando.
1008 2195 1080 2223 intra
1102 2198 1178 2231 quod
1200 2204 1325 2234 tempus,

786 2229 812 2257 ἃ
829 2229 862 2257 ad
877 2230 945 2266 quid
960 2230 1022 2259 data
1041 2233 1072 2262 sit
1094 2235 1128 2262 ab
1145 2235 1279 2270 Aquilio,
1300 2234 1326 2266 ὅτ.

786 2274 923 2310 quatenus
943 2267 1025 2298 detur
1048 2271 1075 2299 in
1095 2271 1237 2301 heredem.
1261 2282 1325 2308 299.

786 2305 860 2333 afflo
874 2308 1033 2342 temporalis
1047 2309 1101 2344 est,
1118 2312 1250 2348 exceptio
1264 2321 1326 2347 per-

786 2350 887 2378 petua,
909 2343 935 2372 &
953 2354 1011 2374 cur.
1260 2350 1325 2378 ibid.

750 2379 785 2407 de
799 2381 876 2409 Dolo
892 2382 965 2411 aritio
978 2391 1036 2412 non
1060 2383 1140 2414 datur
1152 2405 1162 2420 ‚
1184 2387 1234 2416 nisi
1249 2388 1330 2416 aliter

787 2426 830 2445 res
844 2420 887 2452 ei,
917 2419 951 2447 ad
967 2429 1051 2456 quem
1066 2425 1223 2461 pertineat,
1257 2425 1330 2454 salva

787 2456 842 2483 effe
859 2465 916 2485 non
931 2457 1022 2493 poss‘it.
1274 2470 1327 2498 315

748 2489 840 2521 Dolus
850 2495 944 2538 ⁸rnalus
961 2497 988 2524 ln
1005 2498 1150 2527 contraau
1165 2499 1248 2528 bonae
1261 2500 1326 2530 fidei

782 2531 912 2560 admissus
929 2543 942 2562 a
956 2536 1040 2564 tertio
1055 2557 1062 2569 ‚
1073 2536 1230 2565 vindicatur
1244 2538 1326 2575 actio-

781 2576 818 2596 ne
833 2569 868 2598 de
891 2570 960 2599 dolo
973 2593 981 2605 ‚
1002 2581 1061 2601 non
1084 2574 1192 2603 afflone
1212 2576 1239 2604 b.
1256 2576 1275 2604 f.
1296 2576 1324 2605 in

781 2608 926 2650 contrastu
942 2608 970 2638 b.
986 2609 1004 2638 f.
1019 2610 1148 2640 admissus
1163 2621 1219 2640 non
1240 2613 1325 2650 impe-

783 2644 824 2674 dit
839 2646 1032 2682 traditionem,
1061 2649 1326 2687 transsationemque

784 2681 901 2711 dominii
921 2692 971 2720 per
985 2694 1056 2715 eam.
1273 2691 1326 2725 317

746 2716 816 2748 Doli
841 2721 907 2749 mali
938 2726 1071 2759 exceptio
1094 2725 1209 2760 quando
1237 2735 1327 2764 oppo-

787 2759 889 2787 nenda.
912 2761 968 2789 vid.
991 2762 1139 2799 Exceptio.

747 2795 841 2824 Dolus
863 2797 950 2826 malus
976 2799 1002 2827 in
1028 2802 1216 2831 contraetibus
1244 2802 1325 2831 stricti

781 2834 849 2868 juris
873 2842 938 2864 ante
964 2835 1089 2866 Edictum
1118 2839 1192 2869 Galli
1217 2841 1325 2877 Aquilii

782 2880 837 2915 nec
854 2873 955 2910 Civili,
969 2882 1021 2903 nec
1036 2876 1171 2906 Praetorio
1183 2878 1248 2915 Jure
1263 2879 1323 2907 vin-

784 2909 942 2953 dicabatur,
966 2912 1014 2940 nifi
1034 2913 1174 2949 stipulatio
1195 2916 1230 2944 de
1253 2916 1323 2945 dolo

785 2949 959 2993 interposita,
981 2950 1027 2978 vel
1050 2953 1143 2981 minor
1157 2954 1322 2983 circumscri-

784 2991 847 3028 ptus
872 2986 970 3016 futss'et.
995 2996 1058 3022 299.
1095 2991 1121 3018 in
1143 2992 1239 3021 iisdem
1262 2991 1324 3027 post

783 3020 909 3067 E'dtctum
919 3026 1025 3062 Aquilii
1039 3026 1105 3064 Jure
1120 3028 1255 3058 Praetorio
1264 3030 1323 3057 vin-

785 3059 870 3089 dlcart
891 3065 975 3099 coepit
996 3064 1041 3092 vel
1066 3068 1235 3104 exceptione
1262 3067 1322 3096 doli

783 3098 847 3125 mali
870 3108 899 3127 re
921 3101 1028 3137 Integra
1043 3124 1050 3136 ,
1080 3104 1125 3133 vel
1155 3105 1266 3134 afflone
1286 3105 1323 3133 de

782 3133 869 3169 dolo,
891 3145 920 3164 re
936 3138 1044 3168 tradita.
1256 3143 1321 3172 ibid.

180 3175 350 3202 enumerata,
361 3176 423 3196 curn
432 3175 490 3195 non
504 3165 714 3196 fitenumerata.
742 3168 776 3197 ad
792 3170 958 3203 Dominium
974 3184 1024 3211 per
1038 3178 1217 3209 traditionem
1235 3187 1322 3209 trans-

140 3241 293 3273 Divifionis
328 3242 503 3272 beneficium.
543 3204 714 3272 fidulii-gg:

780 3207 946 3243 ferendum,
968 3221 1026 3241 non
1044 3215 1150 3249 semper
1173 3219 1324 3252 requiritur

781 3245 859 3275 causa
874 3253 955 3283 vera,
977 3249 1021 3280 sed
1050 3253 1151 3283 sufficit
1167 3255 1245 3284 causa
1261 3276 1268 3289 ,
1289 3263 1324 3283 ex

1388 236 1444 265 qua
1479 226 1634 256 dominium
1668 226 1808 257 transferri
1833 229 1903 257 solet
1917 252 1926 264 ,

1390 265 1494 295 etiamsi
1511 273 1542 292 ea
1559 270 1664 293 tantum
1683 263 1802 300 spe,*aut
1817 269 1929 302 opinio·

1389 312 1425 332 ne
1441 302 1607 331 tradentium
1622 301 1710 330 subfit.
1874 311 1927 338 31?

1352 342 1518 371 Dominiuin
1531 339 1696 369 ususfructus
1712 339 1812 368 dicitur
1827 339 1928 369 habere

1390 379 1564 408 fructuarius.
1872 385 1925 412 354

1351 418 1520 447 Dominiurn
1546 424 1603 444 non
1627 415 1789 444 continetur
1815 416 1929 444 nominc

1390 455 1577 484 Ususfruetus.
1874 460 1927 487 325

1352 493 1494 523 Dominus
1514 500 1565 527 pro
1586 492 1704 520 Marito.
1726 497 1789 525 331.
1818 491 1880 525 quis
1901 491 1929 520 in

1393 532 1455 568 lege
1470 530 1582 566 Aquilia
1598 530 1758 566 accipiatur.
1801 535 1863 561 132.
1873 527 1928 564 seq.

1352 569 1463 598 Domus
1483 567 1510 596 ἃ
1533 567 1648 596 AEdium
1676 566 1831 594 discrimen.
1871 566 1929 594 vid.

1392 607 1490 635 AEdes.

1353 644 1464 673 Domus
1480 640 1665 673 Ususfruetus.
1687 641 1744 670 vid.
1759 640 1867 670 Ususfr.
1881 640 1931 669 do-

1391 691 1461 711 muS.

1355 719 1470 748 Donare
1486 719 1599 754 quando
1612 718 1643 747 fit
1661 718 1788 755 perdere.
1877 724 1929 753 327

1354 757 1525 786 Donationis
1537 779 1544 791 ,
1559 757 1584 785 ἃ
1600 755 1818 794 pollicitationis
1837 754 1929 783 discri-

1391 803 1464 823 men.
1875 796 1930 823 208

1351 826 1480 861 Donatio
1496 833 1572 861 nudo
1582 833 1663 868 pacto
1677 832 1736 861 fieri
1750 830 1851 868 potest.
1872 831 1931 860 vid.

1391 869 1500 898 Paetum
1518 872 1632 898 nudum.

1353 908 1438 936 Dotis
1456 906 1538 934 dictio
1555 908 1592 935 est
1609 908 1765 935 conventio
1791 908 1863 945 Juris
1885 905 1929 934 Ci-

1391 945 1471 977 vilis;
1497 946 1588 980 deque
1609 945 1667 978 ejus
1692 945 1861 973 solemnibus
1875 965 1883 978 ‚
1904 944 1932 972 ἃ.

1391 983 1515 1019 personis
1525 1002 1534 1016 ‚
1549 991 1607 1018 quae
1623 982 1743 1011 dictione
1758 984 1854 1011 dotem
1868 991 1931 1018 pos-

1391 1020 1452 1049 sunt
1466 1021 1640 1056 promittere.
1879 1027 1931 1054 4³3

1354 1058 1440 1086 Dotis
1454 1057 1604 1094 stipulatio.
1614 1057 1670 1086 vid.
1681 1057 1790 1086 Paetum
1806 1058 1930 1087 tacitum.

1354 1096 1441 1125 Dotis
1462 1095 1605 1131 promiffio
1627 1101 1702 1124 metu
1721 1095 1852 1131 expressa.
1896 1096 1933 1125 V.

1396 1134 1504 1163 Metus.

1355 1172 1418 1200 Dos
1441 1172 1518 1200 nudo
1540 1171 1620 1207 patto
1641 1171 1778 1209 promissa.
1807 1170 1864 1200 vid.
1885 1170 1935 1199 Pa-

1394 1210 1466 1238 ctum
1483 1209 1598 1239 nudum.

1352 1247 1417 1276 Dos
1431 1246 1531 1275 marito
1547 1247 1675 1283 promissa
1683 1246 1828 1275 constante
1842 1246 1935 1275 matri·

1392 1285 1492 1314 monio
1506 1285 1540 1312 ab
1555 1293 1590 1312 eo
1606 1293 1662 1313 non
1678 1284 1768 1322 potest
1781 1284 1837 1321 peti
1850 1285 1934 1312 astim

1393 1332 1429 1351 ne
1444 1324 1524 1350 bonae
1540 1322 1614 1351 fidei.
1877 1325 1932 1351 206

1355 1360 1391 1390 de
1410 1361 1490 1388 Dote
1510 1359 1679 1388 restituenda
1698 1360 1820 1396 pastum,
1834 1366 1934 1388 contra

1392 1406 1475 1434 quarn
1490 1396 1525 1425 de
1546 1406 1578 1425 ea
1594 1400 1623 1425 re
1645 1398 1766 1435 Legibus
1787 1397 1930 1425 definitum

1391 1436 1448 1468 cst,
1470 1434 1569 1463 fastum
1590 1444 1648 1464 non
1667 1435 1803 1466 servatur;
1825 1436 1864 1462 uti
1881 1442 1933 1462 nec

1393 1474 1500 1511 pactum
1515 1482 1552 1502 ne
1567 1473 1651 1503 dolus
1666 1474 1694 1502 in
1704 1473 1771 1502 dote
1781 1472 1932 1510 praestetur.-

1361 1546 1363 1549 .
1799 1518 1862 1546 444·
1874 1510 1930 1546 seq.

1355 1550 1441 1578 Dotis
1457 1551 1551 1579 usurae.
1573 1548 1629 1577 vid.
1650 1549 1755 1577 Usurae.

1355 1587 1465 1616 Dubito
1480 1596 1533 1619 an,
1554 1588 1640 1622 magis
1662 1585 1824 1618 adserendi,
1847 1593 1933 1622 quam

1394 1625 1541 1654 dubitandi
1564 1625 1621 1653 vim
1649 1625 1743 1653 habet.
1772 1631 1839 1658 123,
1872 1631 1935 1659 142.

1393 1663 1456 1697 add,
1477 1664 1594 1691 Vereor.

1356 1701 1486 1735 Ducare,
1506 1700 1663 1736 Ducarius,
1685 1699 1827 1734 Ducator,
1843 1698 1936 1727 Duca—

1395 1745 1449 1769 tus.
1882 1744 1933 1772 143

1630 1815 1666 1845 E.

1419 1891 1516 1921 dietum
1532 1891 1753 1928 peremptorium
1769 1891 1934 1928 plerumque

1437 1930 1498 1967 post
1514 1930 1571 1957 duo
1581 1951 1588 1962 .
1610 1929 1760 1965 aliquando
1774 1931 1855 1958 etiarn
1869 1929 1931 1965 post

1393 1969 1447 1998 tria
1465 1967 1562 1997 Edicta
1577 1969 1748 2003 impetratur.
1875 1974 1928 2000 255

1355 2006 1443 2036 Edisti
1459 2006 1588 2042 perpetui
1603 2005 1674 2033 ordo
1695 2006 1767 2033 circa
1788 2005 1929 2032 materiam

1393 2045 1428 2073 dc
1443 2044 1546 2077 Paetis,
1568 2043 1603 2072 de
1625 2043 1763 2077 Edendo‚
1785 2043 1820 2070 de
1839 2042 1865 2069 in
1879 2042 1927 2078 Jus

1391 2080 1530 2110 vocando.
1799 2087 1853 2114 399
1862 2100 1868 2111 ,
1877 2081 1927 2114 411'

1353 2120 1482 2150 Edictum
1496 2124 1576 2147 vetus
1591 2117 1729 2146 interdum
1739 2127 1753 2146 a
1767 2118 1877 2156 Juliano
1891 2117 1932 2144 in-

1392 2157 1560 2193 terpolatum
1577 2156 1602 2183 in
1612 2156 1709 2185 Edicto
1718 2162 1866 2192 perpetuo.
1877 2163 1929 2188 441

1354 2196 1481 2225 Edictum
1498 2195 1626 2223 Praetoris
1648 2196 1707 2223 Lex
1726 2194 1835 2222 dicitur.
1875 2196 1929 2227 428

1354 2234 1452 2263 Editio
1473 2232 1588 2261 aetionis
1615 2241 1667 2269 pro
1690 2233 1805 2261 arbitrio
1828 2232 1928 2259 actoris

1390 2271 1449 2300 fieri
1476 2276 1587 2308 poterat
1610 2276 1675 2298 ante
1699 2270 1878 2299 vocationem
1901 2270 1929 2296 in

1390 2309 1447 2347 Jus.
1462 2317 1525 2343 400.
1549 2308 1610 2345 post
1625 2308 1734 2336 Editam
1750 2308 1885 2336 afflonem
1904 2307 1930 2334 in

1393 2348 1438 2382 jus
1470 2352 1586 2375 vocatus
1612 2346 1701 2375 statim
1724 2346 1752 2375 in
1772 2346 1837 2383 Jure
1858 2344 1929 2379 apud

1395 2386 1544 2414 Praetorem
1561 2384 1646 2413 actori
1663 2384 1846 2420 respondere,
1862 2380 1888 2409 &
1900 2382 1930 2410 li-

1394 2429 1451 2452 tem
1465 2422 1612 2451 contestari
1629 2423 1795 2457 cogebatur,
1811 2428 1867 2448 non
1883 2428 1930 2447 an-

1393 2467 1421 2489 te
1437 2460 1539 2488 editam
1555 2461 1692 2488 astionem
1716 2466 1844 2487 vocatus.
1864 2459 1930 2486 ibid.

1355 2498 1453 2528 Editio
1468 2498 1582 2526 astionis
1603 2503 1668 2525 ante
1695 2497 1770 2524 litem
1794 2496 1929 2524 contesta-

1391 2542 1447 2564 tam
1461 2535 1560 2564 mutari
1575 2541 1700 2569 poterat,
1716 2544 1772 2562 non
1783 2534 1843 2570 post
1854 2542 1911 2561 earn
1923 2555 1932 2567 ‚

1391 2574 1440 2602 nifi
1460 2575 1604 2610 impetrata
1620 2572 1796 2601 restitutione
1819 2573 1845 2599 in
1862 2572 1931 2599 intc-

1391 2620 1485 2649 grum,
1506 2610 1532 2640 ἃ
1546 2610 1623 2639 causa
1637 2619 1651 2638 a
1668 2612 1789 2640 Praetore
1808 2610 1931 2643 cognita,

1820 2656 1864 2682 93.
1875 2648 1929 2682 seo.

1356 2686 1509 2716 Effundere
1524 2687 1647 2715 oculum.
1881 2694 1930 2718 123

1355 2725 1550 2762 Emancipatio
1566 2724 1858 2760 specialiconceffione
1868 2724 1930 2751 Ma-

1390 2763 1547 2800 gistratibus
1567 2764 1714 2803 competit,
1737 2772 1789 2792 nec
1807 2761 1928 2790 mandari

1391 2800 1492 2838 potest.
1876 2804 1927 2828 106

1352 2839 1551 2876 Emancipatus
1568 2838 1640 2867 fillus
1656 2839 1682 2866 in
1703 2838 1867 2874 potestatem
1883 2846 1928 2873 pa-

1392 2877 1460 2913 tris,
1480 2876 1585 2906 reverti
1600 2875 1692 2914 potest
1707 2885 1758 2914 per
1777 2875 1928 2911 arrogatio-

1387 2923 1462 2944 nem.
1873 2914 1926 2945 287

1352 2953 1493 2982 Emtionis
1508 2951 1730 2986 venditionis‚&
1745 2950 1925 2988 permutatio-

1389 2992 1431 3019 nis
1450 2990 1621 3020 differentia.
1813 2990 1856 3021 63.
1869 2985 1922 3019 seq.

1359 3033 1390 3055 Εν
1404 3024 1457 3065 ,ἎΙθῖ
1470 3026 1522 3056 δ’ύο.
1871 3025 1923 3050 ⁶0⁴:

1350 3067 1449 3100 Enim,
1471 3067 1602 3102 Etcum,
1622 3066 1712 3095 Etiam
1731 3064 1800 3099 saepe
1814 3069 1923 3095 permu-

1387 3111 1489 3134 tantur.
1793 3106 1860 3133 302,
1870 3106 1923 3133 377

1349 3143 1373 3171 Ε
1387 3151 1418 3170 re
1433 3142 1601 3170 constituere
1618 3138 1692 3174 quid.
1807 3140 1858 3169 69,
1868 3139 1924 3169 416

1352 3179 1504 3215 Ergasteria
1518 3187 1570 3214 pro
1586 3176 1718 3207 officinis.
1739 3174 1784 3203 vel
1801 3174 1921 3212 tabernis

1389 3223 1575 3244 mercatorum
1586 3236 1593 3246 ‚
1604 3213 1852 3248 negotiatorumve.
1870 3218 1920 3244 195

1353 3254 1469 3282 ΕΠΟΓΘΞ
1484 3260 1645 3289 magnorum
1658 3251 1781 3279 VlX‘Ol'Um
1792 3271 1798 3283 ,
1816 3256 1919 3290 ulem?-

1874 3293 1920 3312 11ae
