2036 3495
153 135 221 175 μὸ
571 126 605 160 G
635 135 656 159 n
688 132 711 156 ιι
747 132 767 157 Δ
797 131 820 157 a
853 130 876 155 n
910 129 924 154 r

162 218 263 252 versus
278 217 436 266 lierede53
460 213 556 247 sedin
572 212 637 244 hoc
654 217 794 249 tantum,
817 207 906 250 quod
921 208 961 242 ad
975 217 1032 243 eos

160 268 317 303 pervenit.

203 301 346 334 Vidimus
370 299 454 342 prius
480 294 584 329 Edit'ti
614 300 721 334 caput.
760 291 849 335 quod
874 290 1033 337 alterurn?

159 353 224 376 uon
247 341 368 373 exstant
392 336 498 370 verba.
522 335 642 368 sensum
659 335 756 368 talem
778 333 859 365 fecit
883 333 1035 371 Ulpianus

160 384 180 415 Z.
202 393 246 415 11.
269 382 297 423 §.
324 391 349 412 1.
377 378 419 411 D.
437 378 463 408 b.
482 383 504 408 t.
529 376 593 423 „Qui
608 386 703 408 rerum
721 382 883 407 amotarum
907 370 1034 411 instituit

161 424 301 458 aetianam
314 444 322 458 ‚
339 419 371 462 fi
383 419 453 450 velit
470 428 564 460 magis
576 418 786 460 jusjurandum
810 415 936 459 deferre,
957 414 1033 454 cogi-

162 473 213 497 tur
228 462 414 499 adversarius
436 460 555 500 jurare,
578 459 652 490 nibil
666 459 788 489 divortii
801 458 889 494 causa
905 461 1031 486 anzotnm

161 505 231 545 qffie,
253 505 321 534 dum
335 503 419 543 prius
443 502 476 532 de
493 501 640 532 calumnia
649 500 730 540 juret
754 500 805 540 qui
823 496 1033 540 jus'urandum

161 546 263 585 desert.
288 544 340 574 Sic
357 540 522 584 Ulpianus.
547 550 578 573 at
595 540 735 574 Paulus?
758 541 820 578 ait,
843 539 879 569 at
895 538 942 569 ori
958 536 1034 569 fuis-

161 585 191 618 se
208 584 387 626 permissum
401 608 409 623 ‚
432 584 472 615 de
487 583 674 624 quibusdam
697 582 791 613 rebus
814 579 970 620 probare,
994 581 1035 610 de

185 627 350 659 uibusdam
373 625 589 666 jusjurandum
612 622 739 655 deferre
769 622 788 653 l.
815 629 862 659 14.
890 620 931 651 D.
957 620 984 651 b.
1011 625 1034 651 t.

160 637 232 709 {go
249 678 288 700 ne
307 666 384 700 illud
402 666 531 706 quidem
547 664 664 696 omitto
678 686 688 703 ‚
709 663 797 705 quod
814 663 963 703 Ulpianus
978 660 1036 691 d.l.

165 709 259 751 11.§.
278 719 308 743 2.
350 708 478 749 jurare,
502 707 626 747 inquit,
649 714 713 738 tam
739 704 807 743 vir,
830 712 924 745 quam
955 711 1037 734 uxor

814 793 1167 830 Trrutus

983 118 1250 155 Noonr

1316 117 1533 154 Coun.

1075 213 1221 248 cogetur.
1244 215 1332 252 pater
1347 214 1453 239 antem
1470 208 1649 240 amoventis
1663 209 1766 249 J'urare
1786 218 1851 242 non
1866 212 1946 252 cogis

1076 256 1143 281 tur:
1165 257 1239 280 cum
1255 258 1394 290 iniquum
1415 247 1470 288 fit,
1493 249 1533 279 de
1547 248 1651 281 alieno
1676 250 1763 283 faCto
1786 250 1880 284 alium
1901 254 1948 291 ju·

1076 299 1157 322 rare.
1197 289 1381 334 Secundum
1401 290 1469 321 hacc
1483 289 1585 330 jurare
1603 292 1730 332 cogitur
1750 291 1775 324 is
1789 292 1842 333 qui
1857 302 1948 325 amo-

1078 329 1154 362 vlffe
1174 331 1307 370 dicitur3
1331 331 1383 363 sed
1400 331 1490 363 heres
1503 331 1568 371 ejus
1584 331 1637 371 qui
1654 341 1766 373 quaeve
1792 333 1946 366 amovill'e

1077 373 1329 412 dicetur-‚Jurare
1347 382 1412 404 non
1429 373 1565 413 cogitur.
1589 374 1666 412 qnid
1681 373 1703 406 fi
1719 376 1789 415 quis
1806 375 1949 407 velitde·

1076 414 1173 446 latum
1191 412 1245 445 fibi
1262 413 1478 459 jusjurandum
1495 413 1637 458 referre?
1651 416 1800 455 Ulpianus
1817 417 1847 448 d.
1864 416 1882 447 l.
1899 425 1948 450 ιι.

1074 455 1101 498 §.
1123 455 1178 485 uli.
1211 464 1276 486 non
1302 457 1447 500 videtur,
1471 464 1591 494 inquit,
1622 455 1743 489 Praetor
1766 457 1947 497 permifiss'e.
1974 474 1975 477 κ

1076 499 1106 528 δι
1124 495 1192 540 ιιι-Ι.
1210 505 1256 528 12.
1281 494 1442 536 subj1citur
1458 505 1498 527 ex
1513 495 1627 534 Pau1o,
1646 507 1711 530 non
1728 501 1948 540 magis,quam

1075 537 1097 582 li
1114 546 1182 578 qu1s
1200 537 1228 568 ei
1245 537 1299 578 qui
1316 536 1391 568 furti
1411 546 1501 578 agat,
1521 538 1738 579 jusjurandum
1755 540 1947 578 deferat,au

1076 579 1140 621 lpse
1155 578 1207 609 fur
1222 578 1268 611 fit.
1311 577 1435 618 Deferat
1451 585 1576 617 autem,
1599 580 1641 612 ait
1665 580 1778 612 Paulus
1794 590 1852 621 pro
1876 582 1948 621 refe·

1077 626 1147 652 rat.-
1166 620 1334 666 quomodo
1355 628 1386 650 iu
1410 619 1428 651 1.
1449 629 1498 658 24.
1523 618 1567 651 D.
1583 620 1818 664 dejurejuranao
1834 621 1949 655 Paulus

1078 661 1235 701 deferentes
1252 662 1331 693 dlclt
1345 669 1405 701 pro
1421 660 1586 700 referentes.

1225 790 1296 825 III.

331 889 382 925 De
407 885 605 934 agnoscendis
631 882 673 925 &¹
701 884 819 919 alendis
847 884 972 926 liberis,
1000 882 1051 916 vel
1069 882 1267 927 parentibus,
1294 881 1348 916 vel
1368 885 1531 928 patronis,
1566 883 1618 918 vel
1640 884 1772 920 lihertt‘s.

192 989 218 1062 q
249 984 270 1017 d
291 984 424 1025 primam
444 977 549 1015 Tituli
567 987 706 1022 partem,
731 978 779 1011 De
794 978 980 1024 agnoscendis
1001 977 1039 1013 &²

270 1026 379 1058 alendis
395 1025 510 1063 liberis,
532 1023 564 1054 in
580 1022 600 1053 l.
617 1033 648 1060 4.
672 1021 790 1062 spectat
806 1020 948 1052 notabile
959 1019 1038 1051 Pau-

159 1069 181 1103 li
198 1069 426 1110 Fragmentum
443 1075 484 1099 ex
498 1065 547 1096 lib.
567 1073 596 1096 2.
613 1063 833 1095 Sententiarum
849 1084 859 1099 ,
884 1070 941 1102 per
958 1060 1039 1092 mul·

161 1120 192 1143 ta
210 1109 312 1142 secula
334 1108 373 1139 ab
391 1105 624 1149 Interpretibus
643 1103 757 1136 Dostis
780 1102 811 1135 ἀ
835 1101 935 1147 Claris
958 1101 1040 1146 male

161 1151 358 1184 intellectum
369 1173 379 1189 ‚
395 1159 412 1181 a
427 1158 479 1181 me
500 1156 575 1179 cum
592 1147 672 1178 locis
689 1145 757 1178 aliis
773 1142 912 1176 Obscuris
926 1152 963 1174 ac
978 1141 1038 1174 d1f-

161 1193 300 1226 ficilibus
323 1200 399 1222 ante
422 1199 523 1222 annos
545 1195 611 1220 tres
642 1187 673 1220 &
696 1185 810 1228 viginti
834 1194 923 1217 novo
945 1184 1039 1229 plane

163 1235 265 1267 modo
288 1232 476 1265 illustratum
500 1230 583 1263 libro
609 1228 754 1270 fingulari
776 1235 872 1267 quem
903 1225 1040 1266 inscnpfi

163 1276 284 1318 Julium
305 1273 450 1312 Paulum,
465 1270 530 1310 five
545 1272 580 1302 de
597 1276 705 1310 partus
727 1267 897 1309 expofitione
918 1266 955 1302 ὅ)
974 1276 1040 1298 nece

162 1319 242 1358 apud
260 1315 396 1348 Veteres:
418 1315 448 1346 δι
465 1312 641 1349 veriffime‚
664 1318 698 1342 ut
720 1310 877 1342 creditum
907 1317 925 1340 a
953 1308 1038 1341 Viris

163 1357 311 1392 Ex‘imiis.
352 1355 416 1387 Sed
444 1355 517 1396 quia
541 1352 740 1394 Ampliffimo
766 1350 936 1388 Senatori‚
959 1349 1040 1381 Cor-

163 1399 251 1434 nelio
277 1407 337 1429 van
362 1394 615 1437 Bynkershoek,
638 1392 782 1435 opusculo
807 1392 859 1423 De
877 1392 946 1433 jure
971 1391 1042 1421 occi-

164 1442 251 1474 dendi
267 1463 277 1479 ,
299 1438 464 1475 vendendi,
488 1435 525 1471 ὅ)
552 1434 713 1475 exponendi
728 1433 827 1464 liberos
843 1433 922 1473 apud
938 1432 1042 1464 Roma-

163 1493 216 1515 nos
231 1505 241 1521 ‚
264 1479 385 1522 pridem
402 1477 502 1509 visum
516 1475 608 1517 hujus
624 1473 719 1506 seculi
737 1481 823 1505 anno
837 1474 965 1505 decimo
986 1482 1042 1505 no-

165 1534 229 1562 no,
252 1529 355 1554 meam
373 1517 560 1550 sententiam
574 1524 693 1547 vocare
708 1514 741 1546 in
758 1513 910 1554 dubium;
933 1514 1042 1554 nolui,

166 1564 336 1598 occafione
353 1558 517 1601 praesentis
534 1556 680 1598 Operum
704 1564 849 1588 meorum
874 1556 1042 1595 editionis,

166 1616 186 1639 a
201 1615 253 1639 me
268 1601 435 1636 desiderari
453 1599 626 1641 quidquam
645 1607 710 1639 quo
723 1596 1041 1638 Jurisprudentiabo-

166 1657 208 1682 na
223 1646 286 1679 fide
301 1642 438 1683 adjuvari
454 1648 562 1682 queat.
603 1640 716 1672 Amica
737 1646 826 1671 certe
840 1637 1042 1680 responsione

168 1688 219 1736 <id
235 1686 301 1719 feci
316 1685 400 1717 libro
418 1682 559 1724 nornen)
581 1681 681 1720 serio,
704 1685 741 1712 ut
755 1689 776 1711 o
800 1685 905 1719 ortet,
928 1687 1043 1712 contu-

166 1731 190 1765 11
207 1727 372 1768 utriusque
395 1729 599 1767 argumenta:
621 1722 736 1754 relicto
757 1721 826 1753 aiis
847 1720 987 1762 judicio,
1008 1728 1043 1752 u-

166 1771 248 1804 trius
265 1767 421 1801 sententia
443 1766 515 1808 plus
540 1765 685 1797 minusve
705 1762 747 1796 ad
770 1762 935 1803 probabile
952 1771 1044 1794 acce-

167 1812 234 1847 dat.
256 1811 287 1843 &
312 1814 464 1850 poterant
482 1806 558 1840 huic
579 1803 636 1838 fini
654 1803 798 1837 sufficere
813 1803 978 1836 hincinde
999 1802 1045 1835 di-

169 1854 229 1887 cia.
251 1851 306 1884 sed
323 1850 492 1892 postquam
507 1846 628 1890 placuit
643 1844 726 1878 Viro
750 1844 945 1884 Clariffimo,
967 1844 1045 1877 mihi

170 1897 280 1928 denuo
295 1900 466 1924 occurrere
481 1897 572 1922 novo
587 1887 668 1920 libro
684 1894 782 1928 quem
797 1888 947 1920 Secundae
961 1895 1046 1917 curas

159 1935 330 1978 ·appellat;
353 1931 450 1965 habui
465 1929 612 1970 necess'e,
627 1937 701 1961 eum
715 1929 836 1970 legere.
858 1928 922 1969 legi
938 1935 1047 1960 autern

172 1978 299 2010 obiterz
321 1983 386 2007 non
405 1972 609 2014 comperiens
631 1978 740 2012 operoe
756 1969 914 2010 pretium,
937 1969 967 2000 ei
993 1969 1048 2001 diu

169 2019 343 2052 inhaerere:
365 2012 621 2054 minus,aliquid
639 2019 798 2052 reponere
814 2009 973 2043 adserenti
991 2008 1047 2041 sal-

172 2069 238 2093 tem
255 2056 421 2091 confusam
435 2054 550 2096 prioris
567 2052 718 2095 opusculi
739 2051 985 2092 repetitionem:
1007 2051 1048 2083 de

171 2109 291 2136 caetero
308 2098 388 2131 nihil
412 2096 517 2136 novi,
539 2103 656 2137 praeter
677 2093 898 2126 cavillationes
913 2115 924 2131 ,
948 2092 1047 2124 male-

173 2143 278 2179 dicta,
301 2138 514 2179 conviciaque
528 2137 569 2168 ad
583 2145 652 2168 rem
674 2134 805 2167 minime
822 2133 984 2166 facientia.
1007 2143 1047 2166 an

173 2183 255 2215 Viro
275 2181 384 2214 Docto
411 2186 508 2220 atque
525 2176 698 2210 Honorato
713 2175 961 2214 convenientia,
983 2174 1047 2216 ipst:

175 2225 300 2256 viderit.
319 2231 379 2264 ego
395 2220 505 2262 sponte
522 2217 649 2250 scetanti
663 2226 743 2248 vana
758 2225 855 2257 atque
872 2216 974 2248 inania
985 2225 1049 2248 non

176 2265 303 2297 invideo
321 2264 479 2303 integram
500 2260 531 2292 se
555 2259 669 2292 talibus
692 2256 872 2290 oblectandi
898 2256 1050 2289 exsatian-

177 2307 272 2348 dique
288 2305 487 2338 libertatem:
508 2300 575 2343 ipse
596 2298 744 2334 adversus
760 2299 991 2331 contumeliam
1006 2297 1051 2331 se-

866 2393 1227 2430 Tra-utus.

1082 986 1193 1009 curus:
1215 986 1254 1008 ac
1278 977 1420 1017 malens,
1442 980 1550 1012 animo
1575 989 1648 1012 meo
1671 979 1858 1012 imitandum
1883 989 1955 1022 pro-

1083 1027 1206 1066 ponere
1238 1019 1300 1050 hoc
1323 1019 1513 1067 Pythagorae
1542 1020 1659 1054 dictum
1682 1022 1765 1062 apud
1793 1022 1951 1054 AElianum

1083 1060 1197 1106 Qum·
1221 1059 1296 1092 Var.
1319 1059 1417 1102 histor.
1441 1071 1467 1094 c.
1486 1071 1536 1103 59.
1579 1062 1772 1095 Hominibus
1795 1064 1861 1094 duo
1882 1062 1953 1094 haec

1084 1102 1234 1148 divinitus
1263 1102 1334 1134 data
1357 1101 1419 1134 ess‘e
1435 1104 1668 1145 pulcherrima,
1690 1104 1865 1137 veritatem
1886 1113 1952 1138 am-

1080 1142 1174 1183 plecti
1190 1165 1200 1181 ‚
1224 1142 1254 1174 ὅ(
1270 1143 1339 1176 aliis
1355 1143 1439 1176 bene
1455 1144 1576 1178 facere.

1123 1183 1205 1231 Haec
1222 1184 1263 1215 de
1284 1183 1392 1226 priore
1408 1185 1556 1218 Rubricae
1571 1193 1672 1228 parte.
1693 1186 1782 1228 quod
1800 1186 1839 1218 ad
1861 1191 1956 1219 caete-

1081 1234 1130 1257 ras
1147 1232 1281 1272 attinet:
1305 1225 1466 1260 suffecerit
1482 1227 1637 1269 inspectio
1653 1228 1674 1260 l.
1689 1238 1720 1268 5.
1739 1238 1803 1260 cum
1815 1228 1957 1270 sequenti·

1081 1268 1299 1314 bus-omnium
1314 1267 1402 1300 sensu
1422 1267 1535 1310 sponte
1550 1268 1731 1302 manifesto.
1774 1268 1842 1302 Nifi
1864 1270 1904 1301 de
1922 1268 1956 1301 li-

1080 1308 1166 1354 beris
1182 1317 1222 1339 ex
1237 1307 1357 1341 lncesto
1366 1331 1377 1348 ,
1399 1309 1522 1342 nefario
1536 1333 1546 1349 ‚
1570 1310 1601 1343 ἀ
1616 1311 1766 1343 damnato
1781 1311 1956 1351 complexu

1082 1357 1162 1381 natis
1186 1348 1290 1381 adhuc
1312 1352 1453 1383 notanda
1479 1350 1548 1383 sunt
1576 1352 1608 1383 in
1633 1351 1762 1384 Novella
1781 1356 1830 1388 89.
1853 1361 1878 1382 c.
1899 1352 1954 1383 ult.

1084 1390 1247 1438 sequent-ia
1271 1390 1385 1422 verba:
1416 1392 1551 1424 Primum
1576 1392 1692 1434 quidem
1717 1393 1808 1424 omnis
1836 1392 1889 1433 qui
1917 1401 1955 1425 ex

1085 1431 1274 1473 complexibus
1295 1432 1379 1473 (non
1404 1435 1480 1465 enim
1503 1433 1554 1465 boc
1570 1442 1706 1465 vocamus
1727 1433 1871 1474 nuptias)
1900 1438 1955 1464 aut

1084 1473 1228 1514 nefariis,
1251 1479 1304 1504 aut
1320 1472 1434 1513 inceslis
1455 1479 1509 1505 aut
1533 1475 1680 1505 damnatis
1699 1472 1879 1514 procefferit,
1902 1471 1954 1514 ifle

1083 1523 1173 1556 neque
1182 1514 1327 1546 naturalis
1335 1516 1503 1546 nominatur
1510 1537 1520 1553 ‚
1538 1514 1761 1556 neque’alendus
1770 1514 1808 1554 est
1819 1524 1837 1545 a
1849 1521 1955 1555 paren-

1086 1556 1183 1594 tibus,
1207 1563 1300 1596 neque
1320 1553 1433 1586 babebit
1455 1556 1598 1597 quoddam
1622 1556 1660 1587 ad
1682 1556 1846 1595 praesentem
1867 1555 1892 1586 le
1912 1563 1957 1587 em

1077 1596 1282 1638 participium.
1324 1594 1433 1628 Verba
1450 1596 1520 1629 haec
1541 1595 1605 1628 ess'e
1621 1595 1729 1636 iniqua
1748 1595 1779 1627 ἀ
1799 1596 1897 1627 crude
1910 1595 1959 1636 ia,

1083 1638 1201 1670 nedum
1217 1636 1334 1678 impia,
1355 1638 1425 1677 quis
1440 1647 1507 1670 non
1523 1637 1640 1681 putat?
1663 1645 1735 1669 nam
1749 1635 1772 1670 s1
1787 1635 1833 1668 est
1848 1645 1962 1678 pecca-

1085 1686 1154 1712 tum
1168 1677 1314 1719 nefario,
1334 1678 1479 1719 incesto,
1500 1678 1531 1711 &
1554 1679 1707 1712 damnato
1724 1677 1833 1717 coitu,
1855 1685 1890 1710 ut
1905 1686 1961 1710 ne-

1085 1720 1151 1763 gari
1175 1720 1304 1761 nequit:
1339 1729 1405 1753 non
1426 1720 1690 1767 eit-liberorum,
1720 1718 1774 1752 sed
1791 1726 1960 1761 parentum

1086 1769 1268 1804 peccatum.
1297 1769 1445 1804 parentes
1475 1769 1572 1803 igitur
1595 1761 1766 1803 puniantur
1785 1760 1900 1793 noxii:
1928 1767 1962 1793 at

1086 1812 1128 1835 ne
1153 1803 1323 1844 puniantur
1345 1803 1457 1843 liberi,
1487 1801 1635 1835 infelices
1661 1801 1812 1843 quidem,
1840 1801 1895 1834 sed
1916 1802 1962 1834 in-

1087 1845 1206 1877 sontes.
1228 1845 1357 1877 interim
1398 1854 1468 1877 uam
1483 1852 1632 1886 putamus
1655 1842 1843 1885 Imperatori
1868 1842 1961 1878 fuisse

1087 1886 1245 1918 rationem
1266 1885 1358 1919 aliter
1373 1854 1554 1918 Hatuendi?
1577 1885 1662 1918 nulla
1678 1885 1889 1923 adfertur‚ne
1905 1893 1963 1917 co-

1088 1927 1140 1959 lor
1154 1928 1303 1973 quidem:
1326 1927 1382 1960 etsi
1397 1928 1536 1970 aliquem
1551 1926 1712 1966 habuisse,
1735 1926 1888 1958 credibile
1904 1924 1963 1958 est.

1090 1968 1243 2009 C0g1tent
1259 1968 1475 2009 Eruditiores3
1492 1978 1530 2001 an
1546 1967 1686 2000 voluerit
1703 1967 1881 2010 Imperator
1897 1976 1963 1999 uno

1090 2009 1156 2042 hoc
1179 2011 1211 2042 in
1243 2009 1314 2042 casu
1342 2010 1445 2042 rursus
1472 2011 1659 2050 permittere
1678 2009 1742 2051 jam
1773 2008 1962 2049 abrogatum

1089 2060 1212 2083 morem
1231 2052 1417 2092 exponendi
1434 2051 1572 2084 infantes
1598 2050 1873 2092 sanguinolentos:
1895 2049 1962 2082 hoc

1088 2101 1246 2133 praetextu
1263 2116 1273 2132 ‚
1295 2092 1378 2133 quasi
1401 2102 1420 2124 e
1443 2102 1477 2125 re
1500 2092 1624 2131 publica
1649 2090 1742 2134 esset,
1775 2091 1838 2122 hoc
1861 2091 1961 2122 modo

1089 2132 1232 2178 expungi
1257 2134 1443 2166 memoriam
1472 2132 1632 2165 foediffimi
1656 2132 1780 2165 sceleris
1801 2155 1811 2171 ,
1842 2132 1871 2163 δι
1896 2132 1963 2164 aliis

1088 2175 1277 2216 quotidiano
1300 2175 1431 2207 occursu
1455 2175 1561 2207 talium
1582 2175 1752 2206 liberorum
1770 2174 1809 2205 ad
1826 2181 1963 2214 peccan-

1091 2217 1167 2248 dum
1185 2214 1281 2248 facile
1297 2216 1398 2248 daturi
1416 2216 1612 2256 exemplum.
1653 2215 1738 2247 Mihi
1753 2215 1815 2246 hoc
1837 2213 1961 2246 incidit.

1092 2256 1215 2298 poss'um
1233 2266 1338 2289 errare
1351 2281 1361 2297 ‚
1385 2257 1415 2289 ἃ
1431 2260 1528 2298 cupio
1545 2257 1676 2291 discere.
1700 2264 1734 2287 tu
1749 2255 1770 2288 fi
1786 2256 1861 2296 quid
1875 2256 1962 2288 noris

1091 2299 1229 2332 tetrius:
1253 2299 1345 2332 doce.
1367 2298 1496 2331 habebo
1513 2300 1628 2341 gratias
1640 2321 1650 2338 ,
1673 2298 1703 2330 &
1718 2297 1881 2330 habebunt
1898 2296 1961 2329 alii.

1277 2392 1344 2430 1V.

670 2479 721 2515 De
748 2478 930 2526 inspiciendo
957 2486 1088 2523 ventre,
1114 2477 1359 2527 custodiendoque
1376 2484 1483 2523 parm.

181 2580 241 2658 In
267 2578 328 2610 hac
350 2578 486 2611 Rubrica
505 2587 576 2620 qum
599 2574 644 2607 est
662 2574 702 2607 de
725 2573 923 2615 inspiciendo
949 2572 1054 2607 custo-

242 2620 424 2660 diendoque
438 2627 569 2658 ventre,
592 2618 712 2657 duplex
727 2615 773 2647 est
796 2614 996 2647 observatio:
1022 2625 1054 2648 u-

181 2673 221 2695 na
237 2670 278 2693 ex
296 2660 460 2700 Rescripto
483 2660 641 2692 Divorum
660 2657 804 2689 Fratrum
827 2656 847 2687 l.
868 2665 894 2688 1.
912 2663 961 2696 pr.
985 2657 1014 2688 h.
1030 2662 1053 2689 t.

181 2705 337 2736 alteraex
358 2701 471 2733 Edicto
489 2700 646 2732 Praetoris.
668 2698 698 2740 §.
719 2707 763 2730 10.
781 2699 810 2730 d.
827 2697 848 2729 l.
872 2698 960 2739 prior
982 2706 1053 2737 per-

182 2744 280 2777 mittit
298 2743 429 2788 marito,
452 2741 474 2773 fi
491 2742 621 2781 mulier,
642 2739 730 2772 fatto
746 2737 1054 2778 divortio‚diffimu-

181 2788 227 2819 let
241 2785 294 2817 vel
311 2791 427 2826 neget,
449 2782 481 2814 se
499 2789 692 2822 praegnatem
716 2779 797 2820 effe,
821 2789 891 2811 eam
915 2789 1054 2812 evocare

184 2828 223 2860 ad
249 2826 442 2862 Praetorem,
472 2823 502 2855 &
525 2823 696 2863 postulare:
727 2830 763 2853 ut
784 2821 917 2863 eligatur
939 2822 1055 2854 domus

181 2867 404 2901 honestiffimae
426 2864 588 2902 foeminae,
609 2864 640 2894 in
665 2871 760 2904 quam
788 2864 903 2895 mulier
926 2863 1054 2903 veniat3

185 2911 214 2942 ἃ
230 2909 271 2941 ibi
290 2917 353 2940 tres
375 2906 561 2938 obstetrices
576 2904 720 2944 probatae
743 2904 772 2935 ἂ
797 2904 870 2936 artis
897 2904 926 2935 δι
952 2903 1027 2936 fidei
1043 2927 1054 2943 ,

185 2960 255 2983 eam
275 2949 460 2991 inspiciant:
484 2946 514 2978 &
530 2946 549 2978 fi
565 2944 692 2990 quidem
708 2953 821 2977 omnes
837 2946 888 2978 vel
911 2945 982 2976 duae
1009 2955 1055 2977 re·

183 2994 356 3029 nuncient,
371 2996 563 3030 praegnatem
577 2985 697 3023 v1der13
718 2986 747 3014 ei
764 2987 1004 3025 persuadeatur,
1021 2993 1057 3018 ut

183 3032 314 3073 perinde
331 3030 504 3063 custodiam
521 3028 686 3065 admittat,
708 3034 746 3055 ac
769 3026 789 3056 fi
812 3028 959 3066 ipsalhoc
980 3027 1056 3059 defi·

185 3074 328 3105 derass‘et.
370 3073 402 3104 Si
425 3080 531 3103 autem
553 3077 664 3101 omnes
687 3066 738 3098 vel
760 3068 884 3106 plures,
908 3079 969 3100 non
993 3068 1055 3100 effe

184 3114 345 3155 gravidam
378 3109 652 3148 renunciaverint;
680 3108 812 3151 placet,
843 3110 960 3140 nullam
991 3109 1054 3141 esse

185 3153 383 3188 custodiendi
406 3153 539 3187 causam.
581 3151 663 3186 Haec
684 3149 732 3184 est
756 3148 912 3190 Rescripti
934 3150 1052 3184 summa

1096 2574 1117 2606 1.
1139 2583 1165 2606 1.
1207 2573 1283 2615 EJus
1307 2572 1522 2615 interpretatio
1546 2569 1614 2602 satis
1646 2570 1779 2612 diligens
1802 2568 1963 2610 subjicitur

1097 2625 1138 2647 ex
1153 2614 1294 2655 Ulpiano
1310 2613 1336 2655 §.
1358 2624 1382 2646 1.
1401 2613 1644 2653 &sequemibun

1136 2656 1244 2687 Altera
1267 2654 1370 2687 Tituli
1394 2654 1572 2686 sollicitudo
1596 2653 1641 2684 est
1657 2675 1667 2690 ‚
1697 2651 1966 2693 quemadmodum

1096 2705 1211 2728 venter
1227 2695 1336 2737 inspici
1358 2696 1388 2727 ἃ
1405 2695 1555 2727 custodiri
1574 2694 1690 2726 debeat
1703 2694 1742 2733 3s1
1761 2693 1966 2730 mulier‚ma·

1095 2738 1160 2770 rito
1183 2745 1330 2776 mortuo,
1359 2737 1388 2768 se
1412 2744 1607 2778 praegnatem
1638 2734 1700 2766 esse
1724 2734 1966 2766 denunciaverit

1096 2779 1144 2811 his
1162 2787 1299 2820 quorum
1316 2778 1445 2810 interest
1461 2785 1595 2819 propter
1610 2775 1846 2808 succeffionem.
1861 2773 1966 2815 publi-

1096 2829 1135 2852 ce
1154 2820 1272 2861 quippe
1291 2819 1367 2851 utile
1383 2819 1447 2857 est,
1471 2827 1579 2859 partus
1601 2827 1666 2849 non
1684 2817 1810 2858 subjici,
1832 2824 1867 2847 ut
1883 2814 1968 2847 ordi-

1097 2871 1172 2894 num
1189 2862 1322 2903 dignitas
1337 2860 1591 2900 familiarumque
1607 2859 1688 2891 salva
1702 2858 1738 2890 iit
1754 2860 1783 2889 d.
1800 2858 1819 2889 l.
1835 2866 1861 2889 r.
1877 2856 1968 2898 §.13-

1098 2903 1276 2935 Arbitratus
1293 2902 1387 2944 igitur
1408 2901 1528 2933 Praetor
1547 2901 1586 2932 ad
1604 2900 1687 2931 suam
1704 2908 1811 2932 curam
1830 2898 1969 2938 pertine-

1097 2955 1132 2977 re
1147 2968 1156 2983 ,
1180 2944 1275 2976 etiam
1291 2943 1364 2975 huic
1379 2944 1422 2974 rei
1445 2943 1646 2984 prospicere,
1669 2939 1785 2972 EdiCto
1802 2938 1968 2981 proposuit

1098 2986 1231 3019 formam
1256 2994 1317 3024 qua
1338 2992 1483 3016 ventrem
1508 2982 1617 3024 inspici
1641 2982 1671 3014 ἀ
1696 2981 1845 3012 custodiri
1869 2988 1968 3021 opor-

1098 3035 1179 3058 teat:
1206 3025 1310 3058 addita
1330 3035 1424 3067 poena
1439 3049 1449 3065 ‚
1472 3024 1562 3057 causa
1583 3022 1730 3064 cognita,
1759 3021 1781 3054 fi
1803 3031 1839 3059 ea
1863 3020 1968 3052 forma

1096 3069 1259 3100 observata
1278 3077 1340 3099 non
1357 3068 1401 3099 fit.
1444 3066 1592 3099 Edictum
1614 3073 1702 3096 extat
1723 3065 1753 3094 in
1771 3064 1801 3102 §.
1822 3072 1868 3096 10.
1892 3062 1921 3093 d.
1945 3061 1967 3093 l.

1095 3109 1319 3152 interpretatio
1339 3118 1417 3142 vero
1436 3107 1463 3152 §.
1485 3117 1518 3143 ιι
1548 3106 1789 3151 &sequentibua

1889 3244 1968 3278 Τι-
