2036 3495
150 115 218 150 124
590 101 623 136 G
653 111 673 134 i:
707 110 730 133 it
761 109 783 132 A
815 110 837 133 it
868 107 892 131 D
922 107 934 132 1

152 202 202 225 am
228 194 335 225 dicere
353 192 447 232 patris
465 188 694 221 hereditatem:
719 195 806 226 quae,
832 193 959 216 remoto
978 192 1025 215 te-

152 234 328 270 stamentO,
343 234 408 271 ejus
424 230 532 262 mansit
545 230 613 268 jure
631 227 727 258 civili.
756 227 786 258 ln
806 226 873 257 filio
891 227 1028 258 emanci-

155 285 233 315 pato
250 284 312 305 non
332 273 376 304 est
401 274 484 303 idem
509 271 577 311 jure
595 270 700 300 civili:
726 269 797 308 quia
819 268 873 299 ille
890 268 969 307 patri
987 277 1028 298 eo

152 318 221 356 Jure
244 315 288 345 est
305 323 493 350 extraneus;
517 313 559 342 ita
582 319 642 341 nec
665 312 740 341 vivo
759 317 849 349 patre
866 309 910 340 est
925 310 1028 340 domi-

155 366 213 387 nus
230 364 332 386 rerum
358 362 555 394 paternarum
567 375 575 390 ,
599 361 658 383 nec
682 360 812 382 mortuo
828 358 959 391 apparet
975 352 1031 381 do-

154 398 276 428 minus:
301 396 375 435 quin
399 404 459 426 nec
476 396 619 425 aditione
637 393 672 424 fit
690 392 776 424 talis:
799 401 863 423 non
881 393 985 424 delata
1002 392 1031 423 ei

153 438 192 468 ab
210 437 358 468 intestato
377 437 562 468 hereditate.
581 444 645 475 quo
662 436 757 476 igitur
773 442 962 474 argumento
979 442 1032 474 pu-

155 487 258 510 temus
274 478 433 516 querelam
451 475 615 509 inofficiosi
630 477 698 516 jure
710 475 795 506 civili
813 474 874 506 else
884 476 963 515 ejus,
981 475 1030 505 cui

154 520 238 550 nulla
255 520 299 550 est
315 519 396 550 facta
411 520 536 559 iniuria:
555 519 626 558 quia
639 520 733 557 patris
749 517 960 548 hereditatem
977 525 1030 546 ne-

154 570 217 598 que
235 560 301 601 ipso
320 562 388 601 jure
408 560 489 592 suam
505 561 629 597 dicere,
646 568 752 598 neque
771 558 932 596 aditione,
948 557 1030 588 suam

152 602 280 640 faeere,
292 602 423 642 potest?
443 602 503 633 Sed
519 601 656 641 placuit,
675 600 725 630 vel
743 600 784 631 illi
801 608 856 637 per
867 598 1030 638 querelam

153 643 310 676 succurri:
337 646 506 684 impetrato
523 654 537 673 a
556 642 695 673 praetore
714 641 858 672 remedio
877 639 1035 680 poss'effio-

154 686 200 716 nis
220 686 378 716 bonorum
398 685 490 716 Unde
515 684 603 715 liberi
621 683 683 714 line
700 692 732 713 re
750 682 768 712 l.
788 692 815 713 2.
836 681 867 712 C.
884 681 911 712 h.
925 687 945 712 t.
971 690 1034 712 tan-

155 734 222 758 tum
242 728 303 758 litis
322 727 505 757 ordinandae
523 725 623 766 gratia
638 724 657 754 l.
674 733 701 764 7.
722 723 762 754 D.
780 724 837 754 eod.
859 724 904 754 tit.
929 730 963 753 ut
981 722 1034 754 sub

153 777 313 808 praetextu
330 767 458 799 resciss'ae
478 777 533 807 per
551 767 632 797 hanc
652 764 936 804 emancipationis,
955 764 1034 795 inte-

154 820 208 840 rea
225 811 263 840 ad
281 811 442 849 querelam
457 809 590 839 haberet
608 808 746 838 aditum:
764 806 896 847 perinde
913 815 949 837 ac
966 805 987 837 si
1005 806 1035 837 in

154 853 251 891 patris
270 850 427 890 potestate
445 849 619 887 manssss'et3
644 849 672 879 ὅ(
695 857 767 879 cum
786 855 860 878 ante
880 857 943 878 non
963 856 1035 886 pos-

154 893 201 924 set
224 893 332 932 queri,
357 893 387 924 id
412 891 478 930 est,
503 891 599 932 patris
624 890 834 921 hereditatem
858 890 927 929 jure
949 888 1036 919 civili

153 934 317 965 vindicare
329 943 367 964 ex
379 933 467 964 causa
485 934 524 964 de
542 930 738 963 inofficioso:
761 940 845 961 nunc
857 940 925 961 eam
936 954 943 964 .
956 938 1034 961 tam-

155 985 249 1015 quam
276 977 435 1006 honorum
458 973 629 1014 possessor,
653 972 745 1012 poffit
766 981 805 1003 ex
825 970 912 1002 causa
934 972 974 1002 de
990 973 1035 1002 in-

155 1014 302 1048 officioso
328 1016 411 1047 suam
429 1017 536 1048 dicere
558 1015 626 1055 jure
650 1014 823 1045 Praetoiio:
848 1013 895 1050 ἀ,
916 1013 937 1044 fi
954 1013 1034 1043 obti-

155 1067 247 1098 neat;
265 1067 338 1089 cum
355 1068 387 1089 re
406 1058 544 1089 retinere
555 1055 783 1096 ›poiseffionem
801 1064 893 1094 quani
912 1062 985 1084 ante
1002 1053 1034 1083 fi-

155 1111 196 1132 ne
217 1111 249 1132 re
269 1099 421 1130 habuerat
436 1099 455 1130 l.
473 1104 500 1133 8.
516 1098 544 1140 ᾗ.
558 1106 622 1138 pen.
637 1098 664 1128 h.
685 1104 705 1128 t.
748 1096 800 1127 Sic
817 1096 924 1126 Graeci
940 1097 968 1126 d.
987 1095 1033 1126 lib.

155 1152 205 1183 39.
226 1140 340 1179 Bifitic.
366 1143 412 1173 tit.
434 1150 460 1172 1.
477 1141 570 1172 Schol.
597 1146 661 1169 tom.
679 1149 708 1178 5.
723 1145 791 1178 pag.
809 1141 878 1168 261.
924 1137 984 1168 Sed
1003 1137 1033 1168 li·

157 1192 253 1224 quet,
267 1193 322 1223 per
339 1182 500 1222 querelam
517 1191 580 1212 non
598 1181 762 1220 praeparari
779 1179 965 1209 hereditatis
982 1187 1033 1218 pe·

156 1227 325 1262 titionem3
349 1223 400 1254 sed
425 1223 519 1263 ipsam
545 1223 609 1261 peti
628 1221 848 1252 hereditatem.
879 1229 916 1250 ac
935 1229 974 1250 ne
992 1219 1035 1249 vi-

156 1269 268 1297 deatur
292 1265 333 1297 fic
359 1265 479 1296 homini
500 1263 573 1295 sano
599 1262 777 1293 testamenti
796 1261 893 1292 factio
917 1259 1035 1291 auferri

157 1316 269 1339 contra
295 1306 416 1347 Legem
442 1305 624 1337 Duodecim
647 1303 863 1341 'tabularum
887 1312 953 1333 rem
980 1302 1035 1333 illo

157 1351 269 1382 colore
293 1348 422 1379 defendi
448 1348 531 1386 apud
550 1347 714 1385 judicem:
741 1354 774 1375 ut
795 1345 865 1382 ille,
890 1353 963 1374 cum
981 1343 1036 1374 ini—

157 1400 220 1431 que
237 1391 398 1422 ordinaret
415 1388 637 1419 testamentum
650 1411 658 1424 ,
679 1396 742 1417 non
761 1385 837 1416 sanae
856 1386 970 1417 mentis
988 1384 1032 1416 fu·

158 1432 211 1464 isse
229 1431 425 1462 existimetur
437 1438 484 1470 pr.
505 1427 576 1467 [nli.
595 1428 630 1461 ὅ)
649 1429 705 1468 l.5.
721 1427 760 1458 D.
775 1428 802 1457 h.
822 1433 842 1458 t.
860 1426 1035 1467 Distingua-

160 1483 209 1505 tur
228 1474 322 1512 igitur
339 1472 467 1512 querela
483 1481 500 1501 a
525 1469 681 1510 petitione
709 1469 894 1499 hereditatis
916 1477 975 1507 qua
995 1470 1035 1498 de

157 1516 220 1556 agit
238 1515 371 1554 sequens
398 1511 545 1543 Titulus:
570 1519 600 1541 at
623 1511 745 1541 idcirco
765 1519 827 1540 non
845 1509 957 1542 definit
974 1508 1035 1540 effe

157 1555 341 1588 hereditatis
366 1555 482 1594 petitio
507 1563 546 1583 ex
571 1554 659 1582 causa
679 1552 719 1582 de
736 1550 929 1582 inofficioso.
958 1551 1034 1590 quin

156 1598 240 1630 recte
253 1596 404 1627 definitur
415 1618 423 1633 ‚
438 1595 551 1635 petitio
568 1594 755 1625 hereditatis
766 1593 805 1624 ab
817 1591 965 1623 intestato
982 1592 1034 1623 de-

156 1640 225 1671 iarae
243 1647 303 1678 qua
326 1637 434 1676 inique
459 1636 671 1666 exheredatus
697 1633 916 1673 praeteritusve
935 1634 1034 1673 petit,

157 1680 382 1711 testamentum
393 1677 543 1714 rescindi,
563 1676 814 1707 &hereditatem
832 1675 885 1707 fibi
903 1676 941 1705 ab
956 1676 1036 1705 inte-

156 1722 237 1754 stato
255 1720 436 1761 adjudicari.
468 1717 545 1750 Non
565 1727 615 1749 me
634 1726 747 1754 vexat,
769 1717 855 1756 quod
872 1719 941 1756 quis
956 1717 1033 1756 obji-

157 1757 240 1801 cia't,
264 1762 457 1803 petitionem
486 1760 672 1790 hereditatis
698 1767 868 1797 numquam
895 1758 959 1788 dari
984 1758 1035 1788 ad-

155 1804 263 1836 versus
289 1804 459 1834 heredem:
484 1809 605 1832 tantum
632 1800 697 1831 dari
720 1798 868 1830 adversus
892 1809 964 1830 eum
983 1800 1036 1838 qui

157 1856 223 1878 non
242 1845 286 1876 est
303 1845 417 1882 heres,
441 1842 492 1873 sed
520 1843 731 1873 hereditatem
759 1850 816 1880 pro
843 1840 963 1871 herede
987 1840 1037 1871 vel

157 1897 217 1928 pro
244 1884 415 1927 poffessore
440 1884 575 1924 poffidet
599 1883 617 1913 l.
634 1893 662 1919 9.
681 1881 805 1922 &seqq.
828 1880 868 1912 D.
894 1884 927 1911 de
941 1882 1034 1914 hered.

151 1930 237 1970 petit.
258 1927 460 1968 atquerelam
472 1925 537 1956 dari
554 1923 698 1955 adversus
709 1924 855 1963 scriptum
875 1923 1038 1962 heredem,

158 1970 339 2002 hereditate
356 1969 394 1999 ah
410 1977 450 1998 eo
466 1967 548 1997 adita
563 1966 582 1996 l.
601 1970 628 1999 8.
644 1965 672 2006 §.
692 1974 735 1996 10.
754 1965 781 1995 h.
796 1971 816 1995 t.
833 1965 909 1995 item
926 1966 1036 1995 adver-

158 2012 208 2043 sus
227 2011 325 2042 filium
345 2009 538 2049 praeteritum
555 2006 624 2047 post
642 2006 780 2047 agnitam
797 2015 869 2036 cum
887 2016 920 2036 re
938 2007 1038 2037 bono-

158 2062 227 2085 rum
248 2052 465 2089 poss‘effionem
483 2057 594 2080 contra
612 2048 730 2079 tabulas
748 2048 823 2079 Leo.
837 2048 878 2077 l).
890 2049 926 2077 ¹de
943 2049 1039 2079 honor.

157 2093 263 2136 piigseff.
281 2099 371 2123 coiztr.
391 2094 448 2122 tab.
474 2090 558 2122 Nam
576 2091 711 2130 primum
730 2088 773 2119 elt
791 2088 911 2120 diversa
930 2090 1040 2119 utrius·

161 2146 223 2178 que
236 2134 402 2176 petitionis
418 2133 546 2171 species.
563 2132 678 2162 deinde
690 2130 708 2162 fi
729 2129 901 2170 spectamus
919 2131 1039 2161 exitum

161 2175 318 2217 (i'uei’elae3
342 2185 382 2206 ne
406 2174 468 2213 ipsa
493 2174 621 2214 quidem
647 2173 738 2203 datur
764 2170 911 2202 adversus
931 2181 1040 2202 verum

163 2216 394 2254 heredem‚sed
405 2217 502 2255 magis
514 2213 661 2245 adversus
677 2223 747 2244 eum
766 2214 817 2250 qui
830 2212 1041 2244 hereditatem

162 2271 222 2298 pio
242 2260 360 2290 herede
380 2258 429 2288 vel
445 2266 504 2296 pro
523 2254 692 2295 possessore
709 2254 854 2294 poffidet.
885 2253 961 2285 Non
980 2263 1040 2285 ma-

159 2303 235 2343 joris
254 2299 409 2332 momenti
424 2298 490 2336 est3
515 2298 600 2337 quod
625 2305 776 2337 praeterea
794 2297 963 2336 allegatur,
989 2305 1041 2335 pe-

164 2344 311 2374 titionem
332 2340 519 2371 hereditatis
543 2338 604 2369 ess'e
622 2338 670 2369 vel
691 2347 730 2368 ex
749 2337 939 2368 testamento
953 2360 962 2375 ‚
991 2336 1041 2368 vel

163 2386 202 2416 ab
218 2384 367 2415 intestato
385 2382 402 2412 l.
424 2390 447 2412 1.
468 2391 495 2412 2.
511 2390 540 2421 3.
561 2379 601 2411 J).
618 2381 650 2410 de
663 2381 746 2419 petit.
767 2378 860 2409 hered.
879 2378 1041 2418 querclam

163 2437 203 2456 ex
220 2434 338 2456 neutra.
363 2422 446 2454 Nam
460 2422 604 2462 querela,
622 2429 655 2451 ut
671 2420 787 2451 uictum
800 2444 808 2457 ,
826 2429 890 2451 non
908 2420 953 2451 est
970 2429 1041 2458 qua-

164 2467 202 2498 lis
219 2467 318 2506 qualis
335 2464 520 2496 hereditatis
532 2463 667 2503 petitio:
685 2462 737 2492 sed
756 2471 795 2492 ex
814 2462 961 2499 nomine,
979 2460 1041 2492 sive

165 2518 205 2539 ex
222 2506 328 2544 causa,
346 2508 386 2537 de
406 2503 586 2537 inofficioso
599 2527 607 2542 ‚
632 2504 662 2535 id
681 2503 746 2539 est,
772 2503 811 2533 ah
829 2502 978 2533 intestato
995 2512 1040 2534 re·

163 2549 252 2580 sciffo
272 2547 460 2578 testamento
472 2570 481 2584 ,
506 2545 590 2586 quasi
605 2555 621 2576 a
638 2543 760 2576 furioso
778 2543 875 2575 facio.

208 2591 355 2628 Aliquem
374 2588 547 2618 conturbet
565 2586 697 2627 sequens
718 2585 801 2616 Pauli
820 2586 912 2616 locus
931 2593 971 2615 ex
992 2585 1040 2616 lib.

164 2643 193 2670 4.
210 2632 337 2662 Sentent.
357 2631 401 2659 tit.
420 2640 447 2668 5.
459 2628 526 2670 §.4
548 2628 610 2670 Qti
625 2627 809 2668 inofficiosum
826 2627 917 2657 dicere
929 2625 1038 2666 potest,

165 2673 348 2705 hereditatem
363 2676 453 2710 petere
468 2680 523 2701 non
536 2671 706 2710 prohibetur.
731 2668 792 2699 Sed
805 2672 1042 2702 tentemus,'ne

166 2716 232 2757 ejus
248 2710 351 2743 sensus
367 2710 420 2742 sit:
438 2711 537 2751 Quod
558 2711 677 2742 habens
695 2709 861 2741 inofficiofi
878 2709 1040 2748 querelam

165 2752 312 2788 adversus
335 2753 487 2783 heredem
506 2752 672 2791 scriptum,
697 2752 792 2781 etiam
811 2749 916 2791 potest
933 2752 1043 2781 adver-

164 2799 213 2829 sus
234 2805 306 2827 eum
332 2793 505 2833 simplicem
531 2793 691 2824 instituere
708 2792 892 2824 hereditatis
915 2792 1043 2831 petitio-

166 2848 258 2871 nem:
281 2846 347 2867 non
365 2835 492 2875 quidem
514 2844 554 2864 ex
573 2835 676 2875 rigore
690 2834 784 2872 juris,
811 2833 862 2864 sed
883 2842 922 2864 ex
946 2834 1041 2872 aequi-

167 2888 243 2912 tate.
267 2886 404 2917 nempe,
422 2876 564 2915 quamvis
581 2875 726 2906 adversus
739 2884 812 2906 eum
829 2875 881 2915 qui
902 2883 941 2904 ex
955 2873 1045 2905 testa-

167 2928 280 2954 mento
304 2918 442 2960 possidet
464 2915 694 2954 hereditatem,
719 2926 783 2947 non
801 2916 894 2956 possit
910 2917 958 2955 agi
976 2915 1042 2947 ssin-

165 2963 251 3004 plice
267 2960 453 2992 hereditatis
471 2956 648 2997 petitione,
667 2966 772 2996 parata
784 2980 793 2995 ,
810 2957 830 2988 fi
846 2967 974 2998 agatur,
991 2967 1044 2988 ex-

167 3005 321 3044 ceptione
332 3025 340 3040 ,
358 3002 555 3040 Praeierquam
563 2996 592 3035 st
607 2998 789 3027 hereditatem
796 2996 915 3039 poffideo
932 3007 967 3029 ex
977 3008 1043 3029 catt-

157 3047 199 3086 [α
215 3043 393 3084 testamenii:
418 3051 454 3071 an
472 3048 579 3071 tamen
598 3039 740 3077 iniquum
763 3038 879 3078 fuerit,
903 3049 973 3070 eam
990 3049 1043 3070 ex-

168 3088 354 3127 ceptionem
372 3082 499 3122 infringi
515 3081 745 3121 replicatione,
770 3078 840 3116 Nz'fi
854 3082 883 3111 id
898 3078 1045 3120 testamen.

165 3134 230 3162 tum
240 3126 281 3163 fit
300 3124 500 3166 inofficiositm:
516 3127 695 3162 paratusque
704 3118 780 3157 fim,
797 3122 830 3149 de
845 3121 996 3160 inofficioso
1013 3132 1043 3153 a·

166 3167 256 3210 gere?
278 3166 340 3198 fuit
358 3168 390 3197 id
408 3175 448 3196 eo
465 3164 589 3196 facilius
609 3169 792 3201 receptum:
808 3166 896 3201 quod
916 3171 979 3193 non
997 3165 1042 3194 vi-

168 3205 302 3247 debatur
324 3206 535 3249 improbanda
552 3202 705 3238 modestia
725 3202 812 3241 ejus:
838 3202 911 3243 qui,
934 3211 975 3234 ne
991 3213 1043 3243 pa-

992 95 1254 131 Nooni·

1314 97 1526 133 COMM.

1070 184 1124 217 tris
1149 184 1389 232 testamentum,
1414 193 1574 226 tamquam
1592 185 1708 226 insani,
1733 187 1943 230 rescindatur,

1070 226 1180 258 maluit
1198 227 1338 268 simplice
1357 229 1542 259 hereditatis
1559 229 1737 268 petitione.
1761 239 1854 269 quam
1870 240 1945 270 que-

1072 268 1136 314 rela
1157 268 1197 298 de
1216 268 1415 307 inofficioso,
1439 271 1577 310 experiri
1597 280 1604 301 :
1629 279 1702 301 curn
1719 269 1741 302 fi
1757 279 1865 311 agatur
1881 272 1949 304 ssm-

1073 309 1157 353 plice
1177 308 1363 341 hereditatis
1383 310 1542 350 petitione
1556 335 1564 348 ‚
1584 312 1614 342 in
1634 321 1728 351 quam
1746 321 1803 352 per
1819 313 1948 353 replica-

1074 358 1196 396 tionem
1213 351 1331 382 incidat
1348 352 1475 391 querela
1492 352 1531 383 de
1557 352 1756 392 inofficioso,
1781 363 1846 384 non
1864 355 1948 393 prin-

1075 391 1219 437 cipaliter
1233 399 1375 437 yet-tatur
1398 392 1563 425 inofficiosi
1582 395 1728 433 querela3
1751 396 1891 435 ideoque
1909 397 1950 428 de

1075 431 1255 463 inofficioso
1279 435 1408 472 quidem
1431 435 1605 475 cognoscat
1623 435 1744 475 Judex3
1769 445 1800 467 at
1824 446 1888 467 non
1909 438 1950 469 de

1075 482 1138 511 eo,
1160 472 1212 504 sed
1228 476 1266 504 de
1282 475 1480 513 hereditate,
1505 478 1714 517 pronunciet:
1738 485 1772 508 ut
1794 479 1825 508 in
1846 476 1949 510 simili-

1075 514 1134 562 bus
1155 513 1312 560 observari
1324 538 1333 553 ‚
1349 517 1536 558 intelligitur
1553 528 1592 549 ex
1608 519 1626 548 l.
1648 528 1672 550 1.
1685 518 1716 549 C.
1736 520 1770 549 de
1786 520 1884 549 ordine
1897 520 1950 561 ju-

1072 557 1220 602 diciorum.
1254 555 1336 587 Mihi
1353 559 1497 597 proclive
1509 559 1572 597 est,
1590 560 1721 592 Paulum
1737 559 1778 591 fic
1796 561 1953 600 interpre-

1078 605 1154 642 tari:
1180 606 1216 626 ac
1233 605 1386 636 praeterea
1402 601 1554 632 reducere
1570 603 1608 632 ad
1626 601 1811 641 sequentem
1829 601 1953 634 Consti-

1077 646 1237 669 tutionem
1267 638 1365 683 impp.
1389 641 1543 674 Severi&
1563 643 1716 674 Antonini
1735 643 1752 673 l.
1776 652 1801 674 1.
1828 642 1861 674 C.
1883 643 1911 673 h.
1928 650 1948 675 t.

1078 681 1117 711 ad
1129 688 1221 725 quam
1241 679 1316 710 mihi
1334 681 1458 713 videtur
1474 683 1650 724 respexisse.
1675 684 1749 715 Cum
1764 686 1797 714 de
1813 682 1951 724 inofficio-

1069 721 1104 761 s⁰
1130 727 1232 767 matris
1248 730 1310 758 stite
1335 720 1497 767 testamento
1517 724 1601 763 filius
1621 727 1713 756 dicere
1727 726 1797 756 velit
1814 727 1953 762 adversus

1079 771 1142 792 eum
1158 771 1208 802 qm
1225 771 1261 792 ex
1277 764 1574 806 causasideicommiffi
1589 767 1772 798 hereditatem
1789 773 1879 798 tenet.-
1896 776 1956 798 nonv

1081 801 1118 849 esi
1135 805 1267 842 iniquum
1293 804 1341 833 hoc
1357 806 1382 835 ei
1398 809 1619 838 accommodari:
1641 815 1674 838 ut
1685 810 1803 849 perinde
1813 808 1959 848 fideicom-

1078 843 1223 883 miffuri'us
1239 851 1390 884 teneatur,
1415 856 1448 876 ac
1462 846 1489 884 st
1500 854 1552 887 pro
1569 849 1666 880 herede
1681 856 1732 880 aut
1747 857 1797 889 pro
1812 849 1957 890 prvffeffore

1072 884 1222 932 possideat.¹
1256 884 1382 918 Locum
1400 888 1563 921 difficilem
1581 892 1733 931 expediet
1751 892 1892 930 apposita
1908 890 1954 921 fa-

1080 927 1120 971 cti
1140 926 1287 972 speciest.
1304 927 1411 959 Mater
1437 932 1599 969 praeteiito
1623 940 1676 963 aut
1699 931 1896 963 exheredato
1919 931 1955 963 fi-

1080 969 1142 1006 lio,
1167 968 1413 1014 alium-instituit
1432 972 1601 1004 heredem:
1627 982 1760 1014 rogans,
1778 981 1810 1004 ut
1830 973 1957 1004 heredi·

1080 1018 1177 1055 tatem
1198 1018 1295 1040 tertio
1310 1010 1460 1042 restituat.
1486 1014 1511 1044 is
1529 1023 1598 1045 eam
1617 1015 1763 1046 restituit.
1789 1013 1904 1046 deinde
1920 1013 1955 1045 fi-

1078 1051 1136 1082 lius
1148 1050 1293 1082 adversus
1305 1051 1643 1094 fideicommissarium,
1660 1064 1819 1094 tamquam
1829 1057 1882 1095 qui
1900 1055 1955 1087 he-

1078 1093 1248 1138 reditatem
1266 1102 1323 1131 pro
1343 1093 1461 1126 herede
1485 1105 1538 1126 aut
1556 1106 1614 1136 pro
1632 1097 1802 1138 possessore
1819 1097 1954 1137 posside-

1077 1142 1128 1180 at,
1151 1134 1323 1180 simplicem
1343 1136 1475 1167 inllituit
1494 1137 1676 1170 hereditatis
1696 1139 1897 1178 petitionem.
1921 1138 1956 1170 fi-

1079 1175 1359 1222 deicommillarius
1378 1179 1517 1217 e:.cipit,
1534 1178 1605 1217 Nifi
1622 1181 1806 1210 hereditatem
1819 1178 1956 1220 poffideat

1077 1226 1113 1247 ex
1123 1224 1209 1252 causa
1219 1220 1380 1263 tejtiiinenti
1389 1218 1467 1258 Jzire
1478 1220 1568 1251 Civili
1576 1222 1670 1252 validi
1677 1232 1686 1251 .·
1702 1221 1848 1253 adversus
1859 1230 1956 1260 quem

1078 1267 1114 1288 ea
1131 1258 1317 1289 hereditatis
1335 1261 1449 1298 petitio
1466 1262 1548 1292 nulla
1559 1264 1726 1302 competit.
1752 1262 1846 1294 Filius
1863 1263 1956 1302 repli-

1078 1307 1128 1330 cat
1143 1322 1152 1337 ,
1175 1299 1373 1340 Praeterquam
1384 1299 1413 1338 fi
1428 1303 1457 1332 id
1476 1301 1674 1343 teltairzentum
1682 1303 1724 1341 sit
1746 1303 1931 1344 inofficiosum
1943 1314 1954 1335 τ

1078 1341 1205 1380 aitque,
1222 1340 1251 1370 se
1268 1349 1409 1380 paratum
1426 1342 1488 1374 ess'e
1500 1346 1539 1375 de
1555 1344 1734 1377 inofficioso
1751 1347 1869 1377 dicere.
1902 1345 1956 1377 De
1976 1360 1982 1369 ³
2031 1361 2033 1369 ›

1076 1391 1144 1421 Jure
1172 1391 1333 1428 quaeritur.
1380 1383 1477 1424 Ajunt
1501 1384 1714 1426 Imperatores
1730 1410 1740 1425 ,
1763 1387 1957 1426 petitionem

1079 1423 1265 1468 hereditatis
1277 1433 1340 1454 non
1352 1428 1480 1464 quidem
1494 1427 1558 1459 dari
1577 1427 1723 1459 adversus
1741 1437 1813 1459 eum
1829 1429 1882 1468 qui
1902 1428 1957 1459 he-

1078 1467 1244 1495 reditatem
1258 1465 1410 1504 possideat
1427 1477 1465 1498 ex
1477 1467 1566 1500 causa
1583 1469 1675 1501 validi
1689 1468 1885 1500 testamenti:
1902 1469 1955 1500 sed

1078 1506 1223 1551 nonleffe
1243 1515 1403 1546 iniquum,
1427 1508 1509 1540 hanc
1527 1511 1764 1541 accommodari
1789 1509 1874 1548 filio,
1898 1519 1955 1540 vo-

1078 1547 1154 1578 lenti
1175 1556 1304 1592 purcere
1320 1549 1434 1587 pudori
1452 1551 1557 1583 matris
1577 1561 1594 1582 a
1611 1561 1670 1591 qua
1688 1551 1724 1582 fit
1740 1551 1955 1582 exheredatus

1079 1597 1318 1634 praeteritusve,
1344 1598 1376 1620 ut
1401 1593 1534 1630 perinde
1560 1600 1707 1623 teneatur
1730 1591 1959 1623 fideicommis—

1079 1632 1191 1675 ianus,
1207 1639 1243 1660 ac
1262 1629 1280 1660 si
1300 1631 1510 1663 hereditatem
1527 1642 1584 1673 pro
1602 1633 1720 1665 herede
1739 1642 1793 1664 aut
1810 1644 1867 1673 pro
1886 1643 1962 1671 pos-·

1079 1670 1192 1701 leiim-e
1211 1671 1374 1710 poilideat.
1414 1673 1513 1714 Quod
1531 1675 1628 1706 Paulo
1647 1675 1813 1706 convenit.
1849 1675 1956 1715 AEque

1080 1712 1124 1743 est
1147 1711 1399 1759 obseruandum3
1424 1716 1532 1754 quod,
1555 1715 1576 1747 fi
1594 1715 1752 1748 hereditas
1768 1717 1807 1747 ab
1825 1718 1958 1748 exhere-

1081 1755 1157 1784 dato
1184 1754 1394 1799 postideatur,
1420 1758 1514 1788 etiam
1532 1758 1638 1799 potest
1657 1758 1784 1798 querela
1803 1768 1859 1798 per
1885 1767 1954 1789 mo-

1081 1795 1154 1826 dum
1172 1804 1373 1840 exceptionis
1391 1797 1507 1829 institui
1526 1799 1545 1829 l.
1567 1804 1594 1833 8.
1610 1799 1637 1840 §.
1658 1809 1701 1840 13.
1722 1800 1762 1831 I).
1779 1800 1807 1831 b.
1826 1805 1847 1829 t.

1122 1835 1218 1883 Dixi,
1235 1839 1308 1876 quid
1328 1837 1686 1883 liti-no‘r'ticiofiqueiela.
1704 1842 1825 1878 dicam,
1842 1840 1958 1881 quibus

1081 1878 1182 1924 detur.
1201 1882 1352 1925 inprimis
1371 1879 1527 1912 iciendum
1542 1882 1597 1920 est,
1609 1892 1673 1913 non
1690 1883 1755 1914 dari
1773 1883 1850 1920 aliis,
1863 1891 1957 1922 quam

1082 1920 1195 1957 quibus
1220 1928 1362 1965 iniuriam
1385 1924 1638 1954 exheredatione
1661 1932 1715 1954 aut
1741 1924 1958 1963 praeteritione

1081 1961 1197 1992 fatiam
1214 1961 1274 2006 eile
1286 1985 1295 2000 ,
1311 1971 1451 2003 apparet.
1475 1965 1582 2003 quale-s
1599 1964 1778 1996 solisuntiid
1796 1964 1959 1995 succeffio-

1083 2011 1155 2048 nem
1166 2003 1355 2034 admittendi
1366 2027 1375 2042 ‚
1385 2005 1438 2035 nili
1448 2006 1632 2037 exheredati
1643 2007 1835 2045 praeteritive
1847 2005 1959 2036 essent.

1084 2052 1214 2090 utique,
1239 2053 1310 2075 cum
1335 2048 1503 2086 pertendat
1529 2048 1656 2087 querela
1680 2048 1719 2078 ad
1745 2046 1959 2079 resciffionem

1084 2085 1252 2130 inofficiosi
1270 2085 1467 2126 testamenii,
1492 2097 1552 2119 nec
1576 2089 1677 2120 minus
1703 2089 1741 2120 ad
1766 2090 1959 2129 petitionem

1084 2127 1268 2158 hereditatis
1279 2128 1318 2158 ab
1329 2129 1495 2160 intestato:
1513 2139 1604 2169 quam
1616 2153 1624 2168 ‚
1641 2130 1755 2162 amabo
1766 2153 1775 2168 ,
1792 2130 1879 2161 dabis
1889 2139 1962 2160 cau-

1085 2168 1165 2215 sam,
1182 2177 1238 2199 cur
1255 2178 1308 2199 aut
1325 2169 1459 2202 rel'cissio
1480 2172 1530 2202 illa
1542 2195 1550 2206 ‚
1567 2179 1620 2202 aut
1637 2171 1752 2212 petitio
1766 2194 1775 2210 ,
1798 2170 1910 2202 frustra
1923 2170 1960 2203 sit

1085 2210 1278 2256 indulgenda
1292 2210 1319 2241 ei
1339 2211 1391 2251 qui
1409 2222 1447 2242 ne
1459 2212 1582 2245 reseill'o
1599 2214 1728 2252 quidem
1747 2212 1958 2251 testamento,

1081 2260 1129 2291 Jus
1147 2254 1185 2282 aci
1206 2251 1349 2283 defuncti
1367 2252 1576 2285 hereditatem
1595 2256 1633 2285 ah
1654 2253 1804 2285 intestato
1821 2254 1855 2285 fit
1872 2254 1961 2285 habi·

1085 2295 1196 2338 tur-us?
1215 2292 1259 2325 est
1276 2294 1369 2333 igitur
1387 2296 1536 2333 rationis,
1561 2296 1723 2336 querelam
1740 2295 1812 2326 solis
1830 2294 1894 2326 dari
1912 2295 1962 2327 his

1085 2343 1136 2374 qui
1155 2333 1252 2365 futuri
1271 2335 1398 2367 fuissent
1421 2337 1577 2375 heredes3
1600 2337 1619 2368 fi
1642 2337 1811 2368 defunctus
1834 2337 1962 2368 intesta-

1086 2383 1135 2407 tus
1152 2376 1343 2408 deceffiss'et:
1360 2378 1432 2417 quia
1451 2377 1503 2409 soli
1523 2378 1650 2418 possunt·
1664 2379 1703 2409 de
1720 2379 1830 2417 injuria
1849 2379 1937 2417 queri
1949 2401 1959 2417 ‚

1084 2418 1112 2447 δι
1126 2418 1164 2448 ab
1176 2417 1325 2449 intestato
1343 2427 1452 2458 petere
1466 2420 1687 2451 hereditatem.
1712 2418 1766 2450 Est
1784 2428 1891 2451 tamen
1909 2420 1959 2452 vel

1085 2459 1149 2505 hoc
1166 2460 1340 2498 prudenter
1353 2461 1588 2499 accipiendum.
1599 2470 1671 2492 nam
1688 2470 1748 2491 nee
1759 2462 1908 2493 omnibus
1923 2461 1965 2492 ab

1084 2500 1233 2532 intestato
1251 2502 1471 2539 venientibus,
1488 2502 1585 2533 licere
1601 2503 1640 2533 de
1657 2502 1838 2534 inofficioso
1856 2503 1962 2542 dispu-

1085 2549 1171 2580 tare,
1190 2540 1344 2582 Ulpianus
1360 2551 1449 2582 putat
1464 2544 1483 2573 b.
1497 2551 1522 2573 1.
1540 2543 1569 2574 h.
1586 2550 1607 2574 z.
1625 2542 1676 2574 sed
1696 2552 1817 2575 tantum
1836 2544 1960 2583 liberis,

1083 2583 1269 2623 parentibus
1279 2607 1288 2622 ‚
1302 2585 1328 2615 ὅ(
1342 2583 1503 2616 frati-ibus.
1515 2584 1594 2615 ultra
1607 2584 1665 2615 hos
1676 2587 1728 2624 qui
1741 2583 1809 2617 sunt
1817 2585 1960 2626 cognati,

1084 2633 1141 2655 eos
1155 2625 1267 2656 melius
1284 2624 1424 2657 sasturos
1442 2625 1502 2663 ait,
1528 2625 1550 2657 fi
1567 2625 1598 2657 se
1617 2625 1792 2666 sumptibus
1814 2627 1960 2659 inanibus

1084 2675 1149 2697 non
1162 2675 1336 2705 vexarent3
1351 2675 1424 2698 cum
1440 2667 1588 2698 obtinere
1606 2667 1691 2707 spem
1710 2678 1774 2699 non
1794 2667 1958 2699 haberent.

1102 2749 1107 2753 .
1129 2707 1197 2739 Erit
1215 2709 1355 2753 pretium
1367 2717 1493 2747 operae,
1520 2709 1559 2739 de
1577 2708 1704 2749 singulis
1720 2710 1816 2749 paulo
1833 2718 1963 2740 aecum-1

1087 2756 1146 2780 tius
1157 2748 1321 2781 differere:
1339 2750 1389 2781 {ed
1407 2748 1541 2789 primum
1553 2751 1592 2781 de
1609 2751 1734 2782 liberis:
1751 2759 1886 2791 quorum
1904 2750 1963 2782 eti-

1087 2799 1136 2821 am
1153 2790 1182 2822 in
1197 2790 1370 2822 deferenda
1389 2791 1566 2822 hereditate
1581 2791 1620 2822 ab
1637 2791 1804 2830 intestato,
1824 2801 1894 2833 qua:
1904 2799 1962 2832 per

1087 2833 1247 2872 querelam
1266 2832 1405 2871 petitur,
1430 2833 1530 2872 prima
1549 2832 1639 2864 causa
1658 2833 1721 2864 est:
1745 2840 1962 2865 concurrente

1088 2875 1116 2905 (St
1135 2881 1253 2904 naturae
1270 2875 1298 2904 ὅ(
1316 2882 1482 2912 parentum
1499 2882 1598 2913 voto,
1618 2874 1689 2905 suos
1707 2875 1825 2906 liberos
1843 2875 1897 2906 fibi
1914 2873 1963 2904 sud

1087 2914 1230 2953 perstites
1251 2914 1451 2953 sperantium.
1475 2916 1507 2946 id
1523 2915 1670 2947 observat
1687 2915 1874 2956 Papinianus
1892 2915 1911 2945 l.
1929 2924 1961 2955 7.

1085 2956 1114 2996 §.
1135 2966 1160 2987 1.
1174 2955 1215 2986 D.
1234 2956 1267 2986 Si
1287 2957 1344 2987 tab.
1364 2954 1472 2997 testam.
1489 2957 1549 2988 nul.
1568 2958 1663 2988 extab.
1682 2959 1752 2988 und.
1770 2957 1817 2988 lib.
1841 2955 1885 2987 Et
1902 2964 1963 2994 09⁴

1087 2998 1163 3028 time
1187 2996 1301 3028 Paulus
1325 2997 1344 3029 l.
1362 3007 1390 3037 7.
1412 2997 1452 3029 D.
1475 2999 1508 3029 de
1523 3000 1586 3029 hon.
1606 2999 1701 3029 damn.
1733 2997 1838 3030 Verba
1855 2996 1961 3027 Pauli:

1088 3039 1163 3069 Cum
1178 3039 1326 3070 naturalis
1341 3040 1415 3070 ratio
1425 3062 1434 3077 ,
1451 3038 1533 3079 quast
1549 3040 1596 3071 lex
1612 3041 1740 3081 quiedam
1755 3038 1846 3068 tacita
1861 3037 1960 3066 liberis

1087 3080 1197 3111 addicit
1217 3087 1376 3121 parentum
1402 3082 1602 3119 hereditatem,
1625 3090 1668 3111 eos
1684 3080 1765 3110 velut
1780 3079 1818 3108 ad
1835 3078 1960 3108 debitam

1077 3120 1280 3161 Jucceffionem
1293 3123 1438 3160 vocando,
1449 3128 1566 3162 propter
1575 3119 1732 3162 quodffflin
1735 3120 1802 3160 jure
1818 3117 1902 3148 civili
1918 3119 1961 3148 eis

1086 3163 1240 3194 inductum
1262 3161 1301 3203 eft
1321 3165 1439 3200 luorum
1456 3164 1589 3193 heredum
1611 3170 1729 3197 nomen,
1751 3169 1785 3189 ac
1800 3168 1835 3189 rie
1846 3159 1962 3200 judicio

1085 3205 1200 3244 quidem
1220 3210 1397 3246 parentum,
1419 3202 1475 3241 nzfi
1494 3204 1604 3235 meritis
1627 3203 1659 3234 de
1682 3198 1774 3238 cazifis
1795 3200 1856 3241 (lic
1873 3200 1963 3272 reete

1925 3249 1958 3271 e*
