2052 3487
232 129 300 168 188

230 226 333 250 rarum
351 215 441 247 vice:
464 220 528 244 non
546 210 576 242 in
593 207 752 241 infinitum
775 207 906 247 quidem
923 206 976 239 sed
1000 207 1039 238 ad
1055 206 1097 239 le-

230 258 377 296 gitimum
392 255 498 286 finem.
521 252 595 290 Sic;
617 250 639 282 fi
655 251 695 282 de
709 247 804 280 usuris
815 248 892 281 nibil
908 248 1027 280 dietum
1043 247 1098 280 fit:

229 292 262 332 id
278 300 322 331 est
335 321 345 336 ,
368 296 389 328 fi
406 294 541 335 gratuita
564 291 600 324 fit
624 290 768 332 pecunia.
794 290 872 330 quid
888 289 945 321 ni?
963 291 1099 332 gratuita

230 341 370 375 dicitur,
388 337 531 376 pecunia,
554 343 620 364 non
637 332 737 364 modo
757 340 855 371 quum
879 330 926 363 est
952 330 1097 372 petitum,

230 392 270 414 ne
286 380 321 412 fit
346 376 505 414 usuraria3
541 374 592 406 sed
622 374 737 412 etiam,
769 381 867 412 quum
891 382 956 404 non
980 371 1025 404 est
1047 381 1099 412 pa-

228 423 312 454 ctum
331 443 340 459 ,
364 426 399 449 ut
417 417 549 448 usuraria
563 415 609 447 fit.
635 413 977 455 quomodogratuitum
993 414 1101 454 appel-

230 463 311 494 latur
332 459 523 494 mandatum;
553 466 626 488 cum
651 456 769 487 nullam
794 464 835 486 ex
860 455 954 495 paeto
977 464 1100 486 merce-

228 504 301 536 dem
317 501 414 532 habet
430 499 449 531 l.
476 509 501 530 1.
548 523 554 529 .
578 508 607 537 4.
626 497 666 529 D.
686 497 828 528 Mandati
842 496 889 527 vel
903 501 1014 534 contra.
1038 505 1100 528 nec

228 553 334 576 tamen
353 541 536 581 aspernatur
559 539 780 571 remunerandi
806 536 894 568 causa
922 538 1099 577 honorem,

228 586 292 618 five
309 583 451 615 salarium
468 582 486 613 l.
512 585 541 612 6.
565 580 607 612 D.
631 581 689 611 eod.
714 580 760 611 tit.
787 578 966 617 Caeterum,
987 578 1009 610 fi
1032 577 1098 610 usu-

226 627 305 659 raria
321 625 356 657 [it
372 624 507 665 pecunia
518 646 527 662 ‚
552 632 617 654 non
636 622 762 653 videtur
776 620 960 652 antichrefis
974 628 1099 651 contra-

227 669 277 707 hi3
301 676 341 698 ne
365 665 462 696 tacite
486 664 634 704 quidem:
659 663 688 694 ἀ
714 662 789 693 ideo
815 662 912 693 debet
938 661 1099 700 creditor,

225 708 342 742 tradito
353 716 450 749 agr0,
466 705 587 739 fruetus
605 704 791 746 percipere3
806 703 835 734 &
846 711 1020 745 perceptos
1038 704 1099 744 pri—

837 115 1424 154 Geninanoonr

1140 215 1228 239 mum
1250 205 1348 240 usuris
1363 229 1374 246 ,
1398 204 1514 238 deinde
1539 204 1635 246 sorti,
1655 205 1811 249 imputare
1827 208 1847 241 l.
1867 220 1896 243 2.
1920 211 1953 244 C.
1975 213 2009 246 de

1135 253 1228 290 partu
1241 249 1386 290 pignoris.
1410 248 1452 279 At
1474 248 1558 280 enirn
1575 248 1594 280 l.
1617 258 1649 287 4.
1672 249 1710 284 &²
1725 249 1744 281 l.
1769 259 1818 282 22.
1841 250 1876 284 C.
1898 254 1931 284 de
1945 256 2011 294 usu-

1141 290 1183 321 ris
1198 298 1316 331 negant
1334 290 1486 322 creditori
1503 290 1551 330 jus
1567 298 1626 329 pro
1649 291 1746 321 usuris
1762 291 1919 325 retinendi
1942 288 2010 337 pig'.

1143 331 1250 370 noris3
1273 340 1501 372 praeterquam,
1517 330 1538 363 fi
1556 332 1595 363 de
1610 340 1651 362 eo
1669 331 1795 371 paetum
1810 332 1856 364 fit.
1881 333 1942 366 Sed
1949 336 2011 376 Jam

1143 372 1230 404 recte
1247 373 1452 404 observatum
1474 371 1538 412 est,
1561 381 1625 404 non
1642 372 1704 404 effe
1722 375 1752 405 in
1771 373 1818 405 his
1836 373 2011 411 sermonem

1143 414 1182 445 de
1199 412 1353 445 fructibus
1370 408 1513 455 pignoris
1530 414 1657 454 quijure
1676 416 1780 446 tacitae
1797 415 2010 451 antichreseos

1142 455 1339 487 retineantur
1361 456 1442 486 intra
1468 455 1642 496 legitimum
1670 455 1831 488 usurarum
1855 459 2011 500 modum;

1143 495 1196 528 sed
1216 497 1256 528 de
1267 497 1402 538 pignore
1418 497 1505 537 cujus
1519 497 1702 528 retentione
1712 498 1855 529 creditor
1864 499 1942 531 velit
1957 500 2013 532 ser-

1143 547 1217 569 vare
1237 538 1358 577 usuras,
1382 538 1476 579 paeto
1487 538 1538 569 vel
1554 537 1754 578 stipulatione
1771 539 1903 572 debitas.
1927 542 2012 581 quod

1141 579 1187 610 illi
1199 588 1264 610 non
1282 579 1375 614 licet;
1394 579 1448 610 nisi
1458 580 1569 620 pignus
1585 581 1807 611 conventione
1823 581 1904 621 paCti
1918 582 2011 616 etiarn

1142 619 1239 651 usuris
1264 621 1451 652 obsti-istum
1475 620 1527 652 fit:
1551 629 1622 652 cum
1648 621 1775 653 interim
1790 620 1948 655 fructuum
1965 634 2010 656 re-

1144 662 1247 708 tentio
1263 662 1357 713 poffit
1373 662 1468 693 tacita
1484 660 1552 693 fieri
1571 662 1757 703 antichrefi,
1784 663 1858 696 dum
1875 664 1957 698 intra
1972 663 2011 698 le?

1142 704 1289 744 gitimum
1311 706 1500 737 coerceatur
1520 703 1662 736 modum.

956 814 1175 850 CAPUT
1225 814 1270 852 X.

741 907 792 944 De
808 904 909 952 usuris
928 906 1111 942 Senatorum
1124 933 1133 950 ‚
1156 904 1227 953 fisci
1235 931 1248 950 ,
1271 916 1307 941 ac
1322 905 1499 941 civitatum.

225 1001 345 1076 Huc
361 1006 463 1042 usque
480 997 629 1038 ostendi,
653 998 746 1040 quale
765 996 908 1030 omniurn
932 995 1099 1027 hominum

321 1043 369 1084 jus
395 1043 479 1074 circa
498 1042 601 1074 usuras
621 1039 736 1072 fuerit:
759 1048 819 1071 nec
842 1037 921 1070 effet
936 1047 1035 1078 opus,
1060 1036 1099 1067 de

226 1083 323 1115 usuris
340 1085 531 1116 Senatorum
544 1106 552 1121 ‚
569 1081 653 1120 fisci,
669 1091 705 1112 ac
721 1080 885 1112 civitatum
896 1102 906 1118 ,
923 1078 1101 1119 specialiter

227 1124 398 1166 subjicere:
421 1124 477 1156 nisi
495 1125 525 1155 in
545 1125 592 1155 his
609 1123 762 1164 singulare
780 1121 857 1153 effet
871 1121 920 1161 jus
936 1143 946 1159 ,
971 1129 1038 1165 non.
1054 1120 1100 1150 in-

226 1167 356 1208 dignum
383 1165 564 1198 observatu.
588 1165 650 1196 Sed
673 1164 808 1205 primum
832 1164 872 1194 de
894 1161 1101 1193 Senatoribus

226 1209 416 1240 dicendum:
433 1216 528 1249 quem
546 1207 691 1238 ordinem
702 1206 775 1246 quia
795 1204 948 1235 volebant
963 1201 1101 1234 Veteres

225 1250 317 1281 vitio*
329 1258 460 1288 vacare,
484 1249 607 1279 caeteris
631 1247 791 1288 specimen
816 1244 901 1284 effe3
922 1244 1036 1285 (quod
1059 1252 1100 1289 ex

226 1290 388 1323 Cicerone
403 1291 452 1321 lib.
471 1299 499 1331 3.
524 1289 571 1320 De
595 1290 702 1330 legibus
719 1287 944 1328 intelligimus)
968 1285 1098 1316 interdi-

225 1333 342 1364 cebant
360 1333 390 1363 ei
413 1330 552 1362 usuram:
578 1339 714 1370 nempe,
738 1339 772 1360 ut
796 1338 860 1360 non
881 1328 1012 1359 avaritia
1030 1335 1097 1358 mo-

225 1375 288 1412 do,
312 1373 364 1405 sed
381 1382 397 1404 a
415 1371 589 1412 suspicione
606 1370 776 1413 quoque&
792 1368 880 1401 causa
898 1369 963 1409 ejus
975 1391 985 1406 ‚
1004 1376 1097 1408 quam

224 1415 403 1456 longissime
427 1421 641 1445 amoveretur.
665 1420 761 1451 atque
786 1411 817 1442 id
836 1408 942 1441 nescio
964 1418 1003 1440 an
1024 1409 1098 1440 Am-

224 1455 346 1488 brolius
364 1456 447 1486 inter
464 1462 580 1485 caetera
604 1454 700 1491 velit,
724 1452 772 1483 De
786 1450 886 1492 officiis
909 1452 957 1482 lib.
980 1460 1009 1482 2.
1034 1458 1097 1491 cap.

227 1507 276 1535 14.
293 1506 366 1529 cum
383 1496 425 1527 fic
440 1495 561 1535 inquit,
579 1494 671 1525 Docet
688 1495 782 1535 igitur
795 1501 888 1524 omnes
904 1492 1023 1533 censura
1025 1492 1095 1531 fra-

221 1538 348 1581 gilitatis
357 1560 367 1575 ‚
376 1537 567 1577 (legendum
578 1534 666 1567 forte
677 1558 686 1574 ‚
690 1534 902 1576 frugalitatis)
917 1534 1097 1565 continentiae

223 1578 381 1612 austeritas
393 1601 402 1616 ,
413 1577 450 1612 ἐξ
459 1578 584 1608 maxime
598 1586 662 1608 eum
671 1578 720 1616 qui
729 1572 950 1617 honorepraestet
966 1584 1001 1606 ne
1012 1581 1097 1615 praee-

222 1622 376 1653 minentem
396 1621 494 1650 virum
516 1619 643 1659 thesauri
654 1616 891 1659 poffideantsui‚
915 1616 951 1651 &³
964 1616 1096 1656 pecuniis

210 1662 347 1704 serviat,
359 1661 410 1702 qui
423 1658 521 1701 praeefl
531 1660 635 1691 liberis.
659 1659 733 1690 illud
747 1659 841 1699 magis
851 1659 992 1697 docet‚ut
997 1660 1095 1698 supra

218 1703 385 1744 thesaurum
393 1700 434 1739 fit
449 1703 544 1733 animo
561 1701 598 1736 ἑὸ)
614 1700 697 1741 infra
723 1702 848 1731 amicum
862 1701 996 1740 obsequio.
1022 1698 1093 1729 Hu-

220 1745 328 1778 militas
344 1744 419 1775 enim
433 1746 563 1785 gratiam
581 1748 677 1783 auget.
697 1742 769 1773 Haec
779 1743 867 1782 plena
880 1741 976 1772 laudis
986 1739 1093 1782 &dig-

220 1796 261 1819 na
275 1787 415 1828 primario
437 1787 520 1824 viro,
543 1795 600 1816 non
617 1793 790 1815 communem
815 1792 879 1814 cum
896 1781 992 1823 Tyriis
1008 1791 1091 1822 nego-

221 1829 373 1860 tiatoribus
384 1851 393 1866 ,
417 1826 453 1861 δ’
470 1826 637 1858 Galaaditis
654 1825 859 1856 mercatoribus
875 1824 977 1854 habere
1000 1823 1093 1862 turpis

222 1870 298 1901 lucri
312 1870 508 1910 cupiditatem,
521 1877 572 1898 nec
588 1876 668 1898 omne
683 1868 788 1897 bonum
804 1865 893 1896 locari
907 1866 938 1895 in
950 1865 1094 1903 pecunia,

221 1912 259 1947 ὅθ’
276 1917 416 1952 tanquam
433 1910 605 1941 mercenario
621 1917 738 1940 munere
747 1908 928 1949 quotidianos
945 1914 1096 1936 numerare

220 1949 342 1994 quaeffus
365 1951 506 1983 calculari
528 1950 698 1990 compendio.
722 1948 820 1980 Certe
847 1946 1094 1988 Chrysostomus

221 1995 289 2025 hoc
306 1993 442 2031 indicat,
465 1993 496 2024 in
515 1992 724 2023 Matthaeumc.
748 1999 792 2030 17.
815 1988 927 2020 Hamil.
954 1998 1001 2028 57.
1027 1994 1093 2019 tom.

224 2045 251 2068 1.
272 2042 341 2077 pag.
364 2038 434 2074 508.
455 2034 542 2066 hisce
560 2033 676 2064 verbis.
701 2029 820 2076 Qttodfi
834 2032 984 2061 exteriores
1001 2029 1094 2071 legum

221 2079 378 2108 conditores
402 2078 580 2116 interrogare
601 2073 743 2111 volueris,
766 2074 853 2113 disces
873 2071 1000 2109 abillis,
1023 2072 1094 2112 quia

221 2124 353 2150 extremm
370 2118 552 2157 impudentiae
564 2114 683 2156 stgnum
692 2115 795 2154 foenus
803 2113 915 2154 semper
925 2113 1094 2155 judicatam

221 2157 278 2200 est.-
299 2167 388 2200 quare
403 2167 453 2188 nee
468 2156 646 2198 ampliffimos
656 2157 779 2187 homines
796 2164 864 2196 quos
882 2154 1030 2185 Senatores
1045 2160 1093 2194 ap-

218 2200 347 2242 pellant,
368 2200 532 2239 hujusmodi
548 2199 741 2228 emolumentis
754 2197 903 2237 deturpari
906 2193 1011 2235 finiant
1023 2218 1031 2232 ‚
1045 2195 1094 2235 sed
1109 2214 1113 2216 -

222 2242 281 2284 lege
293 2240 463 2282 prohibent,
487 2249 523 2270 ne
537 2240 589 2280 qui
606 2238 815 2279 rempublicam
830 2244 959 2279 gerunt,
984 2236 1038 2267 tali
1051 2237 1092 2267 la-

220 2293 267 2315 cro
283 2282 473 2313 maculentur.
497 2281 560 2312 Sed
578 2281 642 2311 hoc
655 2280 703 2320 jus
723 2287 883 2311 mutarunt
911 2277 1013 2319 Impp.
1039 2278 1094 2309 Ar·

220 2324 329 2356 cadius
350 2346 361 2362 ,
400 2321 593 2360 Honorius,
628 2322 659 2353 δι
682 2319 888 2352 Theodofius
911 2320 929 2351 l.
961 2329 991 2357 4.
1025 2319 1091 2351 Cod.

223 2365 326 2397 Theod.
354 2364 388 2395 de
413 2363 534 2403 usuris:
564 2372 636 2394 cum
662 2362 804 2400 volunt,
843 2361 1011 2393 Senatores
1037 2361 1091 2392 sub

220 2407 426 2439 medietatem
442 2403 621 2436 centefimae
636 2403 732 2435 usur-ae
748 2404 787 2434 ad
807 2402 1004 2434 contractum
1022 2411 1090 2434 cre·

219 2449 294 2480 ditae
313 2447 460 2488 pecuniae
481 2446 624 2478 admitti:
644 2446 673 2477 ἀ
688 2445 829 2483 addunt,
851 2443 871 2476 fi
888 2445 963 2484 quid
977 2452 1091 2484 praeter

220 2490 418 2521 moderatam
435 2488 516 2519 hanc
534 2486 756 2518 definitionem
776 2485 873 2517 fuerit
897 2484 1070 2525 flagitatum
1082 2507 1100 2524 ,.

221 2530 446 2562 imminuendae
465 2528 539 2560 sorti
554 2531 679 2560 cedere.
703 2529 899 2559 moderatam
916 2535 1020 2558 autem
1038 2537 1091 2558 ro-

220 2577 295 2603 oant
310 2569 529 2601 definitionem
547 2570 727 2602 medietatis
743 2568 922 2600 centefimae
934 2591 944 2607 ‚
966 2568 1030 2599 sive
1047 2567 1091 2599 se·

219 2612 354 2645 miffium
371 2610 548 2650 usurarum3
572 2611 739 2652 quomodo
758 2610 877 2642 Plinius
895 2610 939 2640 lib.
962 2619 1007 2646 14.
1025 2609 1091 2641 Na-

223 2654 329 2685 turalis
354 2651 474 2692 historice
491 2663 514 2682 c.
538 2663 568 2692 4.
599 2651 735 2684 semisses
752 2659 876 2690 vocat,
907 2650 1027 2683 usuram
1051 2652 1090 2682 ci-

221 2695 318 2727 vilem
337 2703 374 2724 ac
389 2694 558 2725 modicam.

261 2734 602 2775 Senatoribusjungam
619 2734 738 2767 fiscum.
761 2745 832 2767 narn
850 2734 879 2766 ἃ
891 2734 965 2766 huic
984 2733 1089 2765 semis-

220 2777 267 2808 ses
290 2776 395 2808 usuras
416 2774 577 2813 sufficere,
600 2776 736 2807 Severus
761 2777 790 2808 ἂ
818 2777 996 2807 Antoninus
1015 2784 1091 2806 con-

1143 996 1294 1028 debitorem
1327 993 1518 1034 confitentem.
1561 991 1634 1027 Una
1658 995 1712 1027 hic
1737 994 1782 1027 est
1803 996 1956 1038 exceptio
1982 995 2012 1031 in

1143 1037 1239 1069 usuris
1264 1035 1308 1067 rei
1329 1037 1484 1077 judicatae.
1517 1046 1612 1077 quam
1637 1037 1865 1077 exceptionem
1889 1040 2012 1071 invenit

1143 1079 1223 1119 Imp.
1247 1077 1430 1110 Antoninus
1452 1078 1473 1109 i.
1500 1086 1526 1109 1.
1551 1078 1584 1109 C.
1608 1079 1641 1109 de
1663 1079 1760 1118 usuris
1784 1080 1824 1110 rei
1860 1080 2018 1112 ‘udicataer

1142 1121 1277 1158 volens,
1304 1118 1348 1150 Ut
1373 1120 1424 1160 qui
1434 1117 1498 1160 post
1514 1119 1674 1161 legitimum
1694 1125 1803 1160 tempas
1816 1126 1839 1161 p
1852 1122 1937 1152 acitis
1957 1131 2013 1153 non

1143 1161 1378 1202 obtemperaverit
1399 1183 1409 1199 ,
1440 1167 1559 1195 usuram
1583 1160 1762 1199 centesimam
1785 1163 1917 1202 temporis
1940 1164 2014 1204 quod

1138 1202 1235 1244 postea
1243 1201 1368 1242 fluxerit
1379 1224 1388 1240 ,
1402 1202 1505 1239 solvat.
1525 1201 1559 1233 ln
1580 1203 1683 1233 verbis
1699 1203 1775 1243 legis
1791 1204 1870 1234 nihil
1886 1205 2014 1244 quidem

1144 1245 1184 1276 de
1203 1242 1279 1275 fisco
1294 1243 1426 1275 dicitur:
1450 1244 1502 1274 sed
1521 1241 1627 1274 Graeci
1646 1243 1760 1282 Bafilic.
1785 1244 1832 1276 lib.
1857 1254 1887 1281 9.
1911 1247 1957 1276 tit.
1980 1240 2032 1286 gs

1142 1292 1209 1318 tom.
1237 1294 1263 1317 1.
1282 1291 1352 1326 pag.
1375 1290 1447 1324 518.
1466 1294 1535 1316 eam
1552 1285 1591 1316 de
1608 1283 1684 1316 fisco
1702 1286 1879 1326 accipiunt:
1905 1286 1934 1317 ὅ(
1951 1286 2013 1318 huc

1141 1327 1230 1358 ducit
1249 1325 1415 1366 Inscriptio
1432 1335 1500 1367 quae
1518 1326 1614 1358 habet
1629 1349 1639 1366 ‚
1671 1326 1745 1367 Imp.
1775 1327 1947 1359 Antoninus
1970 1329 2012 1362 A.

1147 1368 1390 1400 Procuratoribus
1418 1368 1632 1400 hereditatum:
1673 1369 1711 1399 ad
1743 1377 1822 1409 quos
1853 1368 1955 1400 exstat
1981 1370 2011 1401 ὄῑ

1142 1409 1341 1450 Rescriptum
1367 1407 1528 1441 Divorum
1554 1408 1697 1441 Fratrum
1717 1410 1736 1441 l.
1760 1419 1809 1451 32.
1833 1409 1875 1442 D.
1900 1411 2012 1452 dejure

1136 1450 1205 1491 fisci
1238 1459 1391 1491 praeterea
1408 1451 1476 1481 vult
1494 1451 1673 1482 Antoninus
1692 1452 1720 1482 d.
1744 1451 1763 1482 l.
1792 1461 1817 1482 1.
1844 1451 1948 1483 usuras
1965 1452 2010 1483 rei

1139 1493 1287 1533 Judicatae
1305 1490 1406 1522 statim
1437 1491 1534 1523 fluere
1560 1491 1626 1532 ipso
1644 1493 1712 1532 jure
1739 1492 1811 1533 post
1835 1493 2011 1533 legitimum

1140 1542 1286 1574 tempus,
1310 1532 1329 1564 si
1349 1533 1580 1565 condemnatus
1599 1534 1723 1574 placitis
1750 1543 1816 1565 non
1845 1536 2013 1575 obtempe-

1138 1574 1266 1606 raverit.
1309 1582 1441 1614 apparet
1466 1584 1578 1613 vern,
1595 1575 1625 1606 id
1651 1574 1800 1606 constitui
1826 1575 1855 1606 in
1880 1577 2012 1617 gratiam

1137 1614 1203 1647 fisci
1223 1616 1276 1649 cui
1290 1616 1481 1656 generaliter
1498 1616 1657 1647 debentur
1677 1615 1770 1647 usurae
1797 1617 1942 1649 tardioris
1967 1617 2012 1649 so-

1138 1657 1289 1694 lutionis;
1314 1657 1408 1688 etiarn
1427 1656 1565 1688 ceffante
1578 1658 1621 1688 rei
1637 1657 1914 1698 interpellatione:
1937 1667 2013 1692 cum

1137 1697 1234 1730 usurae
1253 1699 1320 1729 aliis
1338 1707 1377 1729 eo
1394 1705 1541 1739 tempore
1558 1708 1619 1729 nec
1636 1708 1676 1730 ex
1694 1697 1920 1738 causajudicati
1936 1708 2011 1732 ante

1137 1740 1332 1777 debeantur3
1363 1749 1457 1779 quam
1482 1739 1699 1780 interpellatio
1722 1740 1950 1774 intervenerit:
1975 1749 2010 1774 ut

1136 1780 1363 1813 demonstrabo
1380 1781 1430 1812 lib.
1454 1791 1483 1822 3.
1508 1791 1532 1812 c.
1554 1790 1584 1817 9.
1611 1780 1648 1815 &P
1670 1791 1694 1812 c.
1723 1789 1770 1814 10.

1177 1822 1230 1853 De
1248 1822 1480 1860 rebuspublicis
1496 1823 1661 1854 civitatum
1680 1823 1756 1863 quid
1782 1823 1953 1855 dicemus?
1977 1822 2007 1855 ἃ

1137 1862 1158 1894 fi
1183 1863 1287 1895 Plinio
1314 1862 1395 1895 fides
1418 1862 1496 1905 epist.
1520 1867 1571 1896 62.
1594 1864 1641 1895 lib.
1667 1873 1713 1896 10.
1737 1872 1914 1903 potuerunt
1941 1865 2007 1905 ejus.

1140 1912 1290 1946 tempore
1306 1914 1347 1936 ex
1364 1906 1498 1944 pecunia
1520 1905 1647 1945 publica
1664 1905 1773 1937 deberi
1796 1905 1892 1937 usurae
1908 1905 2005 1945 asses,

1138 1945 1202 1977 five
1221 1945 1421 1986 centesimae3
1445 1956 1617 1987 earumque
1639 1947 1785 1979 meminit
1801 1947 1898 1988 Lapis
1922 1949 2006 1988 apud

1137 1986 1314 2020 Gruterum
1327 1995 1395 2029 pag.
1424 1997 1489 2028 175.
1513 1988 1605 2025 Inscr.
1628 1999 1657 2027 4.
1684 1997 1779 2029 quem
1805 1988 1893 2028 posui
1916 1988 2006 2030 supra

1137 2029 1244 2069 capite
1264 2037 1291 2061 1.
1316 2028 1408 2069 hujus
1426 2029 1506 2061 libri.
1531 2028 1584 2061 scd
1608 2039 1680 2061 cum
1706 2039 1772 2062 non
1796 2030 1891 2061 facile
1914 2039 2008 2071 repe-.

1136 2071 1275 2101 rirentur
1290 2071 1343 2111 qui
1362 2071 1545 2111 reipublicae
1565 2071 1683 2103 debere
1702 2072 1821 2103 vellent
1836 2071 1891 2103 sub
1909 2071 2007 2103 usuris

1137 2119 1200 2143 tam
1216 2112 1387 2152 gravibus3
1410 2112 1496 2152 quod
1516 2112 1652 2152 publicae
1676 2112 1822 2153 pecuniae
1847 2122 1911 2144 non
1936 2122 2005 2144 cre-

1138 2154 1257 2185 duntur
1280 2151 1344 2184 fine
1366 2153 1552 2194 pignoribus
1570 2154 1693 2186 idoneis
1711 2155 1763 2185 vel
1787 2153 2004 2195 hypothecis3

1136 2203 1170 2225 ut
1193 2193 1348 2234 Ulpianus
1366 2195 1409 2226 ait
1423 2195 1442 2225 l.
1466 2204 1515 2235 33.
1540 2194 1568 2237 §.
1596 2204 1623 2226 1.
1649 2194 1691 2227 D.
1716 2196 1749 2226 de
1765 2198 1878 2231 nlur2'53
1904 2194 2006 2229 visum

1138 2235 1279 2276 Traiano
1302 2235 1363 2267 fuit
1371 2259 1381 2275 ‚
1404 2234 1519 2277 epistola
1534 2242 1669 2277 sequente
1685 2240 1734 2278 63.
1760 2237 1799 2267 ab
1816 2246 1852 2268 ea
1871 2238 2001 2269 recede-

1138 2287 1172 2309 re
1187 2277 1311 2316 forma3
1335 2277 1365 2309 &
1381 2276 1484 2309 Plinio
1501 2280 1704 2317 permittere,
1728 2278 1897 2319 (pertinet
1918 2278 2005 2323 enim,

1136 2328 1173 2350 ea
1191 2327 1241 2350 res
1258 2319 1353 2351 etiam
1372 2319 1412 2351 ad
1429 2319 1568 2351 Praelidis
1590 2320 1824 2358 providentiam
1840 2322 1867 2351 d.
1885 2319 1904 2351 l.
1922 2320 2001 2361 33.)

1134 2369 1168 2392 ut
1185 2361 1380 2392 minueretur
1406 2360 1561 2392 usurarum
1585 2361 1744 2401 quantitas
1765 2372 1773 2393 :
1797 2370 1861 2401 quo
1878 2358 2001 2394 facilius

1134 2403 1277 2442 pecuniae
1296 2401 1698 2442 publicae‘collocarentur.
1720 2411 1786 2434 non
1802 2411 1906 2434 tamen
1926 2412 2001 2443 prae·

1134 2442 1253 2483 scripsit
1270 2443 1374 2475 Plinio
1391 2452 1515 2475 certum
1533 2444 1682 2476 modum:
1707 2451 1828 2475 tantum
1846 2444 1929 2484 jussit
1950 2445 2002 2482 ei,

1135 2485 1221 2516 hunc
1237 2484 1432 2516 constituere
1447 2494 1487 2516 ex
1504 2486 1598 2526 copia
1618 2494 1730 2516 eorum
1751 2487 1803 2526 qui
1828 2486 2000 2517 mutuaturi

1136 2526 1245 2558 essent.
1270 2535 1379 2557 verum
1398 2525 1506 2567 postea
1530 2526 1668 2567 placuit,
1693 2536 1745 2557 eas
1763 2525 1999 2568 usurasftnnffes

1137 2567 1210 2599 csse.
1234 2567 1315 2599 Sane
1331 2567 1533 2599 Modestinus
1551 2567 1571 2598 l.
1597 2577 1643 2599 10.
1668 2567 1711 2599 D.
1736 2568 1769 2598 de
1786 2568 2001 2608 pollicitationi<

1138 2611 1207 2648 lius,
1233 2617 1305 2640 cum
1323 2609 1457 2649 Septitia
1475 2608 1585 2649 patriae
1601 2608 1661 2639 suae
1676 2615 1837 2640 certamen
1855 2609 2000 2650 pollicita

1137 2649 1214 2681 esset
1239 2659 1278 2681 ex
1303 2650 1478 2691 pendendis
1501 2659 1518 2681 a
1544 2649 1574 2681 se
1586 2651 1684 2690 solitis
1716 2650 1844 2691 triginta
1867 2650 2000 2682 millium

1135 2691 1250 2730 usuris,
1274 2689 1327 2722 sub
1351 2691 1558 2730 conditione,
1591 2691 1636 2722 uti
1662 2690 1727 2723 sors
1750 2691 1834 2732 apud
1857 2701 1926 2724 eam
1953 2701 2000 2723 re-

1133 2739 1298 2770 maneret,
1320 2741 1381 2764 nec
1398 2732 1499 2770 usuras
1515 2740 1618 2764 certas
1635 2730 1739 2764 forma
1756 2731 1998 2773 pollicitationis

1134 2773 1211 2805 effet
1229 2774 1400 2814 complexa
1416 2797 1426 2813 ,
1451 2773 1668 2814 usurassolitas
1692 2783 1756 2806 non
1782 2775 1876 2814 alias,
1902 2783 1997 2816 quam

221 2819 391 2851 stituerunt
408 2817 426 2848 l.
456 2825 479 2847 1.
505 2816 539 2847 C.
563 2819 595 2846 de
610 2818 653 2847 his
667 2819 769 2857 quibus
786 2823 819 2848 ut
835 2818 965 2858 indignis
982 2816 1087 2847 heredi·
1124 2814 1281 2855 sennffales
1306 2814 1370 2847 ess'e
1385 2838 1394 2853 ,
1427 2816 1653 2857 interpretatus
1676 2815 1732 2847 est.
1755 2825 1872 2856 easque
1896 2816 1997 2856 expri-

221 2866 295 2893 tates
309 2859 497 2896 auferuntur.
520 2858 618 2897 idque
631 2858 679 2896 jus
693 2858 805 2889 Paulus
823 2858 921 2890 refert
937 2859 955 2890 l.
985 2867 1031 2897 17.
1053 2857 1087 2899 ᾗ.

219 2906 250 2934 6.
274 2900 315 2932 D.
331 2902 363 2932 de
377 2900 484 2940 usuris.
507 2898 537 2929 dt
555 2899 660 2935 addit,
677 2899 860 2938 debitores,
875 2900 928 2939 qui
946 2900 1088 2930 minores

221 2942 392 2976 semiffibus
408 2939 594 2981 praestabant
616 2939 740 2977 usuraS,
763 2938 783 2970 fi
808 2939 872 2970 fisci
892 2940 954 2972 else
979 2949 1087 2978 coepe-

220 2986 311 3023 rint,
341 2981 506 3023 postquam
530 2980 569 3012 ad
593 2979 700 3011 fiscum
725 2980 930 3019 transierunt,
953 2980 1088 3013 semisses

221 3025 388 3067 cogendos
404 3022 465 3055 effe
481 3021 634 3063 praestare.
657 3021 686 3052 &
706 3020 769 3052 hoc
789 3020 941 3059 Ulpianus
956 3022 974 3053 l.
997 3026 1027 3053 6.
1043 3021 1086 3053 D.

223 3068 343 3108 dejure
359 3064 427 3106 fisci
451 3065 512 3101 ait,
535 3072 647 3094 verum
670 3061 751 3100 effe,
784 3071 824 3092 ex
844 3071 908 3102 quo
932 3063 1087 3098 convenit

223 3116 345 3139 certum
364 3106 546 3137 debitorem
563 3104 592 3135 ἃ
609 3102 831 3135 confitentem.
867 3103 983 3134 exinde
1001 3104 1088 3136 enim

223 3156 334 3189 petere
350 3146 470 3178 fiscales
482 3145 556 3185 ,etsi
574 3145 739 3177 breviores
756 3143 941 3175 debeantur.
965 3143 1006 3175 iic
1024 3146 1088 3176 edi-

222 3197 275 3219 tur
298 3197 337 3218 eo
364 3188 395 3218 in
420 3188 513 3218 loco:
545 3186 597 3218 sed
620 3185 759 3227 jacobus
784 3183 933 3225 Cuiacius
957 3184 1004 3215 Η).
1041 3195 1087 3220 19.

225 3229 346 3270 Observ.
371 3238 395 3259 c.
420 3238 448 3261 2.
471 3229 624 3270 corrigit,
643 3237 680 3260 ex
693 3236 748 3269 qno
765 3227 897 3259 convenit
913 3231 1022 3258 certum
1045 3228 1087 3257 cle-

1132 2857 1192 2889 mit
1202 2857 1334 2896 sequens
1350 2856 1621 2895 Monumentum,
1637 2857 1720 2898 apud
1737 2855 1912 2889 Gruterum
1923 2863 1997 2898 pag.

1131 2908 1200 2938 215.
1237 2897 1328 2935 Inscr.
1363 2908 1393 2930 2.
1423 2896 1534 2930 HOC.
1568 2896 1773 2937 AMPLIVS.
1800 2896 1836 2930 R.
1865 2898 1900 2930 P.
1928 2897 1999 2930 Pit-1

1131 2937 1407 2971 TlLlNORVM.
1449 2938 1733 2972 DAR1.VOLO.
1772 2939 1837 2972 HS.
1869 2937 1910 2971 X.
1951 2937 1996 2974 N..

1129 2979 1257 3013 ITEM.
1276 2979 1468 3012 VINEAM.
1495 2980 1857 3013 CHALClDIANAM.
1881 2979 1995 3025 CVM3

1130 3021 1329 3055 PARTEM.
1354 3020 1507 3054 FVNDI.
1526 3020 1786 3054 POMPEIANI.
1808 3020 1875 3053 EA.
1900 3019 1993 3053 VTI.

1132 3062 1320 3095 OPTIMA.
1342 3062 1527 3095 MAXIMA
1570 3061 1639 3094 UE.
1657 3060 1788 3095 SVNT.
1806 3057 1994 3094 FINIBUS:

1130 3104 1231 3143 SVIS.
1256 3102 1362 3146 QVA.
1387 3103 1496 3136 MEA.
1521 3104 1544 3136 F
1581 3102 1748 3137 ERVNT.
1766 3102 1901 3135 VOLO.
1921 3101 1995 3144 AV4

1130 3144 1245 3177 TEM.
1278 3144 1350 3177 EX.
1378 3142 1538 3178 VSVRIS.
1572 3143 1828 3177 SEMISSIBVS.
1853 3143 1919 3176 HS.
1949 3142 1993 3181 X.

1130 3186 1174 3218 N.
1203 3186 1477 3220 COMPARARI.
1502 3183 1846 3218 AVGVSTALIVM.
1877 3184 1995 3224 Loct.

1134 3226 1176 3260 N.
1217 3227 1289 3261 AD.
1321 3225 1710 3263 INSTRVMENTVM.
1741 3224 1993 3300 TRICLkQIISI·

1539 3293 1544 3301 .
1945 3275 1954 3298 l
1988 3292 1993 3299 ,
