2052 3487
222 176 266 210 ΒΟ

223 259 275 289 vel
298 257 383 297 Lex,
408 257 457 288 vel
482 251 812 288 Senatusconl‘ultum,
845 250 896 281 vel
918 249 1080 290 Princeps.

225 299 339 331 Sensus
363 308 439 328 vero
457 307 465 329 z
498 294 586 327 Folle
614 294 741 334 quidem
760 302 776 322 a
795 290 982 332 Magistrum
997 299 1081 321 man-

225 341 290 372 dari
315 349 350 369 ea
375 347 443 378 quae
462 338 503 368 illi
528 335 591 367 fine
607 334 731 374 speciali
758 335 847 374 lege,
873 340 993 362 tantum
1011 341 1081 371 pro-

224 389 297 420 pter
319 380 381 410 vim
398 378 518 418 imperii
540 383 591 407 aut
605 374 848 415 jurisdiCtiouis,
874 380 1083 413 competunt:

223 423 277 453 sed
304 430 366 451 non
394 429 430 449 ea
449 428 518 457 quae
536 441 545 456 ‚
575 417 694 456 absque
719 417 789 456 lege
811 414 898 446 soret
917 437 926 452 ,
954 423 971 444 a
993 413 1081 453 juris-

224 462 366 494 dictione
388 469 481 499 atque
502 458 636 499 imperio
664 457 802 498 separata
825 450 958 487 essent!
983 464 1081 501 porro

224 503 287 534 effe
311 503 390 532 lianc
414 501 521 531 tutelae
545 499 682 530 dationis
705 499 945 534 conditionem,
975 504 1009 526 ut
1027 505 1081 536 qui

224 544 411 584 imperium,
434 549 488 572 aut
502 540 751 581 jurisdictionem
768 539 883 575 habet,
913 546 1001 575 eam,
1028 536 1082 582 nisi

223 584 412 616 nominatim
435 582 523 623 Lege
546 582 690 621 accepit,
723 588 844 611 tantum
860 586 1082 626 propter-,yim

224 625 349 665 imperii
384 633 435 655 aut
459 623 683 663 jurisdictionis
706 631 770 653 non
804 621 928 652 habeat.
980 618 1081 650 Vides

224 666 352 707 Ulpiani
369 664 506 702 sensum,
532 664 624 695 etiam
643 663 793 703 scopum:
819 663 847 693 ἀ
874 662 955 692 adeo
979 661 1082 699 velle,

224 709 333 739 tutelae
358 707 520 737 dationem
545 715 607 736 non
627 706 755 744 quidem
779 704 930 734 haetenus
947 701 1009 733 esse
1027 704 1082 733 im·

223 750 303 789 perii
321 757 374 779 aut
389 747 632 788 jurisdictionis,
663 754 697 776 ut
719 746 863 776 videatur
887 742 1084 784 Magistratui

222 799 413 830 competere
432 789 499 828 jure
524 786 726 828 Magistratus
746 786 789 817 sui
807 809 815 824 ‚
847 786 885 816 ab
910 794 1015 825 eoque
1032 785 1083 816 alii

223 831 363 862 mandari
388 830 497 870 poffit:
523 828 573 859 sed
590 838 654 859 non
677 837 766 865 aeque
792 827 894 865 velle,
926 826 1007 857 lianc
1023 850 1032 864 ,
1063 824 1084 857 fi

222 871 420 913 Magistratui
442 869 528 910 Lege
549 879 602 900 aut
627 869 863 901 Constitutione
880 868 950 898 data
966 867 1018 906 lit,
1039 867 1084 908 ju-

220 913 436 951 risdifflonem
461 911 540 942 male
565 911 734 951 appellari:
767 911 831 940 hoc
847 911 931 941 enim
950 909 993 940 illi
1014 918 1083 948 pro-

220 954 357 994 positum
384 963 447 985 non
472 952 556 988 fuit3
590 961 742 992 praeterea
767 952 858 992 origo
879 951 967 981 verbi
993 959 1070 990 pote

220 994 345 1033 stasque
365 1018 375 1033 ‚
408 994 436 1025 dt
460 1003 556 1034 quem
579 995 662 1031 (lixi,
688 993 842 1024 Veterum
867 992 953 1029 usus,
979 991 1080 1029 ipiius-

222 1045 285 1076 que
309 1035 436 1075 Ulpiani
460 1043 556 1074 atque
579 1035 746 1066 Alexandri
763 1033 931 1065 auctoritas
952 1031 1080 1063 refellit.

222 1078 286 1109 Sed
309 1078 431 1115 verius,
463 1077 617 1115 dixerim,
646 1075 872 1116 jurisdictionis
894 1074 1081 1118 appellatio-

221 1128 296 1150 nem
315 1142 324 1158 ,
356 1128 428 1149 curn
452 1118 491 1150 de
517 1117 667 1157 majorum
700 1127 790 1148 more
824 1117 852 1148 ἃ
877 1115 925 1146 his
958 1113 1080 1146 effectis

222 1170 294 1200 quae
312 1170 352 1190 eo
371 1168 500 1200 recepta
520 1158 606 1198 sunt,
623 1163 792 1198 quaeritur,
815 1165 938 1189 tantum
957 1165 1082 1187 accom-

220 1202 344 1234 modari
361 1202 420 1232 illis
438 1210 506 1242 quae
525 1199 721 1241 Mag-stratui
735 1200 802 1239 jure
820 1199 951 1239 proprio
967 1198 996 1228 ἀ
1014 1206 1081 1229 mo-

220 1254 255 1274 re
283 1251 496 1283 competunt:
530 1241 571 1273 fiii
597 1242 639 1273 rei
665 1250 807 1272 naturam
832 1240 863 1271 ἂ
889 1240 978 1270 verbi
1009 1248 1082 1278 pro-

220 1285 390 1325 prietatem
416 1283 535 1322 species
553 1306 561 1321 ,
596 1284 690 1314 etiam
717 1282 878 1322 designare
895 1289 963 1312 eam
988 1288 1082 1320 quam

223 1325 378 1367 Ulpianus
394 1323 581 1365 plenzffiiiiam
595 1323 826 1366 jurisdictionem
847 1324 874 1354 α’.
893 1322 911 1353 l.
931 1331 959 1362 7.
977 1320 1006 1362 §.
1027 1321 1080 1352 ult.

218 1367 262 1398 D.
286 1369 319 1397 ale
344 1365 432 1407 officio
461 1366 637 1405 Proconsulis
663 1365 699 1400 ὃ)
726 1364 858 1406 Legati,
890 1371 943 1394 aut
959 1361 1084 1402 officium

215 1410 268 1450 jus
290 1409 409 1438 dicentis
439 1405 603 1446 lutiffinium
626 1407 644 1438 l.
676 1416 701 1438 1.
737 1405 777 1436 l).
803 1407 835 1435 de
859 1404 1082 1447 jurisdictione,

223 1449 406 1480 Gordianus
425 1458 502 1478 vero
519 1448 633 1488 plenam
650 1448 719 1488 legis
738 1446 876 1477 actionem
900 1454 994 1476 vocat
1017 1445 1026 1475 l
1056 1453 1082 1476 1.

222 1491 255 1521 C.
285 1493 317 1520 cie
341 1491 564 1529 adoptionibus:
599 1489 629 1519 ἃ
664 1489 737 1519 idco
772 1487 819 1518 his
845 1496 914 1527 quae
942 1486 1083 1527 specialis

221 1531 435 1563 conceffionis
456 1531 541 1567 sunt,
566 1531 671 1570 negari
691 1529 820 1560 minime

262 1571 400 1612 Exposui
430 1571 682 1611 jurisdictionem
715 1579 785 1610 quae
814 1569 960 1600 civilibus
983 1567 1081 1614 causis

220 1613 425 1645 consumitur.
472 1612 661 1651 Videamus,
685 1622 722 1642 aii
743 1620 863 1643 merum
880 1619 1010 1651 quoque
1028 1619 1082 1640 im-

219 1655 342 1696 perium
361 1655 447 1694 quod
465 1653 648 1685 criminibus
672 1661 850 1692 occupatur
867 1675 877 1690 ‚
905 1650 1082 1696 jurisdictio

219 1697 408 1737 appelletur.
455 1694 553 1737 Quod
571 1696 669 1735 magis
679 1703 793 1735 ,puto,
817 1693 846 1724 ὃ(
865 1702 882 1723 a
898 1692 1082 1732 Pomponio

220 1737 346 1779 probari
366 1738 384 1767 l.
405 1747 430 1768 2.
456 1737 483 1778 ᾗ.
504 1746 552 1777 23.
581 1735 622 1767 D.
648 1738 680 1766 ale
699 1736 808 1775 origine
819 1735 917 1776 jurzs;
942 1743 1014 1764 cum
1030 1742 1083 1764 ne-

220 1788 274 1820 gat
289 1802 299 1817 ,
324 1777 514 1810 Consulibm
538 1779 608 1818 lege
631 1776 809 1816 permifl'um
827 1774 937 1813 fuisse,
972 1773 1082 1814 injussu

220 1820 331 1861 populi
351 1820 400 1859 jus
420 1819 526 1849 dicere
545 1819 584 1849 de
604 1818 708 1858 capite
726 1818 803 1848 civis
820 1816 965 1847 Romani.
1012 1814 1083 1846 Cla-

219 1862 282 1894 rius
299 1869 404 1894 tamen
420 1859 640 1892 Tertullianus
661 1858 708 1894 Λιὶ
724 1857 877 1900 Scapulam
895 1866 918 1890 c.
932 1867 963 1898 4.
986 1865 1084 1898 quem

825 161 1126 197 GERARnx
1176 157 1404 196 NoonT

1123 248 1232 280 locum
1258 248 1334 279 mihi
1360 247 1501 290 suggeffit
1524 248 1581 281 Vir
1603 248 1785 291 Egregius,
1822 247 1982 290 Antonius

1125 289 1340 331 Schultingius
1356 313 1367 328 ,
1404 290 1649 330 jurisconsultus
1667 314 1676 331 ,
1723 299 1818 331 quem
1851 290 1984 324 honoris

1125 329 1214 361 causa
1231 332 1358 372 appello
1374 354 1383 369 ,
1416 339 1448 363 ut
1465 332 1589 373 infignis
1606 335 1671 372 ejus
1695 331 1832 363 eruditio
1852 333 1880 362 δι
1901 333 1985 372 peri-

1127 372 1168 403 tia
1184 381 1287 403 rerum
1309 373 1505 412 antiquarum
1534 383 1682 405 meretur.
1726 372 1833 404 Verba
1855 372 1984 404 Tertul-

1125 413 1211 444 liani.
1256 413 1339 444 Potes
1357 413 1392 447 δέ)
1409 413 1498 454 officio
1510 414 1721 456 jurisdictionis
1737 421 1791 444 tuae
1808 415 1913 455 fungi,
1945 414 1983 449 ἐξ

1124 454 1315 485 humanitatis
1340 455 1492 495 rizeininiffe
1506 478 1515 492 ‚
1546 457 1591 486 vel
1607 458 1677 496 quia
1697 455 1732 490 δέ)
1747 465 1798 486 vos
1810 457 1865 494 sub
1883 457 1982 496 gladio

1125 493 1199 534 estis.
1241 495 1323 539 Quid
1339 499 1413 527 enim
1429 497 1550 536 amplius
1566 499 1618 528 tiln
1634 499 1810 534 mandatur,
1833 506 1921 537 quum
1937 507 1987 528 no-

1125 544 1217 567 centes
1244 537 1377 577 confeffos
1399 538 1536 568 damnare
1551 561 1561 576 ,
1594 545 1730 580 negantes
1753 543 1850 569 autem
1871 539 1909 569 ad
1927 544 1985 569 tor-

1124 584 1218 608 menta
1233 587 1374 610 revocare.
1416 577 1619 611 Tertulliano
1636 580 1777 611 officium
1791 578 1985 619 jurisdickio-

1125 619 1172 649 nis
1200 618 1244 650 est
1267 619 1407 650 officium
1431 622 1508 651 mei-i
1528 621 1671 661 imperii,
1703 621 1753 652 seu
1778 621 1852 661 juris
1876 621 1984 662 gladii.

1125 658 1242 700 Neque
1259 660 1348 691 :iliter
1365 663 1518 702 accipitur
1535 663 1619 702 apud
1640 662 1859 695 Caffiodorum
1884 663 1933 693 lib.
1951 665 1984 694 6.

1128 700 1201 732 Var.
1228 700 1319 732 Form.
1340 712 1388 734 20.
1411 703 1443 733 in
1469 703 1671 743 {equentibus
1697 704 1802 734 verbis
1827 713 1897 744 quae
1915 702 1987 734 sunt

1127 743 1166 773 de
1185 742 1400 782 jurisdictione
1425 743 1579 776 Consulis.
1624 746 1740 776 Secures
1766 746 1840 775 enim
1866 744 1987 784 &fas-

1126 794 1188 822 ces,
1211 794 1280 825 quos
1297 784 1340 815 illi
1363 786 1473 816 dicavit
1495 795 1578 826 genzo
1597 789 1778 827 antiquitas,
1810 787 1868 816 tuis
1886 787 1987 817 viden-

1125 831 1174 855 tur
1182 825 1288 864 faleris
1304 827 1439 866 deputata
1453 850 1461 864 ,
1487 834 1519 857 ut
1529 827 1691 868 jurisdieti'o
1708 837 1791 858 conce
1815 838 1832 858 a
1853 828 1899 857 vel
1916 827 1989 858 taci-

1126 872 1156 897 ta
1173 865 1255 906 poffit
1271 870 1419 897 aaiizuriere
1432 870 1608 907 provincias.
1655 868 1753 900 Vides
1774 867 1919 900 Consulis
1941 870 1989 909 ju·

1125 908 1341 938 risdictionem
1357 918 1373 939 a
1392 908 1577 940 Caffiodoro
1600 909 1710 940 referri
1731 911 1826 941 etiarn
1852 910 1891 940 ad
1917 918 1988 941 cau-

1126 948 1169 979 sas
1201 949 1378 980 criminales
1406 951 1435 981 ἂ
1467 952 1542 981 meri
1573 952 1724 990 imperii:
1758 951 1874 990 pariter
1897 951 1987 982 utin

1124 989 1247 1020 Formul.
1271 999 1297 1020 1.
1320 991 1446 1031 ejusdem.
1463 992 1546 1030 libri,
1580 993 1630 1022 ubi
1646 993 1685 1023 de
1709 995 1820 1023 eadem
1839 991 1879 1023 fic
1902 991 1985 1023 infit.

1124 1031 1232 1062 llIerito
1242 1031 1335 1070 supra
1361 1041 1454 1062 omnes
1472 1034 1547 1062 cives
1558 1039 1689 1072 poterat,
1714 1035 1764 1074 qui
1785 1035 1820 1064 ab
1843 1031 1918 1073 hoste
1932 1040 1987 1074 pa·

1124 1074 1210 1102 triam
1234 1074 1429 1111 vindicabat,
1457 1074 1596 1104 utilitates
1616 1075 1746 1114 publicus
1773 1076 1825 1109 sub
1847 1076 1983 1116 (equitate

1123 1115 1268 1153 disponens
1284 1136 1294 1152 ‚
1317 1114 1370 1155 jus
1385 1115 1493 1145 dicebat
1513 1116 1598 1145 etiarn
1620 1116 1718 1155 capiti.
1763 1115 1912 1146 Simiziter
1929 1116 1987 1147 Pa-

1124 1155 1268 1194 pinianus
1298 1154 1317 1185 l.
1348 1164 1370 1186 1.
1398 1154 1439 1186 D.
1463 1157 1495 1186 de
1516 1155 1606 1196 officio
1628 1156 1688 1197 ejus
1711 1158 1760 1187 cui
1780 1158 1919 1188 mandata
1940 1154 1980 1197 esi}

1119 1195 1283 1237 jurisdictio
1308 1195 1415 1227 scribit
1431 1219 1441 1234 ‚
1474 1196 1581 1228 Errare
1598 1196 1794 1238 Magistratus
1809 1220 1819 1236 ,
1850 1199 1902 1239 qui
1920 1208 1987 1229 cum

1119 1238 1229 1277 publici
1251 1237 1361 1278 judicii
1388 1237 1491 1268 babent
1523 1240 1723 1270 exercitionem
1740 1262 1750 1278 ,
1780 1240 1874 1270 veluti
1896 1238 1988 1280 Legis

1125 1278 1216 1318 Juli'ae
1237 1282 1269 1308 de
1293 1279 1464 1317 adulteriis,
1497 1278 1533 1313 &³
1555 1278 1578 1315 [i
1602 1289 1664 1321 quce
1681 1286 1757 1318 sunt
1783 1281 1846 1311 aliae
1857 1279 1987 1319 finales,

1119 1319 1351 1360 jurisdictionem
1364 1320 1453 1361 suam
1469 1323 1618 1352 mandant.
1651 1330 1710 1362 pro
1727 1345 1738 1360 ,
1768 1323 1919 1354 mandant
1939 1321 1986 1362 ju-

1125 1360 1340 1392 risdictionem
1372 1360 1426 1393 fibi
1460 1361 1546 1403 Lege
1575 1361 1655 1402 Julia
1686 1362 1876 1394 concessam.
1916 1371 1988 1403 quae

1125 1411 1198 1433 cum
1218 1403 1348 1443 quaestio
1370 1402 1433 1434 five
1455 1404 1625 1435 criminalis
1638 1404 1814 1444 jurisdictio
1835 1403 1890 1443 fit,
1914 1413 1988 1444 pro-

1126 1443 1234 1474 batum
1252 1444 1321 1482 est,
1342 1444 1591 1484 jurisdictionem
1612 1448 1649 1476 ad
1666 1445 1771 1476 causas
1790 1454 1885 1483 quam
1906 1445 1987 1476 civi-

1125 1486 1189 1523 les,
1213 1493 1277 1516 tam
1294 1486 1491 1524 criminales,
1514 1485 1623 1517 referri
1642 1486 1736 1517 reae.
1782 1485 1856 1518 Nec
1879 1493 1987 1519 tamen

1124 1525 1273 1565 inficior,
1298 1526 1345 1557 his
1369 1527 1486 1565 rarius,
1510 1528 1568 1559 illis
1589 1527 1788 1568 frequentius
1803 1551 1813 1566 ,
1843 1536 1911 1559 eam
1934 1537 1988 1569 ap-

1124 1568 1255 1608 plicari3
1278 1568 1307 1598 ἀ
1323 1577 1391 1608 quae
1416 1568 1456 1600 de
1473 1569 1656 1600 criminibus
1677 1568 1721 1600 est
1736 1591 1748 1607 ,
1780 1569 1862 1600 lianc
1887 1569 1988 1610 magis

1125 1618 1248 1640 merum
1272 1609 1439 1649 imperium
1458 1632 1467 1648 ,
1498 1609 1549 1641 seu
1572 1609 1762 1650 potestatem
1778 1633 1787 1649 ,
1821 1619 1889 1650 quae
1907 1619 1987 1641 vero

1126 1651 1166 1681 de
1185 1643 1330 1681 civilibus
1354 1651 1450 1682 caulis
1474 1650 1519 1682 est
1534 1674 1544 1690 ,
1577 1661 1646 1683 eam
1672 1652 1769 1691 magis
1791 1651 1986 1692 jurisdictio-

1125 1700 1197 1723 nem
1215 1691 1366 1731 appellari
1390 1691 1409 1722 l.
1430 1701 1458 1732 3.
1480 1691 1522 1723 D.
1540 1691 1792 1734 dejurtsdz'etione.
1836 1692 1899 1724 Sed
1919 1693 1986 1723 vul·

1124 1742 1166 1774 go
1186 1741 1297 1764 notum
1316 1732 1380 1770 est,
1405 1733 1574 1764 verborum
1592 1734 1719 1773 inopia,
1737 1735 1766 1765 ἃ
1783 1743 1886 1764 rerum
1906 1734 1987 1765 mul-

1126 1773 1262 1804 titudine
1280 1772 1369 1808 fieri,·
1392 1781 1445 1811 ut,
1468 1783 1539 1814 quae
1556 1775 1681 1815 generis
1697 1775 1780 1805 loco·
1795 1773 1884 1813 sunt,
1906 1775 1988 1815 saepe

1125 1815 1155 1846 in
1183 1814 1319 1855 speciem
1345 1814 1525 1860 transeant,
1557 1817 1586 1848 ἃ
1604 1815 1752 1858 generale
1776 1824 1896 1848 nomen
1918 1824 1987 1848 tan-

1127 1862 1194 1892 tum
1210 1857 1242 1888 in
1260 1863 1350 1898 parte
1367 1863 1535 1888 retineant.

938 1979 1149 2017 CAPUT
1199 1978 1266 2014 11.

220 2088 473 2134 1ῗιινῐςαῖιίἵνῑῐοηιηη
492 2085 532 2127 &³
551 2088 707 2135 imperium

217 2243 294 2316 D
308 2241 402 2272 inum
422 2241 573 2273 haetenus
592 2241 631 2272 de
646 2242 883 2281 jurisdictione:
905 2241 1021 2272 deinde
1040 2241 1079 2272 de

320 2283 454 2323 imperio
472 2283 654 2314 videndum.
679 2283 719 2315 de
736 2293 801 2324 quo
821 2285 865 2315 ita
887 2282 1040 2324 Ulpianus
1058 2283 1078 2314 l.

217 2333 247 2363 3.
272 2322 314 2354 D.
340 2325 372 2353 de
393 2324 602 2364 jurisdictione.
810 2336 824 2338 ⁶

258 2364 416 2405 Imperium
440 2372 491 2396 aut
516 2375 624 2396 meram
641 2363 698 2406 eft,
723 2375 785 2396 ausc
807 2367 931 2397 mixtum
954 2362 1001 2405 est.
1026 2374 1081 2395 me-

281 2416 348 2436 rum
363 2405 401 2445 est
423 2408 571 2445 imperinm
590 2430 598 2445 ‚
630 2407 729 2437 habere
751 2408 843 2446 gladii
857 2404 1023 2447 potestatem
1045 2407 1083 2437 ad

279 2448 570 2478 ‹inuuaavertendum
610 2449 784 2489 facinorosos
816 2448 940 2479 homines
955 2471 963 2485 ‚
1009 2448 1083 2488 quod

279 2490 367 2519 etiam
393 2489 516 2529 potestas
548 2490 715 2528 appellatur.
766 2489 902 2520 Illixtum
930 2487 968 2528 est
996 2492 1081 2528 impe-

277 2530 356 2560 rium
373 2552 383 2566 ‚
414 2532 462 2560 cui
478 2531 562 2560 etiam
585 2530 744 2568 jurisdictio
765 2529 850 2572 inest,
875 2532 947 2571 quod
964 2531 995 2560 in
1011 2531 1081 2560 dan·

280 2571 318 2600 da
340 2571 475 2601 bonorum
492 2567 650 2611 poffeffione
676 2570 811 2612 consistit.
851 2570 1024 2612 Jurisdz'fflo
1042 2568 1081 2611 est

281 2613 366 2642 etiam
378 2612 484 2653 judicis
503 2614 593 2643 (laridi
610 2613 734 2644 licentia.

217 2651 326 2683 Locus
344 2654 503 2692 optimus;
528 2652 577 2685 i'ed
594 2655 701 2684 multis
718 2660 886 2694 corruptus
898 2677 906 2691 ‚
931 2653 1079 2684 omnibus

220 2693 390 2731 obscurus,
408 2695 550 2725 videtur:
569 2704 632 2725 non
651 2696 741 2726 aliam
759 2696 802 2724 ob
819 2694 958 2732 causam,
984 2703 1079 2734 quam

219 2735 291 2775 quia
310 2743 374 2765 non
394 2736 541 2767 omnibus
558 2736 673 2775 liquet,
692 2737 767 2775 quid
784 2735 918 2774 sithoc,
942 2735 1080 2766 Mixtum

218 2777 368 2815 imperium
394 2774 452 2815 est,
475 2779 522 2807 cui
546 2778 632 2807 etiam
652 2776 806 2817 jiiri'silifto
824 2775 904 2815 inest.
931 2775 1027 2817 lgitur
1046 2784 1080 2807 ut

217 2818 322 2848 lucem
347 2815 499 2852 inferam.
523 2816 609 2848 simul
636 2825 796 2857 receptam
824 2819 993 2849 lectionem
1021 2816 1078 2849 ser-

218 2867 312 2896 vem,
337 2858 471 2899 primum
497 2859 585 2889 lubet
610 2859 787 2896 inquirere,
812 2861 888 2898 quid
912 2861 1078 2899 imperium,

217 2900 335 2931 deinde
353 2900 428 2940 quid
444 2899 544 2939 ineffe‚
569 2898 731 2939 fignificet.
774 2899 857 2930 Puto
876 2909 1000 2938 autern,
1024 2900 1079 2931 im-

218 2941 343 2981 perium
371 2941 540 2979 indigitare
572 2940 774 2981 Magistratus
807 2942 1016 2980 potestatem,
1050 2941 1080 2972 &

220 2983 303 3013 idem
317 2982 527 3022 jurisdictioni
539 2981 657 3012 haberi.
676 2981 752 3013 Inde
766 2981 961 3022 Pomponius
972 2983 991 3013 l.
1006 2991 1076 3022 215.

218 3023 262 3054 D.
286 3025 319 3053 de
335 3022 709 3064 verborunzfignificatione
734 3023 795 3061 ait,
819 3024 985 3062 potcstatis
1011 3033 1078 3053 ver-

220 3064 296 3095 bum
320 3064 350 3096 in
377 3064 518 3101 personis
542 3063 783 3105 magistratuum
808 3065 973 3102 imperium
991 3063 1079 3104 ligni·

220 3103 325 3136 ficare.
368 3106 411 3136 Et
440 3105 594 3146 Ulpianus
618 3106 637 3136 l.
662 3115 690 3145 7.
714 3105 743 3146 §.
777 3114 820 3141 14.
847 3105 887 3136 D.
919 3109 952 3135 de
986 3104 1079 3144 pactis

219 3145 344 3183 scribit,
369 3148 402 3177 δι’
426 3152 555 3186 paciscar
569 3170 577 3183 ,
599 3156 634 3176 ne
652 3150 740 3186 operis
762 3147 832 3176 novi
863 3147 1078 3176 nunciationem

221 3190 375 3224 exsequar,
398 3191 534 3228 quosdam
555 3194 678 3228 putare,
702 3198 759 3218 non
775 3187 870 3217 volere
893 3186 1052 3227 pastionem
1067 3209 1077 3224 ,

220 3225 301 3266 quast
318 3227 347 3256 in
366 3237 397 3257 eci
415 3238 443 3258 re
463 3230 597 3260 Prretoris
614 3231 764 3268 imperium
781 3231 928 3265 versetur:
954 3228 985 3258 id
1011 3226 1055 3257 est
1067 3250 1076 3265 ‚

218 3267 366 3310 praetoria
387 3269 585 3310 jurisdictio,
609 3271 660 3303 vel
680 3269 746 3311 ipso
765 3268 904 3311 Ulpiano
922 3270 1077 3309 interpre-

727 2095 846 2122 tentunz
864 2087 1078 2132 nominissnno
1095 2086 1250 2133 distingui.
1305 2085 1456 2131 Ulpianus
1480 2085 1500 2118 I.
1524 2095 1555 2131 3.
1580 2084 1624 2120 D.
1649 2084 1684 2120 de
1699 2083 1908 2132 jurisdictione
1932 2095 1985 2119 ex-

733 2136 849 2183 positus
864 2163 874 2180 ,
894 2135 992 2183 salva
1017 2137 1140 2171 lectione
1166 2136 1309 2169 hactenus
1334 2141 1465 2179 recepta.

1125 2248 1157 2272 te
1174 2240 1192 2272 l.
1210 2249 1234 2272 1.
1252 2239 1280 2282 §.
1300 2249 1330 2276 9.
1353 2238 1394 2271 D.
1413 2240 1446 2271 de
1463 2238 1533 2269 novi
1548 2239 1636 2278 operis
1654 2239 1847 2269 nuntiatione.
1869 2237 1985 2270 Paulus

1125 2291 1254 2322 quoque
1271 2281 1290 2312 l.
1312 2290 1357 2312 12.
1375 2281 1404 2322 §.
1428 2290 1450 2312 1.
1473 2280 1513 2311 D.
1531 2281 1562 2309 de
1578 2280 1711 2319 justiciis,
1729 2280 1824 2318 Eum,
1842 2281 1889 2310 cui
1904 2289 1985 2310 inan-

1124 2326 1194 2355 data
1218 2321 1256 2362 est
1281 2322 1461 2363 jurisdictio,
1480 2322 1607 2363 judicem
1631 2322 1700 2352 dare
1729 2320 1821 2361 poffe:
1844 2326 1879 2351 ut
1908 2324 1984 2360 sunt

1127 2364 1234 2404 Legati
1251 2363 1466 2398 Proconsulum.
1493 2364 1559 2393 item
1571 2363 1637 2401 hos,
1660 2363 1764 2404 quilius
1782 2364 1810 2393 id
1826 2371 1900 2392 more
1915 2371 1983 2391 con-

1125 2406 1226 2446 ceffum
1247 2402 1304 2444 est,
1331 2410 1445 2445 propter
1474 2405 1535 2434 vim
1565 2405 1701 2444 imperii.-
1722 2402 1800 2441 ficut
1826 2401 1987 2441 Prefeetus

1124 2449 1190 2478 urbi
1205 2470 1213 2485 ,
1236 2446 1382 2486 caeteriqzie
1408 2445 1504 2477 Romae
1529 2442 1748 2486 Magistratus:
1774 2453 1832 2484 pro
1851 2451 1986 2484 propter

1124 2489 1190 2519 vim
1213 2487 1459 2528 jurisdictionis:
1482 2495 1555 2517 nani
1578 2489 1640 2525 (ut
1664 2484 1818 2526 Ulpianus
1844 2485 1862 2516 l.
1889 2495 1919 2526 3.
1938 2484 1983 2516 D.

1124 2531 1157 2560 de
1168 2527 1367 2570 jurisdictione
1383 2527 1515 2568 refert)
1526 2526 1698 2599 ἐκινὶςᾱίέἶίο
1714 2525 1753 2567 est
1770 2528 1856 2557 etiam
1871 2526 1984 2567 judicis

1123 2570 1350 2602 aanailicentia.
1394 2568 1508 2601 Rursus
1562 2569 1625 2608 ajus
1640 2569 1658 2599 l.
1678 2578 1695 2599 2
1726 2567 1768 2599 D.
1803 2569 1836 2599 de
1858 2568 1985 2608 adoptio·

1122 2614 1207 2643 nibus
1232 2610 1322 2649 infit,
1355 2610 1523 2642 Generalem
1555 2611 1731 2649 adoptionem
1762 2610 1871 2640 (luobus
1892 2608 1982 2639 modis

1116 2653 1204 2693 fieri,
1227 2658 1279 2684 aut
1305 2652 1452 2693 Principis
1478 2650 1667 2688 austeritate,
1699 2657 1751 2681 aut
1784 2647 1985 2689 Magistratus

1122 2695 1258 2735 imperio.-
1278 2693 1310 2725 id
1343 2693 1408 2732 est,
1441 2699 1475 2724 ut
1506 2700 1566 2733 ego
1589 2700 1720 2731 expono
1736 2714 1745 2729 ,
1766 2690 1984 2730 jurisdictione

1123 2735 1318 2773 voluntaria3
1335 2734 1376 2766 lic
1398 2734 1482 2765 enim
1497 2733 1672 2772 appellatur
1699 2732 1716 2761 l.
1741 2741 1767 2762 2.
1787 2732 1826 2762 D.
1845 2733 1876 2762 cle
1894 2730 1984 2771 officio

1126 2776 1304 2808 Procmmilis
1316 2775 1351 2810 ἐξ
1363 2775 1475 2817 Legati.
1486 2775 1637 2806 Similiter
1649 2772 1801 2813 Ulpianus
1817 2774 1836 2805 l.
1855 2773 1981 2814 13.§.4.

1122 2818 1165 2849 D.
1189 2819 1238 2849 Aa
1254 2816 1533 2855 Senatasconsultum
1552 2815 1781 2846 Trebellianum:
1812 2814 1855 2845 ait
1873 2817 1956 2845 enim
1970 2836 1982 2852 ,

1123 2860 1274 2891 Praezorem
1298 2860 1329 2889 in
1353 2854 1505 2889 Praetorem
1522 2880 1531 2894 ,
1563 2856 1608 2887 vel
1625 2856 1768 2892 Consulem
1786 2857 1816 2885 in
1835 2854 1983 2894 Consulem

1122 2900 1234 2931 nullum
1249 2900 1397 2937 imperium
1419 2899 1538 2935 habere3
1561 2899 1606 2933 led
1614 2896 1642 2935 st
1655 2896 1855 2938 jurisdictioni
1867 2897 1895 2932 [ε
1915 2897 1985 2933 sub-

1116 2943 1225 2983 jiciant
1239 2964 1247 2977 ‚
1272 2940 1425 2971 Praetorenz
1441 2941 1472 2970 in
1492 2949 1535 2970 eos
1547 2939 1599 2981 jus
1620 2939 1720 2969 dicere.
1768 2937 1918 2978 Ulpianus
1935 2938 1983 2976 Ju-

1123 2982 1337 3014 risdiCtionem
1368 2989 1463 3018 atque
1490 2981 1674 3020 imperium,
1705 2980 1781 3011 item
1814 2979 1984 3016 imperium

1123 3024 1239 3055 habere
1263 3023 1292 3053 &
1313 3023 1360 3062 jus
1392 3022 1517 3061 dicere,
1540 3022 1656 3062 pariter
1678 3020 1804 3059 accipit.
1850 3019 1889 3049 Ei:
1919 3019 1984 3050 boc

1122 3074 1194 3096 eum
1214 3065 1296 3095 velle
1317 3064 1453 3095 arbitror
1470 3064 1496 3093 ιὶ.
1522 3063 1540 3094 l.
1563 3073 1591 3104 3.
1618 3071 1690 3092 cum
1716 3060 1757 3092 fic
1783 3059 1871 3098 infit,
1895 3060 1985 3091 Mix-

1122 3114 1182 3137 tunz
1197 3103 1235 3147 eft
1250 3106 1416 3145 imperium,
1433 3107 1481 3136 cui
1499 3105 1585 3135 etiam
1597 3101 1760 3145 jurisaietto
1780 3100 1866 3140 inest.-
1882 3100 1984 3133 sensus

1122 3148 1227 3186 enim,
1251 3146 1392 3177 Mixtum
1411 3146 1579 3187 imperium
1602 3144 1665 3182 est,
1689 3152 1753 3182 quo
1779 3143 1874 3188 etiam
1892 3142 1984 3182 juris-

1120 3188 1219 3219 dicho
1249 3187 1452 3225 continetur3
1476 3187 1539 3218 five
1570 3187 1703 3217 mixtum
1738 3184 1906 3221 imperium
1937 3183 1984 3216 est

1121 3229 1209 3269 quod
1233 3229 1317 3260 civili
1337 3229 1555 3269 jurisdictione
1579 3224 1748 3262 censetur;
1771 3224 1834 3256 five
1854 3248 1863 3262 ‚
1895 3226 1984 3264 quod

1121 3271 1216 3303 ctiam
1251 3269 1426 3310 jurisdictio
1467 3268 1653 3310 appellatur.
1708 3265 1819 3299 Habes
1842 3264 1985 3339 'Ulpgggi
