2036 3495
173 124 242 160 280

252 218 312 241 rere
329 209 415 239 debet.
438 209 568 238 ceterum
585 200 658 238 &fi
677 201 810 234 occiderit
821 199 903 241 juffu
917 201 1025 231 domini
1035 220 1044 239 ,

254 249 387 281 Cornelia
401 256 466 277 euin
481 245 647 276 eximemus.
1036 250 1038 255 ’

176 290 266 332 Quid
282 287 404 320 audio?
430 287 552 317 sei-vum
564 307 572 322 ,
597 283 618 315 ii
638 282 800 314 bominem
819 281 977 314 occiderit
991 281 1045 313 do-

174 333 250 365 mini
265 330 362 371 jussu,
387 328 482 359 eximi
502 327 575 367 lege
592 323 743 355 Cornelia
760 324 775 355 ’ἒ
819 323 896 355 Non
917 323 981 354 hoc
999 332 1044 353 ra-

176 374 223 404 tio
241 373 401 411 patiatur:
433 369 462 400 &
485 368 569 399 clare
593 365 725 397 Alfenus
747 364 767 396 l.
789 375 839 398 20.
863 364 905 396 D.
929 365 962 394 cle
978 364 1045 394 obli-

170 413 337 456 gationibus
354 410 391 445 ὅ)
409 409 569 441 actionibus
584 431 595 446 ‚
626 407 736 438 Servus
751 429 760 445 ‚
780 407 887 446 ‘inquit
902 428 912 442 ,
935 415 993 436 non
1015 407 1046 435 in

173 454 305 486 omnibus
330 455 413 483 rebus
429 450 494 489 fine
518 457 602 489 poerw
620 449 732 478 domino
747 448 867 478 audiens
884 446 935 487 este
944 447 1019 486 solet
1036 456 1045 477 ε

167 494 258 534 sicuti
267 493 296 532 fi
311 495 443 525 dominus
461 492 599 522 hominem
616 490 739 520 occidere
756 495 809 519 aut
819 489 941 528 furtum
958 488 1046 519 alicui

167 537 270 577 facere
279 536 403 576 servum
413 532 546 576 juffiffet.
579 531 680 575 Quare
695 531 829 571 quamvis
843 530 951 561 domini
961 528 1046 570 juffti.

164 579 273 618 ser-vus
285 578 440 618 piraticam
453 573 561 614 feciffet
572 597 580 611 ,
600 573 746 614 judicium
759 572 791 601 in
806 580 871 602 eum
884 568 946 611 post
967 570 1045 600 liber-

175 624 265 657 tatem
287 619 367 649 reddi
391 622 506 658 oportet.
571 613 610 646 Et
632 614 827 654 quodcumque
850 613 883 643 vi
902 610 1017 652 feciffet
1033 630 1044 649 ‚

175 670 238 702 quae
263 662 310 691 vis
330 670 348 691 a
369 657 508 697 maleficio
533 665 591 687 non
615 653 735 694 abeffet:
758 656 802 685 ita
821 659 928 693 oportet
948 660 1045 691 poenas

174 712 241 733 eum
253 703 385 742 pendere.
431 700 486 730 Sed
503 696 532 736 fi
552 697 653 738 aliqua
667 697 737 726 rixa
754 704 791 727 ex
807 695 906 726 litibus
924 693 961 728 ὅ)
979 703 1043 724 cvn—

176 746 301 774 tentz‘one
325 749 395 774 nata
420 740 483 781 effet
498 760 507 777 ,
537 746 589 770 aut
612 739 713 779 aliqua
735 738 781 768 vis
800 737 879 776 juris
903 736 1046 767 retinendi

174 783 357 825 causafafta
373 783 455 823 effet,
479 780 515 815 ὅ)
538 781 575 811 ab
601 780 644 811 his
667 780 750 809 rebus
770 778 896 818 facinus
919 776 1045 817 abeffet:

176 832 240 857 tum
262 835 318 857 non
342 824 478 856 convenit
503 822 678 857 Proteum,
701 821 776 860 quod
790 819 890 856 servus
900 817 982 860 juffu
1000 819 1046 848 do-

174 868 248 899 mini
264 866 378 907 feciffet
395 888 406 903 ‚
438 867 472 896 de
493 873 526 895 eu
550 872 580 893 re
607 863 640 893 in
662 862 782 892 liberum
799 861 945 902 judicium
967 861 1046 890 dare.

175 908 265 951 Quid
282 918 360 949 ergo
377 905 530 955 fignificat
544 904 609 936 hoc
627 902 757 943 Ulpiani
775 903 803 933 d.
820 902 840 932 l.
860 910 904 941 17.
928 900 959 942 §.
976 909 1004 941 7.

218 949 359 980 Ceterum
382 948 419 983 ἐπ’
436 946 465 986 fi
488 947 620 979 occiderit
643 943 728 987 jziffu
749 944 856 975 dornini
870 965 882 982 ,
915 942 1048 974 Cornelia

256 999 322 1021 eum
337 999 503 1022 eximentus.

175 1033 362 1065 Franciscus
380 1029 566 1067 Accurfius,
590 1037 625 1061 ut
643 1028 819 1060 remedium
837 1025 912 1057 hnic
927 1023 1050 1056 adferat

175 1074 355 1106 difficultati
374 1097 383 1112 ,
417 1073 486 1104 vult
510 1070 639 1112 Ulpiani
667 1070 763 1102 verba
781 1068 842 1108 legi
861 1068 900 1099 ad
918 1067 1050 1097 modum

175 1115 468 1157 interrogationis3
504 1121 600 1153 atque
625 1112 653 1143 ei
686 1109 783 1142 iness'e
813 1109 878 1140 vim
902 1109 1048 1148 negandi.

175 1167 311 1199 eamque
329 1156 484 1197 loquendi
502 1154 632 1195 figuram
652 1152 732 1192 saepe
749 1150 888 1183 ufltatam
904 1158 976 1181 cum
993 1157 1049 1179 no·

174 1199 264 1238 stris,
290 1207 357 1230 tum
381 1198 448 1229 aliis
472 1196 655 1227 auctoribus
679 1192 789 1232 fuiffe,
810 1191 877 1232 ,ipse
899 1191 972 1222 alibi
992 1189 1049 1221 ob-

173 1239 308 1272 serva-vi.
334 1238 388 1271 sed
404 1245 533 1275 metu0‚
559 1246 598 1268 ne
622 1236 686 1267 hoe
706 1235 781 1266 loco
797 1232 895 1264 fuerit
912 1232 1050 1272 aliquan-

174 1290 211 1312 to
228 1282 348 1313 diii-ior.
392 1279 493 1321 Igitur
509 1288 588 1320 age,
611 1276 830 1317 experiamur,
854 1283 892 1305 an
911 1272 1049 1304 succurri

177 1321 321 1363 Ulpiano
339 1321 429 1354 aliter
454 1321 484 1352 ὅ(
510 1320 603 1360 possit
619 1319 649 1350 ἃ
667 1317 793 1349 debeat.
837 1314 926 1357 Quid
943 1316 1049 1352 enlin,

168 1363 198 1402 fi
217 1372 383 1405 putemus,
407 1371 479 1393 eum
500 1367 632 1392 caeterum
650 1361 757 1391 dicere
774 1366 832 1398 pro
849 1356 906 1387 alio
926 1358 994 1391 uin,-
1019 1355 1049 1386 δι

177 1405 371 1437 contrariam
402 1403 589 1435 sententiam
627 1401 666 1432 ab
701 1397 836 1430 absurdo
865 1407 899 1429 re
917 1394 1048 1428 cllere?

176 1446 233 1478 Sic
256 1445 286 1477 se
309 1455 359 1477 res
386 1444 495 1476 habet.
516 1444 653 1483 primum
673 1441 715 1472 ait
732 1439 910 1481 Ulpianus,
933 1437 963 1470 Si
987 1436 1045 1469 sei·-
1087 1475 1090 1479 ,

172 1496 234 1520 ,νας
252 1487 395 1527 injuriam
419 1485 534 1517 fecerit
558 1482 678 1515 domini
693 1477 791 1521 juffu,
814 1479 945 1511 rationis
967 1478 1048 1518 effe,

177 1535 213 1560 ut
229 1528 377 1560 dominus
394 1528 447 1571 qui
464 1534 538 1557 eum
562 1525 592 1555 in
611 1522 769 1565 potestate
795 1520 909 1560 habet,
931 1529 1050 1552 conve-

166 1569 234 1601 .niri
251 1568 345 1609 possit
362 1568 391 1599 δι
409 1566 464 1599 suo
482 1566 614 1598 nomine
630 1564 755 1596 actione
771 1563 911 1601 dii-esta,
931 1561 1050 1593 &servi

165 1611 308 1642 <nomine
323 1608 450 1640 actione
466 1607 585 1640 noxali.
628 1604 724 1645 Hoc,
747 1613 821 1636 cum
846 1604 969 1635 servum
993 1601 1046 1633 ha-

173 1652 231 1683 bet
247 1651 278 1682 in
295 1648 465 1691 potestate.
511 1648 574 1680 Sed
592 1643 696 1689 finge,
722 1643 938 1678 manumissum
957 1640 1046 1676 ess‘e‘?

175 1694 220 1725 ait
235 1691 411 1733 Ulpianus,
433 1691 464 1722 in
489 1699 563 1723 eum
586 1689 721 1720 dandam
745 1686 927 1724 astionem3
949 1685 1047 1726 idque

177 1734 365 1767 Labeonem
382 1732 522 1764 censere.
567 1730 675 1772 Quam
699 1728 744 1761 ob
769 1727 917 1763 causam?
947 1726 1047 1767 dupli-

174 1785 267 1808 cem:
291 1784 361 1807 nam
380 1775 409 1806 &
426 1782 529 1811 noxa,
551 1772 676 1813 inquit,
699 1776 794 1810 caput
811 1767 972 1809 sequitui-3
987 1775 1047 1799 nec

164 1818 207 1850 vin
224 1818 332 1849 omnia
350 1817 457 1847 sei-vus
474 1813 609 1846 domino
626 1821 737 1854 parere
762 1811 872 1843 debet.
895 1815 1025 1841 coeterum
1036 1831 1047 1848 ‚

172 1860 203 1892 &
221 1858 242 1891 fi
258 1858 416 1891 occiderit
431 1855 510 1896 jussu
527 1853 648 1887 domini
668 1877 678 1893 ‚
711 1851 861 1885 Cornelia
884 1859 956 1883 eum
980 1850 1048 1882 exi-

176 1910 313 1933 memus.
363 1897 477 1931 Sensus
505 1894 577 1929 est:
609 1892 787 1935 Alioquin,
817 1892 839 1926 fi
863 1890 1049 1924 excusamus

173 1943 300 1974 servum
318 1942 348 1972 in
365 1940 473 1971 omnia
493 1945 658 1978 parentem
679 1936 812 1968 domino
828 1958 838 1974 ,
861 1935 891 1966 ἀ
908 1932 928 1965 fi
948 1933 1049 1965 homi-

175 1993 250 2016 nem
279 1982 438 2015 occiderit
465 1979 544 2020 juffu
575 1977 724 2017 domini,
762 1987 778 2007 a
806 1977 877 2017 lege
897 1974 1048 2006 Cornelia

178 2034 252 2060 eum
270 2023 513 2057 excusabimus:
537 2020 627 2062 quod
643 2018 688 2051 est
704 2018 882 2050 abfui-dum.
914 2015 966 2047 Sic
985 2015 1049 2048 sen-

177 2067 225 2098 tio
241 2076 251 2104 ς
282 2074 378 2106 atque
400 2074 441 2096 eo
458 2063 580 2102 verius:
604 2063 676 2102 quia
692 2060 730 2091 ad
749 2059 896 2091 eamdem
911 2057 1048 2089 formam

176 2109 262 2139 idem
287 2108 428 2146 disputat
452 2103 607 2144 Ulpianus
631 2102 650 2133 l.
669 2113 696 2140 4.
721 2100 750 2143 §.
770 2111 799 2142 3.
825 2099 866 2131 D.
888 2100 921 2129 de
944 2098 1048 2129 aliena-

174 2151 251 2180 tione
263 2149 370 2191 judicii
391 2147 525 2178 mutandi
548 2143 635 2183 causa
652 2141 741 2183 faeta
768 2141 871 2174 verbis
894 2139 1050 2180 sequenti·

177 2191 247 2221 bus.
289 2191 322 2221 Si
339 2190 403 2230 quis
420 2193 517 2219 autem
544 2188 576 2217 ob
599 2185 816 2219 valetudinem,
838 2187 891 2214 aut
912 2187 1022 2212 aetatem
1037 2203 1048 2220 ,

178 2237 231 2262 aut
248 2230 444 2271 occupationes
461 2227 629 2267 necefftirias
648 2227 726 2257 litem
740 2226 773 2257 in
787 2224 879 2255 alium
893 2220 1047 2263 transtule-

178 2273 219 2303 rit
235 2295 246 2310 ,
277 2272 310 2302 in
330 2280 363 2302 ea
387 2269 474 2307 causa
496 2278 553 2299 non
575 2266 632 2308 eft,
658 2272 691 2298 ut
708 2267 757 2298 hoc
774 2265 878 2298 Eatuo
896 2270 1046 2296 teneatur:

179 2324 245 2345 curn
268 2314 301 2344 in
322 2312 373 2344 boc
398 2310 502 2342 Eclitto
526 2309 582 2340 doli
598 2309 667 2339 mali
675 2307 734 2348 fiat
755 2308 869 2339 mentio.
893 2313 1046 2337 caeterum

179 2357 233 2386 erit
252 2351 438 2386 interdictum
455 2351 491 2386 &³
502 2358 554 2392 per
566 2356 779 2391 procuratorem
799 2349 936 2386 litigare,
959 2347 1047 2377 donzi-

175 2398 222 2427 m'o
237 2398 268 2428 in
287 2405 330 2426 eos
344 2395 509 2435 plerumque
522 2401 559 2423 ex
569 2388 650 2433 justa
666 2392 752 2431 causa
767 2387 915 2428 translato.
958 2387 1047 2419 Simi-

179 2438 254 2469 liter
272 2438 303 2468 in
319 2436 339 2467 l.
356 2446 386 2475 5.
409 2434 438 2476 §.
454 2444 484 2473 4.
507 2433 549 2465 D.
573 2434 606 2464 de
629 2432 809 2463 Carboniano
827 2430 930 2463 Eciie'to
946 2452 957 2467 .,
989 2425 1023 2460 Si
1038 2452 1049 2468 ,

180 2479 311 2520 inquit,
340 2474 439 2517 miffus
455 2476 555 2517 fuerit
577 2475 609 2506 in
624 2471 814 2516 poffeffionem
839 2471 1023 2511 adversarius
1039 2493 1050 2510 ,

767 111 1078 147 Gauianx
1125 109 1358 145 Nooii1=

1090 196 1305 236 desiderandum
1331 208 1349 230 a
1375 197 1519 237 Proetore,
1541 207 1577 241 ne
1599 197 1791 241 instrumenta
1807 204 1839 236 in
1851 197 1952 246 poffesa

1082 238 1191 278 fionem
1200 243 1287 280 suam
1306 240 1439 281 redigat:
1461 247 1612 272 caeterurn
1634 242 1786 283 decimam·
1801 246 1927 285 pupillus
1941 237 1960 285 ῥ’

1087 281 1155 328 dum
1170 281 1215 312 vel
1229 279 1386 322 instruitur
1401 281 1584 318 adversarius
1598 282 1660 321 ejus
1675 305 1686 322 ,
1706 283 1752 314 vel
1766 286 1849 316 etiam
1864 288 1950 322 inter-

1087 329 1178 362 cepere
1193 331 1226 352 ea
1239 320 1337 363 potest.
1381 321 1423 353 Et
1441 324 1472 354 in
1496 323 1515 353 l.
1537 331 1581 362 15.
1606 322 1625 365 §
1651 333 1680 364 7.
1703 323 1746 355 D.
1768 326 1801 356 de
1823 335 1852 356 re
1869 328 1949 367 jucli-

1087 368 1164 410 cota.
1209 363 1314 395 Verba
1330 362 1409 395 sunt.
1434 363 1489 395 Sed
1497 362 1527 402 fi
1541 371 1666 405 emptor,
1689 366 1737 396 cui
1747 368 1870 407 pignora
1878 369 1951 406 sum

1088 403 1221 443 adama,
1243 410 1410 446 eayequente
1427 406 1545 446 judice,
1565 408 1693 447 pretium
1713 416 1771 437 nort
1788 407 1898 445 fislvet:
1920 420 1952 444 ue

1088 451 1164 476 trum
1181 446 1325 493 ‚aduersus
1348 453 1499 486 emptorem
1509 448 1656 488 porrigere
1669 457 1774 480 manus
1788 449 1905 479 debeam
1919 451 1953 481 t's·

1089 487 1150 517 dem
1170 488 1282 528 yudzces
1300 510 1309 525 ,
1340 488 1392 528 qui
1405 488 1584 528 sententiam
1604 491 1802 530 exsequuntur
1816 512 1826 527 ,
1855 490 1953 522 viden—

1088 530 1158 558 dum
1174 525 1238 567 est?
1262 527 1302 559 Et
1318 537 1375 561 non
1386 534 1456 568 puto
1470 539 1513 560 eos
1529 530 1606 561 ultra
1611 532 1770 570 procedere.
1794 529 1952 565 Caeterum

1088 568 1169 609 longe
1184 578 1225 599 res
1239 570 1348 600 abibit.-
1370 571 1441 610 quid
1457 573 1532 601 enim
1548 572 1672 602 dicemus
1687 571 1703 602 ,9
1726 566 1952 603 condemnabunt

1089 615 1258 657 emptorem,
1286 610 1321 644 ἐπ’)
1330 608 1374 648 fic
1395 619 1583 652 eujequentur
1606 614 1743 652 adversus
1763 622 1826 644 eum
1842 616 1955 652 senten·

1087 656 1158 681 tiam
1174 650 1190 681 ?
1215 660 1255 682 an
1270 649 1374 691 statim
1391 654 1589 693 prejudicato
1616 655 1781 685 habebunt?
1804 654 1840 688 &³
1862 655 1958 695 quid,

1081 690 1110 739 fi
1123 694 1247 740 negetse
1259 691 1352 738 wlff?
1363 715 1373 731 ‚
1395 699 1447 725 aut
1463 694 1607 735 exsolviffie
1625 698 1778 727 contendat
1796 694 1812 726 3³
1845 694 1955 727 Melius

1087 740 1182 775 igztur
1194 739 1268 780 erit,
1284 732 1313 770 si
1331 743 1386 764 non
1394 734 1428 773 se
1445 736 1638 775 interponant.
1876 770 1879 773 Δ

1116 773 1269 822 ‘Ulpiano
1284 784 1411 814 jungam
1430 775 1600 812 Proculum
1620 778 1640 809 l.
1659 788 1705 818 15.
1731 778 1772 810 D.
1795 780 1827 809 de
1843 780 1956 819 tritico,

1088 825 1175 862 virio,
1199 816 1245 846 vel
1261 816 1316 846 oleo
1334 816 1435 857 legato.
1460 827 1530 848 nam
1548 819 1577 850 Gt
1596 820 1620 850 is
1641 821 1754 851 vocula
1772 843 1781 858 ‚
1805 829 1955 860 caeterum,

1091 865 1191 902 utitur
1208 856 1292 887 sensu
1313 857 1407 896 plane
1424 857 1534 890 similit
1556 861 1647 900 quod
1672 861 1828 893 verissime
1854 862 1958 894 obser·

1091 906 1179 929 vaVit
1204 897 1343 944 jacobus
1369 897 1515 938 Cujacius
1542 900 1590 932 lib.
1616 911 1643 932 2.
1674 901 1828 942 Observat.
1858 914 1882 936 c.
1906 907 1956 944 36.

1090 938 1162 978 sed,
1186 939 1274 986 quod
1292 948 1389 971 miror
1407 940 1517 981 fugiss'e
1534 941 1644 974 Virum
1663 943 1751 975 illum
1770 953 1834 975 non
1856 945 1957 976 minus

1089 980 1306 1027 perspicacem
1323 1004 1332 1019 ,
1370 990 1464 1018 quam
1486 982 1693 1015 nouissimum
1710 1008 1719 1022 ,
1752 985 1852 1025 aliqua
1883 994 1956 1026 eget

1092 1022 1328 1053 emendatione.
1362 1022 1470 1054 Verba
1485 1023 1612 1056 Proculi
1630 1025 1650 1057 fi
1669 1025 1740 1066 quis
1760 1025 1958 1059 considerare

1092 1064 1202 1101 volet,
1229 1064 1297 1094 liaec
1315 1062 1394 1095 sunt.
1940 1068 1948 1095 'i

1132 1104 1248 1138 Vinum
1280 1114 1345 1136 cum
1370 1103 1445 1142 vasis
1479 1104 1598 1146 legavit.
1649 1098 1750 1147 Negat
1781 1104 1956 1148 Trebatius,

1172 1148 1247 1187 quod
1267 1147 1298 1177 in
1316 1146 1398 1177 doliis
1409 1145 1467 1184 fit,
1492 1148 1602 1177 deberi.-
1625 1145 1662 1181 δὲ’
1683 1149 1793 1185 sensum
1817 1148 1955 1190 testatoris

1170 1188 1260 1219 altum
1273 1194 1358 1228 putot
1375 1187 1450 1228 effe3
1473 1189 1622 1219 verborum
1638 1189 1736 1221 alizam.
1760 1196 1891 1223 eceteram
1907 1194 1953 1223 do·

1170 1226 1210 1260 lla
1234 1230 1265 1275 in
1282 1227 1360 1274 vasts
1374 1230 1499 1260 ‘vinariis
1522 1238 1579 1260 non
1597 1229 1692 1269 effi’nt.
1737 1231 1819 1272 Ego,
1844 1231 1895 1267 etsi
1909 1235 1957 1264 do-

1174 1269 1214 1300 lia
1230 1280 1259 1300 zn
1281 1270 1358 1306 vasis
1374 1271 1500 1301 vinariis
1518 1274 1658 1310 nonsunt
1674 1294 1684 1309 ‚
1709 1278 1803 1303 tamen
1822 1266 1877 1304 non
1895 1267 1957 1305 cort·

1171 1314 1294 1358 oederent
1313 1310 1461 1349 Trebatio,
1485 1313 1590 1342 vinum
1604 1335 1614 1351 ,
1638 1316 1713 1352 quod
1729 1315 1760 1345 in
1776 1314 1857 1345 doliis
1873 1313 1957 1355 effit,

1170 1353 1200 1383 id
1215 1350 1271 1392 est,
1293 1354 1366 1393 quod
1388 1354 1419 1384 in
1442 1351 1519 1390 vasts
1538 1362 1596 1383 non
1621 1352 1704 1393 estet,
1727 1364 1784 1385 non
1808 1355 1859 1396 effe
1881 1357 1957 1397 lega-

1172 1400 1246 1425 tum.
1289 1393 1367 1425 Illud
1390 1403 1490 1424 verum
1507 1393 1558 1434 effe
1577 1401 1647 1434 puto
1661 1418 1670 1433 ‚
1700 1397 1748 1426 cui
1768 1397 1873 1427 vinum
1894 1407 1960 1428 cum

1174 1433 1253 1473 vafis
1274 1434 1402 1476 legatum
1424 1436 1496 1472 erit,
1518 1436 1544 1465 ei
1568 1435 1742 1477 amphoras,
1772 1438 1873 1476 coctos,
1896 1440 1959 1479 qui—

1171 1477 1223 1507 bus
1238 1477 1309 1507 virm
1325 1475 1432 1516 diffusa
1445 1476 1596 1514 sbrvumus
1607 1500 1617 1515 ‚
1639 1477 1745 1517 legatos
1761 1478 1819 1519 effe.
1845 1480 1950 1510 ‘vinum

1171 1518 1246 1548 enim
1261 1519 1293 1549 in
1309 1518 1458 1564 amphoras
1477 1518 1513 1552 ὃ*
1528 1520 1611 1549 cados
1635 1519 1688 1549 buc
1706 1527 1798 1550 mente
1814 1519 1956 1561 diffundi,-

1171 1568 1255 1606 mus,
1278 1565 1311 1589 ut
1329 1568 1362 1589 m
1383 1559 1427 1590 his
1439 1556 1497 1596 fit,
1521 1559 1607 1590 donec
1622 1564 1690 1597 ulus
1706 1560 1792 1597 caula
1805 1563 1956 1601 probetur:

1172 1598 1210 1634 δ’
1226 1601 1339 1647 Jcilicet
1366 1600 1396 1630 t'cl
1420 1601 1573 1631 vendimus
1596 1610 1659 1631 cum
1682 1602 1726 1632 bis
1748 1603 1890 1642 amphoris
1921 1602 1957 1637 δ’

1169 1641 1247 1687 cadis
1267 1652 1275 1673 :
1305 1643 1337 1672 tn
1358 1640 1434 1672 dolia
1457 1647 1554 1673 autem
1572 1640 1630 1673 alla
1653 1645 1745 1673 mente
1767 1644 1932 1686 conjicimus
1946 1666 1956 1680 ,

1160 1682 1272 1723 scilicet
1288 1705 1298 1721 ‚
1330 1688 1364 1712 ut
1388 1691 1424 1713 ex
1448 1682 1491 1713 bis
1510 1680 1607 1722 postea
1631 1683 1679 1713 vel
1701 1685 1733 1714 in
1757 1687 1906 1725 amphoras
1923 1683 1960 1719 ἐπ’

1118 1762 1123 1768 Ι
1170 1724 1252 1754 cados
1268 1722 1486 1764 diffundamus,
1508 1722 1625 1761 velfiiie
1647 1722 1714 1764 ipsis
1740 1726 1822 1757 doliis
1839 1731 1955 1758 veneat.

1084 1761 1146 1802 ,Sic
1165 1761 1335 1810 Florentiae
1352 1764 1468 1806 legitur
1482 1786 1492 1803 ,
1515 1773 1576 1795 nec
1593 1763 1736 1797 refluunt
1750 1767 1859 1798 caeteri
1874 1767 1960 1802 codi-

1090 1813 1155 1838 ces.
1179 1804 1279 1837 scribe
1296 1808 1403 1838 tamen
1422 1811 1497 1838 meo
1514 1805 1669 1846 periculo.
1953 1824 1956 1829 -

1133 1845 1247 1880 thum
1274 1856 1339 1878 cnm
1366 1843 1443 1886 vasis
1473 1846 1593 1888 legavit.
1646 1844 1748 1889 Negat
1777 1847 1925 1881 Trebatius
1940 1872 1952 1889 ,

1168 1889 1244 1930 quod
1265 1889 1296 1919 in
1320 1888 1404 1919 doliis
1421 1886 1462 1925 fic
1484 1889 1578 1919 deberi
1594 1897 1603 1919 :
1632 1887 1796 1928 &sensum
1822 1889 1958 1931 testatoris

1168 1930 1272 1965 alium,
1284 1935 1372 1970 putot
1397 1928 1474 1969 effe3
1505 1930 1655 1961 verborum
1680 1930 1780 1963 alium.
1809 1927 1957 1963 caeterum

1173 1971 1249 2003 dolia
1271 1971 1304 2017 in
1330 1969 1407 2005 vulis
1429 1971 1554 2001 vinariis
1577 1969 1636 2011 effe.
1690 1971 1752 2014 Ego
1773 1970 1824 2010 etsi
1839 1972 1912 2004 dolia
1925 1973 1958 2005 in

1170 2011 1388 2085 glans-leimarus
1407 2022 1463 2043 non
1471 2017 1566 2052 sunt,
1591 2019 1688 2043 tamen
1703 2022 1760 2044 non
1774 2015 1956 2045 concederem.

1217 2064 1249 2085 re
1266 2063 1347 2093 iqua.

1091 2092 1204 2126 Sensus
1228 2095 1349 2134 planus.
1399 2093 1484 2125 Vino
1508 2102 1580 2125 cum
1605 2094 1682 2126 vans
1705 2094 1812 2136 legato
1827 2118 1838 2134 ,
1867 2101 1961 2138 negat

1091 2134 1265 2182 Trebatius
1283 2158 1293 2174 ,
1332 2135 1441 2166 vinum
1463 2135 1552 2175 quod
1574 2135 1604 2166 in
1629 2135 1722 2167 doliis
1745 2136 1781 2167 fit
1795 2159 1805 2174 ‚
1840 2137 1960 2169 deberi.

1090 2179 1189 2217 Atqui
1206 2200 1217 2216 ,
1239 2177 1362 2217 inquies
1378 2194 1388 2214 ,-
1414 2177 1523 2207 vinum
1547 2176 1635 2216 quod
1659 2177 1690 2208 in
1708 2175 1784 2208 valis
1799 2177 1854 2216 fit,
1879 2178 1961 2219 iega-

1092 2227 1157 2250 tum
1183 2218 1239 2250 est.
1289 2218 1351 2250 Sed
1375 2216 1548 2248 Trebatius
1573 2216 1638 2249 hoc
1663 2218 1833 2257 concedit,
1856 2218 1876 2250 fi
1894 2218 1961 2259 qui-

1092 2262 1166 2292 dem
1189 2260 1228 2290 ad
1253 2260 1349 2290 verba
1373 2258 1575 2298 spectemus:
1600 2268 1707 2290 verum
1730 2265 1841 2299 putat,
1863 2260 1973 2292 alium·

1090 2301 1152 2334 ess'e
1178 2301 1338 2333 testatoris
1369 2298 1499 2331 sensum.
1531 2307 1682 2332 caeterum
1698 2323 1707 2339 ‚
1739 2301 1771 2333 id
1793 2300 1855 2339 est,
1879 2301 1956 2332 alio-

1114 2343 1166 2375 iiin
1185 2365 1196 2382 ,
1225 2342 1309 2374 dolia
1331 2341 1403 2388 sore
1431 2342 1463 2372 in
1493 2340 1570 2372 vasis
1601 2342 1739 2373 vinariis.
1778 2343 1864 2383 quod
1896 2340 1959 2383 ipse

1107 2383 1202 2416 alsum
1220 2382 1282 2415 esse
1300 2382 1465 2415 existimat.
1509 2382 1572 2414 Sed
1599 2383 1639 2414 de
1657 2383 1703 2414 liis
1723 2385 1816 2423 paulo
1837 2383 1958 2423 plenius

1094 2426 1134 2458 V.
1160 2424 1221 2457 CL.
1246 2424 1385 2464 jacobus
1409 2423 1553 2465 Cujacius
1578 2424 1606 2455 d.
1630 2424 1681 2455 loc.
1714 2432 1809 2464 quem
1829 2446 1839 2462 ,
1867 2422 1888 2454 si
1914 2425 1957 2455 luo
1980 2461 1982 2465 ¹

1091 2468 1168 2507 bet,
1192 2466 1280 2498 vide.

886 2591 1098 2626 CAPUT
1153 2580 1240 2620 XV.

307 2691 461 2728 Notabilis
479 2690 612 2737 loquendi
620 2689 733 2737 forma
750 2690 833 2736 apud
854 2690 1021 2736 Ulpianum
1044 2686 1064 2722 l.
1081 2694 1115 2768 acti.
1140 2683 1183 2735 D.
1210 2682 1244 2717 de
1266 2676 1458 2716 curatoribus
1467 2676 1590 2726 furioso
1607 2673 1648 2718 ὃ)
1662 2678 1734 2714 aliis
1748 2684 1837 2713 extra

932 2738 1060 2772 minores
1105 2734 1203 2768 anais.

182 2849 300 2922 Itane
315 2844 332 2876 ¹?
375 2841 530 2882 Ulpianus
554 2842 573 2873 l.
595 2850 626 2879 4.
661 2841 703 2873 D.
733 2843 766 2873 de
791 2841 971 2872 curatoribus
993 2839 1045 2879 fu-

240 2887 310 2926 riost)
327 2884 364 2920 ὅ)
379 2884 444 2915 aliis
458 2889 542 2914 extra
559 2884 679 2913 minores
697 2883 799 2914 dandis
816 2882 859 2913 ait
879 2881 897 2913 *ἓ

222 2927 343 2964 Furiosoe
365 2925 468 2957 matris
490 2925 601 2955 curatio
625 2924 662 2954 ad
680 2922 778 2962 filium
789 2924 932 2963 pertinet.-
953 2922 1047 2962 pietas

260 2970 336 3000 enim
348 2966 519 3009 parentibus
529 2988 538 3002 ‚
561 2962 611 3002 etsi
632 2964 781 3005 inaequalis
796 2963 834 3004 ‘fl
850 2973 946 2996 eorum
956 2969 1048 3004 potes-

262 3017 325 3048 tas,
347 3017 427 3050 (equa
442 3008 569 3038 debetur.

180 3053 270 3095 Quid
286 3061 364 3092 ergo
381 3049 470 3081 vult?
493 3048 628 3087 aliquam
654 3044 748 3078 Civili
767 3045 839 3085 Jure
855 3044 918 3076 esse
940 3045 1046 3077 matris

180 3096 211 3126 in
229 3095 347 3125 liberos
366 3089 575 3133 potestatein;
599 3086 654 3119 etsi
677 3096 742 3118 non
767 3093 905 3123 tantam,
928 3095 1045 3126 quanta

180 3136 224 3167 el't
244 3134 364 3174 patris?
388 3132 503 3174 possint
520 3139 613 3171 quem
631 3137 763 3159 movere
781 3126 908 3166 Ulpiani
926 3129 1021 3158 vei-bri
1035 3151 1045 3167 ,

178 3177 277 3208 Pietas
294 3177 370 3206 enim
383 3173 571 3214 parentibus,
591 3169 642 3213 etfi
663 3167 811 3209 inaequalis
835 3164 872 3205 est
891 3176 985 3198 eorum
997 3175 1045 3208 po-

181 3214 284 3257 testas,
306 3226 388 3258 aqua
401 3216 529 3249 debetur.
573 3212 616 3246 At
632 3211 695 3244 noc
711 3217 806 3244 nemo
825 3207 978 3240 Veterum
992 3218 1046 3241 co—

1087 2834 1217 2878 gitavit:
1241 2843 1280 2865 ne
1295 2831 1454 2872 Ulpianus
1470 2830 1611 2872 quidem.
1635 2830 1701 2862 imo
1720 2829 1746 2861 is
1770 2829 1789 2861 l.
1806 2839 1835 2870 4.
1861 2827 1900 2860 D.
1923 2829 1957 2860 de

1087 2878 1132 2909 bis
1145 2877 1199 2916 qui
1215 2875 1260 2913 sui
1277 2875 1322 2905 vel
1339 2874 1426 2904 alieni
1437 2873 1520 2915 juris
1529 2878 1606 2913 sunt
1628 2871 1669 2904 fic
1692 2871 1796 2903 scribit
1809 2894 1818 2910 ,
1842 2869 1905 2912 Qui
1919 2878 1955 2900 ex

1088 2928 1132 2950 me
1150 2911 1187 2952 ξοδ
1201 2925 1290 2948 uxore
1304 2924 1365 2946 mea
1384 2916 1534 2953 nascitur,
1556 2915 1588 2945 in
1604 2923 1666 2945 mea
1678 2910 1814 2953 potestate
1827 2913 1873 2952 est.
1912 2909 1954 2941 Et

1089 2959 1277 2999 Justinianus
1300 2957 1330 2998 §.
1361 2965 1408 2988 io.
1438 2953 1513 2995 Inft.
1546 2956 1579 2986 de
1613 2954 1806 2995 adoptionibus
1834 2959 1953 2992 negat,

1091 3000 1250 3033 Foeminas
1271 3002 1428 3038 adoptare
1460 2995 1548 3036 posse
1566 3007 1574 3028 :
1606 2996 1636 3027 δε
1666 2995 1751 3026 addit
1773 2994 1953 3030 rationem;

1090 3051 1158 3084 quae
1183 3040 1263 3073 ratio
1288 3038 1333 3070 est
1349 3062 1359 3077 ‚
1394 3038 1478 3079 Qtia
1497 3047 1548 3068 nec
1572 3035 1717 3068 naturales
1732 3034 1828 3064 liberos
1853 3035 1883 3063 in
1883 3032 1954 3103 ¹sua

1082 3081 1220 3125 potestate
1250 3081 1361 3114 babent.
1400 3080 1474 3112 ,Sed
1501 3088 1565 3111 rem
1590 3079 1753 3109 dicamus:
1790 3082 1854 3105 non
1897 3081 1954 3104 uni:

1088 3123 1242 3164 captanda
1258 3120 1386 3162 Ulpiani
1405 3121 1521 3159 verba,
1555 3116 1618 3156 Etsi
1636 3113 1782 3156 inaequalis
1797 3112 1835 3153 ⁶st
1857 3123 1953 3146 eorum

1082 3163 1217 3207 potestas.
1240 3162 1285 3194 est
1302 3163 1386 3193 enim
1407 3162 1438 3193 iii
1462 3162 1509 3192 liis
1530 3159 1642 3201 Figura
1664 3165 1726 3188 non
1751 3155 1900 3191 diffiniilis
1914 3159 1960 3190 rei*

1089 3217 1147 3247 qua
1169 3207 1329 3245 justiniam
1346 3203 1428 3243 ,luno
1444 3201 1556 3237 affatui·
1571 3224 1582 3239 ,
1605 3198 1685 3240 apati
1714 3195 1882 3238 Virgilium
1903 3195 1952 3229 lib,

1881 3244 1953 3269 xii,
