2036 3495
162 105 233 139 252
601 89 636 125 G
667 100 688 124 iz
722 97 745 121 a·
777 95 798 120 A
822 95 853 119 iz
884 94 909 119 D
945 93 960 118 1
1013 82 1052 119 N

169 181 296 223 testque
321 190 357 213 ea
378 179 463 221 quod
486 177 608 218 pignori
631 177 738 207 datum
764 173 826 212 est,
852 171 956 213 repeti
985 180 1042 212 op·

174 225 255 255 tinio
279 225 357 263 J'ure.
388 220 472 260 atqui
506 227 570 249 non
595 216 639 247 est
662 215 761 246 soluta
788 214 932 255 pecunia.
957 215 1042 245 recte

174 274 297 297 mones.
320 262 372 293 sed
402 260 477 301 quid
502 258 547 289 est
563 267 643 298 opus
667 256 765 295 solvi,
790 256 874 296 quod
897 264 960 286 non
986 254 1043 286 de·

174 307 276 337 betur.
301 303 434 334 tenebor
467 300 562 340 igitur
590 296 811 339 pigner-atina,
837 297 865 327 dt
890 296 974 327 nulla
999 295 1044 326 so-

174 347 297 378 lutione
330 342 438 373 facia:
476 340 548 381 quia
581 341 666 371 nulla
696 337 865 370 necessaria
886 361 894 376 ‚
926 345 1047 368 tantum

173 387 317 427 sperato,
342 392 406 414 non
425 381 591 413 contracto
606 381 728 412 debito.
773 379 890 419 Liquet
913 386 1048 418 primum

175 426 304 466 Ulpiani
323 423 519 464 exemplum.
564 423 708 453 Alterum
733 421 794 452 tale
818 419 874 451 est.
918 418 1048 456 Titum,

177 475 311 507 accepta
328 473 436 496 mutua
453 464 732 505 pecunia,aliquid
750 461 873 502 pignori
891 461 978 492 dedit
997 459 1050 490 sub

177 507 382 538 conditione.
406 515 443 537 ea
466 506 613 537 conditio
639 504 772 536 deiecit.
798 512 861 533 non
886 500 989 542 potest
1015 510 1047 531 o-

174 548 328 589 bligatum
356 547 454 578 videri
482 548 593 587 pignus
617 569 626 585 ,
664 545 718 576 ubi
741 543 863 575 defecit
894 542 1048 574 conditio.

175 591 341 630 postquam
359 590 483 629 pignori
495 588 571 628 quid
588 587 640 618 sub
657 585 839 617 conditione
857 583 902 615 est
921 585 1048 620 datum,

178 630 342 671 perfetius
368 632 412 661 est
439 629 620 660 contractus
648 627 807 668 pignori&
831 634 891 657 nec
908 624 972 662 est,
995 632 1052 654 cur

180 680 324 711 nequeat
341 671 428 712 quod
445 669 490 702 est
507 671 614 701 datum
632 668 776 709 pignori,
801 666 926 698 afflone
943 667 1049 706 pigne-

178 714 285 745 ratitia
301 710 572 753 repeti:qua1nvis
591 710 689 741 soluta
713 719 776 740 non
792 708 828 739 sit
846 708 983 748 pecunia
1000 708 1052 737 de·

183 754 258 786 bita.
285 755 356 794 quia
379 754 463 785 enim
487 751 610 783 defecit
634 751 775 792 pignoris
800 749 960 780 conditio:
984 749 1049 788 pig-

179 797 252 828 nori
274 797 381 827 datum
401 804 465 826 non
486 795 582 833 magis
603 793 722 834 pignori
746 798 893 828 tenetur,
919 798 1011 830 quam
1031 787 1051 819 fi

177 836 281 868 soluta
299 836 375 868 esset
394 836 528 875 pecunia
540 845 549 873 3
561 843 632 866 cum
650 834 762 874 pignus
777 834 846 871 jure
862 830 949 862 foret
967 829 1050 860 obli-

178 886 309 919 gatum,
338 877 493 908 existente
524 874 719 906 conditione.
763 872 957 913 Exemplum
990 871 1052 901 noc

180 920 306 960 'Ulpiani
331 919 475 949 alterum.
521 917 625 949 Venio
656 916 695 946 :id
720 916 858 946 tertium.
896 915 956 944 lioc
979 921 1052 952 qua-

179 961 245 993 le?
274 959 381 991 Titius
414 957 605 1000 Sempronio
638 955 774 998 promisit
806 963 962 992 centum3
1001 953 1053 984 de-

183 1003 293 1042 ditque
327 1002 355 1032 ei
386 1009 452 1031 rem
483 999 616 1040 pignori.
661 1008 736 1030 mox
773 996 979 1036 Sempronius
1010 994 1055 1025 illi

181 1050 351 1083 acceptum
398 1041 470 1073 tulit
504 1041 657 1072 debitum.
687 1037 835 1080 potestne
868 1038 978 1077 pignus
1011 1044 1058 1065 rc-

183 1087 251 1125 peti
282 1083 406 1115 aftione
438 1081 672 1123 pigner-atina?
703 1080 802 1111 Forte
828 1079 941 1116 dices,
973 1076 1058 1120 debi-

185 1134 253 1157 tum
289 1134 354 1156 non
386 1123 448 1155 ess'e
486 1123 668 1154 naturaliter
701 1121 846 1152 solutum.
892 1118 954 1149 Sed
983 1117 1057 1158 quid

183 1166 311 1199 refert?
335 1166 463 1207 quando
485 1164 731 1204 acceptilatione
750 1161 794 1194 est
813 1160 989 1192 extinctum
1015 1159 1057 1189 ci-

184 1208 290 1240 viliter
306 1207 324 1238 l.
348 1216 416 1247 107.
435 1205 476 1238 D.
493 1206 735 1244 desolationibus.
760 1204 819 1234 hac
844 1201 912 1232 sane
931 1209 964 1231 ut
995 1208 1057 1230 non

185 1249 350 1289 contingat
368 1248 515 1279 naturalis
533 1246 667 1285 solutio,
691 1254 788 1284 utque
813 1243 955 1274 debitum
980 1240 1055 1272 libe-

187 1298 274 1323 ratur
292 1288 459 1321 solutionis
475 1288 625 1327 exemplo
642 1288 659 1318 l.
674 1298 703 1328 5.
723 1287 762 1316 D.
780 1286 812 1316 de
826 1283 1055 1323 acceptilatione,

184 1333 324 1372 ideoque
342 1329 520 1370 imaginaria
548 1328 658 1360 solutio
684 1327 858 1368 appellatur
878 1325 906 1366 §.
934 1333 958 1355 1.
986 1321 1056 1362 lull.

189 1373 308 1416 Quibus
324 1372 413 1402 modis
438 1371 549 1401 tollitur
564 1371 703 1410 obligatio.
736 1367 811 1399 Non
829 1366 923 1407 igitur
943 1366 1055 1396 mirum

186 1421 250 1454 est,
263 1416 323 1445 hoc
341 1413 438 1444 modo
455 1412 519 1442 dari
540 1411 772 1451 pigneratitiam
791 1408 970 1445 actionem3
986 1416 1055 1446 pei·-

184 1457 261 1490 inde
278 1464 314 1486 ac
332 1454 353 1485 si
374 1462 446 1483 vera
469 1452 498 1483 &
516 1453 662 1483 naturalis
685 1450 798 1482 solutio
826 1446 1054 1480 interveniss‘et.

186 1495 336 1538 Superest
353 1496 382 1525 in
400 1494 429 1524 d.
447 1493 465 1523 l.
487 1502 531 1523 11.
547 1492 575 1533 ὃ.
595 1502 622 1524 2.
647 1491 837 1532 postremum
857 1488 982 1530 Ulpiani
1000 1497 1054 1519 ex-

185 1538 335 1578 emplum.
383 1533 415 1564 In
432 1543 471 1563 eo
488 1534 676 1573 proponitur
696 1531 757 1564 effe
775 1532 881 1563 debita
898 1530 1051 1571 pecunia3

185 1579 302 1613 deinde
330 1573 532 1607 intervenisse
551 1574 675 1613 paetum
692 1598 700 1612 ‚
726 1584 765 1605 ne
783 1580 916 1613 petatur.
940 1571 1052 1612 quaeri-

185 1630 257 1659 tur,
288 1627 326 1649 an
353 1617 439 1647 locus
464 1615 500 1647 iit
524 1615 643 1647 actioni
673 1613 911 1656 pigneratitiae?
935 1620 1058 1644 certum

185 1663 249 1699 est,
273 1659 376 1690 adhuc
401 1657 543 1688 debitum
570 1656 650 1694 esse,
675 1658 704 1688 ἃ
731 1655 818 1697 posse
842 1655 965 1685 actione
991 1653 1056 1693 peti

181 1702 251 1745 ipso
265 1703 343 1743 jure.
367 1707 518 1730 caeterum
543 1697 563 1729 fi
582 1706 722 1738 petatur:
746 1697 782 1728 fit
798 1696 944 1728 adversus
961 1694 1058 1726 fidem

184 1745 266 1788 pasti
282 1744 331 1774 cui
357 1741 426 1771 stari
446 1740 548 1772 voluit
565 1740 693 1771 Praetor.
715 1739 859 1778 alioquin
880 1736 968 1774 sinit,
985 1745 1055 1766 eam

186 1786 262 1820 elidi
282 1784 487 1822 exceptione.
511 1781 574 1811 hoc
598 1780 703 1812 facto:
723 1781 785 1821 jam
810 1779 885 1810 nihil
905 1777 1055 1815 interest,

184 1836 290 1860 Utrum
309 1823 452 1857 debitum
475 1822 633 1854 solutione
658 1822 811 1853 sublatum
835 1819 1055 1859 iitipsojure‚

185 1878 223 1903 an
248 1868 342 1910 patro
369 1874 426 1906 per
450 1863 696 1905 exceptionem:
720 1863 749 1895 &
774 1862 859 1893 redte
883 1860 1055 1901 Ulpianus,

184 1912 214 1945 d.
232 1912 250 1942 l.
271 1919 315 1941 it.
340 1907 370 1949 §.
388 1916 416 1939 2.
441 1905 495 1937 etsi
512 1906 647 1945 pecunia
672 1914 735 1936 non
760 1903 857 1935 fuerit
876 1902 990 1939 soluta,
1014 1909 1056 1932 ta-

186 1962 261 1987 men
289 1959 360 1992 quia
388 1947 522 1989 perinde
544 1945 609 1985 est,
632 1955 668 1977 ac
689 1945 709 1977 fi
735 1946 833 1977 soluta
857 1944 952 1982 esset,
977 1943 1055 1974 facit

186 1992 395 2039 pigneratitiae
413 1987 528 2021 actioni
545 1989 663 2020 locum.
698 1986 774 2018 Non
790 1985 932 2018 diffimile
947 1993 1054 2016 exem-

188 2037 277 2078 plum
295 2033 339 2065 est
358 2032 440 2071 apud
457 2030 589 2062 Paulum
611 2030 630 2061 l.
652 2039 699 2061 20.
728 2028 756 2070 §.
773 2038 800 2060 2.
820 2028 867 2058 D.
885 2028 913 2058 h.
931 2032 951 2056 t.
975 2025 1055 2057 Fac:

190 2076 336 2110 debitum
354 2076 397 2104 est
414 2073 565 2103 creditori
583 2071 750 2109 oblatum„
768 2078 873 2109 eoque
896 2068 1060 2100 recusante

189 2120 358 2157 accipere,
383 2124 398 2144 a
417 2114 564 2144 debitore
595 2111 793 2153 obsignatum
818 2113 846 2142 ά
871 2108 1060 2149 depositum.

190 2161 267 2202 quid
287 2156 426 2189 Paulus?
450 2153 614 2192 nimirum,
632 2155 703 2194 quia
720 2163 776 2193 per
793 2152 985 2184 creditorem
1004 2149 1060 2180 ste-

193 2204 250 2238 tit,
267 2209 331 2240 quo
349 2199 453 2230 minus
471 2195 663 2233 solveretur,
678 2204 810 2234 propter
827 2193 1063 2224 similitudinem

191 2243 336 2278 rationis,
363 2241 445 2270 idem
464 2237 525 2269 esse
545 2237 795 2274 observandum,
820 2235 905 2275 quod
921 2233 1063 2264 futurum

193 2285 290 2321 esset,
315 2283 335 2314 fi
360 2281 471 2312 solutio
499 2278 582 2310 fana
605 2277 690 2309 esset.
714 2287 777 2308 non
797 2278 881 2307 enim
898 2284 1029 2315 oportet
1048 2284 1064 2305 a

193 2326 355 2357 creditore
384 2321 543 2361 pendere,
567 2330 605 2351 ne
633 2319 786 2353 liberetur
810 2318 953 2349 debitor:
977 2325 1064 2357 para-

191 2375 241 2398 tus
258 2368 285 2397 ei
309 2366 396 2406 quod
413 2363 511 2394 debet
532 2361 664 2392 solvere.
691 2360 784 2402 igitur
801 2360 821 2392 fi
840 2359 980 2390 creditor
999 2357 1063 2390 fine

194 2408 281 2439 causa
300 2409 420 2438 recuset
439 2404 587 2440 accipere
606 2403 750 2434 oblatum
769 2402 931 2437 debitum,
957 2401 985 2430 ἃ
1007 2400 1061 2431 de-

192 2449 278 2480 bitor
296 2458 335 2479 ex
354 2456 442 2478 inore
460 2444 659 2486 obsignatum
680 2444 839 2482 deponat,
859 2441 913 2472 etsi
932 2443 1063 2481 proprie

191 2499 257 2523 non
284 2491 400 2527 solvat,
424 2497 529 2518 tamen
553 2487 628 2526 juris
653 2484 917 2523 interpretatione
941 2482 1064 2515 solvisse

192 2531 399 2571 intelligitur,
421 2538 523 2568 eoque
548 2527 649 2558 statim
674 2527 703 2557 se
727 2526 756 2557 ὅ(
786 2529 936 2567 pignora,
970 2533 1063 2556 caete-

193 2582 306 2609 rasque
329 2571 521 2602 accessiones
547 2568 688 2600 liberasse
711 2567 729 2598 l.
754 2567 806 2598 zilt.
842 2567 871 2598 C.
891 2568 923 2597 (le
947 2566 1065 2597 lantone

190 2614 330 2656 pignoris.
356 2611 423 2643 lino
450 2611 623 2651 Ulpianus,
646 2609 667 2641 fi
693 2609 819 2640 debitor
844 2610 925 2645 apud
949 2609 1063 2639 l’raeto-

194 2664 263 2688 rem
287 2655 317 2684 in
341 2655 406 2692 iure
431 2652 546 2684 offerat
573 2653 739 2693 pecuniam
771 2659 840 2689 quse
870 2650 988 2688 petitur
1004 2673 1012 2686 ‚
1037 2649 1065 2680 δι

198 2697 341 2728 creditor
365 2703 432 2724 eam
456 2694 533 2725 nolit
561 2695 727 2733 accipere:
751 2693 812 2729 ait,
839 2692 924 2730 quod
947 2691 1066 2721 Praetor

198 2740 226 2770 ei
251 2741 386 2777 denegat
412 2734 550 2765 afflone<
571 2736 590 2765 l.
615 2745 664 2775 30.
694 2735 731 2765 D.
757 2734 789 2763 de
810 2733 1004 2768 solutionibus.
1028 2741 1064 2762 ac

199 2780 370 2811 secundum
389 2776 456 2806 haec
473 2777 657 2814 explicanda
675 2776 693 2806 l.
716 2784 759 2807 11.
782 2774 812 2805 C.
830 2776 863 2804 tie
880 2776 991 2808 usuris:
1014 2774 1065 2805 ad-

198 2821 300 2852 hibita
317 2819 379 2851 levi
400 2820 624 2847 emendatione
642 2827 734 2856 quam
759 2816 877 2847 tentavi
894 2816 941 2846 lib.
962 2826 990 2847 2.
1018 2816 1068 2846 De

191 2864 306 2904 foenore
322 2859 358 2895 δέ)
375 2859 468 2896 usuris
484 2867 507 2887 c·
526 2868 554 2892 9-
570 2865 638 2896 pag.
657 2868 724 2889 221.
749 2858 821 2889 Plus
839 2856 988 2897 Ulpianus
1003 2856 1021 2886 l.
1040 2866 1069 2893 9.

202 2905 230 2947 ᾗ.
254 2906 304 2934 ult.
334 2904 373 2932 l).
392 2901 418 2930 h.
444 2906 465 2930 t.
498 2905 557 2935 ant,
591 2898 654 2939 Qui
683 2908 758 2930 ante
791 2898 985 2930 solutionem
1004 2899 1070 2938 egit

200 2943 421 2987 pigneratitia,
445 2949 507 2971 non
526 2939 611 2969 τεᾶὶε
629 2939 739 2977 egisse:
764 2941 793 2971 ἀ
813 2948 919 2971 tamen
938 2939 957 2971 fi
984 2941 1057 2979 inju

199 2986 286 3019 dicio
304 2984 420 3017 offerat
440 2982 626 3020 pecuniam,
639 2981 754 3010 debere
774 2991 838 3011 rem
859 2980 1070 3021 pignoratam,

201 3029 232 3059 ἃ
251 3029 338 3067 quod
361 3025 408 3055 sua
434 3021 561 3054 interest
584 3019 744 3058 consequi.
771 3022 994 3060 Superioribus
1017 3032 1067 3053 ex-

203 3070 316 3109 emplis
340 3068 451 3098 addam
478 3065 713 3094 novationem:
745 3063 816 3100 quia
846 3066 911 3097 eius
941 3073 1071 3104 quoque

199 3110 344 3143 meminit
371 3106 524 3148 Ulpianus
540 3107 569 3135 d.
587 3104 605 3135 l.
626 3103 736 3147 11.'l).
757 3104 783 3132 h.
802 3109 822 3132 t.
847 3103 889 3133 eu
914 3114 1018 3137 autem
1036 3114 1072 3136 ea

199 3153 336 3189 duplex:
360 3149 418 3180 alia
441 3145 611 3178 necessaria
655 3144 712 3175 alia
743 3143 927 3174 voluntaria.
960 3147 1010 3176 iila
1036 3145 1072 3177 fit

198 3193 366 3226 voluntate
388 3190 558 3222 creditoris
583 3184 809 3237 &fiebitotisz
833 3183 902 3217 lraee
921 3184 977 3218 lite
1000 3195 1074 3222 cum

1085 96 1274 122 oon-r
1333 84 1557 120 Contu

1085 172 1233 207 debitore
1250 174 1436 207 contestata.
1453 172 1497 205 est
1515 178 1621 203 autem
1632 170 1857 212 aequiffimum,
1868 172 1954 214 quod

1089 214 1241 255 Ulpianus
1256 218 1283 248 d.
1302 217 1320 247 l.
1337 217 1398 254 ait,
1417 215 1563 247 Solutum
1581 222 1644 245 non
1662 212 1779 250 videri,
1796 211 1817 244 fi
1834 214 1868 245 lis
1883 223 1956 249 cum

1088 256 1233 288 debitore
1250 257 1287 289 sit
1307 259 1346 290 de
1367 256 1434 298 ipso
1453 256 1565 287 debito
1592 254 1785 291 contestata,
1812 255 1862 285 vel
1886 254 1905 286 si
1919 256 1955 288 fi.

1089 298 1224 338 dejuffoi·
1245 299 1280 330 fit
1305 306 1495 330 conventus.
1527 304 1598 328 nam
1623 304 1695 327 cum
1727 295 1810 326 inter
1840 294 1956 329 invitos

1089 337 1144 370 fiat
1162 340 1222 371 litis
1240 340 1451 377 contestatio,
1476 337 1628 370 nonfuit
1649 338 1800 375 rationis,
1824 344 1859 367 ut
1874 337 1959 372 actor

1091 379 1173 413 suam
1197 382 1415 413 conditionem
1440 380 1563 412 faceret
1591 378 1784 410 deteriorem
1801 377 1821 409 l.
1839 387 1885 414 29-
1911 379 1958 413 D.

1093 422 1125 452 cle
1141 423 1354 453 novationious.
1379 423 1470 454 aliter
1489 431 1526 452 ac
1551 419 1585 451 sit
1603 429 1633 451 in
1659 421 1834 451 novatione
1850 419 1961 451 volun-

1095 463 1180 493 taria.
1199 473 1254 502 per
1275 473 1368 503 quam
1396 463 1559 504 principali
1587 462 1698 493 debito
1722 460 1886 492 creditoris
1906 470 1963 500 vo·-

1093 504 1216 535 luntate
1233 504 1372 543 sublato,
1401 505 1464 536 fine
1483 504 1582 535 dubio
1601 502 1695 534 etiam
1716 502 1831 533 sublata
1850 503 1961 542 pigno.

1093 546 1134 576 ris
1152 545 1287 576 acceffio
1310 545 1355 576 est
1377 546 1396 576 l.
1419 550 1464 579 18.
1483 546 1528 576 D.
1547 546 1604 576 eod.
1623 546 1668 575 tit.
1714 543 1847 585 Optime
1867 544 1961 583 igitur

1095 584 1249 632 Ulpianus
1273 587 1301 617 d.
1325 586 1344 617 l.
1364 595 1410 631 ιι..
1449 585 1595 622 Novata,
1618 587 1740 626 inquit,
1765 584 1863 616 debiti
1883 585 1962 616 obli·

1093 636 1181 674 gatio
1205 636 1318 668 pignus
1336 628 1485 667 perimit:
1516 627 1546 659 δι
1567 627 1673 666 addit,
1698 625 1766 658 Nifi
1787 625 1961 665 convenit,

1094 676 1129 700 ut
1149 677 1261 709 pignus
1282 676 1455 708 repetatur.

1135 709 1321 748 Caeterum,
1347 717 1379 740 ut
1405 714 1581 749 appareat,
1614 709 1729 740 actioni
1754 706 1964 749 pigneratitiae

1097 751 1206 782 locum
1233 751 1299 782 fieri
1328 750 1431 782 soluto
1455 749 1583 781 debito:
1608 759 1649 780 ait
1676 758 1779 781 tamen
1806 750 1918 781 Paulus
1941 749 1963 781 l.

1095 802 1145 824 20.
1162 792 1190 833 §.
1211 793 1264 823 ult.
1286 792 1332 823 D.
1353 793 1380 822 li.
1400 799 1420 821 t.
1447 791 1627 828 Interdum,
1652 791 1680 822 &
1698 791 1718 822 fi
1744 790 1843 822 soluta
1861 790 1895 822 fit
1912 799 1965 830 pe-

1095 843 1205 871 cunia,
1231 842 1298 864 eam
1320 833 1465 864 inhiberi.
1487 832 1516 863 &
1533 831 1577 862 est
1596 833 1795 872 exemplum:
1819 831 1840 863 fi
1865 833 1968 862 credi·
2010 837 2013 842 '

1095 881 1146 906 tor
1163 884 1178 905 a
1198 874 1343 910 debitore
1362 875 1473 914 pignus
1491 873 1612 904 emerit⁴
1633 882 1702 903 nam
1719 872 1739 904 fi
1756 873 1883 903 debitor
1899 881 1966 903 cre-

1097 915 1192 946 ditori
1215 915 1326 956 pignus
1352 913 1494 947 vendidit
1517 923 1575 954 pro
1598 913 1726 946 debito:
1751 914 1895 945 venditio
1913 922 1964 944 ce—

1098 957 1144 988 dit
1167 966 1225 997 pro
1249 956 1416 988 solutione.
1449 956 1491 987 ita
1517 955 1668 986 recessum
1694 954 1738 985 est
1763 964 1779 985 a
1801 954 1965 986 contractu

1100 997 1257 1039 pignoris:
1281 1007 1317 1029 ac
1341 997 1361 1029 fi
1385 998 1512 1029 debitor
1537 996 1644 1037 postea
1665 995 1780 1028 offerat
1806 996 1965 1035 debitum3

1101 1048 1164 1070 non
1188 1040 1230 1070 ob
1255 1040 1286 1071 id
1310 1047 1382 1085 aget
1399 1039 1616 1079 pigneratitia:
1642 1037 1712 1077 quia
1729 1036 1878 1068 consensu
1897 1045 1980 1084 perr

1100 1080 1217 1112 sectam
1236 1082 1377 1121 pignoris
1396 1081 1614 1111 venditionem
1635 1088 1808 1116 revocare,
1826 1077 1908 1109 salvo
1923 1086 1967 1118 Ju-

1102 1132 1154 1166 re,
1179 1131 1243 1153 non
1268 1123 1365 1154 debet
1387 1121 1406 1152 i.
1424 1131 1473 1162 34.
1500 1120 1540 1151 J).
1557 1121 1584 1151 h.
1605 1126 1624 1150 t.
1649 1121 1712 1151 imo
1736 1121 1884 1158 debitor,
1910 1119 1963 1152 ubi

1101 1162 1170 1194 sivit
1185 1164 1298 1204 pignus
1322 1164 1404 1203 apud
1427 1163 1620 1193 creditorem
1646 1170 1772 1192 manere
1803 1170 1842 1192 ex
1874 1158 1962 1192 causa

1100 1205 1317 1242 venditionis,
1348 1204 1413 1244 ejus
1453 1203 1628 1234 dominium
1659 1202 1809 1233 creditori
1840 1200 1971 1233 tradidit>

1100 1245 1184 1285 quasi
1210 1244 1300 1277 brevi
1323 1254 1427 1276 manu.
1452 1245 1522 1275 vice
1546 1245 1640 1275 ctiam
1672 1244 1756 1274 versa
1773 1267 1781 1282 ‚
1806 1245 1966 1282 creditor,

1099 1296 1171 1318 cum
1197 1296 1212 1317 a
1235 1287 1383 1317 debitore
1406 1295 1471 1316 non
1489 1286 1614 1323 accepit
1631 1285 1791 1321 debitum,
1815 1283 1855 1314 fic
1873 1283 1968 1314 habe-

1099 1334 1167 1365 tur,
1191 1337 1226 1358 ac
1243 1327 1263 1359 fi
1281 1328 1309 1358 ei
1327 1327 1464 1366 pretium
1493 1323 1637 1357 solvisset.
1662 1326 1704 1356 ita
1729 1325 1750 1356 fi
1773 1333 1879 1355 totum
1905 1325 1969 1359 spe-

1100 1368 1218 1400 ciamus
1245 1368 1425 1409 negotium,
1456 1368 1586 1407 perinde
1611 1366 1675 1404 est,
1704 1375 1740 1397 ac
1763 1365 1782 1396 si
1807 1366 1967 1403 creditor,

1101 1410 1206 1441 soluto
1228 1410 1340 1440 debito
1357 1432 1366 1447 ‚
1402 1409 1514 1449 pignus
1544 1408 1681 1439 debitori
1709 1405 1904 1444 restituisset,
1928 1406 1968 1437 ab

1101 1461 1208 1490 eoque
1224 1452 1307 1483 idem
1325 1460 1364 1481 ex
1385 1450 1474 1481 causa
1489 1449 1661 1490 emptionis
1678 1448 1780 1479 soluto
1796 1448 1902 1488 pretio
1919 1456 1968 1478 re·

1099 1492 1242 1532 cepisset.

1145 1533 1206 1565 Vix
1231 1541 1310 1572 opus
1335 1532 1426 1569 addi,
1449 1539 1558 1570 parum
1582 1530 1703 1561 referre
1725 1529 1890 1567 Praetoris,
1913 1538 1970 1560 vo-

1101 1576 1194 1607 lentis
1220 1573 1351 1604 solutam
1379 1572 1439 1603 esse
1462 1570 1650 1611 pecuniam,
1682 1579 1785 1602 utrum
1812 1571 1907 1601 soluta
1932 1569 1969 1602 fit

1100 1616 1154 1656 ipfi
1172 1615 1342 1651 creditori3
1366 1613 1493 1652 anejus
1516 1613 1682 1643 voluntate
1705 1611 1773 1649 alii,
1799 1612 1886 1642 verbi
1903 1620 1971 1652 gra-

1102 1660 1163 1696 tia,
1187 1656 1413 1695 procuratori,
1445 1655 1496 1685 vel
1523 1653 1610 1684 servo
1634 1652 1798 1693 exigendis
1829 1652 1970 1693 pecuniis

1104 1697 1284 1738 praeposite.
1309 1700 1395 1734 quod
1427 1696 1509 1726 enim
1533 1695 1583 1726 alii
1612 1694 1741 1726 solvitur
1767 1694 1832 1734 ejus
1858 1694 1971 1725 volun-

1103 1748 1186 1777 tate,
1210 1738 1264 1778 ipfi
1284 1738 1359 1769 solvi
1378 1736 1571 1777 intelligitur.
1598 1735 1672 1767 [nde
1690 1735 1800 1776 quaerit
1819 1735 1970 1776 Ulpianus

1100 1782 1118 1812 l.
1141 1790 1184 1812 ii.
1203 1780 1231 1822 §.
1250 1791 1279 1819 5.
1298 1780 1344 1810 J).
1365 1779 1392 1810 h.
1414 1784 1436 1808 t.
1460 1778 1480 1809 si
1506 1779 1635 1809 domum
1659 1778 1871 1814 conduxeris,
1897 1777 1924 1808 ἀ
1941 1786 1972 1808 e·

1099 1824 1147 1863 jus
1167 1830 1287 1861 partem
1305 1820 1381 1852 mihi
1406 1819 1562 1850 locaveris
1576 1843 1584 1858 ‚
1608 1828 1732 1860 egoque
1760 1818 1895 1849 locatori
1913 1826 1969 1849 tuo

1101 1863 1288 1905 pensionem
1315 1862 1456 1893 solvero:
1479 1871 1516 1891 an
1543 1860 1655 1900 possim
1684 1859 1829 1891 adversus
1856 1869 1886 1891 te
1903 1858 1968 1900 pig·

1097 1905 1240 1937 neratitia
1252 1902 1406 1941 experiri?
1417 1901 1458 1932 Et
1468 1912 1568 1941 putat,
1581 1902 1684 1942 posse:
1697 1902 1724 1931 ἃ
1735 1900 1753 1931 fi
1766 1909 1885 1939 pai-tem
1896 1901 1967 1938 tibi,

1097 1956 1219 1987 partem
1231 1946 1258 1976 ei
1269 1945 1604 1982 solvero,tantuindern
1617 1942 1785 1973 dicendum
1796 1942 1843 1973 css
1858 1962 1867 1974 .
1880 1942 1971 1981 plane

1098 1989 1200 2028 inquit
1218 1985 1391 2026 Ulpianus,
1416 1985 1538 2016 invecta
1558 1993 1626 2015 mea
1651 1984 1679 2015 &
1705 1985 1786 2015 illata
1806 1986 1971 2014 dumtaxat

1103 2031 1135 2062 in
1161 2039 1228 2060 eam
1262 2028 1361 2059 teneri
1400 2025 1547 2057 summam
1580 2026 1608 2056 in
1650 2034 1741 2065 quam
1771 2025 1974 2057 coenaculum

1104 2070 1255 2102 conduxi.
1293 2078 1357 2100 non
1384 2070 1467 2099 enim
1499 2066 1649 2099 credibile
1673 2065 1734 2096 esse
1753 2089 1762 2104 ‚
1804 2067 1867 2096 hoc
1899 2075 1976 2097 con-

1105 2112 1224 2143 venisse
1242 2134 1252 2150 ‚
1284 2118 1318 2140 ut
1355 2110 1392 2140 ad
1432 2108 1602 2139 universam
1640 2106 1745 2138 insuite
1789 2107 1973 2147 pensionem

1105 2153 1221 2185 frivola
1258 2161 1327 2183 mea
1351 2158 1543 2181 tenerentur.
1577 2150 1606 2180 di
1630 2148 1741 2186 addit,
1772 2147 1872 2179 videi-i
1898 2147 1974 2179 taci-

1107 2204 1139 2226 te
1167 2203 1239 2225 cum
1264 2192 1392 2224 domino
1414 2192 1528 2222 aedium
1548 2191 1610 2221 boc
1639 2189 1838 2228 convenisse,
1863 2197 1973 2220 utnon

1107 2236 1213 2277 pactio
1235 2233 1435 2266 coenacularii
1469 2230 1615 2273 proficiat
1647 2232 1805 2270 dominc,
1844 2229 1895 2261 sed
1926 2229 1974 2262 sua

1132 2287 1165 2308 ro
1193 2286 1242 2308 ria.

1107 2287 1128 2318 p
1146 2287 1226 2349 Sistis
1244 2318 1283 2349 de
1301 2316 1403 2347 soluto
1422 2314 1552 2351 debito,
1575 2314 1705 2345 ulterius
1731 2323 1815 2345 nunc
1834 2313 1971 2344 eundum

1107 2359 1161 2392 est.
1187 2359 1347 2400 promittit
1377 2357 1461 2387 enim
1491 2356 1614 2387 Praetor
1644 2355 1778 2386 debitori
1813 2354 1971 2385 aaronem

1106 2401 1338 2441 pignoratitiam
1358 2399 1450 2429 etiam
1478 2405 1564 2434 tuni3
1589 2405 1654 2426 cuin
1676 2397 1807 2426 creditori
1829 2397 1881 2425 erit
1896 2397 1976 2431 lotis·

1104 2443 1227 2480 fotium.
1273 2440 1375 2472 Notat
1402 2441 1464 2469 hoc
1489 2438 1641 2477 Ulpianus
1664 2437 1682 2467 l.
1703 2447 1730 2474 9r
1757 2437 1783 2478 §⁴
1803 2447 1829 2477 3.
1856 2435 1895 2466 D.
1913 2437 1938 2467 h.
1955 2441 1974 2466 t.

1109 2485 1138 2516 &
1154 2484 1259 2520 addit,
1283 2480 1474 2512 satisfactum
1494 2478 1614 2517 accipi,
1639 2478 1906 2517 quemadmodum
1926 2486 1977 2507 vo·

1109 2526 1167 2557 luit
1195 2524 1355 2561 creditor,
1380 2521 1434 2553 etsi
1454 2530 1516 2551 non
1541 2518 1577 2550 fit
1602 2518 1755 2551 solutum:
1788 2518 1850 2549 {ive
1875 2518 1975 2548 voluit

1108 2566 1162 2599 fibi
1185 2566 1253 2597 aliis
1279 2564 1461 2605 pignoribus
1484 2561 1609 2597 caveri,
1644 2559 1705 2591 sive
1730 2559 1976 2600 fidejussoribus,

1110 2609 1174 2640 sive
1197 2617 1253 2638 reo
1275 2608 1370 2642 dato,
1394 2604 1424 2634 id
1453 2602 1516 2638 est,
1548 2601 1777 2641 expromiffore
1799 2603 1888 2638 dato,
1914 2599 1977 2631 sive

1111 2650 1216 2690 pretio
1233 2648 1341 2687 aliquo
1353 2668 1362 2683 ‚
1387 2644 1437 2675 vel
1456 2645 1536 2674 nuda
1551 2645 1770 2676 conventione
1804 2643 1868 2673 imo
1885 2650 1978 2683 gene-

1111 2691 1235 2727 raliter,
1261 2688 1362 2727 inquit
1381 2685 1553 2725 UlpianuS,
1578 2683 1702 2722 quoties
1719 2684 1821 2714 voluit
1839 2684 1977 2713 creditor

1107 2727 1481 2767 recedereapignore,ei
1500 2724 1688 2756 satisfactum
1708 2724 1824 2763 videri,
1848 2724 1865 2755 si
1885 2732 1916 2755 ut
1933 2724 1978 2763 ip·

1110 2774 1138 2806 se
1165 2770 1283 2808 voluit,
1308 2767 1362 2800 fibi
1391 2770 1494 2805 cavit,
1525 2767 1599 2798 licet
1625 2767 1653 2797 in
1679 2767 1741 2798 hoc
1762 2763 1977 2805 deceptussit.

1111 2824 1182 2847 nam
1203 2820 1236 2844 ut
1253 2812 1282 2842 ei
1306 2819 1370 2842 non
1389 2808 1423 2841 fit
1443 2807 1575 2840 solutum
1588 2832 1597 2846 ,
1622 2816 1726 2838 tamen
1746 2817 1816 2838 tum
1834 2807 1861 2837 ei
1880 2805 1924 2837 est
1941 2805 1979 2835 sa-

1116 2854 1295 2888 tisfacium:
1313 2861 1372 2883 non
1393 2851 1508 2888 habet,
1526 2859 1580 2880 cur
1600 2858 1747 2889 queratur
1765 2850 1803 2880 de
1820 2848 1931 2878 debito
1945 2846 1980 2877 li-

1114 2899 1225 2929 berato
1245 2903 1300 2935 per
1316 2891 1558 2924 satisfaftionem
1583 2899 1675 2929 quam
1701 2889 1762 2930 ipse
1783 2889 1900 2920 admisit
1925 2895 1981 2926 pro

1113 2936 1288 2973 solutione,
1312 2944 1347 2965 ea
1377 2942 1558 2964 contentus.
1593 2931 1675 2964 idern
1702 2939 1868 2971 putemus;
1898 2928 1918 2960 fi
1942 2935 1983 2958 ex

1114 2982 1249 3022 pignore
1267 2978 1407 3007 creditor
1424 2973 1547 3006 fructus
1571 2980 1624 3004 aut
1641 2972 1805 3013 pensiones
1826 2969 1981 3010 percepit.

1115 3032 1180 3053 non
1207 3019 1290 3050 enim
1310 3019 1447 3048 lucratur
1464 3022 1632 3057 perceptos
1653 3014 1771 3045 fruetus
1788 3021 1795 3042 :
1815 3009 1886 3049 (nisi
1905 3018 1985 3039 eon-

1116 3063 1212 3094 trasta
1237 3057 1405 3091 anticlirefi
1424 3060 1463 3089 de
1483 3067 1542 3097 qua
1569 3054 1668 3095 scripsi
1694 3055 1740 3085 lili.
1758 3063 1786 3084 2.
1814 3051 1858 3081 De
1871 3051 1984 3090 foenore

1115 3104 1152 3139 &⁹
1175 3105 1271 3140 usuris
1288 3111 1309 3132 c.
1329 3104 1377 3139 9.)
1403 3100 1454 3131 sed
1473 3108 1527 3130 eos
1544 3098 1677 3139 imputat
1696 3095 1812 3125 debito.
1834 3098 1985 3138 purius,

1115 3155 1150 3177 ut
1170 3146 1188 3177 si
1207 3143 1358 3176 sufficiant
1383 3143 1422 3173 ad
1448 3149 1553 3172 totum
1578 3139 1736 3173 debitum,
1762 3134 1841 3172 quasi
1867 3140 1985 3174 genere

1115 3188 1259 3229 quodam
1281 3182 1557 3226 compensationis
1582 3179 1719 3213 solvatur
1733 3175 1815 3208 attio
1832 3174 1862 3207 ἃ
1876 3173 1987 3245 τεόῗέἑ
