2052 3487
174 85 219 120 63

172 171 251 211 Hoc
268 170 402 213 primum
421 173 640 212 argumentum
657 166 713 199 est.
755 167 798 199 At
815 175 909 208 quam
920 165 1037 198 nullam

172 213 291 246 habeat
309 214 372 244 vim
387 209 642 252 consequentiae,
659 210 737 240 item
747 218 842 250 quam
859 207 941 239 male
954 206 1036 239 Cen·

172 262 336 286 taurorum
360 254 441 285 rixas
467 253 607 292 appellet
625 249 775 281 fortuitas
790 273 801 288 ,
824 259 865 281 ex
882 248 970 279 fatto
989 248 1034 280 in-

173 296 310 337 telliges.
355 294 390 326 ld
405 294 523 325 factum
541 293 601 324 tale
620 290 665 322 est
677 313 685 329 ,
709 298 744 322 ut
762 291 893 330 quidem
908 290 947 320 ab
958 287 1034 321 Ovi-

171 339 226 369 dio
250 335 440 377 proponitur
462 336 509 365 lib.
535 343 592 364 xit.
618 332 811 372 Metamorph.
859 330 1037 369 Pirithous,

172 378 297 411 Ixionis
326 377 407 417 regis
433 374 639 416 Lapitharum
665 371 763 411 filius,
789 381 921 404 uxorem
947 372 1039 403 duxit

170 419 414 459 Hippodamen.
437 417 462 447 is
488 426 559 447 cum
588 415 627 446 ad
644 415 768 453 nuptias
785 414 868 445 inter
883 414 963 445 alios
983 422 1037 443 vo-

170 459 267 491 casset
288 458 486 496 Centauros3
503 467 543 488 ex
560 456 608 488 his
626 454 765 497 Eurytus
784 454 1033 495 Hippodamen,

170 511 249 534 mox
265 500 338 532 alias
356 500 427 536 alii,
452 507 546 539 quam
567 498 702 539 quisque
724 497 874 534 volebat,
898 503 953 526 aut
976 504 1030 535 po·

171 551 273 580 terat,
296 542 335 572 ad
365 539 505 580 stuprum
542 547 595 570 aut
627 538 814 579 adulterium
847 544 1028 576 rapuerunt.

170 584 257 617 Huic
273 582 394 623 flagitio
405 589 470 613 tam
487 581 614 612 immani
635 581 753 619 primus
769 576 931 616 Theseus,
948 577 1034 609 dein-

172 626 213 657 de
231 625 260 656 &
272 623 380 655 caeteri
400 624 454 664 qui
472 624 624 661 aderant,
636 621 796 662 principes
810 618 1034 664 intercessere:

171 667 247 698 inde
265 666 349 704 rixa,
371 674 412 696 ex
431 674 466 696 ea
482 664 628 702 vulnera,
654 662 684 693 (ἐξ
703 662 826 700 caedes,
851 659 1038 706 subsequuta

173 707 253 739 sunt.
298 706 398 739 Vides
426 705 563 744 factum,
589 705 618 736 δι
642 713 682 734 ex
706 713 746 733 eo
773 700 891 733 sensum
921 700 1037 741 obJecti

172 748 358 791 argumenti.
382 747 407 778 is
434 745 536 778 sensus
561 745 625 782 est,
654 744 685 775 Si
710 743 883 775 homicidia
912 752 980 783 quae
1006 744 1037 773 in

172 791 238 823 rixa
256 790 349 831 plane
365 788 499 820 fortuita
516 788 544 819 ὅ(
564 784 734 828 improvisa
751 783 831 816 fiunt
850 784 957 816 subitis
972 784 1032 814 ani-

171 833 214 864 mi
231 832 372 864 motibus
384 853 394 868 ,
417 829 471 860 etsi
489 829 613 865 cultro,
639 826 698 858 fica
717 836 768 857 aut
781 826 888 867 gladio
900 850 909 864 ,
927 825 1034 857 {altem

172 881 263 905 extra
291 871 435 903 ordinem
470 869 539 901 sunt
567 869 733 900 afficienda
764 867 903 905 leniore,
942 875 1035 907 quam

171 914 303 955 capitis,
341 911 517 951 supplici03
554 921 633 952 ergo
665 908 711 940 fas
743 908 815 940 fore
849 908 1037 946 Centauris,

171 964 288 987 uxores
312 953 342 985 ὅτ.
364 952 486 992 lponsas
513 951 718 992 Lapitharum
742 950 773 982 in
800 949 931 982 solemni
959 959 1035 980 con-

171 997 260 1027 vivio
288 993 411 1026 nefario
438 992 555 1024 scelere
574 994 602 1025 &
629 992 764 1024 consilio
787 1001 897 1032 rapere
919 992 957 1022 ad
979 990 1037 1035 stu-

169 1046 263 1079 prum
283 1044 377 1076 atque
395 1035 605 1070 adulterum,-
630 1034 869 1075 Lapithasque,
896 1033 958 1063 vin·
974 1042 991 1063 a
1006 1037 1037 1062 ie

169 1080 201 1111 dt
219 1077 275 1110 suis
290 1078 357 1117 jure
376 1077 503 1116 optimo
518 1077 729 1116 repellentes,
745 1076 838 1106 armis
851 1075 1034 1112 vulnerare,

172 1128 226 1151 aut
243 1119 394 1150 occidere
411 1116 473 1148 fiae
494 1126 580 1149 meru
608 1119 731 1148 morfia.
775 1117 801 1148 ls
827 1114 928 1147 sensus
948 1124 1036 1156 argu-

170 1162 296 1193 menti:
321 1159 408 1200 cujus
442 1168 536 1198 quam
568 1159 698 1190 absurda
730 1158 764 1190 sit
789 1157 1038 1196 consequentia,

170 1204 243 1243 quis
265 1210 330 1232 non
357 1199 470 1232 videt?
495 1201 615 1240 petitur
634 1200 720 1232 enim
742 1209 758 1230 a
782 1205 1039 1239 temperamento

170 1252 276 1284 poenae
299 1241 503 1273 involunmii
535 1242 640 1273 delxtti
663 1242 691 1272 ὃ(
711 1241 813 1279 culpae
839 1241 954 1271 erroris
972 1239 1035 1280 pla-

169 1293 211 1316 ne
227 1284 354 1315 humani
373 1284 410 1314 ad
423 1283 661 1315 excusationem
674 1281 824 1323 rfropoliti
843 1282 873 1313 Gt
892 1281 1036 1319 sceleris,

168 1333 263 1366 quam
283 1325 441 1365 improbi,
461 1333 523 1357 tam
545 1323 759 1362 detestamus,
778 1322 1032 1355 Centaurorum:

169 1367 223 1407 qui
244 1375 342 1407 quum
361 1365 473 1406 sponte
495 1366 640 1397 venerint
657 1366 695 1396 ad
717 1374 839 1404 raptum
867 1363 1033 1403 Hippoda-

169 1417 258 1446 mes,
281 1416 532 1448 caeterarumque
550 1408 715 1438 mulierum
743 1405 965 1443 lapitharum,
981 1413 1021 1434 ne

169 1457 234 1489 que
261 1449 379 1480 habent
404 1448 469 1489 ejus
498 1447 755 1484 excusationem,
782 1447 810 1477 ἃ
836 1445 1034 1477 existimandi

167 1490 259 1528 sunt,
285 1491 381 1521 etiam
399 1500 435 1521 ea
460 1499 529 1530 quoe
547 1489 662 1521 deinde
682 1499 737 1528 per
757 1490 832 1519 iram
859 1487 1035 1518 inmlunta-

168 1532 216 1564 rie
239 1530 406 1569 fecerunt,
429 1530 543 1570 sponte
569 1540 605 1562 ac
638 1530 804 1561 xoluntate
832 1526 958 1559 fecille:
984 1526 1036 1558 sal·

170 1580 256 1611 tem,
280 1582 351 1604 cum
371 1572 518 1603 dederint
542 1571 683 1607 causam,
708 1580 761 1601 cur
783 1580 798 1600 a
821 1569 964 1610 Lapithis
984 1570 1036 1600 de—

170 1614 298 1645 buer-int
329 1615 392 1644 vim
423 1613 507 1653 pati;
531 1613 607 1654 quid
637 1613 767 1643 dubium
798 1612 863 1649 est,
887 1611 963 1650 quin
996 1619 1033 1640 ea

170 1654 262 1696 ipsis,
288 1664 352 1686 non
380 1653 546 1695 Lapithis,
578 1655 763 1695 imputanda
791 1654 953 1684 videatur:
978 1660 1034 1692 per

169 1696 191 1729 1,
214 1699 243 1728 6.
268 1696 303 1728 C.
327 1695 378 1727 Ad
405 1696 492 1735 legem
508 1694 626 1736 Juliam
644 1697 676 1726 (le
698 1704 729 1726 vi
743 1693 882 1735 publica?

211 1736 363 1778 Ejusdem
381 1737 475 1777 pretii
491 1736 535 1768 est
556 1737 619 1768 hoc
637 1736 723 1776 quod
740 1735 856 1767 deinde
871 1733 1032 1772 adfertur,

170 1778 203 1811 Si
227 1780 392 1811 obtineret
418 1788 487 1810 mea
514 1778 684 1813 sententia,
710 1776 911 1815 consequens
941 1775 1033 1814 fore,

174 1819 245 1858 Ut,
276 1821 327 1862 qui
348 1821 444 1861 rapido
454 1820 562 1860 furore
577 1820 716 1857 sodalium
740 1819 911 1859 sanguinem
933 1816 1034 1848 (tuellis

171 1863 335 1901 hauriunt,
359 1861 433 1892 nihil
459 1860 582 1897 amplius
603 1865 733 1891 metuant
758 1860 877 1889 ultorem
890 1857 1031 1899 gladium.

170 1901 257 1935 Nam
273 1912 376 1943 neque
397 1903 461 1934 hoc
481 1903 602 1942 placet,
626 1910 679 1933 aut
696 1900 835 1941 sequitur
853 1900 913 1931 ulla
936 1899 1030 1931 ratio-

172 1953 224 1976 ne.
250 1944 376 1985 quando
395 1944 472 1975 nihil
491 1944 574 1974 aliud
593 1944 677 1981 uixi,
693 1951 785 1982 quam
807 1941 894 1982 quod
907 1964 915 1979 ,
931 1940 1033 1979 fiquis

173 1986 309 2017 alterum
329 1985 358 2016 in
376 1984 508 2016 fortuita
529 1985 594 2016 rixa
614 1985 733 2015 occidit
751 1982 853 2014 subito
869 1983 898 2013 δε
916 1983 1031 2021 impro-

172 2026 241 2058 viso
266 2026 406 2066 impetu,
429 2026 616 2057 humanitati
642 2024 816 2061 convenit,
839 2033 910 2054 eurn
931 2021 1032 2062 puniri

174 2068 306 2106 mitius,
329 2076 422 2105 quam
441 2065 460 2097 sl
480 2067 686 2098 homicidium
707 2064 854 2096 consulto
872 2064 901 2095 ἂ
918 2064 1037 2095 delibe-

175 2116 246 2140 rato
270 2107 403 2139 feciil'et.
428 2108 490 2139 huc
513 2116 620 2140 autem
643 2108 718 2149 quid
738 2106 816 2137 facit
837 2105 1037 2144 comparatio

173 2150 290 2182 duelli:
322 2152 353 2181 in
374 2158 437 2189 quo
467 2156 621 2190 uterque,
644 2150 834 2190 plerumque
855 2147 933 2178 stato
961 2155 1035 2191 con-

173 2191 261 2223 dieto
288 2198 435 2230 tempore
461 2192 489 2221 ὕι
517 2191 615 2228 loco,
647 2189 727 2230 saepe
753 2189 847 2220 etiam
875 2189 1039 2219 advocatis

173 2232 299 2264 auxiliis
317 2240 414 2272 atque
435 2231 558 2263 arbitris
577 2254 586 2266 ,
619 2230 729 2270 sponte
758 2231 904 2269 procedit
924 2230 961 2260 ad
982 2238 1037 2269 pu-

175 2282 290 2315 gnam:
314 2273 345 2304 in
367 2281 427 2312 qua
444 2272 464 2304 fi
481 2272 584 2303 caedes
603 2271 675 2311 fiat,
688 2270 742 2303 etfi
760 2274 821 2308 ira,
845 2278 948 2302 tamen
974 2278 1039 2301 tan-

173 2321 242 2346 tum
260 2313 367 2352 abest,
392 2321 426 2344 ut
443 2313 472 2344 in
489 2313 622 2344 fortuita
646 2316 713 2345 rixa
737 2313 791 2343 fiat
815 2312 917 2342 subito
941 2320 1038 2351 atque

171 2354 347 2395 improviso
371 2354 514 2395 impetu,
540 2363 574 2386 ut
596 2366 613 2385 e
632 2354 795 2385 contrario
815 2353 945 2394 pessimo
971 2362 1037 2384 non

172 2396 272 2429 solum
290 2397 461 2437 exemplo,
486 2395 537 2427 sed
555 2398 650 2428 etiam
677 2394 841 2436 pl'Oposlto
861 2418 869 2432 ,
894 2393 982 2433 fieri;
1006 2393 1035 2425 &

172 2437 249 2470 ideo
266 2438 305 2469 ad
321 2436 523 2469 severitatem
548 2438 627 2479 legis
644 2436 803 2469 Corneliae
824 2437 874 2468 vel
897 2444 1037 2468 maxrme

173 2480 353 2521 pertinere,
379 2478 534 2510 videatur.

213 2519 363 2551 Tertium
381 2528 602 2560 argumentum
621 2518 674 2550 est.

171 2562 209 2594 ab
226 2562 371 2592 ordinaria
394 2567 478 2600 poena
503 2564 676 2598 excusatur,
697 2566 812 2600 propter
825 2562 956 2599 subitum
979 2561 1032 2589 im-

167 2608 287 2644 petum,
304 2600 436 2639 fimiliter
452 2603 599 2632 ordinaria
610 2602 691 2639 furti
704 2609 788 2642 paena
805 2601 949 2631 eximendi
965 2601 1034 2637 sunt

172 2645 225 2685 qui
233 2644 331 2682 subita
345 2643 499 2682 cupiditate
515 2642 640 2680 accensi,
663 2653 706 2672 res
725 2640 1034 2682 alienasalflulerunt;

172 2687 261 2723 item,
283 2685 334 2725 qui
350 2684 472 2714 alienam
495 2684 746 2719 matremfamilias
764 2685 920 2723 improvisa
941 2683 1033 2713 libidi-

173 2736 210 2758 ne
225 2732 318 2757 motus
334 2726 478 2765 corrupit,
502 2724 627 2765 expreffii
646 2726 714 2765 tegis
729 2724 819 2764 Jalz‘ae
826 2723 970 2761 sanctione
979 2733 1036 2754 non

173 2773 297 2798 tenetur.
339 2766 381 2797 At
397 2766 468 2806 quis
491 2775 556 2797 non
576 2767 683 2802 videt,
708 2775 801 2805 quam
820 2766 900 2797 male
923 2774 1034 2806 proce-

172 2809 228 2840 dat
240 2815 461 2849 argumentum
479 2816 495 2838 a
511 2806 642 2839 fortuita
659 2806 848 2838 &subitaira
859 2831 868 2845 ‚
885 2807 929 2837 ob
941 2814 1036 2847 quam

172 2849 401 2887 homicidium,
426 2849 456 2879 in
475 2848 541 2879 rixa
558 2847 696 2885 futrum,
711 2848 751 2878 ab
767 2848 922 2879 ordinaria
940 2856 1035 2889 poena

173 2889 359 2929 excusatur,
382 2890 422 2921 ad
444 2888 683 2921 excusationem
710 2898 814 2928 poenae
837 2889 911 2920 furti
929 2896 982 2920 aut
1000 2898 1032 2919 a·

172 2931 299 2963 dulterii
325 2930 429 2962 subito
456 2931 580 2970 impetu
606 2930 788 2961 commisti?
812 2928 894 2962 Nam
917 2930 968 2971 qui
996 2929 1036 2961 ad

172 2972 295 3004 caedem
311 2972 639 3012 moveturimprovisa
657 2970 687 3001 ὅ(
705 2972 870 3010 repentina
887 2971 951 3009 ira,
967 2970 1036 3002 fere

173 3013 213 3043 ab
234 3014 296 3045 alio
321 3020 473 3045 movetur
496 3019 551 3043 aut
567 3013 683 3045 damno
705 3020 758 3042 aut
776 3019 967 3052 contemptu
982 3019 1035 3043 aut

173 3054 288 3085 dolore
312 3062 365 3085 aut
395 3061 482 3085 metu
504 3061 558 3085 aut
583 3062 643 3095 qua
667 3053 726 3084 alia
747 3052 875 3093 injuria:
898 3062 959 3092 qua
977 3052 1033 3084 etfi

172 3094 392 3134 imprudenter
408 3095 437 3126 ἃ
455 3095 494 3126 ad
512 3095 610 3127 breve
620 3103 745 3134 tempus
757 3116 766 3131 ,
784 3102 890 3125 tamen
910 3092 1032 3132 statim,

173 3135 206 3166 ὅ(
226 3133 329 3174 specie
357 3137 431 3175 juris
447 3159 456 3174 ‚
480 3144 570 3168 extra
594 3137 624 3168 se
656 3135 795 3176 rapitur:
819 3133 884 3165 hoc
912 3135 1032 3175 magis,

174 3184 242 3216 quo
267 3176 369 3209 minus
392 3176 527 3210 affuetus
550 3178 596 3211 est
618 3186 655 3211 ea
677 3176 762 3218 pati,
786 3175 815 3208 ὅ(
843 3183 909 3217 quo
934 3177 1034 3217 magis

701 2520 788 2563 Quod
799 2517 827 2556 fi
845 2519 1033 2549 homicidium

789 76 1098 113 GERARD1
1148 74 1378 110 Noonr

1080 165 1124 197 illi
1148 165 1234 197 malo
1256 164 1488 196 occurrendum
1513 163 1692 196 arbitratur.
1733 161 1778 195 At
1799 164 1946 206 quilibi-

1078 207 1152 238 dine
1176 213 1229 237 aut
1252 207 1429 246 cupiditate
1448 205 1596 237 incitatur
1619 206 1659 237 ad
1681 204 1872 239 adulterium
1888 215 1941 239 aut

1077 247 1218 284 furtum,
1242 255 1345 288 neque
1368 247 1465 278 habet
1481 249 1569 287 quod
1585 247 1636 279 alii
1655 246 1811 287 imputet,
1833 257 1875 280 ne
1889 257 1944 280 co-

1077 289 1146 320 lore
1165 289 1296 329 quidem
1311 289 1406 329 juris3
1432 288 1461 320 ὅ(
1483 296 1517 320 ut
1534 289 1704 330 plurimum
1722 296 1874 320 movetur
1891 299 1947 331 ap-

1080 330 1184 370 petitu
1214 329 1312 369 boni,
1342 328 1422 370 saepe
1452 330 1645 371 imaginarii,
1668 329 1793 370 semper
1824 331 1947 371 turpis,

1079 372 1175 402 etiam
1196 371 1269 402 alias
1292 371 1539 412 comparabilia
1562 371 1592 403 ἀ
1615 372 1690 403 ideo
1712 372 1811 412 magis
1828 370 1945 413 sponte

1079 421 1117 443 ac
1135 412 1321 451 voluntate,
1338 421 1432 453 quam
1449 415 1474 444 is
1491 414 1543 453 qui
1560 414 1604 444 ira
1621 412 1770 445 accensus
1789 412 1852 453 est,
1870 422 1947 455 pec-

1079 463 1170 491 care,
1194 454 1362 494 minusque
1380 453 1576 487 excusandus
1593 454 1738 486 videtur:
1762 462 1796 485 ut
1819 465 1896 486 vere
1914 455 1946 488 &

1078 495 1211 536 pulchre
1229 493 1340 526 definit
1357 494 1455 536 Hugo
1475 494 1627 533 Grotius,
1655 495 1713 527 Vir
1730 495 1877 528 Summus
1894 496 1947 528 lib.

1080 546 1109 567 2.
1133 536 1179 567 De
1189 536 1258 578 jare
1274 536 1336 566 belli
1355 536 1484 576 &pacis
1499 547 1523 568 c.
1542 547 1589 569 20.
1609 536 1639 579 §.
1655 546 1705 579 31.
1727 537 1757 568 ὅ(
1769 561 1778 575 ,
1801 546 1898 577 quem
1919 538 1946 570 is

1079 577 1212 618 allegat,
1235 577 1421 609 Aristoteles
1441 579 1548 611 multis
1565 579 1664 617 locis,
1687 580 1827 610 maxime
1848 579 1896 611 lib.
1914 584 1947 611 6.

1080 618 1246 650 Euaemior.
1271 629 1295 650 c.
1312 622 1341 649 6.
1360 619 1396 653 ξεῖ)
1412 620 1460 651 lib.
1483 630 1511 652 2.
1534 620 1589 651 Ma
1613 630 1675 651 nor.
1696 620 1796 652 moral.
1812 631 1837 652 e.
1855 624 1884 652 6.
1909 619 1948 655 &⁹

1081 659 1129 692 De
1144 660 1268 691 moribus
1287 660 1334 691 lib.
1351 669 1379 701 7.
1398 669 1421 692 c.
1442 670 1470 701 7.
1489 661 1584 693 etiam
1600 670 1797 702 ,mperator,
1812 662 1946 693 Marcus

1081 702 1279 739 Antoninus,
1301 701 1350 732 lib.
1378 711 1405 733 2.
1423 701 1512 743 Dese
1533 703 1588 743 ipso
1607 702 1636 744 §.
1659 712 1706 735 10.
1731 702 1774 734 fic
1793 702 1944 735 scribens.

1080 743 1272 783 Philosophzce
1297 741 1524 783 Theophrastus,
1547 746 1578 775 in
1598 746 1724 785 peccatis
1747 745 1824 775 inter
1828 749 1862 785 Je
1879 754 1945 775 con-

1077 785 1215 821 ferendis,
1233 789 1324 824 prout
1344 784 1430 826 vulgo
1450 786 1577 824 conferri
1590 786 1706 826 solent,
1730 786 1820 824 dicit,
1841 788 1946 828 gravi-

1078 834 1128 856 ora
1157 824 1226 865 effe,
1247 834 1309 866 quae
1328 832 1382 865 per
1408 827 1586 867 cupidinem,
1607 835 1694 868 quam
1717 836 1779 868 quae
1801 834 1853 868 per
1869 828 1945 858 iram

1078 868 1295 898 admittuntur:
1331 869 1455 905 etenim,
1478 869 1530 909 qui
1558 869 1715 908 irascitur,
1751 878 1816 899 cum
1852 868 1947 899 dolore

1079 909 1202 948 quodam
1228 907 1263 942 &³
1292 907 1482 939 contractione
1514 910 1605 940 animi
1627 909 1737 940 occulta
1773 920 1792 942 a
1822 910 1946 940 rationis

1081 955 1197 980 tramite
1214 948 1357 979 declinare
1379 950 1516 986 videtur,-
1538 952 1590 991 qui
1605 960 1671 981 vero
1684 958 1739 991 per
1755 952 1946 991 cupiditatem

1080 991 1248 1031 delinquit,
1271 990 1341 1031 quia
1357 991 1507 1031 voluptate
1531 993 1686 1031 vincitur,
1708 992 1947 1033 intemperantior

1080 1032 1282 1072 quodammodo
1314 1030 1351 1065 &⁹
1375 1033 1405 1062 in
1433 1033 1575 1072 peccando
1599 1032 1792 1072 effeminatior
1814 1034 1946 1065 videtur.

1083 1074 1167 1103 Recte
1192 1074 1284 1113 igitur
1306 1082 1356 1103 nec
1381 1074 1500 1114 indigne
1530 1073 1694 1113 Philosopho
1714 1075 1946 1114 pronuntiavit,

1080 1115 1225 1154 amplioris
1253 1113 1303 1153 effe
1319 1115 1466 1152 criminis,
1491 1115 1566 1155 quod
1583 1124 1648 1145 cum
1664 1115 1834 1155 voluptate,
1858 1125 1944 1157 quam

1081 1157 1156 1197 quud
1173 1160 1236 1185 cum
1253 1155 1344 1185 dolore
1360 1156 1536 1186 admittitur.
1581 1155 1678 1197 Atque
1694 1159 1809 1187 omnino
1826 1157 1900 1188 alter
1902 1155 1944 1195 fi-

1082 1197 1176 1227 milior
1201 1206 1224 1227 ez
1244 1194 1361 1236 existit,
1384 1198 1434 1238 qui
1453 1198 1536 1237 prior
1558 1197 1638 1235 laejus
1662 1197 1765 1228 doloris
1781 1200 1893 1229 ratione
1908 1199 1947 1230 ad

1081 1239 1259 1277 irascendum
1282 1237 1432 1278 adigitur:
1456 1248 1521 1268 cum
1537 1239 1561 1268 is
1581 1238 1677 1278 sponte
1694 1241 1755 1279 sua
1780 1240 1819 1270 ad
1843 1241 1946 1271 laeden-

1081 1280 1147 1309 dum
1157 1279 1292 1318 feratur,
1318 1280 1369 1320 qui
1384 1281 1421 1311 ad
1433 1281 1663 1320 perpetrandum
1678 1281 1840 1321 quidquam
1863 1282 1947 1323 cupi-

1080 1322 1146 1351 dine
1169 1321 1297 1351 ducitur.

1118 1361 1254 1401 Poffems
1267 1361 1356 1402 plura
1374 1360 1516 1393 adferre:
1539 1371 1650 1393 verum
1674 1362 1744 1394 haec
1763 1362 1947 1395 suffecerint

1079 1403 1261 1442 dejiciendis
1294 1403 1352 1434 illis
1385 1402 1499 1443 quibus
1529 1404 1674 1435 adversus
1706 1414 1757 1436 me
1784 1404 1852 1436 usus
1882 1403 1946 1435 fuit

1081 1444 1137 1475 Vir
1160 1442 1382 1484 amplissimus:
1405 1446 1560 1483 maxime,
1577 1445 1706 1485 quando
1725 1445 1789 1486 ipse
1805 1445 1948 1484 fatetur,

1077 1484 1152 1525 poffe
1172 1484 1372 1526 fingularibus
1405 1486 1441 1520 ὅ*
1465 1484 1617 1527 exquisitis
1644 1491 1830 1526 personarum
1862 1488 1946 1518 rixa-

1083 1535 1202 1569 runique
1226 1526 1451 1567 rirunzjlanziis
1468 1527 1563 1568 judici
1583 1528 1748 1569 mitigandae
1766 1535 1858 1569 poenae
1878 1537 1949 1559 cau-

1071 1568 1139 1607 sam
1163 1569 1245 1603 dari,-
1271 1568 1301 1599 ἁ
1327 1568 1484 1599 Alciatum
1508 1570 1642 1609 allegat,
1665 1571 1743 1610 apud
1767 1579 1851 1611 quem
1875 1575 1947 1601 vuer

1069 1610 1202 1648 fortuita
1227 1611 1271 1640 ira
1295 1608 1456 1647 collusorem
1467 1617 1559 1649 suum
1581 1610 1674 1641 cultro
1701 1610 1885 1651 percufferat.
1909 1609 1947 1642 ld

1077 1660 1154 1681 vero
1172 1651 1247 1690 quid
1268 1649 1312 1682 est
1323 1673 1332 1689 ,
1349 1650 1402 1681 mii
1414 1674 1423 1689 ,
1435 1649 1566 1683 desertis
1582 1652 1724 1692 partibus
1742 1652 1820 1691 suis,
1836 1652 1867 1684 in
1880 1661 1947 1683 me·

1077 1701 1109 1722 as
1130 1691 1280 1723 tramite?
1301 1693 1420 1732 quippe
1438 1701 1510 1723 cum
1530 1694 1615 1724 idem
1645 1694 1732 1733 quod
1753 1702 1835 1734 ego,
1858 1694 1945 1725 Alci-

1076 1739 1146 1765 atus
1172 1731 1284 1764 sentiat
1300 1734 1348 1764 lib.
1369 1743 1400 1774 4.
1421 1732 1576 1775 Dispunt't.
1601 1743 1625 1765 c.
1645 1743 1692 1774 17.
1717 1734 1828 1774 ltaque
1844 1734 1947 1766 inanis

1077 1778 1123 1805 eit
1147 1774 1340 1806 declamatio
1365 1783 1464 1816 quam
1490 1783 1568 1806 mox
1603 1774 1727 1815 subjicit
1758 1774 1817 1807 Vir
1841 1775 1888 1807 Cl.
1915 1775 1949 1806 Si

1077 1816 1142 1856 quis
1172 1822 1252 1855 putet
1279 1817 1345 1846 inde
1374 1815 1583 1856 colligendum,
1613 1816 1766 1848 homicidia
1799 1816 1946 1858 qualibet.

1076 1858 1164 1888 rixari
1174 1868 1196 1886 v„2
1206 1855 1235 1896 fi
1242 1858 1305 1888 adio
1306 1855 1375 1894 ficis
1387 1856 1536 1897 &gladiis
1549 1856 1689 1897 admzffa,
1707 1858 1818 1890 mitiore
1828 1881 1837 1897 ,
1855 1868 1944 1899 quam

1076 1898 1178 1933 capitis
1191 1897 1327 1940 supplicio
1342 1897 1504 1937 adficiendo
1519 1897 1588 1938 effe,
1604 1908 1647 1929 na>
1665 1899 1748 1930 illum
1758 1905 1868 1939 parum
1878 1908 1945 1930 con·

1067 1938 1222 1978 fulturam
1238 1939 1431 1970 incolumitati
1451 1942 1564 1981 generis
1575 1939 1695 1971 humani
1706 1963 1716 1979 ,
1739 1942 1812 1982 quod
1826 1941 1943 1980 [alvum

1075 1978 1125 2019 effe
1143 1989 1199 2010 non
1218 1978 1317 2020 poffit‚
1339 1978 1364 2016 fi
1379 1981 1500 2011 violenti
1523 1980 1646 2021 affei'tus
1665 1982 1768 2021 rigidis
1786 1988 1942 2022 paenarum

1072 2021 1179 2059 fraenis
1198 2030 1216 2050 a
1234 2022 1420 2060 facinoribus
1444 2032 1500 2052 non
1524 2024 1717 2053 cohibeantur.
1742 2021 1833 2054 Nihil
1860 2023 1945 2054 enim

1081 2071 1116 2092 ea
1148 2061 1339 2093 declamatio
1364 2064 1402 2093 ad
1436 2072 1538 2094 meam
1565 2063 1704 2102 pertinet
1735 2063 1944 2096 sententiam:

1081 2111 1151 2143 quae
1167 2112 1233 2134 non
1244 2103 1365 2134 rixandi
1383 2102 1487 2135 studio
1498 2103 1650 2144 ignoscit,
1673 2104 1725 2135 sed
1744 2104 1945 2136 rixaefortui-

1081 2152 1121 2175 tae
1137 2151 1234 2184 atque
1263 2143 1449 2185 incogitatae
1468 2156 1476 2176 ε
1509 2145 1561 2176 sed
1584 2154 1688 2185 neque
1712 2146 1782 2177 vult
1798 2170 1808 2185 ‚
1840 2146 1946 2177 homi-

1080 2186 1198 2217 cidium
1227 2185 1258 2216 in
1283 2185 1351 2216 rixa
1375 2184 1493 2217 faCtum
1526 2186 1630 2227 primo
1651 2187 1799 2227 impetu,
1832 2188 1905 2228 quia
1928 2196 1946 2219 a

1081 2227 1206 2266 capitali
1227 2235 1322 2267 poena
1339 2226 1503 2258 excusatur
1519 2251 1529 2266 ,
1551 2228 1625 2259 ideo
1651 2235 1705 2259 aut
1723 2227 1836 2268 justum
1857 2227 1945 2267 esse,

1080 2277 1133 2299 aut
1150 2268 1363 2308 impunitum:
1380 2268 1431 2300 sed
1448 2267 1568 2308 solum3
1585 2278 1721 2301 nontam
1733 2270 1850 2302 malum
1862 2269 1944 2309 ess'e,

1081 2319 1172 2350 quam
1208 2310 1353 2351 cogitato
1386 2309 1416 2341 ὰ
1442 2310 1618 2342 deliberato
1647 2310 1786 2342 factum:
1810 2312 1946 2343 alterum

1082 2352 1166 2383 enim
1187 2350 1324 2383 hominis
1342 2351 1480 2392 improbi
1499 2351 1530 2383 ὅ(
1549 2351 1711 2393 flagitiofi‚
1736 2353 1870 2384 alterum
1887 2355 1945 2384 im-

1081 2393 1245 2433 prudentis
1263 2392 1291 2423 &
1308 2392 1459 2431 errantis,
1482 2392 1563 2425 efl'e:
1587 2403 1691 2434 neque
1704 2393 1800 2435 igitur
1816 2394 1881 2434 pari
1899 2402 1947 2425 at·

1080 2443 1144 2474 que
1175 2433 1285 2466 eadem
1316 2431 1485 2466 severitate
1515 2435 1723 2475 puniendum.
1761 2444 1827 2476 quo
1856 2434 1944 2466 sensu

1080 2474 1150 2506 infit
1169 2475 1286 2506 Cicero
1309 2474 1357 2506 lib.
1391 2485 1416 2506 1.
1441 2474 1489 2506 De
1510 2475 1620 2516 officiis.
1646 2476 1681 2508 In
1696 2478 1773 2507 omni
1795 2474 1943 2517 injustitia

1075 2516 1251 2557 permultum
1264 2514 1400 2556 interest,
1423 2522 1523 2547 utrum
1538 2518 1755 2556 perturbatione
1771 2516 1869 2559 aliqua
1880 2519 1943 2548 ani-

1075 2559 1131 2594 mi,
1155 2568 1216 2599 quie
1227 2556 1396 2599 plerumque
1413 2558 1506 2588 brevis
1523 2557 1561 2597 est
1579 2557 1662 2592 &ad
1680 2564 1807 2599 tempas,
1831 2568 1870 2589 an
1878 2568 1944 2589 con-

1068 2599 1150 2639 Julto
1175 2599 1212 2633 ἐξ
1236 2600 1363 2640 cogitata
1381 2598 1440 2638 fiat
1464 2599 1592 2640 injuria.-
1613 2600 1722 2631 leviora
1742 2604 1818 2631 enim
1836 2599 1913 2639 sunt
1929 2622 1941 2638 ‚

1079 2650 1140 2682 quae
1172 2646 1316 2681 repentino
1348 2639 1443 2681 aliquo
1474 2646 1553 2671 motu
1584 2642 1741 2679 accidunt,
1771 2651 1858 2681 quam
1887 2651 1941 2679 ea,

1078 2691 1140 2723 quae
1155 2682 1293 2713 meditata
1303 2679 1340 2715 ἐξ
1353 2687 1519 2721 praeparata
1533 2681 1715 2718 inferuntur.
1740 2681 1792 2712 Sic
1803 2681 1919 2713 Cicero
1932 2691 1940 2712 :

1078 2723 1181 2762 addo,
1205 2723 1297 2755 Plato
1322 2722 1368 2754 De
1389 2722 1515 2763 legibus,
1541 2723 1645 2763 dialog.
1676 2731 1720 2754 ix.
1742 2722 1847 2754 Verba
1873 2722 1942 2754 Pla-

1079 2766 1176 2796 toniS.
1208 2763 1361 2806 Duplicem
1376 2765 1475 2794 caedem
1486 2771 1591 2804 potiere
1601 2765 1712 2803 placet,
1735 2771 1888 2805 utramque
1897 2765 1941 2794 ira

1069 2805 1205 2845 factam,
1228 2815 1300 2847 quas
1317 2807 1392 2836 inter
1410 2805 1594 2836 voluntarias
1619 2805 1655 2839 {9⁹
1673 2806 1890 2836 involunturzas
1910 2815 1941 2836 a-

1077 2845 1182 2878 ctiones
1191 2848 1297 2878 medias
1305 2847 1374 2888 jure
1382 2847 1536 2887 posuerim.
1558 2846 1677 2878 Neutra
1687 2848 1761 2877 enim
1771 2846 1942 2877 voluntaria

1077 2897 1196 2927 revera,
1219 2888 1265 2919 vel
1286 2887 1487 2919 involuntaria
1505 2885 1562 2928 est,
1578 2889 1629 2928 sed
1647 2888 1738 2919 altera
1754 2888 1876 2918 alterius
1898 2884 1937 2927 ⁶st

1078 2931 1183 2971 imago.
1206 2929 1290 2961 Nam
1308 2929 1355 2960 ille
1370 2929 1503 2969 quidem,
1527 2930 1578 2970 qui
1601 2931 1676 2960 iram
1690 2929 1806 2968 seruat,
1830 2934 1881 2958 nec
1897 2937 1939 2958 re·

1076 2977 1177 3012 pente,
1200 2972 1246 3008 led
1258 2980 1322 3001 cum
1340 2968 1450 3008 insidiis
1463 2970 1492 3010 se
1504 2967 1599 3011 postea
1621 2972 1771 3008 vindicat,
1796 2970 1938 3000 homicide

1079 3012 1241 3043 voluntarii
1257 3009 1295 3052 esi
1306 3009 1474 3052 persimilis.-
1498 3011 1533 3046 &⁹
1550 3014 1601 3053 qui
1615 3022 1673 3043 non
1686 3012 1804 3049 servat,
1824 3010 1938 3050 sedpri-

1075 3062 1117 3084 mo
1134 3055 1184 3084 irae
1200 3054 1306 3093 impeta
1314 3053 1438 3093 fertur,
1460 3052 1497 3088 ἑὸ)
1514 3055 1619 3095 absque
1630 3052 1874 3094 praemejitazione
1890 3051 1937 3081 in·

1075 3093 1182 3134 terficit
1202 3117 1213 3133 ,
1247 3094 1445 3126 involuntarii
1473 3095 1617 3126 homicida
1640 3093 1744 3132 fimilis
1768 3092 1935 3133 judicatur.

1075 3135 1148 3166 Non
1164 3141 1260 3167 tamen
1277 3136 1389 3167 omnino
1412 3135 1631 3167 involuntarius
1649 3132 1707 3173 est,
1722 3134 1774 3174 sed
1799 3133 1937 3164 involun-

1076 3177 1147 3209 carii
1162 3177 1261 3210 hahere
1270 3175 1493 3215 fimilitudinem
1504 3178 1621 3209 dicitur.
1644 3175 1790 3223 Quocirca
1805 3181 1853 3215 per
1862 3175 1938 3204 iram

1866 3224 1939 3246 com-
