2036 3495
163 125 231 170 380

875 225 1090 259 CAPUT

782 116 1090 150 [sensistin
1139 112 1373 148 Noonr

1159 224 1273 260 VIII.

576 302 812 353 Ufittnfittffltmz
825 306 932 340 amitti
945 316 1002 340 non
1019 305 1127 340 utendo
1142 314 1198 351 per
1213 303 1413 352 constitutum
1433 311 1565 350 templis.

220 419 349 447 raeterea
367 410 523 443 amittitur
537 408 732 442 ususfructus
748 418 813 441 non
831 409 964 441 utendo.
987 409 1049 440 cla-

168 420 215 492 P
232 466 264 487 re
281 454 412 493 Paulus,
428 453 477 484 lib.
497 462 526 494 3.
546 452 675 483 Sentent.
693 453 739 482 tit.
755 454 785 482 6.
804 450 835 492 §.
854 460 895 492 30
925 451 998 483 Non
1015 459 1049 481 u-

169 499 269 536 tendo,
293 497 458 536 inquiens,
482 494 631 525 amittitur
648 491 855 532 ususfrufflcs,
871 491 901 531 fi
914 490 1049 533 poffeffio-

169 538 305 579 nefandi
322 538 432 569 biennio
440 534 632 576 frzifbuczrius
647 543 706 565 non
727 539 849 572 utatur,
874 534 921 564 vel
936 535 977 564 rei
994 543 1050 564 mo-

170 581 233 612 bilis
247 589 334 611 cinno.
360 579 403 610 ait
421 586 529 609 autem
547 576 743 615 Pomponius
760 575 780 606 l.
800 584 850 615 25.
868 574 911 606 D.
935 574 1051 618 Quibus

167 623 256 653 modis
281 619 467 662 usurfruftus
491 619 640 650 amittitur
657 640 666 654 ‚
696 617 848 657 placere,
881 616 932 646 vel
955 623 1052 647 certae

168 664 286 705 partis,
311 663 363 694 vel
380 671 439 702 pro
457 659 609 697 indiviso,
632 657 864 689 usumfructum
879 666 945 688 non
963 665 1053 688 uten-

172 705 215 736 do
233 704 349 736 amitti.
372 704 500 734 videtur
518 710 616 741 porro
633 699 823 731 fructuarius
842 708 907 730 non
925 699 971 729 uti
989 697 1053 729 frui

170 756 205 778 re
229 745 418 778 fruetuaria:
443 752 540 783 quum
568 751 604 773 ea
627 741 711 773 nulla
735 750 776 772 ex
795 748 886 781 parte
909 740 1008 771 utitur
1024 739 1055 771 ἃ

171 787 299 819 fruitur.
322 787 409 827 quod
428 785 447 816 si
467 783 503 816 sit
520 782 609 820 usus,
624 792 692 814 non
709 781 841 814 fruitus:
865 789 957 822 putat
975 781 1054 813 Pau-

171 828 220 862 lus
236 830 255 860 l.
274 839 321 860 20.
341 827 384 858 D.
411 828 470 857 eod.
487 826 534 856 tit.
559 825 699 863 referre3
723 831 828 856 utrum
852 822 1000 862 sciverit,
1026 823 1056 855 se

170 871 294 903 habere>
308 867 535 900 usumfructum
548 891 557 906 ‚
582 876 619 898 ati
642 866 846 907 ignoraverit.
871 874 943 896 nam
962 864 982 896 si
1001 863 1055 896 sci-

171 923 248 950 ens,
271 910 301 942 se
324 910 443 941 habere
467 907 717 946 usumfrucmm,
742 914 864 938 tantum
887 906 933 938 uti
958 907 1056 945 velit3

171 953 379 986 nihilominus
397 952 427 983 ἃ
443 950 505 982 frui
525 951 671 982 videtur:
693 948 715 981 si
733 958 811 980 vero
830 948 978 990 ignoret3
994 957 1057 980 ma-

171 997 219 1038 gis
233 995 359 1026 amittet
376 991 616 1024 usumfructum.
637 990 951 1022 &movetPaulum:
969 989 1056 1030 quod

171 1046 239 1069 non
266 1045 306 1068 ex
331 1045 373 1067 eo
400 1035 489 1076 quod
516 1033 614 1064 habet
639 1032 757 1069 utitur,
781 1031 834 1063 sed
851 1041 892 1063 ex
911 1041 950 1062 eo
968 1031 1058 1071 quod

170 1078 290 1110 habere
306 1077 335 1109 se
352 1077 489 1117 putavit.
511 1075 607 1116 igitur
622 1073 740 1105 amittit
753 1071 983 1105 uffirnfruCtum
994 1071 1058 1104 fru-

173 1120 328 1159 Clzuariu53
344 1118 365 1151 fi
383 1128 440 1159 per
459 1116 489 1148 se
508 1117 578 1148 usus
596 1125 661 1147 non
679 1113 726 1147 sit.
748 1122 780 1145 at
796 1123 870 1146 cum
888 1123 944 1154 per
962 1114 1057 1145 aliurn

173 1170 306 1203 quoque
331 1161 382 1192 cui
408 1154 634 1190 usumfructum
659 1156 823 1195 vendidit,
846 1164 899 1188 auc
916 1155 1058 1194 locavit,

172 1211 226 1235 aut
245 1203 342 1245 gratis
359 1201 532 1238 conceflit,
548 1199 592 1230 uti
612 1198 673 1230 frul
692 1198 719 1229 ei
736 1197 852 1229 liceat:
876 1197 976 1238 magis
996 1196 1059 1234 est,

171 1253 208 1277 ut
224 1254 282 1285 per
297 1253 354 1275 eos
371 1251 502 1283 quoque
518 1239 745 1272 usumfructum
763 1240 898 1271 retineat
915 1239 934 1269 l.
948 1242 998 1279 38.
1021 1237 1060 1270 D.

173 1288 207 1318 de
228 1284 401 1326 usztfrziffiiti.
433 1283 587 1324 amplius,
611 1281 632 1313 si
652 1280 879 1312 usumfructum
904 1280 1057 1318 habeam,

173 1335 312 1368 eumque
329 1336 395 1358 non
414 1325 478 1367 ipse
495 1325 668 1361 locavero,
693 1322 746 1353 sed
771 1320 901 1353 absente
924 1322 953 1352 ἂ
970 1323 1059 1362 igno-

172 1377 264 1402 rante
292 1373 363 1407 nie,
386 1367 412 1398 is
437 1366 490 1407 qui
516 1365 647 1406 negotia
663 1373 735 1395 mea
750 1363 859 1403 geffit,
884 1362 1059 1399 locaverit,

172 1419 227 1443 aut
251 1417 340 1442 certe
363 1408 462 1440 fuerit
489 1406 559 1438 usus
579 1406 609 1437 ἂ
633 1404 766 1437 fruitus:
789 1403 1015 1441 nihilominus,
1039 1403 1059 1434 si

173 1460 278 1485 ratum
306 1450 412 1482 habeo
436 1449 525 1489 quod
546 1447 585 1478 ab
601 1456 642 1478 eo
659 1445 781 1487 gestum
801 1445 857 1483 sit,
881 1445 1007 1476 retineo
1025 1452 1059 1474 u-

170 1492 390 1526 sumfructum.
408 1491 504 1530 idque
520 1488 550 1520 ἀ
563 1486 800 1527 Pomponius&
814 1484 969 1525 Ulpianus
985 1495 1059 1525 pro-

172 1536 249 1567 bant
266 1543 323 1574 per
342 1532 426 1570 hoc,
449 1530 537 1571 quod
556 1527 762 1570 negotiorum
778 1527 942 1568 gestorum
961 1528 1058 1558 afflo-

172 1586 247 1609 nem
270 1572 422 1613 adquisivi
448 1570 468 1603 l.
491 1581 538 1603 12.
564 1569 593 1612 ᾗ.
613 1580 641 1602 2.
663 1568 707 1601 D.
728 1570 789 1602 eod.
805 1569 852 1600 tit.
875 1578 916 1600 ex
934 1578 999 1610 quo
1014 1577 1060 1599 ra-

172 1626 239 1650 tum
257 1615 353 1647 habui
373 1613 412 1645 ab
429 1613 486 1645 illo
503 1612 638 1653 gestum.
751 1649 753 1651 q

213 1657 314 1700 Igitur
343 1656 462 1687 retinet
486 1652 714 1685 usumfructum
744 1651 936 1684 fructuarius
959 1652 1057 1689 etiam

170 1709 230 1742 per
253 1699 366 1731 alium:
389 1697 444 1738 qui
461 1696 562 1728 modo
580 1695 645 1736 ejus
663 1695 795 1726 nomine
812 1701 919 1725 utatur
935 1693 1056 1725 usufru-

174 1743 237 1774 stu.
271 1740 360 1779 quod
378 1738 399 1771 fi
415 1740 441 1770 is
458 1747 524 1770 non
544 1745 667 1775 utatur3
690 1735 854 1777 distinguit
871 1734 1058 1766 Marcianus

173 1785 194 1816 l.
206 1788 256 1825 38.
277 1782 313 1817 &⁹
331 1791 381 1822 40.
401 1780 443 1812 D.
461 1781 520 1812 eod.
539 1780 586 1810 tit.
605 1787 677 1810 nam
696 1777 718 1809 si
735 1777 902 1808 donavero
915 1777 1008 1808 alicui
1027 1786 1060 1807 u-

172 1824 400 1862 sumfructuim
416 1823 508 1863 isque
524 1830 590 1852 non
607 1826 728 1851 utatur:
743 1826 850 1858 negat,
861 1827 919 1859 per
932 1828 1003 1850 eum
1013 1827 1059 1849 re-

174 1867 268 1900 tineri
283 1875 300 1897 a
318 1874 369 1898 me
387 1862 634 1896 usumfructum:
657 1860 731 1901 quia
746 1859 885 1891 cessante
903 1860 969 1900 ejus
985 1859 1060 1898 usu,

172 1918 279 1950 neque
296 1909 328 1939 in
347 1915 419 1945 me,
441 1914 548 1945 neque
567 1905 598 1935 in
618 1902 674 1935 illo
691 1909 825 1942 apparet
841 1910 907 1942 quo
925 1903 1060 1932 retinea-

172 1958 224 1983 tur
241 1948 448 1981 ususfructus.
479 1946 567 1985 quod
585 1944 606 1977 fi
622 1952 686 1976 non
705 1944 890 1982 donavero,
915 1942 967 1974 sed
985 1952 1060 1974 ven·

175 1993 308 2030 didero,
335 1987 585 2025 usumfructum,
609 1983 729 2018 etiamsi
752 1994 817 2016 non
842 1991 949 2016 utatur
974 1993 1060 2024 emp·

177 2042 245 2066 tor:
264 2039 377 2064 contra
395 2038 485 2072 putat
499 2028 698 2065 Marcianus,
715 2036 730 2057 a
748 2035 799 2058 me
815 2026 944 2057 retineri
963 2024 1060 2057 usum-

176 2075 334 2107 frufitum:
359 2075 432 2115 quia
451 2072 503 2113 qui
523 2070 627 2112 pretio
646 2069 765 2106 utitur,
789 2068 844 2108 (uc
863 2066 961 2107 Gajus
978 2068 1021 2097 ait
1037 2067 1056 2098 l.

175 2127 226 2159 39.
245 2116 287 2148 D.
310 2116 369 2147 eod.
394 2115 464 2154 tit.)
487 2122 554 2145 non
580 2112 683 2143 minus
709 2109 828 2141 habere
852 2108 1061 2149 intelligitur,

202 2167 273 2189 uam
292 2158 345 2195 qui
367 2155 534 2197 principali
552 2163 586 2185 re
612 2154 719 2184 utitur.
762 2149 837 2182 Nec
864 2157 970 2182 tamen
999 2150 1063 2180 lioc

192 2208 303 2240 emper
321 2207 433 2229 verum
451 2196 505 2227 est.
531 2193 695 2236 quaefitum
715 2200 822 2230 certe,
847 2190 868 2223 fi
887 2191 1063 2233 proprieta-

178 2242 244 2273 rius
261 2249 278 2271 a
297 2249 348 2271 me
368 2240 420 2279 qui
438 2238 502 2268 snm
519 2236 729 2273 frustuarius,
745 2233 879 2265 fundum
897 2233 1062 2264 conduxe-

178 2283 238 2322 rit,
263 2289 402 2321 eumque
428 2278 501 2317 Sejo
528 2278 728 2314 vendiderit,
753 2285 817 2306 non
835 2274 975 2306 deducto
994 2273 1062 2305 usu-

176 2323 301 2362 frusta,
313 2332 351 2354 an
368 2320 599 2353 usumfructum
613 2328 670 2360 per
680 2325 863 2357 emptorem
882 2314 1064 2347 retineam?

179 2366 224 2398 Et
243 2365 286 2396 ait
303 2362 503 2403 Pomponius
522 2362 541 2392 l.
562 2370 611 2398 29.
630 2359 672 2391 D.
694 2359 810 2404 Quibus
825 2358 915 2389 modis
933 2357 1066 2397 ususfru-

179 2404 244 2438 eius
260 2406 307 2437 vel
323 2406 393 2444 usus
407 2405 574 2441 amittitur,
598 2402 675 2433 licet
694 2399 879 2441 pensionem
905 2397 982 2430 milii
1007 2397 1066 2430 sol-

180 2449 263 2480 verit
287 2446 537 2488 proprietarius,
563 2452 670 2475 tamen
695 2441 923 2473 usumfructum
945 2440 1066 2472 amitti:

180 2491 254 2530 quia
277 2498 342 2520 non
367 2497 461 2526 meo,
486 2485 540 2518 sed
564 2484 619 2516 suo
638 2484 770 2516 nomine
785 2482 901 2514 fruitus
918 2481 963 2513 est
981 2490 1068 2522 emp-

181 2539 244 2563 tor.
279 2530 380 2561 teneri
406 2529 499 2569 plane
516 2527 593 2559 milii
612 2536 652 2558 ex
670 2526 780 2557 locato
798 2524 1044 2565 proprietarium
1057 2546 1066 2562 ,

182 2572 293 2613 quanti
312 2581 381 2602 mea
399 2569 564 2608 interfuit,
588 2568 620 2600 id
637 2566 755 2598 faCtum
774 2575 838 2597 non
856 2565 929 2597 esse.
957 2574 1066 2605 quam·

184 2621 278 2655 quam
304 2611 325 2643 si
350 2621 366 2643 a
393 2621 444 2643 nie
463 2610 659 2642 conductum
681 2606 908 2640 usumfructum
928 2606 976 2638 alii
997 2606 1066 2646 quis

182 2653 358 2692 locaverit,
380 2654 535 2684 retinetur
552 2650 763 2682 ususfructus:
785 2648 839 2680 sed
853 2648 875 2680 fi
892 2648 1067 2689 proprieta-

184 2698 247 2728 rius
266 2702 340 2726 eum
358 2692 488 2725 locasset
506 2692 561 2724 suo
578 2693 729 2730 nomine,
753 2691 927 2722 dicendum
944 2689 1065 2721 amitti:

180 2747 246 2770 non
264 2738 349 2768 enim
366 2744 440 2766 meo
457 2736 587 2766 nomine
603 2733 720 2765 fruitur
736 2732 885 2764 colonus.

226 2777 393 2810 Amittitui·
418 2777 510 2816 igitur
533 2775 726 2807 ususfructus
750 2783 816 2806 non
841 2773 963 2804 utendo
980 2796 989 2811 ,
1013 2770 1066 2803 scd

184 2830 242 2862 per
268 2818 477 2850 constitutum
502 2824 647 2857 tempus:
674 2816 763 2857 quod
791 2814 902 2846 Paulus
921 2816 949 2845 d.
971 2816 1018 2845 tit.
1035 2817 1067 2846 6.

183 2864 214 2906 ἓ.
233 2871 284 2904 30.
308 2860 370 2898 ait,
395 2857 486 2890 fuiss'e
509 2857 673 2890 biennium
696 2858 727 2889 in
746 2867 780 2889 re
797 2856 974 2893 immobili,
997 2854 1068 2886 fun-

184 2908 249 2943 do,
273 2901 364 2933 verbi
387 2899 505 2941 gratia;
529 2907 644 2930 annum
669 2900 700 2930 in
724 2908 758 2930 re
779 2898 903 2929 mobili.
948 2896 1011 2928 Sed
1035 2896 1069 2928 id

186 2953 314 2985 tempus
337 2941 473 2974 mutavit
492 2939 682 2979 justinianus
706 2940 725 2970 l.
749 2943 795 2971 16.
814 2946 863 2980 pr.
882 2938 918 2974 &²
935 2939 965 2981 §.
989 2948 1014 2970 1.
1033 2938 1067 2968 C.

187 2989 221 3019 cle
238 2983 415 3025 usufrueiu:
439 2980 610 3022 praefatus,
634 2981 727 3012 rebus
750 2981 932 3013 mortalium
954 2981 1067 3011 multas

184 3028 327 3061 incidere
348 3023 453 3056 causas
471 3027 525 3063 per
543 3029 618 3061 quas
630 3021 672 3052 illi
688 3022 806 3061 jugiter
824 3024 912 3063 quod
928 3020 1067 3059 habent,

187 3071 327 3103 retinere
345 3076 409 3098 non
428 3064 562 3107 poffint3
587 3062 616 3093 δι
635 3061 697 3093 effe
713 3063 844 3101 durum,
863 3073 920 3094 eos
939 3073 996 3104 per
1011 3062 1066 3093 liu·

184 3109 325 3153 jusmodi
341 3107 546 3140 difficultates
562 3105 711 3135 amittere
729 3105 817 3142 quod
836 3102 931 3135 semel
948 3103 1066 3145 poss‘es-

184 3153 251 3185 sum
270 3152 315 3183 sit.
340 3150 444 3180 vetuit
464 3149 578 3189 igitur,
602 3143 831 3176 usumfructum
856 3154 919 3175 nori
944 3146 1066 3177 utendo

185 3195 310 3236 perire,
334 3189 405 3228 Nzfi
431 3190 497 3221 talis
521 3187 645 3227 exceptio
670 3183 889 3225 usufrustuarz'o
912 3192 1071 3225 opponatur

185 3246 249 3279 que
266 3231 377 3271 etiamst
400 3231 557 3266 dominium
571 3228 752 3266 vindicaret,
772 3224 861 3267 poffet
877 3235 942 3259 eum
951 3228 1071 3268 presen-

1095 413 1151 439 tem
1168 408 1215 439 vel
1236 408 1375 446 absentem
1398 407 1557 439 excludere.
1601 405 1653 438 Sic
1676 404 1819 447 loquitur
1835 405 1975 446 justinia*

1093 459 1169 482 nus:
1192 459 1229 481 ac
1246 449 1314 481 fere
1331 450 1472 484 creditur
1489 448 1596 488 nolle,
1613 448 1841 480 usumfructum
1857 457 1922 480 non
1941 457 1974 481 u*-

1094 492 1194 523 tendo
1211 491 1332 532 perire:
1358 489 1412 522 nisi
1436 489 1611 529 frustuario
1634 490 1702 522 talis
1719 497 1903 531 opponatur
1920 500 1974 522 ex-

1094 532 1203 573 ceptio
1216 541 1287 572 quae
1298 531 1402 573 posset
1413 530 1500 563 suum
1512 532 1728 564 vindicantem
1746 531 1922 562 dominium
1936 530 1974 563 ab

1095 574 1161 613 ejus
1185 574 1344 613 petitione
1370 573 1552 605 excludere.
1586 583 1622 605 ea
1649 583 1727 604 vero
1744 572 1897 612 exceptio
1915 572 1978 605 sive

1096 615 1312 656 praescriptio‚
1336 614 1381 646 est
1408 615 1535 646 triennii
1552 615 1583 646 in
1605 624 1639 646 re
1661 615 1792 653 mobili3
1816 615 1845 645 &
1863 615 1978 647 decem

1097 665 1254 688 annorum
1279 656 1361 687 inter
1377 655 1568 696 praesentes,
1593 657 1705 697 viginti
1724 664 1878 687 annorum
1896 655 1988 688 intet‘

1098 697 1244 729 absentes
1275 698 1305 728 in
1323 707 1357 729 re
1376 697 1531 729 immobili
1546 704 1592 738 pr.
1613 696 1685 738 Infi.
1704 699 1738 728 de
1750 698 1989 737 usucapionibus.-

1098 739 1161 771 Sed
1181 748 1216 770 ea
1235 739 1460 779 interpretatio
1476 739 1551 770 milii
1571 748 1742 780 numquam
1761 736 1900 779 placuit,
1923 737 1979 770 etsi

1098 780 1135 813 sit
1153 780 1319 812 bominum
1339 780 1470 821 ingenio
1491 780 1520 819 ὅς
1538 780 1680 814 όοᾶιίῐιε
1695 779 1871 811 illustrium.
1904 781 1979 819 quin

1098 822 1223 863 semper
1238 821 1370 860 putavi,
1386 824 1469 853 inter
1484 820 1711 853 usumfructum
1728 823 1771 853 rei
1789 820 1916 852 mobilis
1927 843 1937 859 ,
1953 820 1991 853 &-

1100 863 1296 902 immobilis,
1313 861 1376 894 effe
1392 863 1509 894 nullam
1522 863 1581 894 hac
1598 864 1628 895 in
1645 865 1735 904 'parte
1752 862 1982 894 differentiam:
2035 874 2036 883 ι

1100 913 1272 946 utrumque
1291 904 1376 936 enim
1393 904 1463 936 tolli
1480 903 1581 943 spatio
1597 905 1710 936 decem
1728 913 1883 935 annorum
1899 904 1981 935 inter

1100 945 1289 988 praesentes,
1313 946 1343 977 δι
1362 945 1475 986 viginti
1495 947 1580 977 inter
1595 945 1751 977 absentes.
1788 945 1911 978 Indicio
1927 943 1984 976 mi·

1101 989 1151 1021 hi:
1176 989 1263 1029 quod
1279 986 1360 1027 Imp.
1378 986 1587 1026 Justinianus,
1613 986 1778 1028 postquam
1798 988 1863 1028 egit
1879 987 1918 1017 de
1935 995 1982 1017 re-

1101 1031 1178 1069 bus,
1204 1038 1277 1061 cum
1294 1028 1490 1065 mobilibus,
1515 1035 1582 1060 tum
1607 1029 1843 1066 immobilibus,
1868 1026 1983 1059 deinde

1100 1071 1294 1113 generaliter
1320 1071 1387 1109 ait,
1411 1069 1586 1102 frustum-io
1609 1079 1729 1101 nocere
1753 1067 1983 1109 exceptionem

1101 1122 1173 1154 quae
1186 1114 1234 1152 ei,
1251 1108 1459 1143 sidominium
1477 1109 1672 1150 vindicaret,
1690 1111 1741 1142 vel
1757 1110 1984 1152 praesenti,vel

1102 1154 1224 1185 absenti
1249 1160 1394 1185 noceret.
1422 1162 1458 1183 ea
1474 1162 1572 1193 porro
1590 1152 1749 1185 distinctio
1774 1151 1935 1194 praesentis
1953 1151 1984 1183 δι’

1101 1195 1238 1227 absentis
1263 1194 1371 1226 locum
1397 1194 1495 1226 habet
1515 1195 1546 1226 in
1571 1195 1666 1227 rebus
1689 1195 1930 1226 immobilibus:
1952 1193 1996 1232 in,

1102 1236 1276 1268 mobilibus
1293 1246 1358 1267 iion
1377 1235 1486 1267 habet.
1519 1236 1590 1268 vult
1613 1235 1710 1276 igitur
1733 1235 1929 1275 Imperator,
1952 1233 1986 1266 in

1102 1279 1329 1318 cujuscumque
1354 1278 1397 1308 rei
1420 1276 1582 1308 usufructu
1600 1277 1758 1308 observari
1776 1275 1987 1317 praescriptio-

1101 1329 1175 1351 nem
1192 1328 1295 1351 rerum
1313 1318 1546 1351 immobilium:
1571 1327 1641 1359 quae
1658 1317 1855 1359 praescriptio
1871 1317 1917 1349 est
1935 1318 2007 1349 deu

1102 1370 1173 1393 cem
1190 1369 1346 1391 annorum
1363 1361 1447 1391 inter
1459 1359 1647 1400 praesentes,
1664 1359 1693 1391 ἀ
1705 1360 1815 1401 viginti
1836 1361 1919 1391 inter
1934 1359 1989 1390 ab·

1103 1401 1226 1434 sentes:
1251 1401 1328 1432 licet
1343 1402 1374 1432 in
1391 1410 1495 1432 rerum
1513 1401 1729 1442 corporalium
1747 1400 1988 1441 praescriptione

1102 1442 1138 1475 sit
1154 1439 1321 1474 mobilium
1338 1443 1367 1474 ὅ(
1384 1442 1596 1474 immobilium
1608 1442 1798 1474 differentia.
1815 1442 1878 1474 Sed
1893 1441 1935 1473 nil
1951 1451 1989 1471 o-

1104 1494 1163 1525 pus
1183 1485 1307 1516 verbis:
1325 1483 1392 1524 ipso
1411 1483 1586 1524 justiniano
1605 1492 1751 1515 tenorem
1770 1485 1797 1514 d.
1817 1484 1838 1515 l.
1861 1487 1905 1514 16.
1924 1482 1990 1523 pla-

1103 1535 1144 1557 ne
1167 1526 1206 1557 ad
1233 1523 1315 1556 hanc
1338 1533 1433 1565 quam
1459 1525 1546 1563 dixi,
1569 1524 1708 1556 formam
1734 1532 1920 1565 exponente
1943 1522 1989 1554 se-

1103 1568 1224 1607 quente
1241 1576 1326 1598 anno
1346 1567 1375 1598 in
1393 1565 1412 1597 i.
1428 1576 1474 1605 13.
1493 1566 1525 1597 C.
1542 1565 1826 1607 deservitutibus&
1842 1575 1936 1607 aqua.-
1951 1563 1989 1596 ui:

1102 1618 1145 1640 ex
1164 1609 1331 1649 utriusque
1346 1606 1587 1647 Subscriptione
1605 1606 1700 1638 facile
1717 1608 1735 1639 li
1764 1617 1838 1639 uei-e
1855 1605 1973 1648 potest.

1145 1648 1223 1682 Non
1239 1651 1343 1681 minus
1359 1650 1428 1690 quis
1444 1650 1577 1680 miretur
1589 1648 1736 1680 cumdem
1769 1645 1987 1689 inperatorem

1101 1693 1132 1723 in
1148 1693 1177 1723 d.
1196 1691 1216 1723 l.
1237 1695 1285 1723 16.
1308 1691 1410 1729 velle,
1427 1690 1483 1722 illo
1497 1691 1650 1731 temporis
1669 1689 1769 1731 spatio
1788 1699 1853 1731 quo
1872 1690 1911 1721 de
1929 1690 1990 1721 dis-

1101 1733 1236 1775 putavi,
1261 1741 1326 1764 non
1345 1732 1445 1764 modo
1463 1731 1690 1764 usumfructum
1708 1732 1833 1773 perire,
1857 1730 1909 1763 sed
1927 1730 1987 1761 eti-

1103 1785 1153 1807 am
1173 1773 1333 1806 astionem
1352 1773 1392 1805 de
1412 1772 1592 1811 usufructu,
1611 1782 1676 1805 non
1695 1775 1798 1804 dicam
1816 1772 1898 1803 hanc
1917 1770 1988 1812 quain

1103 1817 1134 1848 in
1152 1825 1218 1848 rem
1236 1815 1300 1848 est:
1318 1815 1369 1847 sed
1388 1824 1457 1846 eam
1475 1824 1545 1856 quae
1561 1808 1607 1846 est
1623 1815 1652 1846 in
1671 1813 1855 1856 personam:
1872 1812 1933 1848 sive
1949 1812 1987 1856 sit:

1104 1868 1145 1890 ex
1162 1857 1353 1889 testamento
1364 1881 1375 1897 ,
1390 1856 1454 1888 five
1471 1865 1511 1888 ex
1531 1855 1689 1897 stipulatu.
1711 1865 1782 1888 narn
1797 1856 1937 1896 alioquin
1953 1854 1988 1886 in

1103 1899 1272 1941 personam
1288 1898 1430 1930 actiones
1448 1898 1576 1930 demum
1595 1897 1747 1930 finiuntur
1763 1896 1863 1938 spatio
1884 1895 1990 1937 trigin-

1105 1950 1136 1972 ta
1164 1950 1321 1973 annorum
1335 1941 1354 1971 l.
1372 1950 1402 1981 3.
1424 1940 1458 1971 C.
1482 1941 1514 1970 cle
1535 1940 1746 1980 prescriptione
1762 1948 1803 1980 30
1819 1939 1864 1970 vel
1879 1948 1921 1978 40
1936 1946 1990 1973 cm,-

1104 1993 1217 2014 norum.
1246 1982 1307 2014 Sed
1319 2005 1328 2019 ,
1345 1991 1379 2012 ut
1395 1981 1543 2019 videtur,
1559 1981 1639 2012 fecit
1659 1980 1836 2020 Imperator
1851 1981 1878 2010 d.
1899 1980 1918 2010 l.
1940 1981 1989 2010 16.

1105 2024 1133 2066 §.
1157 2033 1181 2055 1.
1200 2023 1397 2064 specialejus
1417 2022 1551 2053 afilionis
1568 2023 1608 2053 de
1627 2021 1808 2060 usufructu,
1824 2022 1991 2062 quantuni-

1106 2067 1153 2096 vis
1174 2064 1356 2105 personalis.
1789 2095 1792 2100 ,

1148 2105 1292 2147 Longior
1310 2106 1409 2137 videri
1428 2105 1559 2145 poffim,
1578 2114 1670 2146 quam
1689 2103 1814 2138 necesse
1834 2103 1870 2135 sit
1885 2102 1992 2134 osten-

1107 2147 1196 2186 suro,
1210 2146 1441 2178 uitimfmuum
1456 2155 1578 2184 morte,
1596 2147 1709 2187 capitis
1725 2146 1904 2178 minutione
1915 2166 1923 2182 ,
1934 2142 1991 2175 aui:

1106 2188 1214 2228 inusu,
1232 2189 1312 2220 tolli.
1329 2197 1390 2219 nec
1408 2196 1513 2220 tamen
1531 2187 1607 2219 licet
1625 2177 1702 2219 m‘ihi
1718 2188 1871 2219 recedere
1887 2195 1903 2216 a
1920 2189 1992 2225 pro'-

1108 2230 1207 2271 posita
1231 2229 1414 2271 quaestione.
1446 2238 1518 2261 nam
1542 2237 1613 2269 quae
1637 2229 1718 2261 dieta
1740 2229 1810 2260 sunt
1832 2228 1872 2259 de
1888 2227 1991 2258 extin-

1107 2273 1237 2313 guendo
1265 2272 1312 2303 bis
1337 2271 1442 2302 modis
1467 2269 1648 2310 usufructu,
1674 2278 1740 2302 tum
1759 2270 1887 2301 demum
1905 2270 1990 2299 certa

1108 2315 1203 2355 sunt·R
1214 2313 1268 2344 ubi
1284 2313 1374 2345 unius
1389 2312 1434 2343 est
1449 2311 1661 2344 ususfructus:
1678 2319 1732 2343 aut
1747 2311 1768 2343 fi
1808 2310 1920 2342 lurium
1935 2305 1990 2346 sit,

1109 2354 1195 2387 suum
1220 2355 1355 2396 quisque
1380 2354 1409 2385 δε
1426 2353 1605 2385 distinctum
1621 2353 1735 2384 habeat
1754 2363 1772 2384 u
1790 2351 1990 2384 umfructum'.

1110 2404 1178 2429 tum
1196 2397 1281 2428 enim
1301 2396 1421 2436 liquet,
1445 2405 1486 2427 ex
1504 2395 1590 2435 cujus
1614 2404 1737 2433 morte,
1762 2393 1874 2435 capitis
1891 2393 1989 2424 minu-

1111 2440 1217 2477 tione,
1236 2437 1407 2476 autinusu,
1424 2437 1596 2468 amittatur.
1616 2446 1725 2468 verum
1739 2435 1780 2467 fin
1807 2432 1992 2474 amus,(qui

1111 2479 1156 2511 est
1171 2478 1258 2510 casus
1275 2479 1294 2510 l.
1313 2490 1342 2517 4.
1364 2478 1405 2509 D.
1427 2476 1542 2522 ¹Quibus
1557 2477 1646 2509 modis
1663 2478 1783 2518 ususfru
1816 2487 1850 2508 us
1865 2476 1910 2507 vel
1924 2478 1989 2520 usu?

1111 2522 1279 2561 amittitur)
1296 2519 1426 2551 Titium
1442 2519 1565 2560 rogari,
1593 2517 1823 2550 usumfruetum
1842 2517 1897 2550 fibi
1912 2516 1991 2556 lega-

1112 2570 1199 2602 tum,
1214 2562 1406 2603 Sempronio
1427 2560 1613 2592 restituere:
1638 2560 1690 2591 hic
1707 2559 1728 2592 fi
1746 2561 1865 2592 incidat
1880 2558 1990 2601 alterui

1113 2605 1190 2635 trius
1218 2603 1344 2642 inusus,
1374 2612 1481 2640 mors,
1513 2602 1673 2642 capitisve
1697 2602 1853 2639 minutio,
1877 2597 1990 2638 ambigi

1110 2645 1225 2686 poffit;
1241 2655 1281 2676 ex
1299 2644 1398 2676 utrius
1415 2642 1548 2684 persona
1567 2644 1773 2685 extinguatur
1790 2638 1989 2684 ususfructus.

1109 2697 1183 2719 cum
1201 2687 1287 2718 enim
1311 2687 1415 2726 legata
1433 2685 1505 2725 Iege
1524 2684 1711 2717 Duodecim
1727 2682 1922 2716 Tabularum
1939 2686 1989 2721 ap*—

1109 2728 1308 2770 probentur3
1332 2725 1572 2758 fideicommissa
1598 2736 1662 2758 non
1690 2724 1932 2766 approbentur3
1957 2728 1989 2752 ut

1110 2771 1176 2801 dixi
1193 2770 1298 2811 capite
1316 2769 1420 2809 primo
1439 2768 1530 2808 hujus
1548 2768 1636 2800 libri:
1663 2775 1794 2809 apparet
1806 2791 1814 2803 ,
1839 2762 1989 2809 usumfru·

1112 2811 1195 2843 stum
1212 2820 1277 2842 non
1296 2808 1596 2847 fideicommissarii,
1612 2808 1816 2851 sedlegatarii
1834 2806 1989 2846 effe:qu1a

1111 2862 1177 2885 non
1195 2850 1508 2889 fideicommissario,
1534 2850 1587 2882 sed
1603 2851 1756 2892 legatario
1777 2849 1843 2890 ipso
1856 2849 1922 2888 jure
1938 2845 1991 2890 ad-

1111 2894 1256 2935 quiritur.
1282 2893 1310 2925 ei
1327 2901 1432 2924 autem
1449 2891 1616 2932 quaesitus,
1634 2893 1751 2923 deinde
1766 2891 1848 2931 ejus,
1861 2893 1991 2934 propter

1111 2935 1348 2975 restitutionem
1360 2958 1369 2972 ,
1385 2933 1447 2966 effe
1466 2943 1531 2965 non
1548 2934 1669 2965 desinit.
1695 2935 1769 2974 quin
1785 2930 1881 2971 ipsum
1894 2936 1942 2967 Jus
1958 2935 1992 2957 e-

1112 2981 1187 3009 tiam
1200 2977 1272 3016 post
1288 2976 1521 3008 restitutionem
1534 2976 1617 3015 apud
1632 2975 1811 3016 legatarium
1828 2966 1991 3015 manetJu·

1112 3029 1146 3051 re
1167 3018 1281 3051 Civili:
1307 3019 1336 3049 ἀ
1356 3021 1478 3048 tantum
1498 3013 1657 3048 fructuum
1676 3012 1840 3056 perceptio
1855 3016 1923 3049 quae
1941 3007 1989 3039 fa-

1111 3061 1151 3092 ξὶί
1168 3060 1231 3098 est,
1255 3061 1294 3101 ad
1314 3058 1638 3091 fideicommissariam
1660 3054 1763 3087 transit
1778 3053 1850 3091 jure
1867 3050 1987 3080 Praeto-

1110 3103 1169 3134 rin.
1200 3102 1265 3133 hoc
1282 3101 1369 3133 sensu
1386 3100 1524 3139 Julianus
1544 3099 1565 3130 l.
1583 3109 1613 3140 3.
1632 3097 1675 3129 D.
1698 3096 1732 3126 Si
1745 3090 1987 3139 &usstassai-pe:

1111 3149 1188 3175 tetur
1206 3144 1268 3181 ait,
1293 3141 1516 3183 poffeffionem
1535 3141 1697 3171 dumtaxat
1713 3131 1988 3180 fideicommissarii

1113 3185 1203 3223 fieri,
1226 3193 1290 3215 non
1312 3184 1405 3215 etiam
1424 3183 1611 3214 dominium.
1635 3182 1763 3217 oportet
1779 3182 1873 3220 igitur
1889 3172 1987 3205 usum-

1112 3225 1253 3260 fructum
1269 3224 1393 3259 summo
1406 3225 1475 3265 jure
1490 3221 1587 3263 magis
1603 3228 1643 3252 ex
1660 3218 1797 3258 legatarii
1809 3219 1990 3286 ,quagidgix⁴
