2052 3487
225 77 295 112 182

226 158 342 196 debet,
367 156 443 188 nihil
467 153 540 187 tale.
575 161 640 186 non
666 152 751 184 enim
774 158 906 192 apparet
926 150 958 182 in
977 160 1013 182 ea
1033 160 1086 192 ge-

225 210 286 232 nus
304 199 427 235 damni,
453 198 563 235 utique
584 193 734 226 emersuri
757 193 931 232 creditori,
955 201 1020 224 non
1041 192 1087 224 so-

226 242 294 273 luta
316 239 474 281 pecunia:
506 244 568 267 tam
600 235 689 267 vario
720 234 892 275 praesertim
923 243 961 265 ac
983 234 1087 265 multi-

227 283 314 323 plice
344 278 487 320 pecuniae
516 276 581 308 usu.
621 283 718 316 atque
741 275 805 306 hoc
826 275 848 307 fi
871 273 934 314 est,
958 275 1087 306 videtur

223 323 377 358 debitor,
400 317 551 358 promiffo
572 317 601 349 δε
619 325 683 348 non
701 315 806 348 soluto
825 325 980 357 corpore,
1004 316 1086 347 obli-

250 364 292 394 ari
314 362 352 392 ad
369 361 516 391 damnum
535 360 585 390 cui
610 367 699 390 mora
722 357 773 388 sua
795 356 919 389 causam
943 358 1085 398 praebet,

223 373 259 435 {t
289 403 322 433 in
352 410 417 441 quo
448 399 525 431 nihil
559 400 587 430 ei
619 399 792 430 fortuitum
815 399 959 431 accidit:
989 407 1085 438 atque

223 444 324 484 ipsum
346 442 419 482 quia
443 442 564 482 liquere
586 440 689 480 Judici
710 439 836 480 potest;
860 441 955 472 etiam
973 440 1087 481 proba-

223 495 261 517 re
283 489 311 515 ei
342 481 448 523 potest
477 483 636 522 creditor,
661 490 814 522 quantum
837 482 938 522 petit,
963 489 1085 512 tantum

222 525 284 558 fibi
307 523 410 556 abesse
433 524 556 556 idcirco
574 547 583 563 ,
616 525 704 563 quod
734 524 762 554 ei
787 523 937 554 traditum
961 532 1027 554 non
1051 521 1088 553 fit

222 565 409 608 promissum
433 574 560 606 corpus.
603 565 654 596 sed
679 564 742 596 hoc
764 565 794 595 in
819 564 955 604 pecunia
979 564 1086 595 debita

223 618 291 640 non
314 606 378 639 est:
401 616 473 638 nam
489 607 647 648 obligatio
667 606 731 646 ejus
755 606 808 646 qui
832 614 901 636 eain
926 604 1085 645 promisit,

222 650 302 681 nihil
319 647 450 690 praefert
467 658 509 680 ex
524 658 588 689 quo
607 648 764 689 intelligat
782 647 875 688 quale
892 647 1085 678 nasciturum

223 691 261 724 fit
286 692 435 723 damnum
457 699 499 721 ex
520 699 607 721 mora
630 690 716 729 eJus,
741 689 770 720 ἀ
798 689 933 728 proinde
951 688 989 719 ad
1008 688 1085 727 quid

222 733 418 774 potiffimuin
452 739 621 762 teneatur:
661 739 725 761 tam
758 730 936 770 multiplice
967 731 1085 760 damno

225 776 314 815 quod
337 774 480 806 creditor
502 773 565 813 pati
596 772 690 812 poffit
714 781 754 803 ex
779 772 871 802 variis
896 770 991 802 causis
1015 780 1085 810 quae

224 816 371 848 humanis
385 814 620 846 necessitatibus
645 814 850 852 immineant,
874 821 979 852 neque
997 813 1085 843 debi-

224 858 288 888 tori
304 857 430 888 interim
457 857 601 894 pecuniae
622 855 824 896 obligatione
849 853 1085 892 monstrentur,

224 907 321 939 atque
345 907 362 928 a
386 898 548 928 creditore
582 897 678 928 etiam
700 897 792 928 aliter
814 895 926 926 evitari
951 895 1086 935 poffint,

225 941 257 971 <St
280 940 362 971 adeo
387 939 544 970 debitoris
571 938 850 979 contemplatione
867 946 926 977 pro
943 936 1087 968 fortuitis

222 981 380 1012 habendae
404 979 475 1012 fint.
504 980 547 1011 ita
572 980 722 1020 paulatim
747 978 907 1017 efficitur,
932 986 966 1009 ut
991 987 1087 1019 pecu-

223 1023 286 1055 niae
304 1022 453 1060 debitor,
477 1020 640 1053 commiffa
663 1030 751 1052 mora
768 1029 832 1052 non
853 1020 933 1050 ultra
950 1043 959 1058 ,
992 1028 1086 1060 quam

223 1065 264 1096 ad
281 1064 383 1095 usuras
398 1087 408 1102 ‚
441 1071 607 1095 teneatur:
631 1063 703 1103 quia
730 1062 762 1094 id
784 1063 912 1093 demum
937 1063 1086 1092 damnum

222 1107 256 1137 in
282 1105 414 1147 pecunia
437 1105 622 1144 inducitur3
645 1112 734 1135 certe
757 1112 774 1134 a
795 1103 943 1135 debitore
965 1103 1086 1143 cogita-

223 1149 268 1186 ri,
291 1155 389 1187 atque
413 1156 428 1177 a
445 1147 608 1177 creditore
635 1146 782 1186 probari,
812 1145 951 1184 denique
967 1153 982 1174 a
999 1143 1084 1183 ludi-

224 1198 264 1220 ce
282 1198 323 1220 ex
340 1197 431 1219 more
449 1188 587 1228 regionis
605 1188 764 1224 aestimari,
790 1184 904 1227 potest.
929 1187 1085 1223 maxime,

224 1230 396 1271 postquam
412 1230 549 1269 placuit,
565 1229 669 1260 usuras
687 1229 717 1259 in
736 1227 831 1259 bonae
847 1226 921 1258 fidei
937 1227 1085 1266 iudiciis,

226 1272 257 1303 δε
289 1270 537 1303 fideicommissis
560 1279 598 1301 ac
623 1270 756 1311 legatis,
780 1279 821 1300 ex
845 1277 934 1299 mora
952 1291 961 1306 ‚
987 1269 1084 1299 etiam

226 1312 292 1345 fine
310 1322 347 1344 ea
363 1313 541 1350 interdum,
558 1310 669 1342 officio
685 1311 804 1351 Judicis
821 1309 967 1351 praestari.
999 1309 1087 1340 dein-

226 1354 268 1386 de
292 1355 377 1385 enim
404 1363 467 1384 non
491 1363 531 1384 ex
555 1353 684 1392 alicujus
708 1353 833 1383 incerto
858 1351 1087 1391 negotiationis

226 1396 389 1435 pendere,
413 1404 519 1434 neque
536 1393 730 1425 extrinsecus
749 1392 894 1434 pecuniae
912 1393 1086 1429 accedere,

227 1436 280 1467 sed
306 1437 390 1467 circa
415 1436 498 1466 hanc
515 1434 703 1473 consistere,
727 1443 823 1474 atque
841 1442 880 1464 ex
897 1442 952 1472 ea,
977 1442 1085 1464 exem-

226 1479 284 1517 plo
309 1477 469 1508 fructuum
487 1499 496 1515 ,
530 1477 652 1515 percipi
676 1476 776 1507 intelli
802 1482 897 1506 untur
916 1497 926 1513 ,
958 1474 1087 1505 auctore

226 1518 367 1559 Ulpiano
392 1519 411 1549 1.
434 1527 484 1558 34.
509 1516 551 1548 D.
575 1518 607 1547 de
629 1517 737 1554 usuris.
815 1525 857 1548 on
881 1516 976 1557 igitur
1000 1523 1034 1546 ut
1055 1515 1086 1546 in

225 1567 401 1599 corporum
415 1580 425 1597 ,
447 1557 490 1590 fic
512 1558 543 1589 in
568 1559 734 1598 pecuniae,
757 1556 959 1598 praestatione
982 1556 1086 1589 infini-

226 1610 259 1633 ta
275 1601 339 1641 ejus
358 1600 446 1641 quod
465 1598 595 1631 interest
612 1599 777 1631 aestimatio
795 1598 851 1631 est.

270 1643 376 1683 Atque
395 1642 458 1672 hoc
479 1642 561 1672 adeo
580 1641 705 1681 placet,
722 1649 757 1672 ut
774 1641 804 1672 in
821 1649 886 1672 uno
904 1639 1088 1680 eodemque

226 1683 393 1716 contractu
412 1683 466 1723 qui
484 1692 524 1714 ex
541 1690 679 1723 utroque
695 1683 794 1714 latere
809 1681 845 1713 fit
859 1681 1088 1722 obligatorius,

226 1726 328 1767 qualis
346 1724 390 1756 est
408 1723 532 1764 emptio
549 1723 579 1756 ὅ(
595 1724 757 1762 venditio,
777 1723 866 1755 verbi
884 1722 1003 1764 gratia,
1017 1731 1088 1762 quae

224 1768 389 1807 utrimque
405 1765 815 1806 debenturpraestationes,
827 1774 890 1796 non
908 1764 974 1804 pari
991 1772 1088 1803 atque

226 1810 338 1840 eadem
355 1807 477 1839 ratione
495 1805 833 1846 aestimenturznenipe
850 1805 922 1846 quia
937 1804 1089 1835 venditor

225 1847 436 1891 intelligit,se
447 1848 585 1889 emptori
603 1848 641 1879 ad
659 1856 790 1879 vacuam
806 1847 849 1878 rei
861 1846 1087 1884 traditionem,

226 1892 257 1924 &
280 1899 433 1932 praeterea
455 1890 502 1922 ad*
516 1889 708 1921 evictionem
724 1912 734 1928 ‚
765 1888 864 1920 teneri
883 1899 890 1920 :
915 1886 979 1918 hoc
1003 1896 1089 1918 enim

225 1933 401 1974 emptionis
417 1939 527 1963 natura
547 1931 733 1962 continetur
755 1930 774 1961 l.
796 1939 840 1961 11.
858 1929 877 1970 §
897 1938 922 1960 l.
943 1927 979 1962 ὅ)
998 1938 1026 1959 2.
1045 1927 1086 1959 D.

227 1976 260 2005 de
277 1974 436 2005 ustionibus
453 1974 538 2014 empti
565 1971 601 2006 ἑὸ)
622 1973 751 2003 venditi:
773 1971 802 2002 ἀ
819 1971 894 2001 ideo
910 1969 930 2000 si
949 1979 1011 2000 non
1031 1978 1088 2000 tra-

228 2017 282 2047 dat
300 2015 451 2053 fundum,
475 2023 529 2045 aut
546 2014 667 2052 tradat,
692 2013 742 2044 sed
760 2013 947 2049 evincatur3
971 2011 1088 2041 nullam

229 2056 293 2088 effe
308 2055 448 2094 causam,
461 2065 517 2087 cur
535 2063 631 2095 neget
643 2053 691 2092 ‚se
709 2054 810 2085 teneri
829 2054 868 2084 ad
887 2062 984 2083 omne
1001 2053 1088 2092 quod

228 2098 384 2138 emptoris
407 2096 525 2128 interfit
544 2120 553 2136 ‚
585 2105 651 2127 rem
675 2104 728 2127 aut
752 2096 898 2126 traditam
922 2093 983 2125 effe
1001 2117 1010 2132 ‚
1035 2103 1088 2124 aut

227 2149 293 2171 non
309 2139 454 2170 evictam.
479 2148 543 2170 non
561 2138 644 2169 enim
662 2137 750 2176 quod
768 2135 928 2177 promisit,
947 2134 1088 2175 praestat,

228 2190 290 2212 nec
306 2182 333 2211 ei
353 2179 566 2218 acciditquod
578 2178 633 2210 sibi
650 2178 855 2218 improvisum
867 2177 973 2208 dicere
985 2176 1088 2217 poffit.

229 2231 356 2261 :equum
380 2222 477 2261 igitur
496 2220 559 2258 est,
584 2229 618 2250 ut
635 2221 666 2251 id
687 2219 945 2259 quod'emptoris
962 2216 1091 2248 interest

228 2264 248 2294 l.
270 2272 295 2295 1.
314 2262 356 2294 D.
379 2263 411 2293 de
433 2261 592 2292 ditionibus
615 2262 701 2301 empti
725 2261 761 2295 ὃ»
785 2260 918 2298 venditi,
942 2259 1006 2290 hoc
1024 2259 1089 2297 est,

230 2304 336 2336 omnis
360 2304 425 2344 ejus
451 2303 569 2334 utilitas
586 2302 616 2333 in
635 2302 876 2333 aestimationem
896 2303 1004 2332 veniat
1020 2309 1091 2341 quae

230 2347 332 2378 modo
360 2346 444 2376 circa
468 2343 564 2384 ipsam
589 2353 655 2374 rein
682 2342 828 2374 consistat
845 2344 863 2373 l.
883 2352 930 2374 21.
948 2341 975 2383 §.
994 2352 1024 2382 3.
1047 2341 1089 2373 D.

230 2389 289 2418 eod.
310 2387 356 2417 tit.
400 2385 462 2417 Sed
484 2395 548 2416 non
567 2385 651 2416 idem
672 2384 717 2416 est
738 2385 777 2415 ab
801 2385 956 2424 emptoris
980 2390 1089 2424 parte;

230 2429 304 2469 quia
327 2428 355 2459 ei
379 2436 444 2459 non
467 2426 606 2459 ostendit
629 2426 783 2468 obligatio
800 2448 810 2465 ,
841 2426 918 2466 quid
942 2425 1091 2458 venditor

816 63 1123 99 GERARDI
1174 61 1406 97 Noonr

1136 151 1272 192 pecunia
1286 150 1337 183 sua
1354 150 1461 182 facere
1477 148 1574 181 velit:
1598 155 1635 180 ae
1652 150 1755 182 multo
1773 150 1894 192 minus,
1918 160 1993 194 qua—

1136 194 1168 225 le
1185 193 1333 225 damnum
1352 192 1490 233 passurus
1508 189 1564 230 fit,
1589 199 1625 222 ea
1648 200 1714 223 non
1731 190 1849 224 soluta:
1872 200 1993 228 tautum

1136 233 1223 273 vult,
1243 243 1424 275 emptorem
1440 233 1540 264 teneri
1555 232 1594 264 ad
1612 232 1704 273 pretii
1721 235 1993 269 numerationem:

1136 276 1273 317 proinde
1295 275 1316 307 fi
1340 284 1404 306 non
1428 281 1575 306 numeret
1590 296 1600 313 ,
1622 273 1651 305 ἃ
1675 274 1825 310 venditor
1847 275 1995 309 damnum

1136 317 1293 357 patiatur,
1308 325 1362 348 aut
1378 317 1469 348 lucro
1487 323 1612 353 careat,
1631 322 1726 356 puta,
1739 316 1812 355 quia
1828 314 1882 346 sub
1899 325 1994 357 poena

1139 358 1295 397 debebat,
1306 358 1357 389 vel
1373 364 1501 399 poterat
1516 365 1638 388 merces
1654 365 1839 397 comparare
1849 357 1908 394 ,de
1919 365 1993 390 neu-

1140 408 1191 431 tro
1210 400 1372 431 tenebitur
1389 406 1527 439 emptor.
1558 405 1707 429 neutrum
1726 399 1809 429 enim
1827 399 1911 429 circa
1925 407 1996 439 pre-

1139 442 1219 473 tium
1242 440 1393 472 consistit.
1424 447 1594 484 utrumque
1619 440 1716 481 magis
1732 438 1927 471 extrinsecus
1948 449 1995 472 ac-

1139 483 1244 521 cedit,
1268 483 1297 513 &
1321 482 1428 523 potuit
1451 481 1542 512 aliter
1558 481 1691 519 evitari,
1715 481 1853 521 denique
1870 488 1994 521 empto-

1138 524 1179 555 ris
1205 522 1349 564 respectu
1372 523 1526 554 fortuitus
1549 522 1683 553 habetur
1705 521 1812 561 casus,
1838 522 1877 553 ad
1899 531 1995 562 quem

1136 565 1168 596 se
1186 565 1385 606 obligatione
1404 564 1454 595 sua
1472 572 1537 596 non
1556 562 1731 595 adstrinxit.
1763 571 1886 595 tantum
1903 563 1994 604 igitur

1136 607 1175 637 ad
1193 608 1330 646 pretium
1354 606 1383 637 (ἐζ
1407 606 1446 636 ad
1471 605 1574 636 usuras
1599 612 1727 637 tenetur
1744 604 1814 646 post
1832 605 1915 637 diem
1935 613 1994 636 tra·

1137 648 1270 684 ditionis
1293 647 1314 679 l.
1335 656 1381 688 ¹3·
1407 646 1434 688 §.
1465 656 1514 678 20.
1542 646 1584 678 D.
1617 648 1649 677 cle
1671 646 1830 677 actionibus
1851 647 1937 686 empti
1959 645 1995 681 δ’

1134 689 1248 720 venditi
1269 689 1342 729 quia
1366 687 1461 719 usurae
1490 689 1520 719 in
1545 688 1639 719 bona:
1666 687 1740 719 fidei
1756 687 1881 728 judiciis
1898 685 2014 719 hodie¹

1135 730 1254 770 Judicis
1270 729 1380 761 officio
1397 738 1461 760 non
1480 728 1666 770 praestantur
1679 738 1814 770 propter
1828 729 1996 770 negotiati·

1137 780 1252 810 onem,
1275 770 1327 802 sed
1353 780 1393 802 ex
1417 770 1481 811 ipsa
1505 771 1638 811 pecunia
1661 771 1822 802 frut'tuum
1846 770 1995 810 exemplo

1137 813 1367 854 percipiuntur.
1401 811 1420 843 l.
1442 822 1492 853 34.
1517 811 1559 843 D.
1592 813 1625 843 de
1647 814 1751 852 usuris.
1775 821 1812 842 ac
1835 820 1907 842 cum
1931 820 1996 843 em-

1137 863 1212 895 ptor
1227 864 1260 885 re
1277 852 1419 892 fruatur,
1437 853 1503 893 ejus
1521 853 1634 884 tradita
1652 853 1866 893 poffeffione;
1885 853 1997 892 aequis-

1137 895 1246 979 {mum
1270 895 1334 934 est,
1358 903 1431 926 eum
1455 893 1558 926 usuras
1581 896 1675 936 pretii
1700 895 1842 937 pendere
1864 895 1892 926 d.
1910 895 1928 925 l.
1947 904 1995 936 13.

1161 961 1166 968 .
1192 947 1242 969 20.

1179 978 1211 1010 Si
1228 978 1297 1019 quis
1315 984 1419 1009 tamen
1433 978 1601 1017 pecuniam
1616 985 1708 1010 certo
1725 977 1906 1018 promiserit
1921 976 1996 1009 loco

1138 1020 1167 1052 &
1186 1029 1226 1051 eo
1244 1028 1307 1051 non
1322 1019 1468 1050 solverit:
1495 1020 1520 1050 is
1538 1028 1603 1050 non
1620 1019 1778 1051 usurarum
1797 1020 1896 1051 modo
1913 1024 2001 1049 tene·

1138 1070 1206 1100 tur,
1229 1061 1282 1093 sed
1298 1061 1336 1092 ad
1354 1070 1450 1092 omne
1467 1061 1554 1099 quod
1572 1061 1740 1092 creditoris
1758 1060 1896 1097 interfit,
1919 1059 1998 1091 solu-

1138 1104 1261 1134 tionem
1286 1112 1326 1133 eo
1350 1103 1425 1134 loco
1449 1100 1512 1133 effe
1534 1100 1651 1133 saetam
1670 1125 1680 1139 ‚
1704 1101 1833 1133 auCtore
1857 1100 1997 1141 Ulpiano

1136 1145 1157 1176 l.
1180 1155 1208 1178 2.
1233 1144 1261 1186 §.
1286 1144 1339 1175 ult.
1368 1143 1407 1174 D.
1434 1144 1467 1174 de
1489 1153 1517 1173 eo
1540 1144 1616 1184 quod
1637 1148 1710 1174 certo
1740 1144 1822 1174 loco.-
1855 1142 1908 1173 sed
1931 1151 1997 1175 non

1135 1187 1226 1217 aliam
1245 1185 1289 1216 ob
1312 1184 1452 1222 causam,
1477 1193 1571 1224 quam
1589 1185 1677 1223 quod
1699 1186 1723 1216 is
1746 1183 1776 1215 se
1792 1193 1858 1216 non
1877 1184 1996 1224 obliga-

1136 1229 1183 1258 vit
1207 1227 1306 1258 solum
1330 1227 1367 1258 ad
1391 1227 1534 1266 pecuniae
1558 1224 1779 1265 solutionem3
1803 1225 1855 1257 sed
1880 1226 1995 1265 etiarn,

1137 1277 1173 1300 ut
1197 1278 1232 1300 ea
1256 1275 1347 1299 certo
1370 1267 1425 1299 fiat
1448 1267 1544 1306 l000,
1568 1268 1598 1298 in
1618 1276 1682 1307 quo
1698 1277 1734 1299 ea
1751 1267 1914 1307 indigebat
1930 1275 1997 1297 cre-

1137 1311 1233 1342 ditor.
1258 1318 1327 1341 eam
1344 1309 1440 1350 igitur
1457 1307 1478 1340 si
1496 1317 1558 1339 non
1577 1308 1694 1339 fecerit
1711 1318 1751 1339 eo
1766 1310 1797 1339 in
1813 1309 1891 1340 loco
1908 1307 1995 1338 debi-

1138 1358 1209 1390 tor,
1231 1352 1290 1388 iarn
1315 1360 1379 1382 non
1404 1359 1493 1381 mora
1517 1350 1682 1390 quaestioni
1706 1350 1774 1389 est,
1805 1349 1858 1381 sed
1880 1348 1997 1381 facium

1138 1395 1203 1433 ejus
1228 1393 1281 1433 qui
1305 1391 1447 1433 promisit
1470 1392 1638 1431 pecuniam
1655 1391 1697 1422 ibi
1716 1391 1838 1422 solvere
1853 1414 1863 1429 ,
1885 1391 1937 1421 ubi
1961 1399 1997 1422 ea

1136 1435 1301 1475 indigebat
1318 1434 1478 1471 creditor,
1496 1433 1524 1463 ὅ(
1539 1442 1604 1464 non
1623 1432 1727 1464 solvit.
1752 1441 1849 1473 quare
1866 1431 1886 1463 fi
1904 1432 1948 1463 ob
1966 1432 1997 1464 id

1137 1476 1287 1507 damnum
1313 1474 1393 1506 fecit
1417 1474 1580 1512 creditor,
1603 1482 1657 1506 aut
1676 1474 1767 1506 lucro
1785 1481 1891 1513 caret,
1914 1473 2000 1505 debi-

1136 1525 1240 1548 torem
1260 1516 1355 1548 etiam
1379 1515 1460 1547 ultra
1475 1515 1654 1556 legitimum
1679 1516 1840 1547 usurarum
1863 1515 1996 1547 modum

1137 1559 1265 1597 teneri,
1298 1557 1383 1589 recte
1414 1555 1570 1595 Ulpianus
1600 1557 1717 1598 probat
1738 1558 1766 1588 d.
1790 1557 1809 1589 l.
1833 1567 1862 1589 2.
1887 1556 1918 1598 ς.
1941 1555 1997 1589 ult.

1136 1600 1208 1641 quia
1225 1600 1289 1631 hoc
1307 1599 1337 1630 in
1361 1599 1585 1630 contrahendo
1608 1599 1713 1630 aetum
1728 1599 1861 1639 intelligi
1880 1597 1998 1639 potest.

1137 1649 1234 1682 atque
1250 1642 1325 1672 ideo
1341 1639 1362 1672 fi
1379 1649 1419 1670 eo
1437 1640 1467 1671 in
1485 1639 1562 1671 loco
1586 1640 1626 1671 de
1642 1650 1707 1681 quo
1722 1640 1825 1671 actum
1842 1638 1906 1677 est,
1932 1648 1999 1670 ver-

1138 1683 1169 1713 bi
1195 1682 1321 1729 gratia,
1352 1680 1489 1722 Ephefi,
1513 1689 1660 1722 petatur,
1682 1680 1780 1720 ipsam
1802 1680 1899 1712 solam
1923 1679 2002 1711 sum·

1132 1732 1221 1759 ‚mam
1239 1731 1324 1764 peti,
1348 1731 1409 1754 nec
1424 1722 1557 1762 amplius
1574 1723 1671 1762 quid,
1696 1721 1850 1762 Ulpianus
1870 1721 1996 1753 scribit:

1139 1764 1193 1796 nisi
1210 1763 1230 1796 ii
1254 1764 1330 1805 quid
1355 1762 1432 1795 esset
1447 1763 1611 1804 stipulatus
1628 1764 1790 1802 creditor,
1816 1764 1865 1795 vel
1884 1762 1903 1794 fi
1921 1770 1999 1795 tem-

1138 1806 1226 1846 poris
1248 1805 1364 1836 utilitas
1388 1805 1597 1836 intervenerit
1617 1805 1637 1837 l.
1662 1815 1692 1843 zi.
1717 1804 1757 1836 D.
1781 1806 1838 1836 eod.
1858 1805 1904 1835 tit.
1927 1803 1997 1843 fac,

1139 1847 1302 1887 stipulatus
1325 1845 1389 1877 sum
1406 1869 1414 1884 ,
1439 1846 1551 1878 decem
1576 1855 1648 1878 cum
1672 1846 1768 1877 usuris
1793 1845 1907 1887 Ephesi
1932 1846 1997 1878 dari

1139 1896 1231 1919 certo
1247 1889 1316 1920 die:
1341 1888 1413 1927 (qui
1433 1886 1501 1918 fere
1518 1887 1563 1919 est
1581 1887 1667 1919 casus
1690 1889 1710 1920 l.
1732 1897 1798 1919 122.
1819 1887 1860 1919 D.
1883 1888 1917 1918 de
1934 1897 1998 1918 ver-

1140 1931 1240 1960 borum
1264 1929 1510 1971 obligationibus)
1541 1928 1560 1961 fi
1591 1939 1656 1961 non
1680 1929 1805 1961 dederis
1829 1929 1858 1960 ἃ
1881 1928 1997 1970 Ephesi
2047 1949 2051 1954 -

1141 1980 1265 2011 petam:
1291 1971 1408 2001 teneris
1433 1970 1509 2001 inihi
1534 1979 1598 2002 non
1623 1972 1661 2002 ad
1685 1971 1716 2002 id
1740 1971 1827 2010 quod
1848 1970 1995 2009 interest,

1142 2012 1193 2043 sed
1211 2012 1251 2043 ad
1269 2010 1390 2042 usuras:
1416 2009 1467 2042 sed
1485 2011 1505 2043 fi
1522 2012 1584 2042 alio
1603 2020 1708 2052 petam
1726 2013 1869 2050 loco‚ad
1881 2019 1998 2043 utrum·

1140 2062 1203 2094 que
1228 2054 1329 2084 teneri
1354 2062 1403 2091 te,
1428 2051 1584 2093 Ulpianus
1603 2054 1646 2084 ait
1663 2055 1689 2085 cl.
1707 2054 1726 2085 l.
1743 2065 1773 2091 4.
1798 2055 1822 2084 is
1840 2061 1946 2084 tamen
1965 2053 1995 2085 δε

1140 2104 1181 2125 eo
1205 2095 1235 2125 in
1260 2095 1335 2125 loco
1359 2095 1389 2125 &
1412 2094 1444 2125 in
1466 2096 1494 2125 d.
1519 2094 1538 2126 l.
1563 2105 1590 2126 2.
1616 2094 1645 2136 §.
1669 2095 1723 2126 ult.
1748 2095 1812 2136 agit
1831 2095 1870 2125 de
1887 2094 1996 2125 officio

1140 2136 1259 2176 judicis
1282 2136 1313 2166 in
1331 2135 1457 2166 actione
1480 2136 1642 2167 arbitraria
1666 2138 1706 2167 de
1730 2145 1770 2167 eo
1793 2136 1881 2175 quod
1904 2144 1997 2166 certo

1141 2179 1236 2216 loco,
1259 2185 1330 2216 quae
1352 2176 1535 2217 interposita
1557 2177 1761 2217 stipulatione
1783 2177 1921 2208 obtinet.
1946 2175 1998 2208 sed

1142 2220 1226 2250 idem
1245 2218 1335 2249 estin
1354 2218 1449 2249 bonae
1466 2217 1539 2249 fidei
1553 2219 1698 2258 judiciis,
1720 2218 1741 2250 fi
1757 2219 1787 2250 in
1806 2217 1997 2250 contrahen-

1143 2261 1185 2291 do
1208 2261 1423 2298 convenerit,
1449 2267 1484 2290 ut
1506 2261 1582 2299 quid
1606 2268 1698 2291 cei-to
1724 2260 1800 2291 loco
1821 2259 1997 2299 praestetur.

1141 2309 1206 2333 tum
1226 2301 1310 2333 enim
1330 2310 1393 2332 non
1411 2301 1626 2339 arbitrariam,
1649 2300 1703 2332 sed
1726 2311 1767 2332 ex
1789 2309 1921 2341 empto,
1945 2300 1997 2332 vel

1141 2344 1277 2374 vendito
1294 2366 1303 2381 ,
1333 2343 1384 2374 vel
1414 2342 1548 2383 depositi
1567 2366 1576 2380 ,
1607 2342 1767 2375 actionem
1789 2350 1996 2383 competere,

1141 2384 1256 2417 Paulus
1279 2383 1390 2417 auctor
1407 2383 1452 2416 est
1473 2384 1493 2415 l.
1511 2393 1540 2425 7.
1559 2384 1601 2416 D.
1619 2386 1677 2416 eod.
1700 2385 1746 2415 tit.
1996 2403 1997 2406 =

917 2540 1136 2574 CAPUT
1187 2538 1316 2574 VII.

232 2638 273 2674 In
287 2638 394 2684 quibus
411 2637 529 2683 cafibiis
548 2639 666 2673 licuerit
684 2637 825 2672 creditori
839 2638 943 2684 egredi
959 2636 1128 2682 legitimum
1147 2635 1306 2683 ufiirarum
1332 2637 1463 2670 modum.
1497 2647 1534 2670 ac
1555 2637 1689 2682 primum
1708 2635 1741 2670 de
1763 2637 1883 2670 nautico
1893 2635 1996 2683 foeno·

305 2696 348 2722 re.
384 2687 436 2720 boc
458 2685 738 2732 iiifiriiturnfitzffir:
763 2684 805 2725 ἐξ
825 2698 880 2721 cur
898 2686 915 2720 ἶ)
950 2686 1143 2731 Papinianus
1170 2681 1347 2736 enienflatus
1369 2682 1410 2724 δέ)
1430 2683 1578 2731 expofitus
1605 2686 1625 2720 l.
1646 2696 1679 2730 4.
1705 2696 1755 2732 pr.
1776 2682 1816 2724 ὃ)
1839 2684 1870 2732 §.
1892 2696 1921 2721 1.
1949 2687 1992 2721 D.

302 2736 338 2771 de
354 2736 474 2770 nautico
480 2734 615 2780 foenore.
633 2734 744 2781 fi’igsus
763 2733 804 2773 δέ’
820 2736 906 2770 Ιεέὶὶο
932 2735 952 2769 l.
970 2745 1004 2777 5.
1034 2735 1076 2771 D.
1103 2735 1138 2769 tle
1153 2733 1414 2780 nautieofoenore.

285 2832 432 2865 robatum
454 2829 550 2871 igitui-
571 2828 633 2865 est,
654 2828 778 2867 usuras,
802 2829 857 2861 etfi
874 2829 1039 2869 potuerint
1054 2829 1092 2861 ad

231 2835 281 2910 P
306 2873 491 2905 centesimas
507 2870 698 2903 adscendere
714 2893 723 2907 ‚
748 2879 854 2903 tamen
870 2880 936 2902 non
955 2871 1092 2912 potuiffe

231 2914 418 2949 centefimas
440 2913 549 2955 egredi
569 2934 578 2950 ‚
600 2918 810 2951 praeterquam
832 2912 863 2943 iii
887 2913 997 2952 paucis
1020 2911 1092 2944 casi-

232 2959 312 2997 bus,
331 2965 412 2998 quos
429 2955 580 2994 deinceps
599 2953 799 2998 interpretari
816 2953 978 2985 constitui.
1011 2963 1091 2985 unus

231 3000 296 3032 fuit
312 2999 342 3030 in
360 2997 494 3039 pecunia
512 2993 688 3039 traiectitia.
712 2994 743 3023 in
760 3002 822 3032 qua
843 2994 1003 3034 duplicem
1019 3004 1092 3026 cen—

233 3040 376 3073 tefimam
398 3037 543 3080 promitti
565 3033 718 3076 potuisse,
742 3033 877 3065 Budaeus
893 3036 1003 3068 auctor
1026 3036 1092 3075 est,

236 3081 486 3114 Annotaiionibur
511 3077 658 3119 prioribus
678 3076 715 3107 ad
738 3074 901 3106 Panaetias
921 3083 992 3118 pag.
1018 3082 1091 3119 364.

236 3131 412 3163 movetque
428 3130 501 3153 eum
523 3119 543 3151 l.
561 3129 591 3157 4.
608 3117 650 3149 D.
675 3118 708 3147 de
723 3115 978 3155 nauticofoenore:
1001 3120 1092 3158 cuius

235 3163 305 3194 liaec
326 3162 395 3196 sunt
420 3162 527 3197 verba.
569 3159 658 3193 Nihil
678 3155 808 3198 interest,
833 3156 991 3198 trajectum
1005 3165 1090 3198 pecu-

1143 2829 1194 2860 nia
1204 2827 1269 2866 fine
1281 2829 1405 2869 periculo
1428 2831 1574 2861 creditoris
1592 2837 1706 2872 accepta
1716 2831 1774 2871 fit,
1799 2841 1837 2864 ari
1848 2828 1911 2872 poll
1926 2830 1996 2862 diem

1136 2868 1331 2911 praestitutum
1354 2869 1391 2904 ὅ)
1406 2872 1595 2903 conditionem
1619 2874 1761 2914 impletam
1772 2873 1934 2914 periculum
1948 2870 1998 2912 effe,

1142 2913 1290 2942 creditoris
1312 2910 1425 2948 deflerit
1441 2923 1451 2943 .·
1472 2915 1628 2955 utrubique
1650 2917 1742 2954 igitur
1763 2916 1857 2955 majas
1871 2906 2001 2953 legitima⁸

1141 2953 1231 2992 usura
1246 2953 1350 2992 foenus
1377 2963 1434 2984 non
1459 2954 1615 2987 debebitur.
1659 2956 1714 2987 Sed
1730 2957 1761 2987 in
1776 2957 1870 2997 priore
1887 2955 1999 2994 quidem

1132 2995 1226 3035 specie
1238 2995 1366 3035 semper.-
1389 2996 1421 3026 in
1445 2995 1536 3026 attera
1556 3006 1624 3028 vero
1647 2997 1763 3037 dist-uffo
1781 2995 1923 3037 periculo:
1947 3003 1996 3026 nec

1136 3037 1262 3077 pigriora
1276 3059 1287 3076 ‚
1309 3036 1356 3067 vel
1379 3036 1540 3077 hypothecae
1563 3039 1647 3069 titulo
1669 3039 1784 3080 majoris
1805 3037 1898 3072 usurae
1923 3042 1998 3069 tene*

1141 3079 1262 3108 buntur.
1285 3076 1314 3119 §.
1343 3086 1369 3109 1.
1399 3078 1458 3109 Pro
1481 3080 1570 3119 operis
1585 3081 1667 3118 servi
1688 3077 1847 3120 irajettiii‘ae
1870 3077 1996 3118 pecunia

1139 3119 1240 3159 gratia
1258 3119 1375 3158 secuti,
1397 3120 1473 3161 quod
1495 3121 1526 3150 in
1543 3119 1676 3163 fingulos
1697 3122 1755 3154 dies
1776 3121 1808 3150 in
1831 3118 1996 3159 stipulatum

1142 3159 1296 3192 deductum
1318 3157 1377 3201 est,
1399 3161 1437 3194 ad
1455 3160 1548 3201 finem
1569 3160 1741 3200 cerztefiiiiae'f,
1763 3170 1821 3193 non
1843 3162 1920 3193 ultra
1942 3160 1997 3232 ἵξῃ-ι

1918 3208 1939 3242 Ρ
