2052 3487
482 106 938 142 Onseuvr‘rt

53 206 177 234 nentur.
202 198 306 240 finge:
329 197 456 230 debitor
470 204 536 228 rem
553 195 686 227 alienam
703 193 855 226 creditori
873 194 927 226 de·

54 241 119 280 dit,
142 248 178 271 ut
194 250 262 272 earn
286 240 410 282 pignori
439 238 571 274 habeat,
595 236 702 267 donec
726 236 763 281 ei.
780 235 926 267 debitum

54 282 205 314 solvatur.
229 291 305 314 mox
323 281 451 312 debitor
466 280 495 310 ei
520 278 663 310 debitum
687 276 792 307 solvit.
816 286 925 317 quam-

56 332 151 364 quam
170 333 234 355 non
253 323 350 354 valuit
367 322 475 353 alienae
494 321 537 351 rei
554 319 683 360 pignus;
708 324 812 349 tamen
829 319 923 349 ratio-

55 364 105 397 nis
121 365 183 403 est,
207 373 240 396 ut
256 364 394 395 creditor
409 360 545 393 debitori
561 362 599 391 ad
615 358 839 391 restituendam
856 369 923 391 rcm

57 415 152 446 quam
172 406 210 437 ab
234 415 273 436 eo
296 412 415 435 tantum
431 404 461 434 in
480 402 580 433 debiti
608 400 810 432 securitatem
833 409 924 432 acce-

54 448 124 488 pit,
149 456 189 479 eo
216 447 318 478 soluto
334 468 344 483 ,
373 444 497 475 afflone
521 442 640 474 directa
663 450 819 473 teneatur.
845 451 922 473 con-

55 489 148 519 venit
172 489 254 519 enim
271 488 332 525 ita;
354 486 500 525 interque
517 494 573 516 eos
594 483 824 515 commercium
849 482 921 515 fuit.

53 528 130 562 Nec
155 529 257 560 verbis
279 536 382 566 opus:
409 526 474 557 hoc
491 524 645 566 Ulpianus
670 525 789 556 indicat
808 535 818 564 ;
848 534 923 556 cum

57 571 128 603 libro
145 575 194 605 28.
218 570 266 601 Aa
282 567 417 600 Edictum
439 576 504 607 quo
528 567 610 598 libro
633 566 791 598 actionem
816 567 924 607 pigne·

56 612 194 644 ratitiam
211 610 432 650 interpretatus
448 608 492 640 est
503 632 512 647 ‚
536 608 568 640 Is
584 617 712 649 quoque,
736 608 857 647 inquit,
873 609 925 648 qui

56 662 118 685 rem
141 652 263 684 alienam
281 651 398 691 pignori
428 651 531 687 dedit,
559 650 662 690 soluta
687 651 809 690 pecunia
834 647 924 688 potest

52 693 245 736 pigneratitia
268 692 390 732 experiri
410 690 428 721 l.
452 701 482 728 9.
505 690 534 732 §.
558 701 588 730 4.
613 690 655 722 D.
681 692 713 721 de
730 692 923 732 pigneratitia

54 735 173 768 afflone.
214 732 302 764 Idem
328 731 481 772 Ulpianus
505 736 535 764 oc
559 734 598 764 de
624 732 748 764 afflone
765 734 924 763 contraria

53 775 184 808 testatur
204 781 250 815 pr.
274 775 397 816 ejusdem
418 775 520 814 capitis
536 796 546 812 ‚
579 774 612 804 Si
631 796 642 813 ‚
670 774 836 814 inquiens,
866 782 924 804 rem

54 817 176 850 alienam
198 815 267 847 mihi
288 817 394 847 debitor
412 816 530 856 pignori
548 816 650 853 dedit,
681 816 835 846 dicendum
858 812 897 855 eft
912 838 922 854 ,

55 859 146 890 locum
167 858 266 889 habere
295 859 474 888 contrarium
498 857 652 899 judicium.
704 855 790 899 Quin
817 856 919 896 Impp.

54 899 277 933 Diocletianus
303 899 332 929 ἅ
360 897 573 930 Maximianus
596 898 614 928 l.
642 902 671 928 6.
696 898 728 928 C.
772 897 805 927 Si
827 897 924 928 aliena

55 951 100 974 res
110 942 226 982 pignori
246 941 316 970 data
331 938 372 977 stt
393 941 584 971 contrariam
610 938 841 980 pigneratitiam
867 938 924 969 hac

56 983 89 1015 in
107 982 210 1023 specie
228 990 299 1012 cum
321 980 552 1021 hypothecaria
570 988 776 1021 comparant;
800 989 872 1011 cum
895 989 925 1010 a·

56 1024 144 1066 junt,
168 1022 241 1068 Quae
261 1023 400 1063 praedium
417 1023 449 1053 in
466 1021 546 1062 filios
562 1023 628 1062 ase
654 1022 737 1053 titulo
762 1022 925 1052 donationis

56 1065 251 1102 translatam,
274 1064 408 1094 creditori
412 1063 468 1103 suo
483 1065 534 1094 dat
550 1064 683 1104 pignori,
699 1064 734 1103 se
748 1064 841 1102 magis
856 1072 921 1093 con-

59 1108 149 1149 ¹trario
168 1105 353 1148 pignoratitio
375 1105 483 1147 obligat
493 1105 628 1146 judicio,
652 1114 740 1146 quam
766 1105 923 1145 quicquam

746 1220 961 1255 CAPUT

973 111 1172 140 oNuu
1222 102 1400 139 Lin.1.
1768 111 1840 146 255

971 193 1094 225 dominis
1119 200 1238 225 noceat:
1261 202 1326 224 cum
1344 192 1491 224 Serviana
1515 191 1603 223 etiam
1626 186 1701 221 actio
1716 189 1840 222 declaret

970 236 1116 266 evidenter
1134 235 1204 277 jure
1223 236 1358 276 pignoris
1382 235 1472 266 teneri
1486 242 1553 273 ,non
1575 229 1648 273 poffe
1663 253 1673 269 ,
1701 230 1756 269 nifi
1776 242 1840 272 quae

968 276 1120 317 obligantis
1136 279 1166 308 in
1182 277 1398 316 bonisfuerint.
1441 275 1539 317 Igitur
1555 273 1578 306 si
1596 280 1661 305 non
1680 273 1762 305 actio
1781 276 1842 313 hy-

967 319 1152 358 pothecaria
1169 341 1178 356 ‚
1208 318 1261 350 sed
1283 318 1483 359 pigneratitia
1507 314 1673 357 quaestioni
1705 314 1768 354 sit3
1798 316 1840 346 nil

968 359 1067 390 causae
1085 359 1224 400 est,quo
1240 362 1343 392 minus
1361 369 1410 390 res
1426 359 1528 390 aliena
1544 357 1621 389 ficut
1638 356 1700 387 emi
1718 356 1747 388 δι
1765 366 1839 388 ven·

967 401 1018 439 di,
1042 401 1084 432 ita
1102 402 1228 442 pignori
1251 402 1315 433 dari
1331 424 1342 440 ,
1366 400 1478 441 possit:
1502 406 1691 439 quamquam
1717 407 1781 429 non
1805 406 1841 429 ut

965 442 1091 483 pignori
1111 443 1291 483 obligetur3
1314 443 1367 473 sed
1385 451 1421 473 ut
1436 441 1564 473 debitor
1587 442 1616 472 ἃ
1639 439 1779 471 creditor
1794 440 1841 471 in·

967 484 1072 515 vicem
1097 483 1150 515 fibi
1178 484 1301 515 afflone
1332 483 1536 524 pigneratitia
1565 489 1742 513 teneantur.
1767 490 1840 512 nam

967 526 1067 556 aliena
1090 534 1220 566 quoque
1237 535 1286 556 res
1305 524 1433 557 distrahi
1457 522 1544 564 posse
1562 523 1678 555 dicitur
1695 522 1714 553 l.
1735 527 1784 557 28.
1795 522 1839 554 D.

967 568 999 597 de
1014 568 1211 598 contrahenda
1230 568 1384 606 emptione:
1406 574 1471 597 non
1495 567 1582 605 quod
1608 564 1798 595 venditione
1821 572 1839 594 a

967 617 1032 639 non
1057 608 1190 640 domino
1212 608 1314 646 fasta,
1337 607 1467 638 alienari
1487 606 1613 636 videtui·
1632 616 1641 643 ;
1671 604 1724 636 sed
1748 607 1840 646 quod

967 649 1115 681 venditor
1147 650 1198 681 cui
1231 658 1303 680 cum
1333 656 1481 689 emptore
1509 648 1740 678 commercium
1772 646 1840 684 est,

966 699 1038 722 cum
1057 700 1097 721 eo
1115 692 1155 722 de
1172 691 1282 722 alienae
1299 692 1344 722 rei
1362 690 1549 721 venditione
1565 687 1755 719 contrahere
1766 695 1840 728 pot-

966 731 1031 770 est,
1054 731 1096 763 fic
1112 740 1148 763 ut
1171 732 1201 764 se
1223 733 1262 763 ad
1289 732 1332 763 rei
1358 731 1563 763 traditionem
1583 730 1732 770 obliget3
1763 729 1793 760 dc
1817 728 1839 759 si

966 783 1031 804 non
1050 775 1152 805 tradat
1165 796 1175 812 ,
1198 775 1336 814 emptori
1354 773 1479 805 actione
1496 781 1538 803 ex
1563 779 1675 811 empto
1693 778 1840 801 teneatur

966 815 1004 846 ad
1021 815 1051 846 id
1075 815 1163 855 quod
1180 816 1246 855 ejus
1263 814 1402 854 interfit,
1426 823 1493 846 eam
1517 812 1571 845 fibi
1597 812 1741 844 traditam
1765 810 1839 842 esse.

968 855 1043 888 Hoc
1068 856 1165 895 igitur
1179 855 1266 887 sensu
1285 855 1384 896 Gajus
1402 857 1431 888 d.
1449 856 1467 886 l.
1488 864 1514 893 9⁴
1539 854 1566 896 §.
1591 864 1614 885 1.
1634 852 1675 884 D.
1692 855 1725 884 de
1735 854 1840 894 pigno-

966 898 1046 928 ribus
1064 897 1100 932 &
1116 897 1295 937 hypothecis,
1319 898 1423 942 Quod,
1448 898 1570 936 inquit,
1594 897 1840 936 emptionemven-

967 940 1160 978 ditionemque
1192 940 1319 978 recipit,
1351 940 1438 969 etiam
1464 939 1695 979 pignorationenz
1718 940 1840 977 recipere

962 977 1063 1020 potest.
1106 979 1169 1011 Sed
1190 981 1214 1010 is
1232 979 1333 1011 sensus
1355 989 1394 1010 ex
1421 980 1485 1011 loci
1516 979 1726 1019 lnicriptione
1746 977 1840 1009 nimis

967 1020 1152 1052 manifestus
1175 1020 1245 1052 est:
1277 1030 1469 1060 quamquam
1495 1021 1608 1056 miror,
1634 1029 1703 1051 eam
1730 1018 1841 1051 Inscri-

967 1064 1112 1102 ptionem
1135 1071 1199 1094 non
1221 1061 1474 1094 animadvertiss'e
1491 1061 1684 1094 doctissimos
1701 1060 1782 1101 Juris
1796 1061 1841 1092 in-

965 1112 1134 1145 terpretes.

1030 1219 1150 1256 VIII.

57 1322 110 1359 Ad
126 1321 357 1368 peremptorium
380 1320 508 1354 edictum
526 1330 584 1354 non
602 1319 703 1353 veniri
727 1318 791 1364 pos}
809 1319 892 1360 tria,
909 1316 969 1364 sed
982 1317 1048 1365 post
1064 1319 1138 1360 duo,
1167 1319 1274 1353 odida.
1326 1317 1484 1364 Restituta
1513 1318 1655 1365 Ulpiani
1668 1317 1764 1351 verba
1780 1329 1844 1362 quoe

128 1372 237 1405 luxata
256 1371 399 1403 hactenus
408 1367 487 1414 sunt
506 1371 538 1402 in
562 1368 582 1403 l.
602 1369 657 1405 68.
683 1365 724 1407 ἐξ
748 1368 768 1403 Ι.
791 1379 846 1412 70.
876 1369 919 1402 D.
936 1368 969 1401 de
978 1368 1125 1413 judiciis:
1153 1365 1194 1406 ὃ)
1211 1367 1477 1413 Hermogenianus
1499 1368 1520 1404 l.
1539 1377 1561 1410 5
1566 1380 1599 1414 3.
1627 1367 1671 1402 D.
1690 1366 1725 1400 de
1748 1377 1780 1400 re
1788 1367 1843 1412 jn-

129 1419 230 1454 dicata
249 1419 397 1453 correctus
413 1418 639 1464 explicitur-que.
674 1448 675 1453 ,

151 1523 163 1547 t
184 1515 215 1546 in
238 1515 377 1546 humano
395 1521 534 1554 corpore
551 1534 561 1551 ,
591 1510 634 1543 fic
656 1511 687 1543 in
711 1510 857 1542 sermone
872 1534 882 1550 ‚
906 1510 928 1543 si

164 1557 250 1597 quod
267 1557 392 1588 luxatur
409 1554 606 1592 membrum,
621 1553 687 1593 ejus
702 1552 772 1584 usus
790 1554 927 1594 plerum·

59 1607 124 1640 que
140 1605 192 1629 aut
209 1598 311 1629 nullus
327 1595 387 1636 est,
410 1603 464 1627 aut
482 1603 571 1626 certe
587 1604 654 1627 non
677 1603 781 1626 verus.
824 1594 860 1626 Id
877 1595 930 1626 ad-

58 1648 101 1672 eo
118 1649 182 1671 uno
205 1637 369 1670 ostendam
394 1636 566 1676 exemplo,
588 1635 641 1667 sed
657 1635 793 1676 pulchro
807 1658 818 1674 ,
841 1635 930 1676 quod

58 1681 92 1713 se
115 1689 199 1712 nunc
222 1680 299 1712 milii
326 1678 433 1710 offert.
479 1677 633 1718 Ulpianus
659 1677 679 1708 l.
698 1680 749 1711 68.
779 1677 799 1708 l.
821 1686 870 1716 70.
894 1676 930 1711 &³

59 1722 80 1753 l.
96 1730 146 1763 72.
171 1720 213 1753 D.
233 1722 266 1752 ae
286 1721 408 1761 judiciis
430 1728 501 1760 quae
519 1727 634 1749 ⁴omnes
657 1717 727 1749 sunt
750 1727 791 1749 ex
813 1718 930 1750 eodem

61 1763 110 1794 lib.
128 1767 157 1797 8.
181 1762 438 1803 Disputationum,
462 1761 504 1791 ita
520 1758 627 1791 scribit
642 1759 683 1791 de
700 1759 814 1791 ordine
835 1759 930 1791 edicti

61 1803 283 1845 peremptoriis
588 1807 590 1810 ’
717 1831 721 1834 ,

71 1859 76 1864 ·
100 1844 152 1877 Aa
168 1843 388 1885 peremptorium
404 1841 526 1875 edurum
543 1841 593 1873 hoc
619 1841 875 1880 ordine-venitur,
898 1847 933 1872 ut

135 1886 231 1927 primo
248 1889 329 1925 petat
353 1884 418 1924 quis
434 1882 498 1924 post
522 1884 679 1923 absentiam
698 1882 858 1922 adversarii
875 1882 933 1912 edi-

141 1926 221 1958 ctam
233 1927 380 1967 prinzum3
401 1929 468 1956 mox
485 1925 628 1960 alterum3
650 1922 687 1958 ἐξ
709 1925 845 1955 tertium:
869 1923 934 1964 qui-

140 1970 194 2000 bus
205 1966 371 2008 propositis,
388 1972 461 1997 tunc
471 1966 691 2007 peremptorium
704 1965 844 2005 impetret.
858 1964 935 2006 quod

141 2011 209 2040 inde
224 2010 274 2041 boc
288 2015 388 2040 nomen
403 2007 619 2048 lunzpsit‚quod
631 2007 778 2047 perimeret
798 2006 934 2046 cltjceptw

141 2052 265 2090 tionem,
289 2051 338 2081 boc
360 2045 424 2087 est,
447 2049 527 2080 ultra
549 2058 607 2079 non
630 2053 779 2088 pateretur
800 2046 935 2089 adversa-

139 2092 232 2123 riam>
249 2090 444 2133 tergiversari.
497 2090 726 2131 Nonnunquam
756 2095 853 2120 antem
884 2089 934 2119 hoe

141 2132 265 2164 edibiam
281 2130 345 2174 post
360 2136 401 2162 tot
416 2135 531 2163 numero
554 2131 647 2162 edicta
666 2140 729 2172 quae
747 2130 935 2170 proecefferint

143 2176 234 2206 datur
248 2185 258 2205 .·
285 2182 495 2214 nonnunquam
521 2170 585 2214 posi
605 2181 698 2203 renum
722 2172 768 2203 vel
791 2172 933 2209 alierum}

145 2225 355 2257 nonnunquam
362 2211 468 2254 statim
488 2217 566 2255 'quod
587 2213 746 2255 appellatur
769 2222 861 2244 unum
880 2218 934 2252 pro

145 2258 283 2288 omnibus.

67 2296 162 2331 Hanc
185 2298 369 2337 scripturam
392 2297 505 2329 cuneta
536 2296 693 2328 exhibent
724 2295 934 2336 exemplaria:

67 2348 130 2371 nec
159 2337 296 2377 dubito,
325 2347 364 2370 an
389 2340 481 2370 male.
506 2339 618 2378 quaer'it
634 2338 724 2369 *enim
757 2335 909 2377 Ulpianus
926 2359 936 2376 ‚

65 2380 337 2421 quemadmodum
353 2380 421 2419 jure
437 2378 805 2419 &ordine-perveniatur
820 2379 857 2410 ad
868 2387 936 2418 per·

65 2423 262 2462 emptorium
280 2420 436 2460 edietum3
460 2421 493 2452 id
515 2419 579 2458 est,
602 2420 749 2460 hoc‘quo
772 2420 827 2457 (ut
851 2420 936 2451 idem

70 2461 228 2504 Ulpianus
242 2463 262 2494 l.
276 2471 325 2502 71.
342 2461 383 2493 D.
401 2462 459 2493 eod.
476 2463 521 2493 tit.
536 2461 667 2502 definit)
682 2462 708 2492 is
726 2462 779 2501 qui
797 2460 937 2493 edictum

70 2504 144 2543 dat,
169 2505 400 2542 comminatur,
430 2504 524 2535 etiam
550 2503 679 2534 absente
703 2501 823 2533 diversa
848 2511 937 2542 parte

69 2546 271 2586 cogniturum
288 2544 318 2576 se
335 2544 363 2576 ἀ
380 2544 676 2585 pronuntiaturum3
699 2553 736 2574 ac
759 2542 779 2574 fi
797 2552 936 2583 receptae

72 2585 224 2618 servimus
248 2585 435 2627 scripturae3
465 2586 509 2617 ait
536 2585 690 2627 Ulpianus
708 2608 718 2623 ,
749 2585 788 2615 ad
819 2585 850 2615 id
869 2594 936 2616 tum

73 2627 190 2664 veniri,
212 2637 283 2659 cum
308 2628 365 2660 tria
387 2626 570 2667 praeceffere
585 2627 706 2665 edicta,
730 2626 845 2666 quibus
872 2634 936 2658 non

75 2668 212 2704 paruerit
229 2677 306 2700 reus.
351 2667 450 2711 Quod
468 2677 533 2699 non
550 2667 612 2699 esse
635 2676 744 2698 verum
756 2690 764 2704 ‚
789 2675 850 2698 tam
870 2673 937 2697 cer‘-

77 2714 146 2751 tum
163 2707 263 2739 habeo
273 2722 287 2747 ,·
305 2718 397 2749 quam
414 2710 500 2750 quod
524 2708 570 2741 est
588 2709 801 2740 certisiimum.
826 2707 938 2738 sufficit

78 2755 162 2778 enim
178 2770 189 2784 ‚
219 2756 252 2778 ut
281 2751 531 2790 peremptorium
556 2750 693 2781 edietum
728 2750 938 2787 obtineatur,

77 2788 142 2819 duo
160 2789 338 2833 praecessisse
353 2791 542 2829 edieta3tria
558 2790 830 2830 praecefiiffe‚non
842 2799 938 2830 opor·

75 2836 135 2874 tet.
160 2836 202 2859 ita
218 2834 465 2870 peremptorium
488 2832 625 2864 edictum
643 2842 708 2865 non
727 2831 772 2863 est
794 2840 940 2871 quartum

75 2869 236 2916 edietum,
260 2870 312 2901 sed
334 2874 480 2910 tertium3
502 2872 556 2904 etfi
573 2881 701 2912 recepta
723 2872 875 2910 scriptura
892 2881 943 2902 ve-

75 2911 133 2950 lit,
158 2919 304 2950 quartum
321 2911 392 2942 esse.
434 2912 494 2943 Sed
513 2913 594 2944 hanc
609 2914 749 2945 refutant
768 2913 943 2944 Diocletia-

74 2961 135 2984 nus
153 2952 183 2983 &
198 2951 427 2991 Maximianus3
451 2962 523 2984 cum
541 2954 571 2985 in
593 2954 611 2985 l.
631 2964 659 2991 9.
685 2956 717 2987 C.
745 2954 889 2987 Ouomodo
906 2952 944 2988 {5⁹

75 2994 191 3035 quando
203 2993 297 3035 judex
317 2993 357 3024 fic
377 2993 524 3025 scribunt.
570 2994 638 3026 Tres
650 2988 890 3027 eenmffmriones
907 2996 944 3026 ad

72 3035 256 3075 peremptorii
270 3033 356 3065 edicti
373 3036 463 3065 vicem
478 3036 614 3075 adversus
636 3043 813 3068 contumaces
839 3044 943 3067 conva-

77 3075 191 3115 lescere,
212 3076 365 3112 salubriter
378 3074 564 3115 constitutum
585 3075 633 3118 eft.
656 3077 769 3110 Sensus
785 3078 869 3109 enim
883 3076 943 3109 Im-

74 3125 258 3157 peratorum
281 3116 336 3148 est.
366 3116 430 3148 Etsi
449 3121 698 3158 peremptorium
717 3119 855 3150 edictum
871 3128 942 3158 pro-

73 3158 143 3198 prie
166 3159 305 3197 dicatur,
329 3167 401 3202 cum
425 3159 449 3189 is
478 3158 530 3199 qui
563 3160 700 3191 edictum
717 3160 787 3198 dat,
811 3160 940 3196 commi<

76 3207 167 3232 natur
178 3200 290 3240 ,etiam
307 3200 437 3234 absente
452 3207 543 3240 parte
556 3199 588 3233 se
604 3201 809 3242 cogniturum
825 3202 854 3236 ὃς
866 3211 940 3242 pro-

970 1510 1186 1542 nuntiaturum
1198 1522 1206 1542 ι
1217 1519 1289 1542 eum
1304 1518 1410 1542 tamen
1425 1510 1446 1542 fi
1462 1510 1546 1542 nulla
1564 1509 1740 1542 intervenit
1755 1516 1846 1539 com-

971 1553 1124 1590 niinati0‚
1148 1561 1213 1583 non
1230 1552 1414 1592 prohiberi,
1438 1550 1586 1583 adversus
1611 1550 1773 1583 absentem
1789 1549 1847 1589 qui

972 1594 1152 1625 admonitus
1179 1594 1320 1625 noluerit
1347 1593 1468 1633 judicio
1498 1592 1627 1631 adesse,
1658 1590 1850 1623 sententiam

973 1634 1138 1675 proferre:
1161 1636 1274 1675 (quod
1289 1634 1525 1676 &Gordianus
1550 1633 1699 1666 observat
1719 1631 1739 1663 t.
1759 1642 1786 1663 2.
1810 1630 1848 1676 CC

972 1678 1031 1707 eod·
1048 1676 1116 1717 tit.)
1138 1677 1237 1707 modo
1258 1685 1330 1708 eum
1355 1676 1434 1708 trina
1457 1675 1660 1708 admonuerit
1684 1674 1851 1710 denuntrag

974 1718 1074 1749 tione.
1100 1727 1293 1757 quamquam
1312 1717 1396 1749 enim
1414 1717 1545 1757 proprie
1561 1716 1658 1750 ceffet
1674 1714 1763 1747 causa
1780 1722 1851 1754 perf

975 1758 1237 1799 emptorii‘edieti
1249 1768 1341 1797 ,cum
1358 1759 1443 1792 nulla
1459 1758 1543 1792 facta
1561 1757 1772 1791 comminatio
1782 1753 1849 1794 ests

975 1808 1084 1831 tamen
1125 1807 1189 1831 tres
1227 1800 1488 1833 denuntiationes
1524 1809 1585 1842 pro
1624 1798 1852 1842 peremptorio

976 1840 1081 1872 edicto
1105 1841 1231 1879 valere,
1254 1839 1417 1873 salubriter
1441 1841 1650 1874 constitutum
1673 1838 1753 1876 effe·¹
1796 1837 1851 1875 διὲξ

975 1882 1032 1913 illi.
1074 1881 1162 1913 Idem
1188 1882 1305 1923 probat
1329 1881 1613 1924 Hermogenianus
1635 1883 1654 1914 l.
1673 1891 1724 1924 53.
1749 1878 1792 1917 D·
1811 1879 1852 1914 ,(16

975 1932 1005 1954 re
1018 1923 1173 1964 judicata,
1198 1923 1422 1964 Contumacem,
1444 1924 1591 1965 inquiens
1602 1947 1612 1964 ‚
1624 1923 1675 1965 effe
1690 1922 1852 1964 quizlfibu!

976 1963 1075 1996 edistis
1086 1963 1253 2006 propositis,
1276 1965 1323 1997 vel
1340 1975 1398 1998 uno
1411 1972 1464 2007 pro
1483 1966 1578 1998 tribus
1591 1967 1667 2007 quod
1683 1964 1775 2006 vulgo
1785 1969 1852 2003 Pes-

977 2007 1328 2048 enwtorium>.appellatur
1342 2031 1352 2047 ,
1383 2007 1472 2038 literis
1494 2013 1648 2046 evocatus,
1666 2004 1852 2047 praejentz'am

967 2048 1027 2088 sui·
1039 2047 1142 2087 facere
1165 2054 1331 2080 contemnet.
1377 2048 1491 2081 Scribo
1510 2072 1520 2088 ,
1552 2048 1761 2080 contumacem
1775 2044 1851 2086 effe,

976 2090 1029 2131 qui
1042 2090 1135 2120 tribus
1157 2088 1254 2120 edictis
1265 2089 1431 2131 propositis,
1453 2091 1500 2122 vel
1515 2100 1572 2122 uno
1583 2097 1633 2131 pro
1659 2089 1751 2120 tribus
1774 2087 1852 2128 quod

976 2131 1064 2171 vulgo
1085 2133 1306 2171 peremptorium
1328 2137 1451 2163 vocatur
1466 2154 1476 2169 ‚
1507 2131 1650 2164 tribusve
1676 2130 1853 2170 mensem-j

977 2179 1078 2210 catus,
1097 2172 1281 2212 presentiam
1298 2174 1352 2211 sui
1366 2173 1469 2212 facere
1490 2179 1659 2204 contemnet.
1704 2169 1853 2204 Vocatur

978 2214 1062 2244 enim
1086 2221 1158 2244 reus
1182 2215 1221 2244 ad
1238 2214 1385 2254 judicem
1411 2215 1464 2245 ve}
1486 2213 1597 2246 edistis
1612 2236 1623 2252 ,
1653 2213 1704 2245 vel
1728 2212 1851 2250 literis,

978 2255 1029 2285 vel
1053 2255 1348 2286 denuntiationibus
1361 2265 1372 2294 ;
1387 2255 1425 2293 ,ἀ
1443 2254 1464 2286 ss
1478 2254 1521 2286 fic
1545 2256 1675 2287 tertium
1694 2261 1851 2292 vocatus,

978 2294 1021 2327 sui
1038 2296 1163 2335 copiam
1181 2305 1246 2333 non
1264 2295 1363 2335 facit,
1386 2305 1563 2329 contumax
1585 2296 1731 2327 habetur.
1774 2293 1853 2326 Pau*

980 2337 1045 2368 ‘lum
1065 2337 1210 2368 audi-lib.
1228 2347 1258 2377 5.
1282 2337 1413 2368 Sentent.
1436 2338 1483 2368 tit.
1503 2348 1533 2377 5.
1568 2337 1668 2368 Trinis
1689 2335 1851 2377 (inquit)

979 2378 1070 2409 literis
1084 2378 1129 2409 vel
1144 2377 1260 2417 edistis,
1282 2384 1337 2410 aut
1355 2389 1413 2410 uno
1423 2385 1475 2419 pro
1493 2380 1583 2410 tribus
1601 2380 1687 2417 dato,
1701 2383 1754 2409 aut
1771 2378 1853 2408 trina

979 2420 1196 2450 denuntiatione
1219 2427 1395 2458 conventus,
1418 2417 1475 2458 nisi
1495 2421 1533 2451 ad
1548 2419 1678 2461 judicem
1697 2428 1716 2451 a
1731 2428 1786 2459 quo
1794 2416 1854 2456 fibi

979 2461 1185 2491 denuntiatum
1208 2459 1248 2501 eft
1264 2484 1273 2499 ,
1304 2469 1357 2492 aut
1379 2461 1465 2501 cujus
1487 2460 1578 2492 literis
1600 2461 1646 2491 vel
1670 2459 1770 2491 edictis
1786 2468 1853 2491 con-

979 2508 1086 2532 ventus
1104 2500 1161 2542 est,
1184 2503 1315 2540 venerit,
1339 2502 1421 2543 quasi
1436 2503 1468 2532 in
1485 2508 1680 2533 contumacem
1694 2501 1771 2532 dicta
1784 2501 1853 2540 ſsen-

980 2544 1072 2574 tentia
1088 2543 1286 2574 austoritatem
1302 2553 1397 2574 rerum
1407 2543 1612 2584 judicatarum
1627 2544 1742 2574 obtinet.
1773 2540 1853 2574 Non

979 2585 1076 2626 igitur
1106 2585 1294 2624 impetratur
1325 2584 1464 2616 edietum
1483 2585 1749 2625 vperemptorium
1781 2583 1854 2624 post

981 2627 1038 2656 tria
1057 2625 1159 2657 edicta
1172 2647 1181 2662 ‚
1203 2625 1255 2656 sed
1280 2625 1350 2665 post
1368 2627 1443 2657 duo.
1487 2625 1560 2658 Nec
1585 2635 1693 2658 tamen
1710 2627 1826 2667 ignoro
1840 2647 1852 2664 ,

980 2667 1019 2698 ad
1039 2667 1291 2707 peremptorium
1308 2667 1478 2707 aliquando
1494 2667 1594 2699 veniri
1619 2667 1689 2708 post
1708 2668 1784 2699 tria:
1807 2674 1854 2697 ta-

981 2708 1110 2748 lemque
1126 2707 1230 2739 casum
1247 2707 1364 2739 adferri
1387 2719 1403 2740 a
1425 2709 1525 2741 Paulo
1548 2709 1568 2740 l.
1583 2720 1635 2750 55.
1659 2709 1703 2740 D.
1727 2711 1760 2739 de
1772 2708 1858 2749 jullii

981 2750 1053 2787 ciis,
1079 2749 1186 2780 verbis
1214 2749 1243 2779 se
1271 2750 1427 2781 uentibus.
1471 2749 1610 2782 Edic'tum
1627 2751 1701 2792 quod
1719 2751 1754 2782 ab
1770 2757 1851 2780 ante-

981 2790 1083 2830 ceffore
1105 2791 1207 2821 datum
1232 2800 1245 2820 e
1258 2788 1288 2829 ὲ,
1311 2792 1343 2821 in
1366 2801 1480 2822 numero
1500 2793 1590 2823 trium
1610 2791 1764 2823 edictorum
1782 2793 1856 2827 ,con-J

985 2833 1135 2862 numerari
1149 2833 1236 2862 dehet.
1282 2831 1375 2863 Plane
1388 2833 1453 2864 licet
1476 2832 1612 2875 [omnis]
1637 2835 1672 2865 ub
1687 2830 1853 2868 anteceffore

985 2881 1123 2903 numerus
1141 2872 1248 2912 finitus
1266 2872 1332 2912 fit,
1353 2874 1426 2914 solet
1443 2874 1585 2916 succeffor
1607 2884 1699 2906 unum
1728 2871 1852 2907 odicium

985 2915 1060 2944 dare.
1105 2912 1168 2946 Sed
1189 2912 1344 2954 Ulpianus
1367 2917 1397 2948 d.
1421 2916 1440 2947 l.
1464 2920 1515 2950 68.
1542 2915 1578 2950 δ’
1601 2926 1650 2956 70.
1680 2923 1743 2946 non
1775 2912 1852 2952 quid

986 2955 1156 2995 aliquando
1171 2978 1182 2995 ,
1209 2956 1263 2987 sed
1283 2957 1358 2996 quid
1380 2957 1587 2997 plerumque,
1617 2956 1672 2988 fiat
1687 2978 1696 2993 ‚
1720 2953 1851 2988 definit:

986 2996 1062 3036 quid
1079 3005 1158 3028 vero
1175 2997 1334 3030 interdurn
1361 3007 1452 3031 extra
1477 2999 1623 3031 ordinem
1645 2995 1853 3034 obi'ervetut‘,

985 3038 1113 3069 demum
1136 3039 1315 3079 exponitvl.
1331 3040 1378 3080 7‘2.
1402 3039 1446 3072 D.
1471 3042 1530 3071 eod.
1554 3040 1599 3069 tit.
1644 3036 1737 3078 Quid,
1757 3036 1854 3077 igitur

985 3078 1062 3110 est?
1092 3088 1154 3119 ego
1177 3079 1219 3112 fic
1239 3080 1357 3112 censeo
1374 3105 1384 3121 ,
1414 3082 1446 3113 in
1471 3082 1498 3112 d.
1522 3080 1541 3111 l.
1569 3083 1619 3113 68.
1644 3079 1680 3113 &³
1703 3087 1751 3119 70.
1776 3079 1853 3116 loco

984 3127 1070 3151 mota
1093 3120 1154 3153 ess'e
1179 3122 1243 3153 duo
1270 3123 1367 3154 verba
1387 3133 1394 3154 :
1425 3122 1541 3162 quibus
1564 3118 1743 3159 restitutis,
1766 3120 1855 3155 ,nihil

980 3160 1052 3208 >esse
1067 3163 1156 3202 quod
1178 3163 1212 3197 in
1235 3162 1377 3205 Ulpiano
1400 3162 1604 3197 desideretur.
1628 3171 1665 3195 ea
1692 3162 1789 3196 verba
1810 3162 1854 3195 sse

979 3203 1123 3239 restituo.
1170 3239 1174 3243 ,

1801 3245 1855 3279 Act
