2036 3495
319 143 387 180 AD
414 145 505 180 L1n.
534 134 679 177 XXVII.
709 139 809 175 ΤΠ.
839 132 896 174 Ill.
924 136 1088 174 I'etutclae
1107 136 1334 178 &rationibus
1352 140 1552 188 distrahendis
1571 139 1637 181 &aa

77 234 227 273 prro-clare
249 231 432 264 observavit
465 232 507 264 D.
539 228 720 275 Giphanius
752 228 789 275 ad
820 228 839 258 l.
864 235 892 259 2.
917 227 948 257 C.

75 275 108 304 de
137 274 228 305 divid.
260 273 341 305 rutel.
369 281 441 316 pag.
473 277 541 313 465.
577 278 699 310 optima
733 277 856 301 ratione
880 278 950 305 qutu

75 315 179 356 potest
207 315 252 346 ibi
275 315 385 347 videri.
432 315 544 350 Plane,
575 310 594 342 si
626 320 667 342 ex
695 311 775 356 ¹dolo
805 319 945 356 corninu-

76 360 108 389 ni
131 363 311 388 conventus
336 355 512 395 praestltel‘ic
537 360 650 390 tutor;
675 360 716 382 ait
740 351 894 390 Ulpianus
916 350 946 391 §.

77 407 124 438 14.
148 398 239 429 aliter
261 396 443 429 observari:
466 404 535 427 narn
560 402 664 433 neque
688 393 878 424 mandandas
901 402 947 422 es-

74 439 106 471 se
129 438 298 477 actiones,
329 447 432 478 neque
464 435 557 466 utiles
588 442 787 480 competere,
814 443 875 479 qua
907 441 948 462 ra-

77 480 199 513 tione?
234 480 316 511 hanc
339 479 391 509 dat
409 477 616 518 justifflmam:
653 485 724 515 quin
749 482 868 515 proprii
891 475 947 505 dc-

76 522 143 555 listi
171 529 298 563 poenam
320 519 424 557 subit3
461 527 561 558 eaque
597 527 646 548 res
678 517 854 561 indignum
873 524 946 545 eum

74 563 176 598 fecit.
206 570 241 594 ut
263 571 280 593 a
301 562 424 592 caeteris
455 560 531 599 quid
554 557 768 599 consequatur
790 557 855 588 doli
880 564 945 602 pin·-

76 604 243 645 ticipibus:
272 611 336 634 non
367 601 484 632 sinente
510 601 595 639 jure,
633 599 749 645 utulla
780 597 816 644 fii:
848 597 945 628 socic-

77 654 124 679 tas
145 642 372 678 maleficiorum
390 666 398 681 ,
431 643 480 674 vel
511 648 764 672 communicatio
793 638 872 683 l⁰st³
893 639 943 684 da-

75 687 140 719 mni
163 694 204 717 ex
226 684 396 717 maleficio.
440 684 486 714 Sit
517 684 558 714 ita
581 683 663 713 inter
686 689 758 712 eos:
788 680 840 711 led
869 679 946 711 nihil

76 729 141 760 hoc
162 728 202 758 ad
225 726 392 767 pupillum.
417 734 471 755 cur
494 725 596 761 enim,
622 732 693 753 cuin
718 730 800 768 inter
823 730 880 753 eos
899 721 944 752 so-

75 771 177 802 cietas
199 767 304 799 deliCti
327 776 391 798 non
415 766 470 803 iit,
502 766 589 796 unius
612 764 729 795 solutio
753 764 820 808 aliis
852 771 867 792 a
892 771 946 801 pu-

74 811 154 852 pillo
185 809 407 840 liberationem
438 807 543 848 pririt?
581 805 670 837 fuisse
704 804 786 835 hanc
810 811 944 834 interro·

75 852 240 894 gationem
272 849 422 889 Calocyri
454 849 549 879 didici
579 857 620 879 cx
651 844 825 877 Scholiasle
857 843 945 875 Grac-

76 903 118 925 co
136 916 146 932 ‚
184 889 297 929 Bafilic.
327 891 374 921 lib.
400 895 448 930 538.
481 892 526 921 κίε.
550 900 578 930 3.
609 889 650 918 lit.
675 886 712 918 E.
738 894 808 926 pag.
834 890 883 919 82.
908 885 945 919 &⁹

68 936 132 976 seq.
155 939 219 964 tom.
241 942 270 973 5.
307 930 467 972 subjicitur
488 939 593 962 autem
624 929 692 974 haec
715 926 892 968 responsio:
915 930 945 958 bi

76 983 201 1008 merum
236 973 282 1005 est
312 973 458 1004 delictum
491 973 578 1012 quod
611 977 765 1016 originem
795 978 860 999 non
895 977 945 998 ca-

79 1018 145 1058 piat
169 1025 209 1047 cx
230 1014 416 1051 contr-auu,
439 1013 545 1054 singuli
569 1014 598 1043 in
630 1011 761 1043 solidum
792 1010 944 1056 condem-

80 1065 222 1095 nantur,
253 1065 289 1087 ut
318 1057 349 1087 in
379 1055 467 1086 furto
490 1055 519 1086 ὅτ,
542 1053 667 1094 injuria:
702 1061 762 1083 nec
787 1060 875 1097 *enlm
905 1052 945 1097 εἰ)ι

79 1100 172 1132 initio
196 1098 227 1129 in
251 1097 332 1129 hanc
354 1106 418 1128 reni
449 1096 525 1127 coiri
548 1094 681 1126 societas
705 1099 819 1139 potuit.
849 1091 902 1138 *scd
927 1093 946 1123 si

77 1139 267 1183 praecesserit
289 1137 489 1175 contractus,
513 1137 564 1168 vel
588 1135 691 1175 quasi,
714 1143 749 1165 ut
771 1143 800 1165 in
824 1134 870 1165 his
893 1142 945 1172 qui

77 1181 294 1215 communiter
316 1180 445 1210 tutelam
467 1178 681 1209 administrant
698 1200 707 1215 ,
745 1176 796 1221 vel
825 1174 944 1222 deposi-

80 1233 147 1255 tum
170 1230 223 1253 aut
245 1221 485 1253 commodatum
509 1220 692 1259 accipiunt,
716 1226 806 1248 unius
824 1216 945 1262 *solutio

79 1267 193 1298 liberat
215 1264 317 1294 alium.
339 1269 410 1293 nam
433 1262 542 1293 harum
573 1259 776 1301 personarum
813 1257 946 1289 societas

79 1306 219 1347 legitima
241 1304 296 1335 est.
697 1344 702 1349 ¹
838 1342 842 1347 Ι

119 1347 227 1378 Altera
256 1344 401 1376 Rubricae
433 1353 502 1383 pars
532 1342 764 1388 complectitur.
785 1341 944 1387 achonem

78 1388 120 1420 de
147 1387 321 1418 rationibus
343 1385 560 1416 distrahendis.
601 1385 688 1424 cujus
718 1391 874 1455 orlffmem
904 1391 944 1412 ex

75 1428 166 1469 Lege
196 1426 378 1458 Duodecim
415 1426 609 1457 Tabularum
639 1426 721 1465 petit
792 1423 944 1469 typhoni-

74 1479 134 1502 nus
156 1470 175 1500 l.
197 1478 247 1508 55.
274 1470 321 1499 l).
345 1471 377 1497 de
399 1469 508 1498 azliiiin.
531 1473 619 1497 tutori
643 1465 804 1497 confessus
820 1488 828 1503 ‚
860 1471 945 1495 tuto-

78 1521 128 1543 res
144 1533 154 1549 ,
176 1509 197 1541 si
220 1510 384 1549 pecuniam
411 1509 519 1548 pupilli
544 1508 771 1546 interceperint
786 1530 796 1544 ,
820 1515 945 1552 nec-ra-

78 1551 219 1584 tionibus
243 1550 425 1587 intulerint,
458 1558 493 1579 ea
517 1549 546 1579 in
572 1548 699 1588 duplum
724 1549 834 1578 teneri.
861 1548 944 1577 vide-

80 1601 131 1625 tur
152 1592 248 1632 igitur
271 1589 338 1622 haec
360 1591 441 1621 atrio
466 1590 544 1621 aicta
567 1590 607 1621 de
636 1589 809 1620 rationibus
827 1587 945 1633 ‚distra-

78 1634 217 1666 heridis:
234 1633 306 1673 quia
329 1641 364 1662 ea
389 1632 509 1672 agitur,
538 1639 571 1662 ut
594 1629 796 1668 distrahatur,
825 1630 856 1660 1d
880 1629 944 1668 est,

78 1675 293 1712 rescindatur,
330 1674 358 1704 ὅ(
397 1681 560 1711 mutetur,
590 1680 756 1712 perperam
785 1678 945 1716 concepta

80 1718 173 1749 ratio.
217 1714 387 1746 Tenentur
411 1722 515 1745 autern
531 1736 539 1751 ,
567 1722 600 1744 ut
624 1713 778 1752 Ulpianus
801 1719 861 1750 ait,
887 1712 945 1742 liae

80 1758 206 1790 aCtione
237 1764 359 1787 tutores
390 1756 443 1795 qui
471 1755 605 1796 legitimi
635 1754 780 1785 fuerunt:
811 1762 876 1784 non
902 1761 944 1783 ta·

80 1809 153 1832 nien
178 1798 252 1835 soli,
277 1797 327 1827 sed
353 1806 463 1828 omnes
487 1797 538 1834 qui
561 1797 628 1835 jure
652 1803 776 1826 tutores
807 1793 946 1839 suntx&

77 1848 194 1881 gerunt
225 1839 354 1870 tutelam
387 1839 405 1869 l.
440 1848 465 1870 1.
496 1838 524 1879 §.
550 1847 597 1874 19.
632 1837 674 1867 D.
696 1838 723 1866 b.
747 1840 770 1867 t.
819 1834 945 1882 Plenius

80 1882 193 1914 Paulus
216 1881 234 1910 l.
259 1890 276 1911 2
310 1879 448 1916 Actione,
473 1880 592 1919 inquit,
625 1877 687 1920 [cie]
718 1878 877 1907 rationibus
901 1877 944 1906 ἀι-

73 1922 236 1965 strabendis
259 1931 336 1951 nemo
360 1928 490 1959 levietur,
521 1918 576 1957 nist
603 1920 653 1961 qui
682 1921 713 1950 in
735 1919 826 1949 tutela
845 1926 944 1963 geret}-

77 1966 116 1996 du
136 1973 193 1993 rem
215 1972 251 1993 ex
274 1964 350 1992 bouis
369 1963 474 2003 pupilli
505 1960 663 2002 (instillent.
705 1959 757 1992 Nc
788 1959 852 1990 hoc
875 1968 942 1999 qui-

77 2008 151 2037 dein
183 2004 399 2034 omittendum
430 2011 518 2043 putat
550 2004 726 2041 Ulpianus,
762 2001 947 2047 quodpon

76 2047 179 2080 statim
211 2045 302 2076 datur
333 2046 400 2076 hice
430 2045 528 2082 actio,
561 2044 612 2075 sed
642 2043 793 2082 exemplo
815 2042 947 2087 actionis

79 2089 187 2119 tutelae
220 2087 377 2125 competit
409 2094 508 2124 tunc,
540 2095 612 2116 cum
643 2086 672 2116 ἃ
704 2085 811 2115 tutelae
839 2084 946 2120 attio,

80 2130 146 2160 hoc
169 2127 213 2159 est
229 2151 238 2166 ‚
269 2126 356 2158 finita
380 2128 477 2159 tutela
499 2127 517 2157 l.
547 2136 571 2158 1.
593 2126 621 2168 §.
646 2126 698 2158 ult.
723 2126 749 2157 h.
774 2132 795 2156 t.
844 2124 947 2156 Datur

80 2179 178 2208 vero,
202 2176 235 2200 ut
258 2169 342 2206 dixi,
365 2170 395 2199 in
420 2169 570 2209 duplum:
602 2166 685 2208 quafi
709 2171 863 2199 coercens
886 2165 951 2211 sur-

80 2213 103 2243 ti
128 2210 273 2250 speciem.
299 2218 487 2249 quamquam
511 2210 708 2249 aliquatenus
739 2218 756 2240 a
785 2208 873 2254 furto
904 2209 949 2237 dl·

80 2252 246 2292 stinguitur
282 2251 345 2281 hoc
370 2253 484 2282 tutoris
508 2250 652 2282 factum:
688 2249 742 2280 nisi
766 2247 950 2294 manifestus

78 2294 176 2326 fucrit
196 2292 318 2323 furandi
342 2295 474 2323 animus.
500 2301 563 2332 quo
587 2291 657 2322 casu
682 2292 777 2322 etiam
801 2290 877 2321 furti
902 2298 948 2320 te-

79 2337 148 2367 neri
173 2342 331 2371 tutorem,
356 2333 468 2365 Paulus
492 2333 637 2364 observat
655 2333 682 2363 tl.
702 2333 722 2364 l.
739 2343 768 2364 2.
792 2332 820 2373 §.
844 2341 870 2363 1.
887 2331 948 2362 lm.

79 2376 211 2409 Interim
235 2373 436 2414 distinguitur
458 2384 473 2405 a
496 2374 572 2406 furti
596 2375 721 2405 actione
737 2374 819 2405 aetio
841 2374 882 2404 dc
905 2381 948 2403 ra-

80 2417 221 2449 tionibus
245 2415 470 2454 distrahendis,
502 2424 660 2456 tamquam
692 2415 799 2446 mitior
823 2424 839 2445 a
866 2413 948 2459 sev-e-

79 2459 164 2489 riore
185 2458 204 2488 l.
227 2467 277 2498 55.
300 2457 329 2498 §.
358 2466 381 2487 1.
408 2457 447 2488 D.
472 2459 504 2488 de
520 2458 628 2488 arimin.
646 2462 702 2487 tut.
727 2458 845 2488 etenim
862 2455 944 2486 atho

81 2497 156 2528 furti
173 2505 241 2528 tota
262 2499 395 2538 poenalis
419 2497 464 2529 est
486 2498 514 2540 §.
531 2498 585 2529 ult.
611 2496 681 2538 lusi.
709 2498 759 2528 De
781 2498 865 2538 oblig.
880 2505 945 2537 quc

80 2549 117 2570 ex
138 2538 228 2569 delict.
245 2545 321 2579 naJc.
346 2540 374 2569 in
400 2539 459 2570 hac
482 2549 559 2570 vcro
583 2549 648 2571 non
672 2547 740 2570 tota
769 2540 855 2579 dupli
880 2547 945 2578 poe·

82 2589 120 2610 na
142 2578 206 2617 est3
228 2577 279 2610 sed
302 2581 332 2610 in
357 2580 468 2620 simplo
492 2582 536 2612 rei
558 2579 736 2620 persecutio
760 2581 945 2611 continetur

81 2623 109 2652 d.
132 2620 152 2651 l.
176 2629 205 2651 2.
228 2619 255 2660 §.
279 2620 332 2651 ult.
355 2629 505 2659 practerea
529 2623 676 2656 duplatur
694 2623 724 2653 in
741 2622 867 2653 actione
881 2620 945 2651 fur-

80 2663 106 2693 ti
136 2662 168 2692 id
194 2661 287 2700 quodv
302 2661 429 2693 interest
451 2664 469 2694 l.
493 2673 543 2704 52.
570 2663 597 2704 §.
624 2668 670 2697 28.
693 2664 711 2694 l.
735 2673 785 2703 50.
809 2663 828 2693 l.
853 2667 900 2696 80.
917 2662 945 2704 Β.

84 2713 112 2736 1.
137 2704 185 2734 D.
208 2703 242 2732 cle
259 2701 338 2740 furt.
361 2706 444 2741 quod
464 2706 494 2735 in
517 2705 574 2735 hac
592 2704 695 2735 nostra
713 2714 776 2735 non
795 2704 857 2735 cst:
875 2713 945 2735 nam

80 2746 112 2776 in
138 2754 173 2774 ea
203 2743 235 2773 id
261 2744 349 2782 quod
373 2744 499 2776 interest
528 2755 592 2776 non
619 2745 722 2783 venit·,
747 2748 797 2776 led
816 2746 858 2776 rei
879 2754 944 2776 tan-

83 2795 148 2816 ium
174 2783 336 2815 aestimatio
359 2783 378 2814 l.
406 2792 430 2815 1.
454 2784 483 2826 §.
509 2795 557 2817 20,
578 2786 607 2818 h,
632 2792 653 2817 ι,
697 2787 761 2817 ij
790 2796 870 2826 opus
894 2786 945 2817 ad.

78 2825 201 2858 moneri
218 2848 227 2863 ‚
264 2825 347 2855 hanc
377 2824 534 2858 actionem
571 2827 692 2868 pupillo
729 2827 945 2866 similibusque

76 2867 216 2908 personis
240 2866 303 2896 dari
328 2875 368 2896 ex
392 2876 432 2897 eo
456 2869 540 2905 quod
566 2869 640 2900 vivo
667 2869 788 2909 pupillo
815 2877 944 2908 captum

77 2908 143 2940 est:
168 2908 218 2939 sed
236 2908 265 2937 in
285 2906 435 2938 heredem
452 2917 649 2950 caeterosque
666 2909 856 2942 successores
880 2919 944 2941 non

78 2950 163 2987 dari,
193 2950 265 2989 quia
289 2948 420 2987 poenalis
446 2949 499 2981 cst.
522 2950 637 2981 dicitur
660 2959 765 2982 tamen
790 2951 851 2982 esse
876 2961 943 2991 per-

77 2999 204 3031 petuam
223 2992 248 3019 d·
265 2988 283 3020 l.
304 2997 328 3020 1.
352 2988 380 3030 ἓ.
399 2998 448 3030 23.
470 2991 541 3030 quia
559 2993 647 3022 venit
675 3001 715 3022 ex
740 2991 827 3033 Lege
853 2992 941 3023 Duo-

74 3032 177 3064 decim
196 3029 413 3070 'l‘abularum3
437 3031 479 3062 ita
497 3041 560 3064 non
576 3033 620 3065 est
638 3033 808 3074 Praetoria,
831 3033 884 3065 sed
901 3035 942 3065 ci-

74 3074 146 3105 vilis
163 3073 255 3104 actio.

110 3113 225 3146 Tertia
253 3112 343 3154 hujus
366 3111 470 3147 Tituli
493 3123 562 3157 pars
578 3115 623 3149 est
647 3114 701 3149 De
724 3115 849 3150 actione
874 3117 944 3151 utili

108 3275 185 3309 Tum.
210 3274 253 3310 II.

1797 158 1863 190 451

994 225 1167 259 curationis
1192 228 1291 259 causa.
1318 229 1362 259 est
1384 239 1461 260 vcro
1483 229 1551 261 haec
1570 230 1700 262 auctore
1728 231 1820 264 Paulo
1845 230 1865 266 l.

992 278 1022 306 4.
1045 269 1074 309 §.
1099 270 1151 299 ult.
1174 269 1213 300 D.
1233 271 1260 299 Ι).
1284 275 1305 300 t.
1331 280 1394 301 non
1422 272 1549 309 tutelae,
1582 273 1632 303 scd
1657 274 1864 313 negotiorum

991 310 1171 348 gestorum,
1196 311 1299 342 attio:
1331 320 1423 349 quam
1449 313 1543 344 etiam
1567 313 1714 345 adversus
1737 323 1863 346 curato-

991 351 1031 380 ris
1043 350 1240 382 ,successores
1259 359 1384 390 ponunt
1404 352 1626 385 Diocletianus
1643 355 1672 386 ἂ
1692 354 1865 387 Maximia-

992 400 1049 422 nus
1068 391 1087 423 l.
1109 400 1153 431 17.
1179 392 1211 422 C.
1230 393 1263 422 de
1278 399 1371 435 negot.
1384 391 1456 433 gest.
1504 393 1632 427 Dicitur
1649 406 1726 428 vero
1743 397 1812 428 haec
1833 407 1865 428 a·

992 431 1056 462 ctio
1076 434 1279 472 negotiorum
1298 432 1457 474 gestorum
1483 436 1583 467 utilis:
1607 438 1680 476 quia
1704 438 1823 469 directa
1847 447 1866 470 a

991 472 1131 504 Praetore
1156 473 1316 514 proposita
1333 475 1394 506 fuit
1409 476 1555 509 adversus
1571 487 1643 510 eum
1660 479 1712 519 qui
1731 480 1769 510 ad
1787 479 1866 511 alte·

990 514 1051 546 rius
1071 516 1198 555 negotia
1213 517 1353 556 gerenda
1376 516 1486 557 sponte
1505 519 1593 549 venit
1617 520 1865 560 contemplatio-

990 564 1030 586 ne
1045 556 1208 588 amicitiae:
1233 566 1305 588 curn
1324 558 1454 590 minoris
1470 566 1523 589 aut
1545 558 1653 592 furiosi
1671 570 1800 593 curator
1822 562 1862 594 ad

989 605 1100 628 eorum
1120 597 1249 637 negotia
1266 606 1374 630 veniat
1396 599 1580 631 necestitate
1599 603 1736 635 muneris
1760 603 1864 643 publi·

989 638 1028 668 ci.
1054 638 1084 668 Si
1104 646 1208 670 tamen
1225 649 1281 680 per
1295 647 1474 672 curatorem
1493 642 1612 673 utiliter
1627 643 1712 683 gesta
1731 643 1788 675 sint
1805 645 1864 677 mi-

989 680 1075 710 noris
1089 688 1142 710 aut
1161 679 1269 712 furiosi
1287 683 1434 722 negotia3
1459 682 1530 722 quia
1552 693 1616 714 non
1633 683 1811 717 ostenditur
1830 694 1863 717 a-

988 720 1029 751 lia
1045 729 1104 760 qua
1122 730 1251 762 agatur,
1275 723 1377 761 acti03
1391 723 1420 754 &
1442 724 1566 755 interim
1584 733 1709 765 :equum
1731 725 1794 765 est,
1812 727 1864 759 da-

987 762 1011 792 ri
1042 762 1194 802 aliquam:
1218 763 1354 804 placuit,
1378 765 1407 796 in
1433 766 1585 798 curatoris
1602 773 1733 807 'quoque
1759 768 1865 807 perso-

987 811 1060 834 nam
1092 805 1236 841 recipere
1262 805 1420 838 aetionem
1455 809 1658 847 negotiorum
1684 808 1863 848 gestorum,

988 853 1053 875 non
1083 845 1231 876 directam
1248 869 1258 884 ,
1297 847 1347 879 sed
1378 848 1515 886 utilcm;
1547 849 1679 888 perinde
1704 858 1741 880 ac
1767 848 1787 881 fi
1811 849 1863 882 sua

990 884 1103 925 sponte
1120 887 1157 916 ad
1175 887 1273 918 aliena
1292 891 1420 928 negotia
1438 890 1585 921 venisset:
1609 899 1642 921 ut
1665 892 1801 923 ÷ndicavi
1815 891 1858 924 s·-

990 935 1044 966 pra
1064 927 1117 958 sub
1133 926 1269 967 Titulo,
1295 929 1341 960 De
1357 932 1475 971 negotiis
1488 930 1585 972 gestis.
1630 931 1726 963 Plane
1747 932 1816 964 haec
1831 943 1864 964 a·

989 967 1053 998 {tio
1077 969 1180 1008 utilis,
1205 978 1238 1001 ut
1261 977 1325 1002 non
1343 970 1378 1002 sit
1397 972 1523 1011 tutelae,
1548 972 1674 1004 abusive
1690 974 1797 1005 tutelae
1815 975 1861 1006 tli-

987 1010 1070 1040 citur
1085 1010 1104 1040 l.
1124 1020 1152 1051 3.
1171 1011 1203 1041 C.
1224 1011 1338 1044 Arbitr.
1354 1019 1411 1044 tut.
1437 1013 1488 1044 ubi
1506 1023 1575 1045 earn
1592 1015 1753 1046 imitatur:
1790 1014 1861 1048 sane

989 1050 1067 1082 sicut
1090 1052 1119 1082 in
1145 1052 1303 1085 actionem
1320 1055 1428 1085 tutelae
1445 1056 1533 1086 venit
1557 1057 1673 1088 tutoris
1695 1057 1807 1096 dolus,
1831 1057 1863 1089 dc

989 1093 1082 1132 culpa
1099 1092 1159 1123 lara
1173 1102 1210 1124 ac
1229 1094 1324 1127 levis:
1347 1097 1388 1126 ita
1408 1097 1438 1127 in
1457 1097 1566 1128 utilem
1584 1097 1743 1129 actionem
1761 1106 1864 1140 nego-

990 1133 1104 1165 tiorum
1129 1134 1288 1174 gestorum
1317 1138 1425 1168 venire
1446 1139 1602 1169 curatoris
1625 1139 1751 1177 dolum,
1783 1140 1863 1172 item

989 1175 1113 1214 culpam
1133 1177 1224 1207 latam
1241 1187 1278 1209 ac
1304 1179 1406 1210 levem
1423 1196 1433 1217 ,
1456 1179 1642 1220 intelligitur
1662 1180 1681 1212 1.
1701 1189 1728 1221 7.
1747 1180 1780 1212 C.
1796 1182 1824 1213 d.
1841 1187 1864 1213 t.

987 1225 1060 1246 cum
1086 1217 1226 1256 alioquin
1244 1222 1274 1249 in
1294 1220 1454 1252 actionem
1473 1223 1677 1262 negotiorum
1698 1222 1863 1263 gestorum

987 1259 1082 1289 etiam
1102 1259 1207 1289 veniat
1224 1261 1318 1300 culpa
1337 1261 1548 1293 leviffimazut
1568 1261 1622 1293 suo
1638 1263 1714 1294 loco
1729 1263 1864 1296 demon-

987 1298 1126 1330 stratum.
1158 1299 1210 1331 De
1227 1308 1344 1333 cantero
1361 1302 1406 1334 est
1423 1311 1572 1343 quoque,
1596 1304 1649 1335 ubi
1672 1305 1764 1336 distat
1779 1313 1864 1337 utra-

987 1349 1049 1380 que
1068 1341 1160 1372 aelio.
1184 1342 1216 1373 id
1239 1343 1389 1374 observat
1412 1343 1526 1376 Paulus
1551 1344 1570 1375 l.
1587 1354 1615 1383 4.
1634 1345 1664 1386 §.
1680 1355 1710 1387 3.
1729 1347 1775 1377 D.
1792 1347 1820 1378 h.
1839 1353 1863 1379 t.

988 1383 1093 1414 verbis
1110 1381 1333 1423 sequentibus:
1358 1385 1549 1425 Cumfurz'osi
1564 1395 1696 1418 curatore
1711 1397 1768 1418 non
1790 1393 1865 1419 tute-

988 1423 1037 1461 lae,
1054 1425 1105 1463 sed
1120 1426 1298 1465 negotiorum
1313 1424 1457 1467 gestorum
1472 1426 1544 1458 αὲἶὶο
1560 1426 1617 1467 est:
1647 1437 1709 1470 quoe
1731 1430 1863 1470 competit

988 1468 1074 1495 eiiam
1091 1467 1160 1496 dum
1177 1468 1290 1507 negotia
1306 1469 1400 1509 gerit.-
1421 1469 1490 1509 quia
1515 1478 1572 1498 non
1594 1470 1667 1500 idem
1690 1470 1722 1500 in
1746 1471 1800 1502 bac
1829 1481 1863 1503 α·

988 1505 1078 1537 &ione
1092 1509 1167 1548 quod
1183 1509 1213 1538 in
1231 1509 1326 1540 tutelae
1340 1507 1468 1547 cretione,
1492 1510 1560 1541 dum
1577 1511 1705 1550 impubes
1720 1509 1759 1551 esi
1776 1513 1800 1543 z's
1809 1521 1861 1544 cu-

980 1548 1036 1589 jus
1053 1549 1142 1580 tutela
1154 1551 1270 1589 geritur
1281 1573 1290 1589 ‚
1306 1547 1492 1590 constitutum
1506 1549 1556 1591 est.
1581 1550 1646 1583 Hic
1664 1550 1751 1584 Pauli
1770 1553 1862 1586 locus

988 1590 1078 1620 aliter
1109 1591 1312 1630 accipiendus
1328 1614 1337 1630 ,
1376 1601 1470 1632 quam
1496 1593 1596 1632 prima
1618 1591 1703 1624 facie
1725 1594 1863 1627 videtur.

988 1631 1082 1671 potiit
1103 1631 1188 1663 enim
1206 1634 1275 1673 quis
1293 1631 1489 1673 existimare,
1513 1634 1644 1665 Paulum
1659 1642 1794 1676 propter
1816 1637 1865 1668 in·

987 1671 1148 1704 definitam
1167 1673 1319 1713 loquendi
1335 1674 1473 1706 formam
1493 1674 1718 1715 voluiffe‚hoc
1731 1677 1865 1709 interes-

987 1713 1017 1744 se
1035 1714 1118 1745 inter
1135 1715 1292 1747 actionem
1311 1716 1418 1748 tutelzu
1435 1716 1462 1747 &
1479 1717 1588 1749 utilem
1600 1718 1772 1749 curationis
1788 1727 1865 1750 cau·

987 1755 1015 1784 sa
1049 1757 1254 1796 negotiorum
1277 1757 1438 1798 gestorum
1467 1758 1650 1790 actionem:
1681 1760 1770 1800 quod
1796 1759 1865 1792 haee

988 1796 1094 1835 p0test
1111 1796 1233 1837 semper
1255 1798 1369 1830 institui
1388 1808 1452 1831 tam
1474 1799 1626 1839 durante,
1653 1809 1747 1839 quam
1772 1800 1865 1835 finita

990 1837 1104 1868 tutela:
1128 1840 1179 1871 ilia
1194 1838 1283 1871 finita
1300 1841 1428 1872 demum
1452 1841 1552 1872 tutela
1579 1841 1704 1882 potest,
1727 1842 1864 1876 durante

988 1887 1170 1919 numquam.
1217 1880 1278 1913 Sed
1296 1882 1366 1914 talis
1385 1883 1607 1921 interpretatio
1625 1893 1642 1914 a
1664 1893 1743 1915 vero
1760 1884 1864 1918 aliena

987 1919 1048 1950 est:
1069 1921 1264 1954 monstrante
1285 1923 1305 1954 l.
1327 1933 1374 1962 14.
1401 1923 1434 1954 C.
1463 1924 1497 1954 de
1513 1925 1621 1955 arimin.
1648 1930 1705 1957 tut.
1736 1925 1767 1957 in
1799 1934 1864 1966 qua

991 1960 1150 1993 Clementi
1179 1964 1303 1996 cuidam
1334 1965 1377 1995 ita
1403 1962 1601 1997 rescribitur:
1623 1965 1763 1997 Rationes
1785 1974 1863 1999 cum

990 2002 1196 2044 administram
1220 2011 1286 2036 ante
1309 2005 1457 2046 impletum
1479 2008 1616 2047 quinium
1640 2006 1677 2042 ἐξ
1696 2006 1863 2046 vicesimum

990 2053 1117 2077 annum.
1141 2047 1265 2077 durante
1281 2046 1371 2087 officio
1383 2070 1391 2085 ‚
1413 2047 1490 2088 posci
1499 2049 1569 2090 jure
1585 2058 1642 2079 non
1653 2048 1728 2089 poffe
1738 2071 1748 2088 ,
1763 2051 1860 2082 ‘mani-

981 2082 1092 2125 festum
1108 2085 1155 2127 est.
1198 2087 1298 2128 Igitur
1314 2096 1479 2128 putemus,
1504 2090 1634 2122 Paulum
1652 2091 1737 2122 velle
1754 2091 1782 2122 d.
1800 2091 1819 2122 l.
1831 2099 1861 2130 4.-

992 2126 1020 2169 §.
1039 2137 1067 2168 3.
1085 2128 1112 2158 b.
1130 2135 1151 2159 ι.
1163 2137 1302 2161 tutorem
1319 2130 1451 2161 durante
1468 2131 1565 2162 tutela
1581 2140 1597 2161 a
1615 2131 1736 2171 pupillo
1754 2140 1862 2173 neque

993 2170 1132 2210 generali
1156 2172 1265 2201 tutelae
1288 2171 1412 2202 afflone
1435 2171 1474 2202 ad
1501 2172 1677 2204 reddendas
1701 2173 1862 2214 rationes,-

992 2220 1097 2251 neque
1122 2210 1247 2251 speciali
1263 2211 1361 2251 furti,
1385 2213 1523 2253 injuriae,
1547 2223 1587 2244 ex
1607 2212 1695 2255 Lege
1713 2213 1860 2255 Aquilia,-

993 2261 1047 2284 aut
1068 2251 1155 2284 simili
1180 2254 1370 2285 conveniri:
1394 2253 1445 2285 sed
1462 2261 1642 2287 curatorem
1665 2255 1705 2286 ab
1730 2256 1862 2296 adulto,

993 2293 1134 2334 quamvis
1154 2303 1302 2326 manente
1321 2295 1609 2334 administratione,
1634 2295 1721 2337 posse
1742 2305 1864 2329 conve·

992 2337 1049 2367 niri
1068 2334 1193 2375 speciali
1211 2335 1335 2367 actione
1350 2336 1447 2375 furti,
1470 2338 1521 2369 vel
1539 2337 1657 2377 injuria:
1678 2338 1731 2370 vel
1753 2338 1862 2371 damni

991 2378 1099 2417 injuria
1116 2378 1177 2408 dati
1195 2386 1234 2408 ex
1259 2376 1346 2417 Lege
1362 2378 1506 2418 Aquilia,
1530 2380 1581 2410 vel
1597 2379 1655 2410 alia
1675 2379 1784 2412 simili:
1807 2378 1862 2413 sed

993 2419 1060 2449 utili
1083 2419 1258 2449 curationis
1275 2418 1363 2449 causa
1387 2419 1533 2458 afflone,
1568 2427 1638 2461 quae
1660 2421 1705 2452 est
1726 2430 1861 2462 genera-

992 2460 1027 2491 lis
1043 2482 1052 2495 ,
1077 2460 1105 2490 61
1123 2468 1182 2499 pro
1198 2460 1356 2491 rationum
1380 2461 1563 2492 redditione
1585 2462 1762 2501 competit,
1787 2472 1861 2495 eum

989 2500 1210 2541 perseverante
1226 2500 1497 2533 administratione
1513 2504 1676 2534 conveniri
1694 2505 1782 2536 nullo
1793 2514 1861 2536 mo-

989 2543 1031 2573 do
1047 2541 1144 2582 posse.
1189 2541 1251 2573 Res
1268 2542 1351 2573 clara
1370 2543 1400 2574 ἀ
1416 2552 1503 2574 certa
1522 2553 1562 2575 ex
1578 2545 1595 2575 l.
1613 2555 1642 2585 §-
1666 2544 1695 2586 §.
1712 2549 1742 2576 6.
1769 2546 1815 2576 l).
1825 2547 1859 2576 de

990 2584 1097 2614 admin.
1123 2583 1203 2614 rutel.
1231 2583 1346 2614 clarior
1370 2589 1474 2616 tamen
1502 2585 1531 2616 δι
1554 2588 1674 2617 certior
1701 2588 1778 2624 erit,
1802 2594 1858 2616 ex·

990 2624 1089 2665 posita
1107 2623 1166 2656 hac
1183 2625 1334 2665 loquendi
1359 2624 1464 2657 forma
1487 2626 1651 2659 indefinita
1663 2651 1672 2666 ‚
1730 2637 1770 2657 αα
1785 2635 1860 2656 com-

983 2668 1056 2706 petit
1074 2667 1178 2705 etiam,
1202 2667 1271 2697 tium
1293 2667 1409 2707 negotia
1428 2669 1515 2708 gerit.
1540 2668 1585 2700 est
1605 2678 1682 2700 vero
1710 2673 1749 2700 liC
1777 2667 1858 2698 acci-

989 2709 1128 2748 pienda,
1171 2706 1254 2747 quasi
1278 2708 1364 2739 dicat
1393 2708 1531 2749 Paulus,
1563 2709 1645 2752 Quae
1670 2715 1857 2748 competere

989 2750 1083 2779 ctiam
1108 2748 1239 2789 potest,
1263 2750 1338 2780 dum
1363 2752 1492 2791 negotia
1513 2753 1617 2791 gerit:
1643 2750 1692 2780 vel
1706 2758 1784 2795 *quan
1805 2749 1858 2795 ali*-

989 2791 1116 2826 quando
1147 2790 1242 2821 etiam
1269 2792 1427 2832 competit
1449 2815 1458 2830 ,
1497 2793 1570 2824 dum
1604 2797 1731 2829 negotia
1760 2797 1855 2830 gerit.

987 2829 1085 2862 Hunc-
1101 2830 1186 2863 usum
1209 2840 1305 2870 atque
1322 2831 1403 2864 hanc
1418 2833 1480 2864 vim
1504 2829 1674 2864 indefinita:
1695 2830 1858 2870 hujusmo-

989 2872 1019 2902 di
1038 2872 1212 2903 locutionis
1229 2873 1301 2904 alibi
1315 2874 1376 2914 jam
1392 2873 1554 2906 observavi
1571 2870 1625 2901 sub
1641 2869 1776 2918 Tituulo,
1802 2872 1856 2903 De

987 2912 1030 2943 bis
1051 2915 1103 2954 qui
1125 2921 1183 2945 not.
1200 2914 1304 2953 insum.
1334 2925 1375 2947 ex
1405 2915 1424 2946 l.
1448 2925 1490 2954 13.
1515 2912 1542 2954 ἕ.
1564 2911 1616 2943 ult.
1649 2912 1680 2943 &
1703 2912 1751 2944 llb·
1769 2910 1852 2953 fing-

987 2954 1034 2985 De
1049 2955 1139 2994 form.
1162 2957 1268 2987 emend.
1297 2957 1351 2988 dol.
1375 2955 1440 2986 mal.
1462 2965 1486 2984 c.
1512 2962 1556 2984 12.
1581 2962 1621 2983 ex
1638 2953 1658 2985 l.
1682 2961 1733 2992 41.
1756 2954 1803 2984 D.
1820 2955 1856 2985 de

978 2996 1062 3036 pign.
1079 2996 1134 3028 αὲἲ.
1159 3006 1323 3038 praeeunte
1341 2996 1474 3036 Apuleio
1495 2994 1543 3025 lib.
1560 3003 1593 3039 33
1613 2993 1662 3025 De
1681 2993 1856 3035 philosophia

980 3044 1012 3076 p.
1035 3046 1106 3076 404.
1147 3040 1196 3070 Ac
1218 3038 1389 3070 secundum
1413 3036 1481 3065 lime
1508 3035 1696 3074 explicanda
1720 3044 1853 3077 quoque

984 3077 1004 3109 l.
1027 3087 1052 3110 1.
1075 3078 1104 3121 §.
1121 3088 1151 3121 3.
1169 3079 1213 3113 D.
1239 3082 1273 3112 de
1286 3083 1410 3110 contrar.
1428 3081 1483 3109 tut.
1506 3074 1562 3108 αέὶ.
1586 3075 1623 3111 &³
1640 3076 1658 3108 1.
1674 3080 1724 3109 26.
1748 3078 1796 3109 D.
1818 3077 1853 3109 de

985 3120 1092 3154 admira.
1108 3125 1165 3154 tut,

1262 3280 1323 3314 Lzl
1346 3291 1363 3316 2
1720 3278 1849 3314 Τιτυ-
