2036 3495
329 94 394 128 An
428 92 478 126 L1
490 101 520 125 Β.
548 86 642 124 XXI.
671 87 725 125 T1
737 97 769 123 T.
806 87 847 123 11.
885 88 935 124 De
952 89 1150 125 evieiionihus
1167 87 1208 129 ἐξ
1225 90 1327 137 daploe
1345 90 1553 139 stipulatione.

1766 99 1835 140 365

37 196 98 220 non
127 182 296 218 intercedit
320 180 474 223 Ulpianus
502 180 529 211 d.
548 178 567 209 l.
590 177 773 218 quominus
789 178 914 209 actione
958 188 1026 219 quae
1043 178 1097 212 ille
1112 179 1191 212 dicit
1213 180 1376 213 cohaerere
1402 190 1467 215 uno
1484 180 1603 222 spiritu.
1629 183 1691 214 tale
1708 192 1825 223 corpus

38 239 79 260 cx
96 225 282 268 empto(s1c
304 224 438 263 censeo)
463 222 502 253 de
525 219 602 266 dolo
620 227 667 257 agi
686 219 789 258 poffit.
821 219 912 250 Simi-

39 271 76 302 lis
93 268 188 301 fuerit
211 266 416 298 deliberatio:
440 272 477 294 an
501 260 602 292 evnsta
628 260 774 291 Vldeatur
798 270 864 298 res,
893 261 911 291 sl

40 310 178 351 emptori
204 308 323 348 judicis
353 305 462 346 injuria
494 300 663 344 auferatur.
700 304 742 332 At
775 311 816 347 ne
843 310 910 332 tum

39 353 169 393 quidem
187 349 302 381 evictio
318 346 520 389 intelligitur:
543 351 615 381 quia
632 351 696 387 non
716 341 760 372 est
772 352 839 380 jure
856 343 907 372 ab·

37 395 99 426 lata
116 403 163 424 res
180 400 273 432 quam
286 387 528 430 Judicis-injuria
544 381 667 426 abstulit
683 382 703 414 l.
719 383 784 428 8·ss
809 393 856 423 15.
875 383 908 414 C,

40 437 69 466 h.
82 442 103 466 t.
123 443 182 465 nec
198 429 347 468 interest,
365 436 466 461 utrum
482 434 550 466 ejus
566 424 785 469 imprudentiae
796 447 805 461 ‚
822 433 907 456 erro-

41 476 85 513 ri,
116 475 313 511 stultitiaeve‚
335 470 535 509 imputetur,
573 474 610 495 an
643 465 802 510 sordibus:
834 473 906 511 utro

40 517 123 548 enim
145 516 244 547 modo
261 514 332 549 fiat,
356 519 411 541 cur
428 507 589 539 austorem
607 514 792 547 contingat:
816 515 906 546 cujus

40 559 151 589 vitium
170 565 231 587 non
251 553 295 584 est
310 552 328 583 l.
343 560 394 592 51.
415 549 456 580 D.
471 551 498 579 tl.
514 555 535 579 t.
555 556 593 577 ac
609 547 700 578 valde
718 548 822 587 probo
841 548 905 578 hoc

38 599 125 630 Pauli
142 599 159 628 l.
178 601 225 637 67.
248 593 287 625 D.
305 594 337 624 de
348 589 534 633 fidejufforib.
546 588 664 629 lnjzcria
678 597 740 629 qziae
757 589 810 618 tihi
819 587 906 626 fasta

37 639 76 681 est
116 647 198 680 penes
220 643 246 667 te
267 643 402 671 manere,
424 642 511 674 qaam
534 630 571 661 ad
597 629 687 660 alium
712 629 855 676 tranferri
868 639 904 660 ε-

38 664 126 722 quius
140 677 186 719 est.
204 677 290 709 addit
306 683 429 706 tamen:
452 669 611 708 Scilicet,fi
628 669 904 717 culpa-tuii‘znjustae

37 721 228 753 danmationis
250 717 365 754 causam
384 711 549 758 praelnie'sii.>
570 711 650 757 HOEC.
677 712 810 756 adjeetro
837 721 902 758 non

36 764 141 804 placet
157 760 276 800 Jacobo
293 758 441 798 Cujacio:
464 754 650 786 existimanti
663 775 673 791 ,
697 752 759 783 else
779 761 904 792 imperi-

37 807 60 835 ti
83 801 280 842 Inter-pretis.
303 799 366 830 Sed
390 797 465 829 milii
494 796 618 826 videtur
642 794 759 824 habere
783 802 904 840 tempe-

37 852 216 878 ramentum
232 851 249 873 a
276 840 399 872 ratione
410 848 473 870 non
500 837 647 868 alienum.
670 842 823 874 praeterea
841 844 904 865 ani-

36 887 224 922 madverto,
249 892 289 914 eo
314 883 360 912 uti
386 888 514 920 quoque
539 877 727 917 Javolenum
753 876 774 906 l.
791 879 843 908 66.
860 875 903 906 D.

39 929 130 959 Salat.
148 926 275 957 matrim.
295 923 324 955 Gt
346 920 557 965 Pomponium
575 918 594 950 l.
613 926 660 954 29.
671 917 700 958 §.
725 926 751 948 1.
769 916 812 949 D.
829 917 857 948 h.
881 923 904 948 t.

37 969 232 1001 Servandum
251 965 345 1006 igitur
359 973 432 995 meo
447 963 577 1006 judicio.

82 1011 126 1041 Ut
143 1009 238 1039 initur
256 1005 358 1037 evites
382 1014 431 1036 res
457 1002 668 1042 intelligatur,
691 999 826 1046 ablatam
844 998 907 1030 esse

39 1033 179 1091 oporte?
204 1048 308 1090 Quid,
332 1047 351 1077 si
378 1044 532 1088 emptoris
547 1043 649 1087 'culpa
665 1041 761 1087 fuerit
777 1041 907 1072 eviCta‘?

39 1102 106 1125 non
131 1090 257 1130 estjure
275 1087 392 1125 eviCta,
422 1087 473 1117 sed
500 1092 577 1132 vitio
612 1090 786 1129 emptoris:
818 1084 908 1121 quod

41 1133 198 1165 venditori
209 1139 326 1162 nocere
337 1138 401 1160 non
412 1127 516 1159 debet.
528 1124 553 1156 'I
563 1125 611 1156 ale
622 1131 732 1170 vitium
742 1122 804 1161 est;
816 1122 837 1154 fi
846 1132 909 1155 em-

39 1184 115 1216 ptor
131 1172 248 1205 auctori
266 1170 319 1202 suo
338 1171 426 1201 litem
443 1177 507 1200 non
528 1164 826 1211 denunciavit:lioc
842 1164 908 1211 est,

41 1226 113 1248 eum
132 1224 194 1246 non
211 1212 363 1245 convenit
379 1212 491 1242 adrem
509 1207 755 1252 defendendam.
773 1206 805 1237 ld
824 1214 908 1251 enim

39 1257 200 1298 negligere
211 1263 282 1286 eum
294 1277 304 1292 ,
320 1261 384 1284 non
401 1253 468 1283 [init
484 1249 685 1289 providentia
700 1246 908 1294 stipulationis

41 1299 161 1339 duplae:
184 1304 255 1327 cum
272 1294 411 1334 alioquin
430 1292 519 1333 poffit
535 1290 634 1320 videri
649 1289 740 1320 litem
757 1288 906 1334 amisisse:

41 1349 106 1371 non
123 1337 208 1378 quod
234 1337 346 1367 malam
369 1334 501 1364 haberet
522 1329 664 1369 causam3
687 1328 739 1362 sed
757 1338 906 1370 quoniam

40 1388 149 1421 parum
165 1377 330 1409 instructus
346 1382 412 1406 erat
429 1374 449 1405 l.
467 1383 517 1415 53.
535 1372 563 1413 §.
587 1381 611 1403 1.
630 1372 676 1402 D.
692 1371 720 1403 h.
740 1376 762 1403 t.
781 1369 905 1402 Occur-

38 1421 79 1453 rit
97 1421 148 1451 hic
172 1419 202 1450 &
225 1418 310 1449 aliud
339 1416 442 1455 culpae
464 1413 667 1457 exemplum,
689 1411 711 1443 fi
737 1419 865 1452 emptor
884 1421 902 1443 a

36 1461 159 1504 judicio
175 1458 276 1490 abfuit
292 1459 311 1489 l.
325 1462 353 1492 8.
370 1457 401 1488 C.
418 1457 445 1487 b.
463 1461 484 1487 t.
498 1464 568 1487 narn
586 1454 605 1485 li
620 1454 694 1485 ldeo
704 1461 816 1485 contra
831 1463 904 1498 eum

38 1504 211 1544 iudicatum
228 1499 291 1538 est,
315 1499 402 1539 quod
417 1497 481 1537 ipse
508 1494 631 1533 defuit,
654 1503 719 1525 non
735 1502 909 1541 committi·

43 1552 93 1575 tur
108 1541 287 1582 stipulati03
312 1539 393 1579 quasi
411 1537 509 1578 magis
527 1543 658 1577 propter
673 1534 844 1567 absentiam
861 1545 907 1567 vr-

45 1585 113 1615 ctus
130 1583 272 1613 videatur
288 1603 297 1619 ,
308 1589 400 1620 quam
416 1578 459 1609 ob
474 1579 585 1609 malam
602 1576 721 1608 causam
738 1576 758 1607 l.
773 1587 823 1617 55.
841 1578 869 1608 d.
887 1583 909 1609 t.

45 1624 134 1657 Idem
151 1623 230 1655 dicit
255 1620 454 1653 Modestinus
476 1619 495 1650 l.
520 1623 569 1660 63.
585 1618 613 1659 §.
630 1627 658 1649 2.
676 1617 719 1648 D
729 1620 790 1663 eod.
809 1618 831 1650 fi
846 1627 910 1650 etn-

44 1673 120 1707 ptor
143 1663 334 1704 appellavit,
357 1663 387 1692 ἃ
410 1661 526 1692 bonam
544 1658 759 1705 causam'thlo
783 1659 839 1691 suo
868 1669 910 1692 ex

43 1704 281 1748 praescriptione
299 1702 451 1744 perdidit:
474 1702 506 1733 id
526 1700 571 1733 est
584 1723 594 1739 ‚
617 1708 689 1741 quia
716 1709 781 1746 non
800 1700 908 1733 obser-

43 1748 132 1779 vavit
151 1746 259 1778 fatalia
275 1744 501 1785 appellationis.
525 1742 683 1774 Praeterea
696 1748 751 1786 'art
769 1741 910 1783 Pompo·

43 1788 114 1821 nius
132 1788 152 1819 l.
171 1797 219 1827 27.
237 1786 277 1817 D.
295 1787 322 1816 h.
342 1791 364 1816 t.
380 1785 464 1825 quod
488 1784 552 1815 hoc
566 1785 634 1824 jure
658 1790 792 1827 utimur:
815 1791 867 1822 ut,
889 1782 912 1815 fi

42 1827 387 1868 obstentexceptiones
401 1835 441 1857 ex
457 1824 589 1866 persona
598 1832 748 1865 emptoris
757 1824 911 1865 obJectae,

43 1871 191 1902 venditor
214 1870 243 1900 ei
269 1877 333 1899 non
359 1874 524 1899 teneatur:
548 1866 567 1897 fi
591 1875 669 1898 vero
691 1866 728 1897 ad
747 1865 910 1906 personam

45 1911 224 1943 venditoris
240 1908 424 1948 respiciant,
439 1915 562 1939 contra.
585 1914 672 1938 certe
695 1915 757 1938 nec
781 1915 824 1939 ex
846 1916 910 1940 em-

42 1961 122 1994 pto,
134 1961 194 1983 nec
210 1960 250 1982 ex
265 1950 466 1991 stipulatione
476 1949 599 1989 duplae,
615 1957 676 1980 nec
691 1947 808 1989 fimplae
824 1958 909 1981 com-

42 1994 127 2034 petit
144 1991 301 2032 emptori,
331 1991 353 2023 ss
371 1991 398 2023 ei
416 1991 568 2030 exceptio
584 1999 625 2021 ex
639 1989 725 2034 facio
742 1989 835 2030 ipfius
851 2000 908 2030 op-

42 2033 163 2075 posita,
186 2033 357 2064 obstiterit.
379 2031 478 2073 Quod
499 2030 520 2063 fi
535 2041 576 2062 ex
593 2039 762 2077 utriusque·
775 2031 908 2076 persona

46 2076 77 2107 &
93 2075 225 2106 auctoris
249 2075 278 2105 &
294 2075 447 2114 emptoris
473 2073 683 2113 exceptiones
701 2072 909 2113 objicientur:

45 2116 192 2148 intererit
202 2139 210 2154 ‚
225 2123 357 2155 propter
369 2124 460 2155 quam
471 2114 698 2154 exceptionem
713 2113 815 2153 Judex
834 2123 910 2147 con·

45 2164 92 2188 tra
108 2156 310 2197 judicaverit:
333 2157 362 2187 &
386 2157 425 2187 sic
449 2163 502 2186 aut
517 2155 754 2194 committetur,
777 2162 831 2186 aut
847 2165 910 2187 non

47 2196 287 2236 committetur,
308 2196 467 2237 stipulatio
483 2197 501 2227 l.
518 2201 569 2230 28.
588 2198 614 2227 ci.
634 2202 655 2226 t.
674 2195 816 2234 Merit03
839 2199 911 2237 quia

46 2249 173 2280 :equum
191 2238 254 2276 est,
273 2237 444 2278 unicuique
460 2237 577 2268 saetam
595 2236 699 2276 suum,
717 2246 782 2269 non
800 2239 911 2269 adver-

46 2281 126 2312 sario
149 2289 267 2311 nocere
284 2280 304 2309 ὶ.
321 2288 389 2320 155.
410 2279 456 2309 D.
472 2280 505 2309 de
524 2288 582 2319 reg.
597 2279 661 2320 jar.

90 2320 199 2352 Habet
216 2320 309 2361 igitur
333 2321 416 2351 aC'tio
440 2320 479 2351 de
501 2319 597 2359 dupla
615 2319 736 2350 locum:
759 2319 777 2350 fi
794 2321 909 2352 emtori

45 2371 111 2394 rem
128 2362 246 2393 habere
269 2371 331 2392 non
358 2362 452 2398 licet,
475 2370 515 2392 eo
537 2362 624 2400 quod
640 2360 741 2391 eviCta
759 2360 820 2392 est:
835 2371 909 2402 qua-

46 2403 83 2434 lis
102 2403 202 2443 qualis
220 2402 274 2441 fit,
298 2403 489 2441 corporalis,
513 2409 547 2432 ut
564 2401 699 2438 fundus,
717 2401 840 2441 servus,
856 2412 909 2433 an-

47 2443 136 2483 cilla,
160 2453 255 2474 vacca
274 2443 293 2474 l.
315 2453 340 2474 1.
356 2445 375 2474 l.
397 2447 441 2474 16.
458 2442 487 2483 §.
505 2453 532 2474 2.
553 2442 572 2473 l.
589 2451 638 2481 42.
662 2442 699 2477 ἐξ
716 2452 765 2483 43.
784 2443 826 2474 D.
842 2444 868 2474 h.
886 2450 908 2474 t.

48 2493 86 2515 an
104 2484 324 2525 incorporalis,
349 2492 382 2515 ut
407 2484 562 2515 hereditas
577 2484 596 2514 l.
619 2493 646 2516 1.
664 2484 696 2516 C.
716 2487 742 2514 a.
761 2489 781 2514 t.
800 2484 911 2524 ampli-

48 2534 85 2556 us
101 2526 244 2556 observat
262 2525 415 2565 Ulpianus
434 2525 491 2555 d.l.
511 2525 609 2556 1.hoc
628 2525 823 2565 procedere,
847 2525 912 2570 five

49 2573 118 2596 tota
150 2575 199 2596 res
223 2566 408 2605 evincatur,
437 2566 500 2597 five
529 2575 624 2606 pars:
654 2576 691 2597 ac
715 2566 808 2607 possit
831 2574 910 2598 ratio

48 2606 167 2644 videri,
190 2607 276 2644 quod
292 2609 348 2638 toti
365 2617 433 2648 pars
451 2607 549 2645 inest3
573 2608 704 2654 &tquod
721 2608 760 2639 de
777 2615 848 2639 toto
864 2607 909 2639 di·
946 2609 977 2652 st

49 2646 150 2683 citur,
174 2647 358 2687 plerumque
382 2650 420 2679 de
444 2649 583 2689 partibus
608 2648 807 2690 intelligitur:
832 2649 910 2680 ficut

50 2688 96 2720 est
122 2688 209 2728 snpra
234 2688 263 2718 in
287 2688 497 2727 explicatione
518 2690 617 2721 Editti
637 2690 688 2721 De
709 2690 909 2730 jurejurando

47 2729 104 2760 sub
128 2739 167 2759 eo
185 2728 298 2760 Titulo
323 2730 468 2761 traditum
485 2731 504 2761 l.
523 2740 551 2771 7.
570 2731 604 2762 ln
623 2731 787 2772 praesentia
802 2740 908 2764 autem

49 2770 90 2801 fic
103 2769 293 2808 generaliter
310 2770 473 2808 placuiffe,
496 2773 547 2802 vel
561 2782 601 2803 ex
623 2783 665 2803 eo
683 2774 801 2812 liquet:
824 2773 910 2813 quod

49 2820 67 2842 a
86 2810 181 2842 Paulo
199 2812 216 2841 t.
232 2814 281 2850 56.
300 2810 326 2841 h.
348 2819 368 2842 t.
388 2812 428 2842 de
444 2811 593 2851 homine,
615 2814 667 2845 sen
684 2814 791 2851 servo,
818 2815 910 2854 speci-

47 2853 138 2883 aliter
163 2851 306 2882 scribirur
331 2851 416 2882 hunc
438 2850 468 2883 in
492 2855 640 2888 modum:
671 2856 708 2887 In
723 2853 911 2895 stipulatione

48 2893 156 2931 (inulte,
180 2903 245 2924 cum
261 2893 336 2923 homo
351 2893 506 2931 venditur,
520 2898 612 2935 partis
620 2897 739 2938 adjeftio
758 2896 911 2936 neceffarz'a

48 2933 106 2974 est:
128 2935 197 2975 qaia
214 2944 271 2964 mm
289 2931 379 2973 potest
402 2935 494 2965 videri
514 2939 591 2967 humo
609 2938 738 2977 evictus,
763 2948 827 2969 cam
839 2945 910 2978 pars

46 2976 106 3018 ejus
121 2975 215 3006 evifba
229 2973 277 3016 eft.

91 3017 237 3048 Proxima
268 3016 456 3048 deliberatio
480 3018 556 3058 erit,
589 3020 664 3060 quid
691 3021 721 3052 in
746 3019 911 3060 proposito

48 3059 146 3099 partis
170 3057 382 3097 appellatione
405 3058 597 3098 indigitetur.
622 3070 694 3091 cum
719 3070 824 3092 autem
853 3071 911 3091 nos

48 3100 146 3131 docet
163 3099 300 3130 Paulnsl.
312 3109 360 3140 30.
374 3098 413 3129 D.
430 3100 462 3129 cie
473 3101 568 3140 usurp.
591 3102 627 3136 ὃ)
643 3110 759 3141 usucap.
780 3110 836 3133 tria
853 3102 913 3133 esse

49 3150 218 3180 corporum
236 3150 368 3181 genera:
387 3141 473 3171 unita
484 3164 492 3178 ,
505 3149 652 3174 connexa
663 3167 671 3179 ‚
683 3144 711 3173 ἃ
725 3153 765 3174 ex
778 3143 913 3175 distanti-

48 3181 106 3215 bus
117 3181 270 3224 capitibus
287 3181 620 3223 constituta2pr1'mum
637 3185 791 3227 attingam
811 3192 912 3226 unita,

957 220 1001 252 est
1020 221 1127 252 home.
1151 221 1182 252 ἃ
1198 222 1263 262 ejus
1282 232 1352 263 pars
1370 224 1433 262 est,
1450 224 1626 255 membrum
1645 234 1741 256 omne
1758 235 1824 265 quo

955 261 1130 294 absolvitur
1154 263 1300 296 naturalis
1326 266 1391 305 ejus
1410 263 1584 306 integritas.
1610 267 1696 305 qnod
1714 266 1733 297 si
1752 276 1823 308 quae

955 311 1107 342 praeterea
1123 303 1151 333 ei
1169 305 1342 344 accedant,
1366 306 1433 337 haec
1452 316 1516 337 non
1536 306 1603 338 sunt
1619 307 1649 338 in
1667 312 1772 348 parte:
1790 318 1822 340 ut

953 352 1058 383 partus
1070 345 1212 375 nondum
1229 345 1351 384 editus,
1367 355 1419 378 aut
1430 348 1685 380 bereditasservo
1701 351 1823 382 delata:

952 394 1007 423 ac,
1031 385 1051 416 fi
1072 392 1218 424 petantur
1234 394 1289 425 per
1309 387 1567 427 consequentiam
1585 391 1704 422 venditi
1720 391 1823 424 homi-

951 425 1017 463 nis,
1034 427 1168 457 multum
1181 425 1279 458 refert
1296 436 1356 466 qua
1372 428 1496 460 afflone
1514 438 1637 471 agatur,
1654 442 1695 463 ex
1705 433 1818 474 dupla,

950 476 987 497 an
1007 476 1046 497 ex
1063 476 1186 505 empto.
1211 467 1292 499 Sane
1305 469 1417 501 Paulus
1426 470 1444 500 l.
1457 479 1506 509 42.
1519 472 1559 503 1).
1571 473 1598 502 h.
1609 478 1631 504 t.
1648 473 1821 514 disputans,

951 515 986 538 ut
1005 508 1082 539 mibi
1098 508 1241 548 videtur,
1265 511 1305 540 de
1322 509 1447 541 actione
1465 521 1506 542 cx
1524 513 1618 553 dupla
1634 523 1747 556 negat,
1770 525 1822 548 an-

949 548 1021 580 cilla
1041 557 1224 590 praegnante
1251 551 1378 582 vendita
1403 551 1432 582 ἃ
1457 554 1590 592 tradita,
1616 557 1821 589 venditorem

949 590 992 621 ob
1016 590 1154 622 evitium
1183 599 1306 631 partum
1332 592 1375 624 de
1399 592 1554 625 eviCtione
1582 598 1757 630 conveniri.
1791 599 1824 630 ὅ(

948 631 1120 671 praef'atur,
1143 632 1224 674 Quia
1237 639 1343 673 partas
1356 635 1493 665 venditus
1508 645 1566 666 non
1589 634 1638 676 est.
1668 638 1821 672 Siccine?

946 681 980 703 nt
997 673 1096 705 Paulo
1112 672 1238 705 constet
1254 673 1352 706 ratio:
1367 675 1454 715 noli,
1473 676 1538 716 ejus
1555 678 1651 710 verba
1669 681 1820 712 exaudire

947 714 986 744 de
1018 714 1130 745 ancilla
1154 715 1242 747 nudo
1267 715 1420 748 consensu
1447 718 1576 749 vendita
1595 741 1605 757 ,
1630 720 1658 751 ὅς
1688 720 1708 751 fi
1735 722 1820 752 hune

948 754 1068 786 sensum
1086 756 1215 795 praefert
1224 756 1340 797 primus
1356 758 1530 798 adspectus.
1547 760 1655 798 potius
1674 762 1819 803 intellige

949 806 986 827 ea
1003 796 1043 827 de
1060 797 1171 828 ancilla
1198 797 1397 839 stipulatione
1421 800 1569 839 promissa
1583 810 1624 833 ex
1640 802 1729 834 causa
1747 814 1823 834 ven-

949 837 1090 869 ditionis,
1115 847 1186 869 nam
1213 849 1254 870 ex
1279 839 1339 870 hac
1363 841 1451 871 venit
1474 842 1557 872 aeno
1582 852 1624 874 ex
1642 844 1755 884 dupla:
1779 846 1821 876 ad

956 887 1050 916 quam
1069 878 1199 910 Paulum
1214 879 1333 911 refero.
1356 882 1478 914 causam
1494 892 1572 914 vero
1590 885 1629 915 sic
1646 893 1824 926 temperan-

952 920 998 950 dae
1014 919 1083 960 ejus
1099 919 1264 952 sententiae
1282 923 1392 961 accipe
1408 922 1447 954 ab
1465 923 1528 955 hoc
1543 924 1655 964 Juliani
1671 927 1689 958 l.
1701 937 1750 967 43.
1773 929 1820 959 l).

950 960 980 992 h.
998 966 1020 991 t.
1035 961 1138 992 Vacca
1153 967 1275 1001 emptor,
1283 961 1313 1000 fi
1327 963 1442 995 vitulus
1451 964 1566 1006 qzeipost
1582 963 1749 1008 emptionem
1764 979 1818 1000 na-

951 1007 999 1033 tus
1014 1000 1069 1042 est,
1088 1004 1262 1042 evincatur,
1276 1014 1360 1046 agere
1368 1014 1404 1037 ex
1412 1006 1696 1048 duplaestipalatione
1704 1019 1759 1041 non
1772 1017 1823 1050 ρο-

952 1042 1003 1083 test
1014 1052 1019 1074 t
1030 1045 1099 1085 quia
1115 1054 1165 1075 nec
1181 1044 1261 1085 ipsa,
1273 1055 1325 1077 nec
1346 1047 1534 1087 ulicssruftzcs
1549 1051 1708 1082 evincitur.
1724 1051 1820 1091 Juliu-
1844 1055 1848 1061 ’

951 1094 1009 1116 nus
1026 1085 1142 1116 actioni
1164 1096 1205 1117 ex
1226 1087 1321 1128 dupla
1342 1088 1383 1119 de
1409 1097 1470 1128 qua
1497 1089 1657 1130 loquitur,
1680 1091 1758 1123 facit
1775 1094 1823 1124 lo-

952 1135 1025 1158 cum
1042 1126 1145 1158 evicta
1163 1136 1267 1158 vaccae
1283 1129 1500 1169 proprietate,
1521 1133 1571 1163 vel
1588 1133 1693 1165 evicto
1709 1135 1774 1174 ejus
1792 1143 1825 1165 u·

950 1166 1109 1206 sufruCtu,
1124 1175 1285 1209 tamquam
1300 1178 1410 1211 parte,
1428 1179 1462 1202 ut
1478 1172 1549 1212 post
1569 1173 1744 1207 ostendam.
1763 1184 1824 1206 cae-

952 1216 1054 1241 terum
1073 1208 1177 1241 evicto
1195 1211 1298 1242 vitulo
1317 1211 1387 1252 post
1396 1214 1591 1253 emptionem
1611 1223 1686 1247 nato
1705 1225 1821 1257 negat,

952 1259 1133 1291 emptorem
1145 1251 1233 1292 poss'e
1243 1261 1337 1293 agere
1353 1262 1394 1284 ex
1410 1254 1676 1294 dup1a10ausatus
1687 1281 1696 1294 ‚
1715 1267 1821 1297 neque

952 1301 1083 1323 vaccam
1100 1291 1195 1333 ipsam
1205 1292 1267 1324 esse
1288 1294 1442 1334 evictam,
1461 1304 1566 1335 neque
1582 1298 1647 1337 ejus
1666 1298 1823 1330 usumfru-

951 1334 1035 1365 Ctum
1047 1357 1056 1371 ‚
1081 1333 1111 1365 id
1128 1333 1192 1373 est,
1215 1335 1282 1375 eJ'us
1298 1343 1431 1375 partem.
1449 1337 1578 1368 vendita
1596 1338 1688 1379 igitur
1707 1341 1820 1371 ancilla

948 1375 1030 1414 apud
1040 1375 1169 1407 Paulum
1180 1399 1189 1413 ,
1204 1383 1258 1406 aut
1274 1386 1372 1408 vacca
1387 1378 1634 1418 apudJulianum
1645 1403 1654 1418 ,
1666 1380 1696 1411 δι
1715 1382 1821 1422 duplae

948 1416 1150 1456 stipulatione
1173 1414 1362 1458 subsecuta,
1386 1419 1602 1458 appellatione
1625 1421 1745 1453 ancillae
1769 1431 1823 1453 aut

951 1466 1056 1488 vaccae
1073 1467 1140 1489 non
1159 1459 1342 1490 continetur
1367 1460 1485 1491 eviffio
1504 1470 1610 1501 partus
1630 1471 1684 1493 aut
1701 1462 1821 1502 foetus,

952 1498 1036 1538 quasi
1053 1499 1164 1538 partis:
1188 1507 1365 1540 utcumque
1389 1508 1536 1540 tempore
1554 1504 1750 1535 venditionis
1768 1505 1822 1536 ad-

953 1539 1076 1571 haeserit
1091 1539 1263 1572 visceribus
1273 1542 1402 1581 matris3
1418 1551 1455 1572 ac
1466 1542 1515 1573 vel
1529 1543 1570 1574 de
1590 1553 1631 1574 eo
1647 1545 1825 1577 invenden-

952 1582 995 1612 do
1020 1581 1055 1613 fit
1072 1582 1270 1622 cogitatum:
1296 1583 1374 1623 juris
1398 1583 1570 1616 subtilitate
1593 1584 1673 1617 fines
1700 1586 1822 1618 ancillae

951 1630 1005 1653 aut
1028 1632 1133 1653 vaccae
1146 1623 1310 1664 utriusque
1327 1624 1678 1666 membrisaestimante3
1693 1627 1822 1668 &quod

952 1672 1106 1704 praeterea
1125 1663 1269 1703 accedit,
1293 1665 1348 1697 nisi
1366 1666 1471 1697 verbis
1489 1666 1697 1707 stipulationis
1714 1669 1749 1700 sit
1765 1679 1823 1701 ex-

952 1704 1087 1746 pressum
1098 1728 1108 1744 ,
1124 1714 1185 1745 pro
1201 1705 1311 1738 omisso
1326 1707 1664 1749 interpretante‚quafi
1681 1709 1711 1741 in
1730 1718 1821 1750 parte

952 1756 1019 1778 non
1036 1745 1084 1778 fit.
1116 1748 1158 1779 At
1174 1747 1275 1780 laxior
1292 1748 1482 1789 molliorque
1497 1748 1532 1780 fit
1548 1750 1770 1791 interpretatio
1787 1753 1821 1785 in

955 1787 1080 1820 actione
1097 1798 1138 1820 ex
1155 1797 1267 1829 empto
1284 1798 1319 1821 ut
1343 1789 1389 1821 est
1407 1791 1500 1822 bonas
1525 1791 1620 1830 fidei;
1645 1793 1677 1823 in
1696 1802 1820 1833 eaque,

954 1836 990 1860 ut
1007 1828 1193 1869 justinianus
1212 1831 1331 1870 refert,
1353 1832 1434 1863 alter
1448 1833 1537 1864 alteri
1554 1833 1712 1874 obligatur
1734 1835 1764 1866 in
1789 1835 1823 1867 id

954 1871 1043 1911 quod
1069 1871 1201 1903 alterum
1227 1873 1317 1904 alteri
1342 1881 1383 1904 ex
1407 1874 1492 1905 bono
1516 1875 1546 1906 dt
1568 1884 1662 1915 aequo
1677 1875 1824 1915 praestare

951 1919 1084 1952 oportet
1095 1913 1122 1954 §.
1132 1913 1186 1944 ult.
1198 1912 1271 1953 Inst.
1281 1915 1313 1944 de
1321 1914 1403 1956 oblig.
1413 1924 1450 1946 ex
1458 1916 1600 1956 consensu.
1621 1916 1700 1950 Rem
1719 1924 1822 1949 teneS.

951 1962 1017 1985 non
1028 1960 1133 1986 tamen
1145 1953 1289 1986 omittam
1299 1955 1399 1995 Julian
1406 1966 1475 1988 um:
1487 1957 1574 1996 cujus
1585 1965 1724 1989 mentem
1736 1968 1823 1999 qum-

951 1996 1113 2034 rimus,ut
1132 1995 1328 2029 inveniamus
1349 1996 1469 2029 sensum
1486 1997 1582 2030 Pauli.
1607 1998 1631 2030 is
1647 1999 1676 2030 in
1692 2000 1710 2031 l.
1731 2004 1759 2033 8.
1776 1999 1820 2031 D.

950 2036 979 2068 h.
998 2041 1020 2067 t.
1039 2037 1079 2068 de
1095 2036 1218 2069 afflone
1237 2047 1277 2069 ex
1293 2046 1405 2079 empto
1424 2039 1466 2071 fic
1483 2039 1605 2071 scribit:
1618 2040 1759 2071 Verulz'tor
1774 2041 1822 2072 ho-

953 2078 1040 2108 minis
1057 2079 1174 2119 emptori
1183 2077 1321 2119 praesiare
1335 2081 1431 2117 debet,
1449 2083 1554 2122 quami
1564 2082 1625 2124 ejas
1641 2080 1756 2121 interest
1773 2082 1821 2113 ho-

952 2120 1057 2150 minem
1081 2120 1238 2151 venditoris
1253 2120 1354 2161 fuiffe.
1392 2121 1481 2162 Quid
1507 2121 1579 2154 inde
1599 2123 1612 2154 Ρ
1645 2122 1687 2153 fic
1708 2123 1822 2155 infert:

955 2158 1124 2203 Quarefive
1136 2167 1241 2201 partas
1256 2163 1385 2201 ancillae,
1400 2163 1466 2201 five
1481 2164 1639 2202 hereditas,
1664 2164 1822 2206 φανῇ-[ἐν-

953 2211 1010 2232 vus
1020 2201 1103 2242 juffu
1118 2204 1250 2240 emptoris
1264 2204 1387 2242 adierit,
1409 2204 1504 2236 evicta
1511 2205 1629 2245 faerit,
1651 2207 1700 2246 agi
1715 2215 1750 2237 ex
1764 2215 1820 2236 em-

948 2248 999 2283 pto
1012 2242 1114 2283 potest.
1141 2242 1230 2287 Quid
1243 2245 1334 2277 turn?
1358 2246 1503 2286 aitporro
1515 2257 1522 2276 ε
1534 2245 1575 2276 Et
1583 2245 1662 2284 ficut
1676 2247 1818 2287 obligatus

952 2281 992 2323 est
1007 2286 1159 2323 venditor,
1181 2291 1214 2315 ut
1232 2285 1344 2326 praestet
1369 2287 1450 2317 licere
1465 2287 1564 2318 babere
1578 2288 1716 2319 hominem
1733 2297 1816 2329 quem

951 2325 1103 2364 vendidit,
1125 2327 1168 2356 ita
1185 2336 1218 2357 ea
1232 2336 1342 2368 qaoque
1358 2337 1422 2367 quae
1433 2334 1486 2368 per
1503 2337 1567 2358 eum
1584 2330 1621 2359 acl
1643 2331 1702 2360 uiri
1714 2337 1814 2369 pulue-

952 2364 1183 2407 runt,praestare
1200 2369 1276 2398 debet
1291 2368 1424 2407 emptori,
1448 2375 1480 2399 ut
1494 2369 1603 2402 habeat,
1662 2380 1703 2401 oc
1724 2371 1818 2410 Julia-

953 2415 1021 2437 nus.
1046 2408 1127 2438 addo
1144 2419 1152 2439 :
1183 2409 1381 2448 Pomponius
1396 2409 1416 2440 l.
1444 2413 1490 2441 16.
1509 2410 1552 2441 D.
1574 2412 1632 2442 eod.
1649 2413 1694 2442 tit.
1714 2413 1819 2444 verbis

953 2446 1154 2488 sequentibus
1181 2458 1187 2479 :
1222 2449 1333 2481 Eviita
1363 2459 1394 2481 re
1418 2452 1558 2490 vendita,
1581 2462 1617 2484 ex
1644 2459 1733 2494 empto
1765 2456 1821 2484 erit

953 2491 1096 2529 agendam
1117 2491 1151 2520 de
1180 2499 1228 2529 eo,
1258 2492 1333 2532 quod
1362 2491 1499 2532 acceffit:
1527 2495 1761 2533 quemadmodum
1786 2504 1819 2526 ea

954 2538 1016 2569 quoe
1038 2536 1128 2570 empto
1144 2532 1242 2570 fundo
1264 2533 1438 2564 nominatim
1459 2534 1650 2575 accefferunt,
1666 2535 1696 2573 fi
1718 2535 1814 2566 cviaa

947 2569 1009 2607 fint
1025 2594 1035 2609 ‚
1050 2570 1186 2612 fimplum
1202 2571 1368 2613 praestatur.
1401 2574 1483 2606 Cum
1507 2578 1568 2615 ait,
1588 2575 1726 2618 simplum
1745 2584 1819 2617 prte-

979 2614 1041 2650 ari,
1056 2614 1245 2655 intelligitid
1257 2615 1500 2655 quodinterest‚
1528 2617 1559 2648 in
1576 2618 1700 2650 actione
1719 2617 1816 2655 empti

952 2653 1134 2686 naturaliter
1148 2655 1298 2688 veniens:
1315 2657 1345 2688 ἂ
1356 2656 1553 2698 hocfimplum
1564 2668 1660 2690 vocat
1674 2658 1818 2699 opposite

953 2695 992 2726 ad
1018 2695 1168 2735 duplum,
1190 2698 1228 2728 ad
1246 2699 1331 2738 quod
1348 2700 1450 2730 tendit
1473 2699 1555 2730 actio
1579 2710 1619 2731 ex
1646 2701 1756 2739 dupla,
1781 2707 1816 2729 nt

955 2735 1044 2774 supra
1062 2736 1138 2768 dixi.
1163 2737 1306 2777 Sequens
1326 2740 1416 2771 locus
1428 2738 1472 2771 est
1487 2741 1526 2772 de
1539 2741 1725 2782 corporibus
1744 2749 1816 2779 quae

954 2776 1067 2808 Paulus
1091 2778 1110 2807 l.
1135 2788 1183 2818 30.
1210 2779 1250 2810 D.
1269 2782 1301 2811 de
1325 2782 1421 2821 zaszcrp.
1450 2781 1487 2815 ὅ)
1514 2783 1592 2821 alac.
1620 2790 1713 2810 vocat
1739 2790 1815 2811 con-

954 2827 1045 2849 nexa.
1069 2828 1109 2849 ex
1133 2819 1197 2851 boc
1219 2830 1335 2861 genere
1359 2822 1403 2854 est
1425 2823 1538 2855 domus
1563 2823 1591 2852 <St
1610 2823 1711 2852 navis:
1736 2830 1818 2852 utra-

955 2868 1017 2898 que
1040 2860 1201 2901 colligitur
1222 2872 1262 2893 ex
1289 2864 1428 2903 pluribus
1455 2865 1585 2900 tabulis,
1617 2863 1786 2893 coemcntis
1803 2887 1815 2902 ,

954 2901 1066 2941 tignis,
1088 2900 1305 2943 ferramentis,
1327 2905 1403 2936 aliis.
1427 2906 1456 2936 «St
1471 2914 1540 2935 cum
1561 2904 1628 2933 sunt
1651 2912 1817 2944 connexa,

952 2942 1149 2981 appellantur
1159 2945 1266 2977 domus
1276 2953 1329 2978 aut
1342 2947 1501 2979 navis:n‹›n
1514 2944 1817 2985 tabu1ae‚coementa,

953 2992 1007 3014 aut
1021 2983 1232 3026 ferrament33
1249 2997 1309 3018 nec
1326 2987 1394 3018 sunt
1410 2987 1544 3029 quidem
1558 2993 1622 3015 tum
1639 2993 1744 3024 partes
1761 2988 1819 3019 do-

955 3033 1023 3055 mus
1041 3033 1094 3056 aut
1111 3028 1217 3066 navis,
1239 3029 1292 3060 sed
1309 3037 1413 3069 partes
1437 3033 1573 3069 materrae
1598 3035 1638 3071 ex
1663 3035 1723 3066 qua
1739 3037 1819 3060 con-

956 3065 1067 3098 structa
1091 3068 1204 3100 domus
1229 3077 1283 3100 aut
1308 3069 1394 3099 navis
1420 3066 1479 3096 est:
1504 3066 1533 3096 ld
1551 3067 1630 3097 vidit
1647 3066 1817 3106 Javolenus

956 3107 973 3139 l,
990 3117 1037 3147 23,
1055 3107 1097 3139 D,
1117 3111 1150 3140 de
1167 3111 1264 3151 usurp,
1292 3110 1328 3143 ὅ)
1343 3112 1421 3145 usuc.
1447 3107 1572 3145 dicens,
1597 3108 1682 3140 illum
1703 3112 1754 3150 qui
1771 3111 1817 3142 est

955 3150 1037 3181 aedes
1060 3159 1216 3183 mercatus
1232 3175 1241 3188 ‚
1272 3159 1335 3180 non
1368 3156 1474 3178 emere
1500 3157 1552 3179 aut
1579 3150 1738 3188 possidere
1761 3153 1816 3183 has

955 3191 1120 3262 ‘Hm-'2³53
1144 3193 1195 3224 sed
1218 3190 1294 3232 ipsas
1317 3189 1420 3228 cedes,
1444 3189 1476 3221 id
1503 3189 1547 3221 est
1562 3193 1727 3231 quamdam
1748 3195 1816 3254 nvn-i-

1080 3242 1096 3262 z
1117 3242 1137 3272 3
1694 3243 1819 3265 vernia·
