2052 3487
206 127 277 165 144

205 209 301 250 eulpa
333 207 472 240 dicetur:
496 202 568 243 quia
593 206 656 231 non
685 197 786 230 modo
806 197 934 238 potuit,
959 196 1013 229 sed
1041 196 1072 228 δε

208 251 322 282 debuit
336 248 497 287 cogitare,
519 244 625 283 ignem
641 240 735 272 latius
752 241 932 271 exiturum:
956 238 1072 270 &ideo

207 291 318 331 injuria
336 287 444 320 feciffe
461 283 659 323 intelligitur.
1055 320 1062 326 ι

246 331 363 363 Similis
386 325 471 358 casus
488 325 506 355 l.
527 333 573 364 ‘²7-
598 323 626 364 §.
652 331 700 359 29.
726 320 767 366 D.
791 320 842 352 Ad
865 321 953 362 legem
977 320 1072 361 Aqui·

209 372 288 404 liam.
334 367 453 401 Artifici
472 365 654 397 faciendum
672 361 782 394 dedisti
805 363 939 393 calicem
959 361 1073 392 diatre-

207 420 276 444 tum
292 435 302 451 ,
324 411 357 442 id
381 408 446 447 est,
469 407 601 438 calicem
627 414 668 435 ex
687 404 772 434 vitro
789 412 844 434 aut
861 403 950 434 simili
965 401 1073 433 foran-

207 455 304 491 dum,
335 448 562 489 sculpendum,
593 445 789 481 caelandum,
826 454 884 485 pro
918 442 1073 475 Veterum

207 503 317 531 more,
340 493 380 523 de
396 499 461 530 quo
479 488 575 520 multa
592 486 744 527 praeclare
762 485 793 516 dc
811 485 953 523 erudite,
977 493 1011 515 ut
1025 483 1073 515 so-

208 537 274 573 let,
296 533 445 566 Claudius
462 528 643 567 Salmasius,
669 527 707 559 V.
737 526 796 559 CL.
836 525 932 558 Notis
950 526 989 557 ad
1008 525 1073 557 Vo-

205 575 329 618 piscum
345 575 376 605 in
393 573 555 604 Saturnino
570 580 594 601 c.
604 574 633 605 8.
645 576 676 610 p.
695 577 763 610 729.
781 568 810 599 &
826 568 945 600 Plinius
964 567 1011 598 lib.
1021 570 1072 608 36.

206 615 354 651 Natural.
378 612 475 654 histor.
493 623 517 644 c.
535 616 583 644 26.
601 612 643 642 ita
660 613 700 641 de
719 612 801 641 vitro
818 608 988 646 disserens,
1005 608 1071 639 Aii-

209 659 249 690 πά
264 656 346 698 flatu
362 655 536 698 figuratur,
561 653 643 685 aliud
669 655 748 682 torno
772 652 900 687 teritur,
921 650 1001 681 aliud
1024 659 1071 680 ar-

207 700 291 742 genti
311 699 390 729 modo
412 694 539 728 caelatur.
591 692 715 725 Dedisti
743 692 839 733 igitur
863 691 975 723 artifici
994 690 1070 722 faci-

207 741 327 773 endum
351 738 484 770 calicem
511 737 690 767 diatretuin.
714 742 788 764 eum
814 733 948 765 calicem
974 731 1072 773 fregit

207 781 345 820 artifex,
368 788 440 811 cum
465 778 562 808 vellet
582 784 718 813 cavare,
739 774 769 806 &
789 773 948 814 sculpere:
972 783 1009 805 an
1030 776 1071 805 le-

207 833 250 865 ge
260 821 383 863 Aquilia
399 818 551 851 tenetur?
574 816 763 857 fiimperitia
779 815 896 857 fregit,
920 823 1071 847 tenetur:

207 865 284 905 quia
309 861 466 902 imperitia
495 859 580 899 ejus,
613 858 667 898 qui
692 865 793 888 artem
820 856 1010 896 profitetur,
1042 856 1072 887 ὅτ.

206 905 297 937 alteri
314 910 430 941 nocet,
455 901 580 940 eulpam
604 898 719 930 habet:
742 904 776 929 ut
796 897 920 930 ostendi
938 896 1030 938 supra
1045 907 1071 930 c.

206 952 238 982 8.
262 954 412 977 caeterum
437 942 459 974 fi
481 943 556 973 artis
582 940 704 981 regulas
728 938 897 979 sequutus,
922 939 1073 980 pleraque

206 986 407 1023 observavit,
431 993 502 1025 quae
528 990 619 1014 erant
633 981 801 1019 facienda,
825 982 854 1012 &
880 982 1008 1012 materia
1029 981 1073 1011 vi-

207 1030 287 1061 tium
314 1027 443 1064 habuit,
466 1022 633 1056 excusatur
657 1021 795 1058 artifex;
818 1031 891 1054 cum
920 1022 997 1053 nihil
1016 1020 1073 1059 fit,

208 1070 300 1111 quod
317 1070 346 1100 ei
363 1069 549 1108 imputetur.
591 1065 689 1097 Plane
710 1063 750 1102 si,
774 1073 847 1095 cum
867 1064 896 1095 ei
919 1065 990 1094 data
1013 1062 1075 1093 fuit

208 1110 360 1149 materia,
390 1108 500 1150 pastus
523 1106 578 1145 fit,
611 1115 651 1137 ne
676 1104 798 1137 faceret
830 1105 974 1146 periculo
999 1102 1074 1142 suo,

208 1153 323 1193 quod,
346 1151 377 1183 ἀ
407 1149 511 1181 solent
539 1146 697 1185 artifices,
733 1155 806 1178 cuin
830 1147 908 1178 tales
935 1145 1074 1177 materia:

208 1196 343 1229 dantum
366 1191 492 1234 pastum
509 1188 694 1221 servandum
711 1187 756 1219 est
773 1188 802 1219 d.
823 1187 842 1219 l.
859 1197 907 1229 27.
924 1187 954 1230 ᾗ.
975 1197 1025 1224 29.
1046 1186 1076 1217 &

210 1236 231 1267 l.
249 1244 297 1276 13.
314 1234 344 1277 §.
359 1244 389 1275 5.
405 1232 448 1264 D.
467 1232 568 1263 Locau·
582 1229 724 1261 conduffl.

252 1278 342 1309 Alius
364 1273 451 1306 casus
469 1273 489 1303 l.
514 1275 563 1306 28.
587 1278 623 1310 pr
650 1270 687 1306 &⁹
712 1270 741 1312 §.
768 1280 793 1302 1.
819 1271 896 1302 item
912 1270 929 1302 l.
957 1279 1004 1306 29·
1031 1268 1072 1300 D.

210 1317 263 1349 Aa
277 1318 364 1358 legem
381 1314 545 1356 Aquiliam.
570 1311 678 1344 Titius
695 1311 808 1343 foveas
825 1311 907 1343 fecit
932 1310 1075 1343 ursorum

210 1365 447 1397 cervorumque
463 1354 691 1394 capiendorum
715 1352 816 1385 causa.
859 1352 949 1384 Ritus
976 1352 1074 1384 hodie

210 1407 307 1431 notus
323 1397 388 1436 est,
411 1398 439 1428 δι
455 1406 469 1427 a
488 1395 564 1427 Silio
584 1395 694 1426 ltalico
717 1394 794 1426 olim
811 1393 986 1434 descriptus
1006 1402 1074 1425 ver-

209 1441 258 1473 bis
279 1439 483 1480 sequentibus
497 1438 544 1468 lib.
563 1440 592 1467 6.
619 1434 667 1466 De
682 1436 748 1466 bello
766 1435 885 1467 Punico.

249 1481 435 1522 Haudsecus
449 1488 483 1511 ac
491 1475 616 1519 stabulis
627 1483 789 1518 procurans
804 1477 863 1509 otia
876 1473 973 1519 pastor

912 1590 1128 1634 CAPuT

809 108 1116 145 GenAnnr

1164 104 1394 143 Noun-r

1156 194 1195 227 In
1205 194 1327 234 foveam
1345 202 1432 237 parco
1450 194 1554 227 testam
1570 195 1713 228 velamine
1720 196 1840 237 frondis

1155 235 1251 267 Ducit
1270 236 1350 268 ηοᾶε
1370 239 1449 279 lupos
1460 236 1556 278 pofitae
1574 238 1714 269 balatibus
1734 247 1825 278 agnae.

1116 276 1232 309 Refert
1255 278 1285 310 ἂ
1306 279 1423 311 Plinius
1446 279 1494 309 lib.
1517 285 1546 313 8.
1570 279 1683 310 Natur.
1708 279 1773 319 hist.
1798 289 1822 310 c.
1841 283 1869 314 8.
1893 279 1974 314 Afri-

1117 328 1187 350 cam
1210 318 1318 351 foveis
1336 319 1453 361 cepiss‘e
1472 319 1672 360 elephantos.
1716 320 1740 351 F
1743 319 1825 352 estus
1847 329 1977 361 quoque

1116 361 1148 391 i'n
1172 360 1291 400 verbo,
1314 360 1414 400 Hiviz',
1445 362 1560 402 inquit.
1604 360 1703 399 Fovii,
1728 363 1780 403 qui
1802 371 1882 393 nunc
1899 361 1979 395 Fabii

1115 402 1274 442 dicuntur,
1297 402 1367 433 dieii
1382 426 1393 442 ,
1414 404 1488 445 quod
1499 405 1631 444 princeps
1643 404 1739 443 gentis
1753 403 1814 444 ejus
1831 412 1866 434 ex
1880 412 1913 434 ea
1926 413 1979 435 na·
2010 403 2014 409 '

1117 448 1166 473 tus
1180 441 1243 482 fit,
1267 453 1333 475 cum
1355 454 1414 486 qua
1432 443 1572 475 Hercules
1593 446 1624 475 in
1632 448 1725 484 fovea
1740 445 1904 476 concubuit.
1936 445 1979 476 A·

1116 483 1151 514 liz·
1162 490 1290 524 putant,
1316 494 1380 516 eum
1397 486 1527 526 primum
1549 483 1710 526 ostendi-Ue,
1742 487 1978 527 quemadmodum

1116 525 1177 570 uifi
1194 524 1230 559 ὅ)
1254 526 1316 566 tupi
1336 526 1434 566 foveis
1457 532 1637 568 caperentur.
1681 525 1780 568 Igitur
1803 524 1912 558 Titius
1931 525 1978 557 fe-

1117 574 1162 597 cit
1178 566 1310 599 foveam
1332 567 1472 599 ursorum
1496 576 1731 609 cervorumque
1749 568 1980 609 capiendorum

1116 606 1221 639 causa:
1247 609 1278 639 in
1295 617 1364 640 eam
1382 608 1514 641 foveam
1538 609 1658 650 aliquid
1676 610 1795 641 decidit
1812 633 1822 648 ,
1846 609 1876 641 δι
1894 610 1982 640 dete-

1116 650 1178 680 rius
1203 648 1321 681 fastum
1344 649 1398 682 est.
1423 650 1590 691 qumi-itur,
1615 660 1652 681 au
1669 650 1777 682 Titius
1797 651 1867 690 lege
1884 651 1978 690 Aqui-

1115 690 1155 722 lia
1169 691 1340 723 teneatur?
1363 690 1524 733 distinguit
1545 692 1678 730 Paulus,
1701 700 1806 723 utrum
1830 692 1927 723 fovea
1943 691 1980 723 fit

1114 732 1146 763 in
1163 732 1277 763 itinere
1298 732 1402 771 faeta,
1433 742 1471 764 an
1490 735 1521 764 in
1538 734 1599 765 alio
1624 734 1698 764 loco
1715 757 1724 772 ‚
1748 734 1799 764 ubi
1821 733 1901 765 solet
1923 732 1980 764 fie-

1115 773 1150 805 ri.
1176 773 1240 805 hoc
1257 773 1328 805 casu
1345 782 1459 815 negat,
1489 776 1593 805 teneri
1614 773 1757 813 Titiiinig
1790 774 1846 806 illo
1867 782 1981 806 contra

1116 822 1230 855 putat:
1262 816 1335 856 quia
1360 816 1392 846 in
1418 816 1519 847 altero
1550 816 1613 859 eJus
1643 816 1736 856 culpa
1764 816 1916 851 videtur,
1949 816 1981 848 in

1116 857 1218 887 altero
1241 865 1306 888 non
1325 856 1462 889 videtur.
1506 856 1613 899 Quid,
1637 856 1658 888 fi
1675 857 1773 888 fovea
1796 856 1879 888 facta
1895 856 1931 888 fit
1948 857 1981 889 in

1117 897 1232 929 itinere
1258 898 1390 938 publico
1410 921 1420 937 ,
1451 898 1481 929 &
1502 900 1530 930 ei
1557 908 1608 939 qui
1633 899 1663 929 in
1690 898 1820 929 foveam
1847 898 1981 939 ineidit,

1117 946 1191 970 ante
1215 939 1437 971 denuntiatum
1463 939 1550 979 fuit,
1579 946 1632 971 aut
1655 949 1724 970 eam
1750 941 1835 970 ultro
1864 938 1980 978 scivit,

1117 988 1169 1011 aut
1190 980 1363 1021 providere
1387 981 1518 1020 potuit?
1548 981 1653 1012 adhuc
1673 991 1777 1012 verius
1804 989 1894 1022 putat
1910 1003 1919 1019 ,
1951 982 1981 1012 ei

1117 1022 1335 1063 denegandam
1354 1022 1421 1053 >effe
1445 1021 1623 1053 astionem:
1654 1023 1725 1062 quia
1752 1023 1804 1053 ubi
1829 1023 1936 1063 potuit
1953 1032 1985 1054 e-

1119 1064 1221 1094 vitare
1244 1063 1422 1103 periculum
1441 1086 1450 1102 ,
1484 1063 1581 1095 debet
1605 1063 1729 1103 culpam
1752 1072 1822 1103 quae
1840 1063 1892 1094 hic
1914 1062 1983 1094 sub-
2020 1096 2021 1099 ,

1118 1103 1163 1135 est
1179 1127 1189 1143 ,
1223 1103 1277 1136 sibi
1295 1105 1475 1143 imputare,
1508 1113 1573 1135 non
1593 1104 1636 1135 illi
1654 1105 1705 1144 qui
1733 1102 1863 1135 foveam
1890 1104 1981 1136 fecit.

1120 1145 1209 1178 Idem
1230 1146 1401 1177 dicendum
1419 1169 1428 1184 ,
1459 1146 1479 1177 fi
1505 1146 1637 1186 laqueos
1662 1144 1811 1186 posuisses
1831 1154 1871 1177 eo
1895 1146 1981 1184 loci,

1119 1196 1184 1227 quo
1206 1187 1254 1226 jus
1273 1187 1415 1227 ponendi
1440 1196 1506 1218 non
1526 1187 1659 1218 haberes
1677 1209 1687 1224 ‚
1718 1187 1748 1217 ὅ(
1769 1186 1866 1217 vicini
1883 1196 1981 1226 pecus

1119 1229 1150 1259 in
1181 1237 1237 1259 eos
1266 1227 1424 1259 incidisset
1452 1230 1479 1260 d.
1514 1228 1532 1259 l.
1554 1237 1601 1263 29-
1646 1228 1694 1259 Ad
1724 1228 1783 1259 lios
1811 1235 1918 1259 autem
1941 1229 1983 1260 la-

1118 1278 1222 1310 queos
1235 1268 1362 1310 respicit
1384 1270 1461 1301 illud
1478 1269 1600 1310 Virgilii
1624 1268 1671 1300 lib.
1697 1277 1723 1299 1.
1747 1269 1880 1311 Gerogi‘c.
1905 1271 1981 1310 veis.

1121 1319 1134 1343 1
1160 1320 1189 1346 ι).
1833 1332 1837 1334 «

1139 1320 1233 1383 3Tum
1250 1351 1361 1394 laqueis
1383 1356 1498 1393 captare
1510 1352 1596 1392 feras
1611 1374 1621 1391 ‚
1645 1350 1682 1385 δ’
1689 1350 1797 1392 fallere
1811 1352 1888 1392 vffco

1158 1393 1328 1425 Inventum.
1351 1412 1362 1417 -
1386 1411 1397 1417 -
1420 1411 1432 1418 -
1832 1420 1835 1424 .

1118 1434 1213 1483 etiarn
1230 1434 1383 1468 Proculus
1402 1434 1421 1468 l.
1436 1444 1487 1476 55.
1513 1433 1555 1466 D.
1576 1435 1612 1466 -de
1627 1434 1803 1474 adquirendo
1818 1443 1914 1466 rerum
1935 1435 1979 1465 <le-

1118 1485 1216 1509 mimo.

1191 1596 1278 1634 XX.

350 1700 506 1754 Aduersus
522 1709 607 1752 'quem
624 1697 665 1744 ὅ)
681 1704 731 1740 cui
746 1702 833 1740 detur
850 1705 930 1740 αὲἶὶο
948 1715 986 1739 ex
1009 1705 1108 1751 capite
1128 1705 1216 1740 tertio
1236 1704 1312 1750 legis
1329 1702 1472 1750 Aquiliae.
1525 1702 1572 1739 Et
1590 1700 1677 1749 quid,
1704 1700 1738 1748 fi
1756 1702 1840 1737 homo

908 1753 986 1788 liber
1010 1755 1188 1789 vulneratus
1205 1751 1281 1799 stt?

207 1852 406 1929 Postquam
422 1852 508 1891 dixi,
525 1849 654 1894 quando
671 1848 754 1881 attio
772 1849 874 1881 danda
891 1848 928 1882 fit
947 1858 989 1882 ex
1008 1849 1073 1881 hoc

279 1895 403 1936 capite,
427 1901 540 1926 monet
564 1900 691 1931 tempus
710 1914 719 1930 ‚
751 1898 786 1922 ut
812 1890 997 1930 ostendam,
1020 1891 1073 1923 ad·

208 1935 317 1968 versus
338 1944 433 1977 quem
459 1935 561 1967 danda
585 1933 742 1964 videatur.
765 1933 837 1973 quia
861 1942 938 1964 vero
962 1933 1012 1964 lex
1029 1933 1074 1973 ju-

208 1977 268 2009 bet
279 2000 289 2015 ,
311 1977 446 2008 damnari
462 1987 543 2015 eum,
567 1976 618 2017 qui
631 1974 716 2006 alieri
729 1974 866 2005 damnum
875 1974 979 2012 faxit,
998 1975 1074 2016 quod

208 2017 330 2059 usserit,
350 2019 490 2058 fregerit,
516 2018 623 2058 ruperit
638 2016 772 2057 injuria,
795 2015 944 2055 idemque
968 2024 1008 2046 ex
1027 2014 1072 2046 su-

208 2068 267 2101 pra
285 2059 376 2091 dictis
394 2059 602 2100 intelligitur3
625 2065 689 2089 non
709 2064 808 2097 puto,
832 2065 914 2096 opus
933 2055 1014 2095 effe,
1038 2063 1074 2087 ut

209 2101 250 2133 ad
276 2100 358 2132 hanc
379 2108 502 2142 partem
527 2100 614 2140 plura
639 2097 805 2129 adferam:
835 2097 972 2129 maxime
1002 2097 1074 2137 quia

209 2151 280 2174 eam
296 2142 358 2183 jam
373 2143 412 2174 ad
428 2149 524 2182 caput
540 2142 677 2182 primum
694 2139 784 2179 hujus
803 2139 880 2180 legis
899 2139 992 2173 Latius
1007 2138 1073 2170 sum

210 2183 404 2224 exsequutus
423 2182 511 2222 supra
527 2183 633 2223 capite
654 2181 794 2212 decimo.

250 2223 403 2256 Similiter
420 2224 495 2255 nihil
515 2223 637 2261 refert,
661 2222 713 2253 hic
730 2221 836 2252 multis
852 2220 998 2260 ostendi,
1021 2220 1074 2253 cui

211 2275 253 2297 ex
271 2265 336 2297 hoe
351 2266 457 2305 capite
473 2264 554 2296 at'tio
569 2263 670 2295 danda
687 2262 741 2294 Iit:
760 2263 833 2301 quia
850 2270 1003 2303 apparet,
1020 2265 1073 2293 do-

209 2307 300 2339 mino
319 2307 402 2338 dari:
424 2306 466 2338 fic
484 2306 569 2337 enim
587 2306 631 2336 ait
648 2304 721 2343 lex,
753 2303 880 2334 Tantum
904 2313 941 2334 ιω·
962 2304 1073 2334 domino

209 2349 280 2379 dare
302 2349 423 2379 damnas
449 2344 513 2388 esto.
545 2346 694 2379 dominus
721 2353 827 2376 autern
860 2346 930 2385 quis
956 2345 1074 2385 potiffi-

209 2398 298 2421 mum
323 2389 516 2430 intelligatur
534 2412 543 2426 ,
576 2388 608 2419 in
624 2386 818 2418 antecess‘um
842 2387 952 2418 monui
968 2386 1001 2417 in
1019 2395 1074 2418 ex-

209 2429 369 2471 positione
386 2431 477 2471 primi
499 2429 623 2470 capitis.

251 2471 333 2504 Illud
356 2480 461 2503 tamen
485 2471 666 2503 addendum
687 2470 752 2508 est,
785 2468 873 2509 quod
891 2492 901 2507 ,
930 2478 1003 2500 cum
1020 2469 1074 2501 lex

209 2512 299 2550 vult,
321 2512 343 2544 fi
362 2512 468 2544 servus
486 2520 596 2552 ruptus
612 2512 666 2549 fit,
697 2511 830 2543 domino
849 2510 1007 2542 actionem
1023 2511 1074 2542 da·

210 2555 258 2592 ri,
282 2553 445 2594 quaefitum
473 2553 534 2585 fuit
553 2577 563 2592 ‚
593 2553 614 2585 fi
639 2553 739 2584 homo
758 2552 860 2590 liber,
891 2550 1074 2592 paterfami-

210 2595 288 2633 lias,
312 2595 401 2626 verbi
418 2595 534 2635 gratia,
558 2595 742 2626 vulneratus
759 2593 812 2632 fit,
837 2603 875 2624 an
901 2594 969 2624 haec
991 2593 1074 2624 affio

210 2637 242 2668 ei
265 2644 431 2676 competat
455 2635 507 2667 suo
535 2636 696 2674 iiomine3'
717 2636 747 2667 δι
765 2641 895 2675 apparet
914 2657 924 2673 ,
954 2637 984 2665 ei
1007 2643 1073 2666 non

209 2685 401 2717 competere
418 2676 594 2716 affitioriem3
619 2678 728 2717 utique
744 2676 915 2713 dii-eciam,
933 2676 1003 2716 quia
1019 2685 1073 2706 ne-

211 2727 275 2759 que
291 2718 505 2749 membrorum
522 2718 646 2750 suorum
659 2719 826 2757 quisquam
844 2718 991 2749 dominus
1009 2715 1072 2756 est,

211 2768 319 2800 neque
337 2759 398 2790 ulla
419 2758 508 2790 liberi
530 2760 675 2799 corporis
699 2758 865 2790 aestimatio
881 2758 936 2790 est.
980 2758 1011 2790 Si
1032 2766 1074 2789 ta·

212 2808 287 2833 men
304 2800 392 2842 quod
408 2799 555 2832 damnum
574 2799 674 2840 paffus
692 2799 727 2831 fit
746 2799 988 2840 paterfamilias,
1000 2809 1073 2840 pro·

891 2924 1104 2961 CAPUT

1115 1857 1189 1891 pter
1223 1856 1394 1890 acceptum
1419 1849 1560 1889 vulnus;
1593 1848 1671 1880 nihil
1703 1847 1884 1890 prohibet,
1915 1856 1981 1888 quo

1115 1892 1220 1923 minus
1240 1892 1268 1922 ei
1295 1891 1378 1923 utilis
1396 1891 1480 1922 attio
1496 1900 1537 1922 eo
1560 1892 1691 1922 nomine
1718 1890 1821 1922 danda
1839 1889 1982 1922 videatur

1114 1932 1135 1965 l.
1156 1942 1202 1974 13.
1231 1932 1273 1964 D.
1292 1932 1341 1964 Aci
1357 1933 1443 1974 legem
1466 1933 1497 1964 A
1517 1932 1625 1963 ailiam.

1155 1973 1243 2005 Idem
1260 1974 1309 2013 jus
1335 1973 1380 2005 est
1402 1997 1410 2010 ,
1441 1972 1462 2005 fi
1511 1973 1705 2005 liusfamilias
1727 1972 1907 2004 vulneratus
1923 1972 1979 2004 fit:

1116 2015 1223 2055 placet
1241 2015 1344 2052 enim,
1368 2014 1528 2046 aciionem
1546 2015 1610 2045 dari
1634 2015 1735 2054 pati-i3
1756 2023 1858 2052 eaque
1871 2015 1980 2045 conle-

1116 2057 1170 2096 qui
1188 2066 1281 2093 eum,
1305 2057 1392 2094 quod
1410 2056 1513 2086 minus
1533 2065 1574 2087 ex
1597 2055 1704 2096 operis
1721 2053 1776 2086 filii
1796 2055 1838 2085 sui
1856 2055 1981 2086 habitu-

1116 2106 1167 2129 rus
1184 2096 1241 2137 fit,
1265 2098 1297 2129 ἀ
1313 2097 1473 2138 impendia
1492 2105 1561 2137 quae
1579 2105 1638 2136 pro
1663 2096 1727 2135 ejus
1747 2097 1912 2127 curatione
1931 2094 1978 2126 fc-

1116 2139 1198 2170 cerit
1218 2139 1237 2169 i.
1259 2149 1288 2178 5.
1312 2137 1338 2180 §
1357 2137 1410 2168 ult.
1435 2138 1452 2168 l.
1468 2141 1498 2169 6.
1524 2138 1560 2172 ἐξ
1579 2148 1607 2178 7.
1626 2136 1666 2168 D.
1691 2137 1749 2167 eod.
1776 2138 1822 2168 tit.
1872 2136 1979 2176 Atque

1116 2180 1148 2211 id
1164 2180 1193 2211 in
1215 2188 1306 2220 patre
1326 2187 1448 2210 certum
1472 2178 1535 2211 est:
1559 2178 1610 2210 sed
1637 2179 1676 2210 de
1700 2177 1906 2209 filiofamilias
1931 2178 1977 2208 vi-

1116 2222 1264 2259 deamus,
1287 2229 1325 2251 an
1343 2220 1372 2251 δι
1389 2221 1417 2251 ei
1435 2220 1519 2251 acrio
1535 2221 1635 2251 danda
1655 2219 1698 2251 fit.
1724 2220 1753 2250 δι
1771 2227 1835 2252 non
1853 2219 1978 2259 placet,

1116 2262 1144 2293 ei
1165 2262 1300 2293 dandam
1318 2260 1398 2294 effe:
1422 2262 1494 2302 quia
1514 2263 1597 2292 enim
1614 2259 1847 2298 filiusfamilias,
1877 2260 1978 2298 quod-

1116 2312 1255 2342 cumque
1280 2303 1418 2343 adquirit
1432 2326 1442 2340 ‚
1473 2311 1537 2334 non
1555 2302 1608 2334 sibi
1624 2325 1634 2341 ‚
1668 2302 1718 2333 led
1741 2302 1819 2341 patri
1839 2301 1925 2342 cujus
1944 2303 1978 2332 in

1116 2344 1276 2385 potestate
1292 2344 1355 2383 est,
1386 2344 1542 2384 adquirit3
1574 2342 1772 2383 consequens
1795 2341 1859 2382 est,
1883 2351 1934 2380 ut,
1957 2341 1980 2374 si

1116 2396 1186 2426 quae
1206 2389 1246 2417 de
1265 2386 1312 2418 his
1332 2385 1414 2417 astio
1439 2390 1625 2426 competat,
1661 2394 1697 2415 ea
1718 2384 1836 2424 patris,
1859 2394 1924 2415 non
1942 2383 1978 2415 fi-

1116 2428 1169 2466 lii,
1194 2427 1277 2459 actio
1298 2427 1513 2468 intelligatur:
1539 2436 1599 2458 nec
1615 2435 1650 2457 ca
1673 2423 1775 2461 filius,
1798 2425 1849 2457 sed
1869 2433 1978 2464 pater,

1117 2468 1255 2510 experiri
1283 2468 1388 2509 poffit.
1431 2469 1463 2499 Si
1490 2476 1595 2499 tamen
1621 2476 1711 2507 pater
1734 2466 1811 2497 absit
1830 2490 1839 2503 ‚
1874 2476 1980 2503 neque

1117 2511 1215 2551 patris
1233 2518 1422 2550 procurator
1440 2509 1519 2541 ullus
1538 2508 1594 2548 sit,-
1626 2517 1679 2539 aut
1701 2507 1737 2538 fit
1752 2508 1900 2548 quidem,
1926 2508 1980 2538 sed

1117 2552 1254 2591 experiri
1290 2552 1396 2590 nolit3
1429 2552 1571 2582 obtinuit
1598 2557 1638 2580 ex
1662 2548 1773 2589 Juliani
1802 2548 1976 2586 sententia,

1117 2593 1211 2624 etiarn
1229 2592 1433 2624 filiofamilias
1452 2591 1506 2623 suo
1533 2591 1663 2622 nomine
1683 2589 1842 2621 afflonem
1866 2590 1978 2621 utilem

1117 2642 1322 2675 competere:
1345 2632 1483 2670 scilicet,
1514 2641 1554 2663 ne
1580 2633 1670 2664 aliter
1695 2630 1922 2668 statuentibus,
1946 2631 1977 2662 δε

1116 2676 1271 2717 impunita
1287 2674 1441 2707 maleficia
1464 2673 1522 2705 fiiit
1538 2696 1546 2710 .
1584 2674 1613 2704 δε
1635 2671 1743 2703 absens
1762 2671 1843 2704 filius
1867 2673 1978 2703 adver-

1117 2715 1164 2749 sus
1188 2718 1285 2757 patris
1312 2717 1511 2748 voluntatem
1538 2714 1633 2746 facile
1665 2713 1781 2745 damno
1810 2712 1976 2744 adficiatur

1116 2758 1134 2789 l.
1155 2762 1200 2792 18.
1225 2757 1254 2799 §.
1277 2766 1302 2789 1.
1325 2757 1368 2789 D.
1387 2757 1420 2787 de
1432 2756 1572 2797 judiciis,
1605 2754 1640 2790 &²
1666 2755 1684 2786 l.
1705 2758 1733 2788 8.
1759 2754 1801 2786 D.
1823 2756 1856 2785 cie
1868 2761 1975 2795 procu·

1117 2800 1270 2831 ratorz'bus.

1180 2925 1303 2962 XXI.

494 3026 544 3064 De
569 3026 767 3076 aestiiiiati'one
792 3027 897 3061 daiiinz‘
920 3030 1037 3074 injuria
1060 3030 1126 3065 dati
1150 3041 1188 3064 ex
1212 3029 1311 3076 capite
1336 3031 1424 3064 tertio
1449 3030 1525 3077 Iegis
1552 3028 1693 3076 Aquiliae.

212 3132 356 3207 Restat
373 3156 383 3172 ‚
413 3139 449 3164 ut
471 3133 634 3165 videamus
651 3155 661 3172 ,
693 3132 963 3173 quemadmodum
989 3134 1075 3166 darii-

299 3183 372 3204 nuin
396 3175 504 3214 injuria
531 3176 639 3206 datum
663 3183 702 3205 ex
725 3174 823 3205 tertio
843 3174 920 3213 legis
942 3174 1074 3214 Aquiliae

211 3214 317 3256 eapite
340 3214 553 3249 aestimandum
571 3215 618 3249 sit.
660 3216 714 3248 Ait
733 3216 807 3254 lex,
839 3214 958 3258 Quanti
984 3224 1016 3247 eci
1033 3226 1076 3247 res

1118 3137 1172 3167 erit
1190 3137 1221 3167 in
1237 3137 1335 3168 diebus
1351 3137 1635 3177 trigiiztaproxz'mz's.
1672 3133 1721 3166 Ex
1741 3133 1787 3165 his
1804 3134 1908 3167 verbis
1923 3140 1987 3175 apt-7

1117 3185 1207 3216 paret
1228 3177 1408 3209 differentia
1430 3178 1521 3217 primi
1547 3179 1576 3208 ὄι
1601 3177 1684 3207 tertii
1712 3176 1850 3216 capiti33
1883 3175 1973 3216 siqui-

1118 3218 1192 3252 dem
1208 3228 1248 3251 ex
1272 3220 1376 3259 primo
1394 3219 1470 3250 tanti
1495 3219 1728 3249 condemnatur
1752 3226 1840 3256 reiis,
1865 3217 1974 3258 quanti

1928 3266 1975 3288 res
