<?xml version="1.0" encoding="UTF-8"?>
<!DOCTYPE html PUBLIC "-//W3C//DTD XHTML 1.0 Transitional//EN"
    "http://www.w3.org/TR/xhtml1/DTD/xhtml1-transitional.dtd">
<html xmlns="http://www.w3.org/1999/xhtml" xml:lang="en" lang="en">
 <head>
  <title>
</title>
<meta http-equiv="Content-Type" content="text/html;charset=utf-8" />
  <meta name='ocr-system' content='tesseract 3.04.00' />
  <meta name='ocr-capabilities' content='ocr_page ocr_carea ocr_par ocr_line ocrx_word'/>
</head>
<body>
  <div class='ocr_page' id='page_1' title='image "./gerardinoodtnovi00nood_0892.png"; bbox 0 0 2036 3495; ppageno 0'>
   <div class='ocr_carea' id='block_1_1' title="bbox 157 123 226 161">
    <p class='ocr_par' dir='ltr' id='par_1_1' title="bbox 157 123 226 161">
     <span class='ocr_line' id='line_1_1' title="bbox 157 123 226 161; baseline 0 -11"><span class='ocrx_word' id='word_1_1' title='bbox 157 123 226 161; x_wconf 80' lang='lat'>310</span> 
     </span>
    </p>
   </div>
   <div class='ocr_carea' id='block_1_2' title="bbox 125 195 1040 2601">
    <p class='ocr_par' dir='ltr' id='par_1_2' title="bbox 125 195 1031 733">
     <span class='ocr_line' id='line_1_2' title="bbox 125 195 1030 245; baseline -0.01 -9"><span class='ocrx_word' id='word_1_2' title='bbox 125 200 129 201; x_wconf 43' lang='lat'><em>⁷</em></span> <span class='ocrx_word' id='word_1_3' title='bbox 160 204 267 236; x_wconf 80' lang='lat' dir='ltr'>&amp;alia</span> <span class='ocrx_word' id='word_1_4' title='bbox 290 202 431 245; x_wconf 84' lang='lat' dir='ltr'>quaedam</span> <span class='ocrx_word' id='word_1_5' title='bbox 456 197 586 231; x_wconf 78' lang='lat' dir='ltr'>salubria</span> <span class='ocrx_word' id='word_1_6' title='bbox 609 195 842 229; x_wconf 81' lang='lat' dir='ltr'>medicamenta</span> <span class='ocrx_word' id='word_1_7' title='bbox 859 195 1030 228; x_wconf 85' lang='lat' dir='ltr'>confician-</span> 
     </span>
     <span class='ocr_line' id='line_1_3' title="bbox 163 237 1031 282; baseline -0.009 -5"><span class='ocrx_word' id='word_1_8' title='bbox 163 254 234 282; x_wconf 79' lang='lat' dir='ltr'>tur,</span> <span class='ocrx_word' id='word_1_9' title='bbox 259 245 341 276; x_wconf 88' lang='lat' dir='ltr'>aliud</span> <span class='ocrx_word' id='word_1_10' title='bbox 362 243 543 280; x_wconf 82' lang='lat' dir='ltr'>diciputat3</span> <span class='ocrx_word' id='word_1_11' title='bbox 562 240 633 279; x_wconf 87' lang='lat' dir='ltr'>quia</span> <span class='ocrx_word' id='word_1_12' title='bbox 650 237 690 269; x_wconf 83' lang='lat' dir='ltr'>fic</span> <span class='ocrx_word' id='word_1_13' title='bbox 701 238 769 269; x_wconf 88' lang='lat' dir='ltr'>sunt</span> <span class='ocrx_word' id='word_1_14' title='bbox 786 248 908 269; x_wconf 80' lang='lat' dir='ltr'>venena</span> <span class='ocrx_word' id='word_1_15' title='bbox 927 241 1031 277; x_wconf 82' lang='lat' dir='ltr'>bona,</span> 
     </span>
     <span class='ocr_line' id='line_1_4' title="bbox 162 279 1030 323; baseline -0.01 -4"><span class='ocrx_word' id='word_1_16' title='bbox 162 297 227 318; x_wconf 90' lang='lat' dir='ltr'>non</span> <span class='ocrx_word' id='word_1_17' title='bbox 256 286 362 323; x_wconf 80' lang='lat' dir='ltr'>mala3</span> <span class='ocrx_word' id='word_1_18' title='bbox 394 283 441 319; x_wconf 72' lang='grc' dir='ltr'>ἃ,</span> <span class='ocrx_word' id='word_1_19' title='bbox 467 290 500 310; x_wconf 83' lang='lat' dir='ltr'>ut</span> <span class='ocrx_word' id='word_1_20' title='bbox 529 279 654 311; x_wconf 88' lang='lat' dir='ltr'>Nonius</span> <span class='ocrx_word' id='word_1_21' title='bbox 681 281 758 311; x_wconf 92' lang='lat' dir='ltr'>dicit</span> <span class='ocrx_word' id='word_1_22' title='bbox 782 303 790 317; x_wconf 91' lang='lat'>,</span> <span class='ocrx_word' id='word_1_23' title='bbox 822 285 1030 311; x_wconf 70' lang='lat' dir='ltr'>medicamen-</span> 
     </span>
     <span class='ocr_line' id='line_1_5' title="bbox 162 320 1030 361; baseline -0.008 -1"><span class='ocrx_word' id='word_1_24' title='bbox 162 336 239 360; x_wconf 88' lang='lat' dir='ltr'>tum.</span> <span class='ocrx_word' id='word_1_25' title='bbox 262 326 336 358; x_wconf 89' lang='lat' dir='ltr'>Non</span> <span class='ocrx_word' id='word_1_26' title='bbox 362 324 463 354; x_wconf 86' lang='lat' dir='ltr'>minus</span> <span class='ocrx_word' id='word_1_27' title='bbox 489 321 552 351; x_wconf 88' lang='lat' dir='ltr'>huc</span> <span class='ocrx_word' id='word_1_28' title='bbox 576 322 734 361; x_wconf 82' lang='lat' dir='ltr'>pertinet:</span> <span class='ocrx_word' id='word_1_29' title='bbox 765 323 852 360; x_wconf 89' lang='lat' dir='ltr'>quod</span> <span class='ocrx_word' id='word_1_30' title='bbox 878 320 1030 360; x_wconf 86' lang='lat' dir='ltr'>Ulpianus</span> 
     </span>
     <span class='ocr_line' id='line_1_6' title="bbox 159 361 1031 407; baseline -0.011 -7"><span class='ocrx_word' id='word_1_31' title='bbox 159 371 222 407; x_wconf 88' lang='lat' dir='ltr'>ait,</span> <span class='ocrx_word' id='word_1_32' title='bbox 240 368 388 399; x_wconf 79' lang='lat' dir='ltr'>Senatum</span> <span class='ocrx_word' id='word_1_33' title='bbox 398 361 547 394; x_wconf 82' lang='lat' dir='ltr'>censuiffe</span> <span class='ocrx_word' id='word_1_34' title='bbox 559 386 568 401; x_wconf 86' lang='lat'>,</span> <span class='ocrx_word' id='word_1_35' title='bbox 585 362 636 394; x_wconf 87' lang='lat' dir='ltr'>Ne</span> <span class='ocrx_word' id='word_1_36' title='bbox 652 372 719 402; x_wconf 83' lang='lat' dir='ltr'>quis</span> <span class='ocrx_word' id='word_1_37' title='bbox 735 364 866 394; x_wconf 86' lang='lat' dir='ltr'>domurn</span> <span class='ocrx_word' id='word_1_38' title='bbox 883 363 1031 394; x_wconf 80' lang='lat' dir='ltr'>villamve</span> 
     </span>
     <span class='ocr_line' id='line_1_7' title="bbox 164 403 1029 445; baseline -0.007 -4"><span class='ocrx_word' id='word_1_39' title='bbox 164 409 323 445; x_wconf 79' lang='lat' dir='ltr'><strong>dirueret,</strong></span> <span class='ocrx_word' id='word_1_40' title='bbox 347 414 411 445; x_wconf 89' lang='lat' dir='ltr'>quo</span> <span class='ocrx_word' id='word_1_41' title='bbox 427 405 497 444; x_wconf 83' lang='lat' dir='ltr'>plus</span> <span class='ocrx_word' id='word_1_42' title='bbox 522 403 575 435; x_wconf 83' lang='lat' dir='ltr'>fibi</span> <span class='ocrx_word' id='word_1_43' title='bbox 600 405 838 444; x_wconf 75' lang='lat' dir='ltr'>adquireretur,</span> <span class='ocrx_word' id='word_1_44' title='bbox 863 413 943 434; x_wconf 89' lang='lat' dir='ltr'>neve</span> <span class='ocrx_word' id='word_1_45' title='bbox 959 405 1029 444; x_wconf 80' lang='lat' dir='ltr'>quis</span> 
     </span>
     <span class='ocr_line' id='line_1_8' title="bbox 163 447 1030 490; baseline -0.005 -10"><span class='ocrx_word' id='word_1_46' title='bbox 163 450 350 490; x_wconf 85' lang='lat' dir='ltr'>negotiandi</span> <span class='ocrx_word' id='word_1_47' title='bbox 362 447 452 477; x_wconf 81' lang='lat' dir='ltr'>caula</span> <span class='ocrx_word' id='word_1_48' title='bbox 462 455 572 477; x_wconf 87' lang='lat' dir='ltr'>eorum</span> <span class='ocrx_word' id='word_1_49' title='bbox 586 447 662 486; x_wconf 89' lang='lat' dir='ltr'>quid</span> <span class='ocrx_word' id='word_1_50' title='bbox 680 454 802 476; x_wconf 88' lang='lat' dir='ltr'>emeret</span> <span class='ocrx_word' id='word_1_51' title='bbox 812 447 1009 476; x_wconf 86' lang='lat' dir='ltr'>venderetve</span> <span class='ocrx_word' id='word_1_52' title='bbox 1021 469 1030 483; x_wconf 84' lang='lat'><strong>‚</strong></span> 
     </span>
     <span class='ocr_line' id='line_1_9' title="bbox 161 487 1030 532; baseline -0.006 -11"><span class='ocrx_word' id='word_1_53' title='bbox 161 500 258 532; x_wconf 85' lang='lat' dir='ltr'>poena</span> <span class='ocrx_word' id='word_1_54' title='bbox 281 490 312 520; x_wconf 88' lang='lat' dir='ltr'>in</span> <span class='ocrx_word' id='word_1_55' title='bbox 329 498 401 520; x_wconf 85' lang='lat' dir='ltr'>eum</span> <span class='ocrx_word' id='word_1_56' title='bbox 424 489 474 527; x_wconf 90' lang='lat' dir='ltr'>qui</span> <span class='ocrx_word' id='word_1_57' title='bbox 494 496 605 518; x_wconf 82' lang='lat' dir='ltr'>contra</span> <span class='ocrx_word' id='word_1_58' title='bbox 620 487 934 518; x_wconf 70' lang='lat' dir='ltr'>Senatuscontuitum</span> <span class='ocrx_word' id='word_1_59' title='bbox 953 487 1030 526; x_wconf 86' lang='lat' dir='ltr'>quid</span> 
     </span>
     <span class='ocr_line' id='line_1_10' title="bbox 162 527 1029 568; baseline -0.006 -5"><span class='ocrx_word' id='word_1_60' title='bbox 162 530 308 568; x_wconf 82' lang='lat' dir='ltr'><strong>fecisset,</strong></span> <span class='ocrx_word' id='word_1_61' title='bbox 333 528 506 560; x_wconf 80' lang='lat' dir='ltr'>constituta</span> <span class='ocrx_word' id='word_1_62' title='bbox 521 528 539 559; x_wconf 63' lang='lat' dir='ltr'>l&#39;.</span> <span class='ocrx_word' id='word_1_63' title='bbox 556 538 605 568; x_wconf 80' lang='lat'>52.</span> <span class='ocrx_word' id='word_1_64' title='bbox 626 527 663 559; x_wconf 88' lang='lat' dir='ltr'>D.</span> <span class='ocrx_word' id='word_1_65' title='bbox 684 529 710 559; x_wconf 84' lang='lat' dir='ltr'>b.</span> <span class='ocrx_word' id='word_1_66' title='bbox 728 535 748 559; x_wconf 91' lang='lat' dir='ltr'>t.</span> <span class='ocrx_word' id='word_1_67' title='bbox 784 527 909 559; x_wconf 67' lang='lat' dir='ltr'>Factum</span> <span class='ocrx_word' id='word_1_68' title='bbox 929 531 958 558; x_wconf 73' lang='lat' dir='ltr'>iii</span> <span class='ocrx_word' id='word_1_69' title='bbox 978 528 1029 559; x_wconf 89' lang='lat' dir='ltr'>Se-</span> 
     </span>
     <span class='ocr_line' id='line_1_11' title="bbox 166 569 1029 610; baseline -0.006 -5"><span class='ocrx_word' id='word_1_70' title='bbox 166 570 441 605; x_wconf 87' lang='lat' dir='ltr'>natusconsultum</span> <span class='ocrx_word' id='word_1_71' title='bbox 460 569 577 610; x_wconf 76' lang='lat' dir='ltr'>publici</span> <span class='ocrx_word' id='word_1_72' title='bbox 596 571 723 600; x_wconf 87' lang='lat' dir='ltr'>decoris</span> <span class='ocrx_word' id='word_1_73' title='bbox 739 569 844 605; x_wconf 80' lang='lat' dir='ltr'>causa,</span> <span class='ocrx_word' id='word_1_74' title='bbox 870 570 982 600; x_wconf 73' lang='lat' dir='ltr'>Aviola</span> <span class='ocrx_word' id='word_1_75' title='bbox 1000 569 1029 600; x_wconf 71' lang='grc' dir='ltr'>ἂ</span> 
     </span>
     <span class='ocr_line' id='line_1_12' title="bbox 160 609 1031 653; baseline -0.006 -7"><span class='ocrx_word' id='word_1_76' title='bbox 160 614 259 646; x_wconf 78' lang='lat' dir='ltr'>Pania</span> <span class='ocrx_word' id='word_1_77' title='bbox 284 612 473 645; x_wconf 82' lang='lat' dir='ltr'><strong>Consulibus</strong></span> <span class='ocrx_word' id='word_1_78' title='bbox 496 611 514 641; x_wconf 85' lang='lat' dir='ltr'>l.</span> <span class='ocrx_word' id='word_1_79' title='bbox 540 621 591 651; x_wconf 80' lang='lat'>41·</span> <span class='ocrx_word' id='word_1_80' title='bbox 618 610 646 653; x_wconf 89' lang='lat'>§.</span> <span class='ocrx_word' id='word_1_81' title='bbox 678 621 699 642; x_wconf 92' lang='lat' dir='ltr'>i.</span> <span class='ocrx_word' id='word_1_82' title='bbox 727 611 765 642; x_wconf 85' lang='lat' dir='ltr'>I).</span> <span class='ocrx_word' id='word_1_83' title='bbox 789 612 821 641; x_wconf 75' lang='lat' dir='ltr'>de</span> <span class='ocrx_word' id='word_1_84' title='bbox 839 609 924 651; x_wconf 79' lang='lat' dir='ltr'>legat.</span> <span class='ocrx_word' id='word_1_85' title='bbox 941 610 987 641; x_wconf 80' lang='lat' dir='ltr'>lib.</span> <span class='ocrx_word' id='word_1_86' title='bbox 1006 619 1031 641; x_wconf 77' lang='lat' dir='ltr'>t.</span> 
     </span>
     <span class='ocr_line' id='line_1_13' title="bbox 161 651 1031 695; baseline -0.007 -8"><span class='ocrx_word' id='word_1_87' title='bbox 161 656 362 695; x_wconf 83' lang='lat' dir='ltr'>temporibus</span> <span class='ocrx_word' id='word_1_88' title='bbox 380 652 549 691; x_wconf 86' lang='lat' dir='ltr'>Hadriani,</span> <span class='ocrx_word' id='word_1_89' title='bbox 573 651 902 691; x_wconf 74' lang='lat' dir='ltr'>meminitSpartianus</span> <span class='ocrx_word' id='word_1_90' title='bbox 921 652 952 682; x_wconf 82' lang='lat' dir='ltr'>in</span> <span class='ocrx_word' id='word_1_91' title='bbox 966 652 1031 682; x_wconf 82' lang='lat' dir='ltr'>vita</span> 
     </span>
     <span class='ocr_line' id='line_1_14' title="bbox 160 692 933 733; baseline -0.006 -5"><span class='ocrx_word' id='word_1_92' title='bbox 160 696 315 729; x_wconf 72' lang='lat' dir='ltr'>Hadriani</span> <span class='ocrx_word' id='word_1_93' title='bbox 335 706 359 726; x_wconf 87' lang='lat' dir='ltr'>c.</span> <span class='ocrx_word' id='word_1_94' title='bbox 379 695 542 733; x_wconf 81' lang='lat' dir='ltr'>18.ibique</span> <span class='ocrx_word' id='word_1_95' title='bbox 559 693 589 725; x_wconf 88' lang='lat' dir='ltr'>in</span> <span class='ocrx_word' id='word_1_96' title='bbox 611 693 701 725; x_wconf 75' lang='lat' dir='ltr'>Notis</span> <span class='ocrx_word' id='word_1_97' title='bbox 721 692 933 725; x_wconf 84' lang='lat' dir='ltr'>Casaubonus.</span> 
     </span>
    </p>

    <p class='ocr_par' dir='ltr' id='par_1_3' title="bbox 155 733 1040 2601">
     <span class='ocr_line' id='line_1_15' title="bbox 205 733 1029 775; baseline -0.007 -5"><span class='ocrx_word' id='word_1_98' title='bbox 205 738 251 770; x_wconf 92' lang='lat' dir='ltr'>Sit</span> <span class='ocrx_word' id='word_1_99' title='bbox 269 739 363 769; x_wconf 87' lang='lat' dir='ltr'>etiam</span> <span class='ocrx_word' id='word_1_100' title='bbox 383 736 471 775; x_wconf 71' lang='lat' dir='ltr'>hujus</span> <span class='ocrx_word' id='word_1_101' title='bbox 487 734 548 766; x_wconf 88' lang='lat' dir='ltr'>loci</span> <span class='ocrx_word' id='word_1_102' title='bbox 567 733 807 775; x_wconf 84' lang='lat' dir='ltr'>hocUlpianiin</span> <span class='ocrx_word' id='word_1_103' title='bbox 827 734 846 765; x_wconf 87' lang='lat' dir='ltr'>l.</span> <span class='ocrx_word' id='word_1_104' title='bbox 863 743 911 774; x_wconf 81' lang='lat'>34.</span> <span class='ocrx_word' id='word_1_105' title='bbox 927 734 956 775; x_wconf 83' lang='lat'>§.</span> <span class='ocrx_word' id='word_1_106' title='bbox 976 733 1029 765; x_wconf 82' lang='lat' dir='ltr'>ult.</span> 
     </span>
     <span class='ocr_line' id='line_1_16' title="bbox 160 774 1030 816; baseline -0.008 -4"><span class='ocrx_word' id='word_1_107' title='bbox 160 779 207 812; x_wconf 90' lang='lat' dir='ltr'>D.</span> <span class='ocrx_word' id='word_1_108' title='bbox 225 780 252 811; x_wconf 82' lang='lat' dir='ltr'>h.</span> <span class='ocrx_word' id='word_1_109' title='bbox 271 786 292 810; x_wconf 86' lang='lat' dir='ltr'>t.</span> <span class='ocrx_word' id='word_1_110' title='bbox 315 778 403 809; x_wconf 82' lang='lat' dir='ltr'>Tutor</span> <span class='ocrx_word' id='word_1_111' title='bbox 418 787 475 807; x_wconf 89' lang='lat' dir='ltr'>rem</span> <span class='ocrx_word' id='word_1_112' title='bbox 488 776 592 816; x_wconf 77' lang='lat' dir='ltr'>pupilli</span> <span class='ocrx_word' id='word_1_113' title='bbox 608 786 695 806; x_wconf 81' lang='lat' dir='ltr'>emere</span> <span class='ocrx_word' id='word_1_114' title='bbox 710 786 767 807; x_wconf 85' lang='lat' dir='ltr'>non</span> <span class='ocrx_word' id='word_1_115' title='bbox 779 774 876 816; x_wconf 80' lang='lat' dir='ltr'>potest.</span> <span class='ocrx_word' id='word_1_116' title='bbox 898 776 1030 816; x_wconf 68' lang='lat' dir='ltr'>memque</span> 
     </span>
     <span class='ocr_line' id='line_1_17' title="bbox 155 815 1028 864; baseline -0.007 -11"><span class='ocrx_word' id='word_1_117' title='bbox 155 822 362 864; x_wconf 80' lang='lat' dir='ltr'>porrigendum</span> <span class='ocrx_word' id='word_1_118' title='bbox 379 816 417 859; x_wconf 73' lang='lat' dir='ltr'>est</span> <span class='ocrx_word' id='word_1_119' title='bbox 435 816 604 856; x_wconf 74' lang='lat' dir='ltr'>adstinz&#39;lia,</span> <span class='ocrx_word' id='word_1_120' title='bbox 622 815 714 858; x_wconf 77' lang='lat' dir='ltr'>idest,</span> <span class='ocrx_word' id='word_1_121' title='bbox 732 819 769 848; x_wconf 82' lang='lat' dir='ltr'>ad</span> <span class='ocrx_word' id='word_1_122' title='bbox 784 824 944 854; x_wconf 75' lang='lat' dir='ltr'><em>curatores,</em></span> <span class='ocrx_word' id='word_1_123' title='bbox 965 824 1028 857; x_wconf 86' lang='lat' dir='ltr'>pro-</span> 
     </span>
     <span class='ocr_line' id='line_1_18' title="bbox 160 857 1031 901; baseline -0.006 -7"><span class='ocrx_word' id='word_1_124' title='bbox 160 869 325 900; x_wconf 76' lang='lat' dir='ltr'><strong><em>curatores,</em></strong></span> <span class='ocrx_word' id='word_1_125' title='bbox 348 860 385 895; x_wconf 73' lang='lat'><em>&amp;</em></span> <span class='ocrx_word' id='word_1_126' title='bbox 400 860 451 901; x_wconf 81' lang='lat' dir='ltr'>qui</span> <span class='ocrx_word' id='word_1_127' title='bbox 463 862 577 901; x_wconf 84' lang='lat' dir='ltr'>negotia</span> <span class='ocrx_word' id='word_1_128' title='bbox 595 859 688 891; x_wconf 82' lang='lat' dir='ltr'>alienu</span> <span class='ocrx_word' id='word_1_129' title='bbox 702 866 817 899; x_wconf 74' lang='lat' dir='ltr'>gerunt.</span> <span class='ocrx_word' id='word_1_130' title='bbox 866 857 965 899; x_wconf 88' lang='lat' dir='ltr'>Quod</span> <span class='ocrx_word' id='word_1_131' title='bbox 990 858 1031 889; x_wconf 88' lang='lat' dir='ltr'>de</span> 
     </span>
     <span class='ocr_line' id='line_1_19' title="bbox 160 899 1029 940; baseline -0.007 -4"><span class='ocrx_word' id='word_1_132' title='bbox 160 910 269 936; x_wconf 87' lang='lat' dir='ltr'>tutore</span> <span class='ocrx_word' id='word_1_133' title='bbox 292 901 388 940; x_wconf 84' lang='lat' dir='ltr'>dicit,</span> <span class='ocrx_word' id='word_1_134' title='bbox 415 910 522 932; x_wconf 77' lang='lat' dir='ltr'>verum</span> <span class='ocrx_word' id='word_1_135' title='bbox 549 900 615 938; x_wconf 87' lang='lat' dir='ltr'>est,</span> <span class='ocrx_word' id='word_1_136' title='bbox 640 899 693 931; x_wconf 86' lang='lat' dir='ltr'>etsi</span> <span class='ocrx_word' id='word_1_137' title='bbox 718 911 767 931; x_wconf 81' lang='lat' dir='ltr'>res</span> <span class='ocrx_word' id='word_1_138' title='bbox 785 899 894 940; x_wconf 85' lang='lat' dir='ltr'>pupilli</span> <span class='ocrx_word' id='word_1_139' title='bbox 914 909 969 938; x_wconf 83' lang='lat' dir='ltr'>per</span> <span class='ocrx_word' id='word_1_140' title='bbox 988 900 1029 930; x_wconf 91' lang='lat' dir='ltr'>le-</span> 
     </span>
     <span class='ocr_line' id='line_1_20' title="bbox 159 941 1028 986; baseline -0.005 -11"><span class='ocrx_word' id='word_1_141' title='bbox 159 954 216 986; x_wconf 85' lang='lat' dir='ltr'>ges</span> <span class='ocrx_word' id='word_1_142' title='bbox 233 943 326 975; x_wconf 85' lang='lat' dir='ltr'>vendi</span> <span class='ocrx_word' id='word_1_143' title='bbox 347 941 468 983; x_wconf 85' lang='lat' dir='ltr'>potest;</span> <span class='ocrx_word' id='word_1_144' title='bbox 492 942 513 974; x_wconf 84' lang='lat' dir='ltr'><strong>fi</strong></span> <span class='ocrx_word' id='word_1_145' title='bbox 532 941 596 982; x_wconf 87' lang='lat' dir='ltr'>ipse</span> <span class='ocrx_word' id='word_1_146' title='bbox 616 952 684 973; x_wconf 87' lang='lat' dir='ltr'>eam</span> <span class='ocrx_word' id='word_1_147' title='bbox 703 942 820 972; x_wconf 84' lang='lat' dir='ltr'>vendat</span> <span class='ocrx_word' id='word_1_148' title='bbox 842 941 953 981; x_wconf 81' lang='lat' dir='ltr'>pupilli</span> <span class='ocrx_word' id='word_1_149' title='bbox 972 950 1028 971; x_wconf 85' lang='lat' dir='ltr'>no-</span> 
     </span>
     <span class='ocr_line' id='line_1_21' title="bbox 157 980 1027 1025; baseline -0.007 -7"><span class='ocrx_word' id='word_1_150' title='bbox 157 987 264 1024; x_wconf 86' lang='lat' dir='ltr'>mine,</span> <span class='ocrx_word' id='word_1_151' title='bbox 290 985 340 1016; x_wconf 90' lang='lat' dir='ltr'>vel</span> <span class='ocrx_word' id='word_1_152' title='bbox 366 983 386 1015; x_wconf 79' lang='lat' dir='ltr'>si</span> <span class='ocrx_word' id='word_1_153' title='bbox 414 984 537 1025; x_wconf 89' lang='lat' dir='ltr'>pupillo</span> <span class='ocrx_word' id='word_1_154' title='bbox 561 983 713 1015; x_wconf 85' lang='lat' dir='ltr'>vendenti</span> <span class='ocrx_word' id='word_1_155' title='bbox 731 982 786 1014; x_wconf 88' lang='lat' dir='ltr'>fiat</span> <span class='ocrx_word' id='word_1_156' title='bbox 809 984 928 1015; x_wconf 65' lang='lat' dir='ltr'>auctor.</span> <span class='ocrx_word' id='word_1_157' title='bbox 973 980 1027 1013; x_wconf 89' lang='lat' dir='ltr'>Ni-</span> 
     </span>
     <span class='ocr_line' id='line_1_22' title="bbox 160 1021 1029 1066; baseline -0.006 -7"><span class='ocrx_word' id='word_1_158' title='bbox 160 1028 296 1065; x_wconf 82' lang='lat' dir='ltr'><strong>mirum,</strong></span> <span class='ocrx_word' id='word_1_159' title='bbox 320 1026 391 1066; x_wconf 88' lang='lat' dir='ltr'>quia</span> <span class='ocrx_word' id='word_1_160' title='bbox 421 1026 543 1065; x_wconf 89' lang='lat' dir='ltr'>emptio</span> <span class='ocrx_word' id='word_1_161' title='bbox 570 1026 598 1056; x_wconf 73' lang='grc' dir='ltr'>ἃ</span> <span class='ocrx_word' id='word_1_162' title='bbox 621 1024 766 1056; x_wconf 76' lang='lat' dir='ltr'>venditio</span> <span class='ocrx_word' id='word_1_163' title='bbox 792 1033 857 1055; x_wconf 90' lang='lat' dir='ltr'>non</span> <span class='ocrx_word' id='word_1_164' title='bbox 889 1022 924 1054; x_wconf 87' lang='lat' dir='ltr'>fit</span> <span class='ocrx_word' id='word_1_165' title='bbox 940 1047 950 1061; x_wconf 91' lang='lat'>,</span> <span class='ocrx_word' id='word_1_166' title='bbox 975 1021 1029 1054; x_wconf 84' lang='lat' dir='ltr'>nifi</span> 
     </span>
     <span class='ocr_line' id='line_1_23' title="bbox 162 1064 1028 1105; baseline -0.007 -5"><span class='ocrx_word' id='word_1_167' title='bbox 162 1070 296 1101; x_wconf 90' lang='lat' dir='ltr'>emtoris</span> <span class='ocrx_word' id='word_1_168' title='bbox 321 1068 350 1098; x_wconf 75' lang='grc' dir='ltr'>δι</span> <span class='ocrx_word' id='word_1_169' title='bbox 377 1068 553 1099; x_wconf 86' lang='lat' dir='ltr'>venditoris</span> <span class='ocrx_word' id='word_1_170' title='bbox 576 1065 736 1097; x_wconf 79' lang='lat' dir='ltr'>consensu.</span> <span class='ocrx_word' id='word_1_171' title='bbox 761 1064 825 1105; x_wconf 88' lang='lat' dir='ltr'>ipse</span> <span class='ocrx_word' id='word_1_172' title='bbox 849 1073 954 1096; x_wconf 86' lang='lat' dir='ltr'>autem</span> <span class='ocrx_word' id='word_1_173' title='bbox 983 1072 1028 1094; x_wconf 88' lang='lat' dir='ltr'>tu-</span> 
     </span>
     <span class='ocr_line' id='line_1_24' title="bbox 163 1104 1025 1149; baseline -0.007 -7"><span class='ocrx_word' id='word_1_174' title='bbox 163 1118 214 1142; x_wconf 83' lang='lat' dir='ltr'>tor</span> <span class='ocrx_word' id='word_1_175' title='bbox 230 1119 295 1142; x_wconf 92' lang='lat' dir='ltr'>non</span> <span class='ocrx_word' id='word_1_176' title='bbox 317 1108 425 1149; x_wconf 85' lang='lat' dir='ltr'>potest</span> <span class='ocrx_word' id='word_1_177' title='bbox 449 1108 539 1149; x_wconf 90' lang='lat' dir='ltr'>fungi</span> <span class='ocrx_word' id='word_1_178' title='bbox 556 1107 666 1139; x_wconf 80' lang='lat' dir='ltr'>officio</span> <span class='ocrx_word' id='word_1_179' title='bbox 685 1108 856 1147; x_wconf 85' lang='lat' dir='ltr'>utriusque.</span> <span class='ocrx_word' id='word_1_180' title='bbox 897 1106 949 1137; x_wconf 89' lang='lat' dir='ltr'>Sic</span> <span class='ocrx_word' id='word_1_181' title='bbox 975 1104 1025 1136; x_wconf 60' lang='lat' dir='ltr'>Ul&gt;</span> 
     </span>
     <span class='ocr_line' id='line_1_25' title="bbox 162 1145 1030 1193; baseline -0.006 -10"><span class='ocrx_word' id='word_1_182' title='bbox 162 1151 274 1193; x_wconf 88' lang='lat' dir='ltr'>pianus</span> <span class='ocrx_word' id='word_1_183' title='bbox 291 1151 312 1183; x_wconf 87' lang='lat' dir='ltr'>l.</span> <span class='ocrx_word' id='word_1_184' title='bbox 336 1162 365 1191; x_wconf 88' lang='lat'>5.</span> <span class='ocrx_word' id='word_1_185' title='bbox 389 1149 416 1192; x_wconf 88' lang='lat'>§</span> <span class='ocrx_word' id='word_1_186' title='bbox 450 1159 477 1182; x_wconf 82' lang='lat'>2.</span> <span class='ocrx_word' id='word_1_187' title='bbox 505 1151 546 1181; x_wconf 89' lang='lat' dir='ltr'>D.</span> <span class='ocrx_word' id='word_1_188' title='bbox 572 1152 604 1179; x_wconf 81' lang='lat' dir='ltr'>de</span> <span class='ocrx_word' id='word_1_189' title='bbox 628 1147 733 1180; x_wconf 67' lang='lat' dir='ltr'>austor.</span> <span class='ocrx_word' id='word_1_190' title='bbox 757 1155 846 1179; x_wconf 82' lang='lat' dir='ltr'>tutor.</span> <span class='ocrx_word' id='word_1_191' title='bbox 878 1147 985 1189; x_wconf 83' lang='lat' dir='ltr'>Quid,</span> <span class='ocrx_word' id='word_1_192' title='bbox 1010 1145 1030 1178; x_wconf 81' lang='lat' dir='ltr'><strong>fi</strong></span> 
     </span>
     <span class='ocr_line' id='line_1_26' title="bbox 163 1189 1033 1231; baseline -0.007 -7"><span class='ocrx_word' id='word_1_193' title='bbox 163 1200 321 1224; x_wconf 88' lang='lat' dir='ltr'>contutor</span> <span class='ocrx_word' id='word_1_194' title='bbox 349 1193 487 1230; x_wconf 83' lang='lat' dir='ltr'>vendat,</span> <span class='ocrx_word' id='word_1_195' title='bbox 510 1191 560 1223; x_wconf 82' lang='lat' dir='ltr'>vel</span> <span class='ocrx_word' id='word_1_196' title='bbox 585 1191 707 1231; x_wconf 89' lang='lat' dir='ltr'>pupillo</span> <span class='ocrx_word' id='word_1_197' title='bbox 731 1189 878 1220; x_wconf 85' lang='lat' dir='ltr'>vendenti</span> <span class='ocrx_word' id='word_1_198' title='bbox 906 1189 959 1220; x_wconf 86' lang='lat' dir='ltr'>fiat</span> <span class='ocrx_word' id='word_1_199' title='bbox 984 1198 1033 1218; x_wconf 83' lang='lat' dir='ltr'>au-</span> 
     </span>
     <span class='ocr_line' id='line_1_27' title="bbox 167 1229 1033 1273; baseline -0.007 -7"><span class='ocrx_word' id='word_1_200' title='bbox 167 1234 262 1266; x_wconf 76' lang='lat' dir='ltr'>Ctor?</span> <span class='ocrx_word' id='word_1_201' title='bbox 285 1234 328 1265; x_wconf 87' lang='lat' dir='ltr'>ait</span> <span class='ocrx_word' id='word_1_202' title='bbox 354 1232 508 1273; x_wconf 78' lang='lat' dir='ltr'>Ulpianus</span> <span class='ocrx_word' id='word_1_203' title='bbox 526 1256 535 1271; x_wconf 93' lang='lat'>,</span> <span class='ocrx_word' id='word_1_204' title='bbox 560 1241 699 1263; x_wconf 87' lang='lat' dir='ltr'>tutorem</span> <span class='ocrx_word' id='word_1_205' title='bbox 723 1232 784 1271; x_wconf 86' lang='lat' dir='ltr'>jam</span> <span class='ocrx_word' id='word_1_206' title='bbox 806 1240 912 1262; x_wconf 78' lang='lat' dir='ltr'>emere</span> <span class='ocrx_word' id='word_1_207' title='bbox 937 1229 1033 1270; x_wconf 74' lang='lat' dir='ltr'>poffe.</span> 
     </span>
     <span class='ocr_line' id='line_1_28' title="bbox 163 1271 1034 1316; baseline -0.006 -9"><span class='ocrx_word' id='word_1_208' title='bbox 163 1275 288 1307; x_wconf 85' lang='lat' dir='ltr'>scilicet</span> <span class='ocrx_word' id='word_1_209' title='bbox 303 1299 312 1314; x_wconf 96' lang='lat'>,</span> <span class='ocrx_word' id='word_1_210' title='bbox 337 1276 409 1316; x_wconf 87' lang='lat' dir='ltr'>quia</span> <span class='ocrx_word' id='word_1_211' title='bbox 432 1275 560 1306; x_wconf 83' lang='lat' dir='ltr'>alterius</span> <span class='ocrx_word' id='word_1_212' title='bbox 584 1274 753 1305; x_wconf 67' lang='lat' dir='ltr'>auctoritas</span> <span class='ocrx_word' id='word_1_213' title='bbox 775 1271 886 1303; x_wconf 80' lang='lat' dir='ltr'>sufficit</span> <span class='ocrx_word' id='word_1_214' title='bbox 902 1295 911 1310; x_wconf 87' lang='lat'>‚</span> <span class='ocrx_word' id='word_1_215' title='bbox 927 1272 1034 1315; x_wconf 35' lang='lat' dir='ltr'>&#39;modo</span> 
     </span>
     <span class='ocr_line' id='line_1_29' title="bbox 163 1312 1034 1358; baseline -0.008 -9"><span class='ocrx_word' id='word_1_216' title='bbox 163 1324 273 1358; x_wconf 79' lang='lat' dir='ltr'>agatur</span> <span class='ocrx_word' id='word_1_217' title='bbox 288 1317 372 1348; x_wconf 89' lang='lat' dir='ltr'>bona</span> <span class='ocrx_word' id='word_1_218' title='bbox 393 1315 475 1348; x_wconf 85' lang='lat' dir='ltr'>fide:</span> <span class='ocrx_word' id='word_1_219' title='bbox 500 1324 668 1353; x_wconf 87' lang='lat' dir='ltr'>caeterum,</span> <span class='ocrx_word' id='word_1_220' title='bbox 692 1313 712 1346; x_wconf 86' lang='lat' dir='ltr'><strong>fi</strong></span> <span class='ocrx_word' id='word_1_221' title='bbox 730 1314 808 1346; x_wconf 85' lang='lat' dir='ltr'>mala</span> <span class='ocrx_word' id='word_1_222' title='bbox 825 1314 904 1350; x_wconf 82' lang='lat' dir='ltr'>fide,</span> <span class='ocrx_word' id='word_1_223' title='bbox 925 1314 955 1343; x_wconf 89' lang='lat' dir='ltr'>id</span> <span class='ocrx_word' id='word_1_224' title='bbox 972 1312 1034 1350; x_wconf 84' lang='lat' dir='ltr'>est,</span> 
     </span>
     <span class='ocr_line' id='line_1_30' title="bbox 164 1354 1034 1400; baseline -0.006 -11"><span class='ocrx_word' id='word_1_225' title='bbox 164 1358 302 1400; x_wconf 79' lang='lat' dir='ltr'>gratiose</span> <span class='ocrx_word' id='word_1_226' title='bbox 324 1365 377 1389; x_wconf 89' lang='lat' dir='ltr'>aut</span> <span class='ocrx_word' id='word_1_227' title='bbox 402 1355 541 1396; x_wconf 90' lang='lat' dir='ltr'>sordide,</span> <span class='ocrx_word' id='word_1_228' title='bbox 565 1358 687 1397; x_wconf 81' lang='lat' dir='ltr'>emptio</span> <span class='ocrx_word' id='word_1_229' title='bbox 709 1354 916 1386; x_wconf 77' lang='lat' dir='ltr'>intercess&#39;etit</span> <span class='ocrx_word' id='word_1_230' title='bbox 935 1377 943 1392; x_wconf 93' lang='lat'>,</span> <span class='ocrx_word' id='word_1_231' title='bbox 967 1354 1034 1384; x_wconf 89' lang='lat' dir='ltr'>nul-</span> 
     </span>
     <span class='ocr_line' id='line_1_31' title="bbox 164 1394 1032 1439; baseline -0.007 -7"><span class='ocrx_word' id='word_1_232' title='bbox 164 1402 226 1433; x_wconf 86' lang='lat' dir='ltr'>lius</span> <span class='ocrx_word' id='word_1_233' title='bbox 252 1399 405 1431; x_wconf 86' lang='lat' dir='ltr'>momenti</span> <span class='ocrx_word' id='word_1_234' title='bbox 431 1398 501 1430; x_wconf 87' lang='lat' dir='ltr'>fore</span> <span class='ocrx_word' id='word_1_235' title='bbox 527 1400 553 1429; x_wconf 85' lang='lat' dir='ltr'>d.</span> <span class='ocrx_word' id='word_1_236' title='bbox 579 1398 596 1428; x_wconf 89' lang='lat' dir='ltr'>l.</span> <span class='ocrx_word' id='word_1_237' title='bbox 619 1409 647 1438; x_wconf 86' lang='lat'>5.</span> <span class='ocrx_word' id='word_1_238' title='bbox 672 1397 690 1439; x_wconf 85' lang='lat'>§</span> <span class='ocrx_word' id='word_1_239' title='bbox 720 1407 747 1428; x_wconf 88' lang='lat'>2.</span> <span class='ocrx_word' id='word_1_240' title='bbox 771 1396 856 1427; x_wconf 83' lang='lat' dir='ltr'>Idem</span> <span class='ocrx_word' id='word_1_241' title='bbox 881 1403 988 1435; x_wconf 83' lang='lat' dir='ltr'>putat3</span> <span class='ocrx_word' id='word_1_242' title='bbox 1012 1394 1032 1426; x_wconf 83' lang='lat' dir='ltr'><strong>fi</strong></span> 
     </span>
     <span class='ocr_line' id='line_1_32' title="bbox 164 1437 1032 1481; baseline -0.008 -7"><span class='ocrx_word' id='word_1_243' title='bbox 164 1442 290 1481; x_wconf 83' lang='lat' dir='ltr'>emptio</span> <span class='ocrx_word' id='word_1_244' title='bbox 314 1440 394 1472; x_wconf 64' lang='lat' dir='ltr'>facta</span> <span class='ocrx_word' id='word_1_245' title='bbox 420 1440 454 1471; x_wconf 84' lang='lat' dir='ltr'>lit</span> <span class='ocrx_word' id='word_1_246' title='bbox 477 1449 532 1480; x_wconf 88' lang='lat' dir='ltr'>per</span> <span class='ocrx_word' id='word_1_247' title='bbox 551 1439 765 1478; x_wconf 83' lang='lat' dir='ltr'>interpoiitam</span> <span class='ocrx_word' id='word_1_248' title='bbox 785 1438 949 1478; x_wconf 84' lang='lat' dir='ltr'>personam</span> <span class='ocrx_word' id='word_1_249' title='bbox 971 1437 1032 1468; x_wconf 70' lang='grc'><strong><em>(1.1.</em></strong></span> 
     </span>
     <span class='ocr_line' id='line_1_33' title="bbox 164 1478 1031 1524; baseline -0.007 -9"><span class='ocrx_word' id='word_1_250' title='bbox 164 1494 195 1524; x_wconf 80' lang='lat'>5.</span> <span class='ocrx_word' id='word_1_251' title='bbox 220 1483 248 1524; x_wconf 86' lang='lat'>§.</span> <span class='ocrx_word' id='word_1_252' title='bbox 273 1493 301 1524; x_wconf 81' lang='lat'>3.</span> <span class='ocrx_word' id='word_1_253' title='bbox 328 1480 411 1521; x_wconf 86' lang='lat' dir='ltr'>quafi</span> <span class='ocrx_word' id='word_1_254' title='bbox 440 1481 575 1511; x_wconf 83' lang='lat' dir='ltr'>latenter·</span> <span class='ocrx_word' id='word_1_255' title='bbox 592 1480 728 1518; x_wconf 70' lang='lat' dir='ltr'>fastum,</span> <span class='ocrx_word' id='word_1_256' title='bbox 752 1478 773 1511; x_wconf 85' lang='lat' dir='ltr'>fi</span> <span class='ocrx_word' id='word_1_257' title='bbox 795 1479 907 1510; x_wconf 83' lang='lat' dir='ltr'>callide</span> <span class='ocrx_word' id='word_1_258' title='bbox 925 1479 953 1509; x_wconf 66' lang='grc' dir='ltr'><strong>ὰ</strong></span> <span class='ocrx_word' id='word_1_259' title='bbox 978 1481 1031 1510; x_wconf 91' lang='lat' dir='ltr'>do-</span> 
     </span>
     <span class='ocr_line' id='line_1_34' title="bbox 164 1520 1035 1560; baseline -0.002 -6"><span class='ocrx_word' id='word_1_260' title='bbox 164 1524 233 1557; x_wconf 85' lang='lat' dir='ltr'>lose</span> <span class='ocrx_word' id='word_1_261' title='bbox 256 1523 385 1554; x_wconf 73' lang='lat' dir='ltr'>facturn.</span> <span class='ocrx_word' id='word_1_262' title='bbox 418 1520 494 1553; x_wconf 92' lang='lat' dir='ltr'>Non</span> <span class='ocrx_word' id='word_1_263' title='bbox 520 1521 624 1556; x_wconf 78' lang='lat' dir='ltr'>idem:</span> <span class='ocrx_word' id='word_1_264' title='bbox 650 1521 668 1552; x_wconf 82' lang='lat' dir='ltr'>li</span> <span class='ocrx_word' id='word_1_265' title='bbox 683 1529 767 1552; x_wconf 89' lang='lat' dir='ltr'>emat</span> <span class='ocrx_word' id='word_1_266' title='bbox 785 1522 885 1560; x_wconf 87' lang='lat' dir='ltr'>palam</span> <span class='ocrx_word' id='word_1_267' title='bbox 904 1521 931 1551; x_wconf 73' lang='grc' dir='ltr'>ἃ</span> <span class='ocrx_word' id='word_1_268' title='bbox 951 1520 1035 1552; x_wconf 84' lang='lat' dir='ltr'>bona</span> 
     </span>
     <span class='ocr_line' id='line_1_35' title="bbox 165 1561 1033 1604; baseline -0.003 -8"><span class='ocrx_word' id='word_1_269' title='bbox 165 1566 230 1598; x_wconf 85' lang='lat' dir='ltr'>fide</span> <span class='ocrx_word' id='word_1_270' title='bbox 249 1565 265 1594; x_wconf 86' lang='lat' dir='ltr'>l.</span> <span class='ocrx_word' id='word_1_271' title='bbox 284 1574 313 1603; x_wconf 87' lang='lat'>5.</span> <span class='ocrx_word' id='word_1_272' title='bbox 334 1564 367 1594; x_wconf 87' lang='lat' dir='ltr'>C.</span> <span class='ocrx_word' id='word_1_273' title='bbox 384 1563 411 1594; x_wconf 85' lang='lat' dir='ltr'>h.</span> <span class='ocrx_word' id='word_1_274' title='bbox 433 1569 452 1594; x_wconf 89' lang='lat' dir='ltr'>t.</span> <span class='ocrx_word' id='word_1_275' title='bbox 486 1563 566 1594; x_wconf 88' lang='lat' dir='ltr'>Sane</span> <span class='ocrx_word' id='word_1_276' title='bbox 587 1561 741 1603; x_wconf 84' lang='lat' dir='ltr'>Ulpianus</span> <span class='ocrx_word' id='word_1_277' title='bbox 764 1563 791 1593; x_wconf 86' lang='lat' dir='ltr'>d.</span> <span class='ocrx_word' id='word_1_278' title='bbox 808 1562 824 1593; x_wconf 85' lang='lat' dir='ltr'>l.</span> <span class='ocrx_word' id='word_1_279' title='bbox 842 1573 869 1602; x_wconf 81' lang='lat'>5.</span> <span class='ocrx_word' id='word_1_280' title='bbox 889 1561 917 1604; x_wconf 89' lang='lat'>§</span> <span class='ocrx_word' id='word_1_281' title='bbox 934 1572 961 1600; x_wconf 67' lang='grc' dir='ltr'>4Δ</span> <span class='ocrx_word' id='word_1_282' title='bbox 992 1561 1033 1593; x_wconf 91' lang='lat' dir='ltr'>D.</span> 
     </span>
     <span class='ocr_line' id='line_1_36' title="bbox 166 1603 1033 1645; baseline -0.005 -7"><span class='ocrx_word' id='word_1_283' title='bbox 166 1608 200 1639; x_wconf 83' lang='lat' dir='ltr'>de</span> <span class='ocrx_word' id='word_1_284' title='bbox 222 1605 299 1637; x_wconf 70' lang='lat' dir='ltr'>aaa.</span> <span class='ocrx_word' id='word_1_285' title='bbox 326 1611 413 1636; x_wconf 85' lang='lat' dir='ltr'>tutor.</span> <span class='ocrx_word' id='word_1_286' title='bbox 437 1603 458 1636; x_wconf 91' lang='lat' dir='ltr'>si</span> <span class='ocrx_word' id='word_1_287' title='bbox 474 1603 556 1645; x_wconf 85' lang='lat' dir='ltr'>ipse,</span> <span class='ocrx_word' id='word_1_288' title='bbox 579 1604 702 1644; x_wconf 84' lang='lat' dir='ltr'>inquit,</span> <span class='ocrx_word' id='word_1_289' title='bbox 728 1604 802 1643; x_wconf 72' lang='lat' dir='ltr'>quid</span> <span class='ocrx_word' id='word_1_290' title='bbox 820 1605 893 1634; x_wconf 81' lang='lat' dir='ltr'>emit</span> <span class='ocrx_word' id='word_1_291' title='bbox 915 1604 1033 1643; x_wconf 84' lang='lat' dir='ltr'>palam,</span> 
     </span>
     <span class='ocr_line' id='line_1_37' title="bbox 165 1643 1031 1683; baseline -0.006 -3"><span class='ocrx_word' id='word_1_292' title='bbox 165 1648 256 1680; x_wconf 83' lang='lat' dir='ltr'>dedit</span> <span class='ocrx_word' id='word_1_293' title='bbox 274 1654 379 1678; x_wconf 87' lang='lat' dir='ltr'>autem</span> <span class='ocrx_word' id='word_1_294' title='bbox 397 1655 512 1678; x_wconf 89' lang='lat' dir='ltr'>nomen</span> <span class='ocrx_word' id='word_1_295' title='bbox 531 1655 595 1678; x_wconf 91' lang='lat' dir='ltr'>non</span> <span class='ocrx_word' id='word_1_296' title='bbox 614 1646 694 1677; x_wconf 86' lang='lat' dir='ltr'>mala</span> <span class='ocrx_word' id='word_1_297' title='bbox 712 1645 795 1683; x_wconf 86' lang='lat' dir='ltr'>fide,</span> <span class='ocrx_word' id='word_1_298' title='bbox 820 1644 872 1676; x_wconf 91' lang='lat' dir='ltr'>sed</span> <span class='ocrx_word' id='word_1_299' title='bbox 891 1643 1031 1683; x_wconf 79' lang='lat' dir='ltr'>{implici-</span> 
     </span>
     <span class='ocr_line' id='line_1_38' title="bbox 164 1685 1032 1727; baseline -0.005 -6"><span class='ocrx_word' id='word_1_300' title='bbox 164 1697 235 1727; x_wconf 70' lang='lat' dir='ltr'>ter,</span> <span class='ocrx_word' id='word_1_301' title='bbox 257 1696 288 1719; x_wconf 87' lang='lat' dir='ltr'>ut</span> <span class='ocrx_word' id='word_1_302' title='bbox 301 1686 401 1720; x_wconf 80' lang='lat' dir='ltr'>solent</span> <span class='ocrx_word' id='word_1_303' title='bbox 414 1687 610 1719; x_wconf 86' lang='lat' dir='ltr'>honestiores</span> <span class='ocrx_word' id='word_1_304' title='bbox 627 1697 689 1718; x_wconf 91' lang='lat' dir='ltr'>non</span> <span class='ocrx_word' id='word_1_305' title='bbox 701 1689 765 1727; x_wconf 85' lang='lat' dir='ltr'>pati</span> <span class='ocrx_word' id='word_1_306' title='bbox 785 1695 912 1718; x_wconf 69' lang='grc' dir='ltr'>ῃοῐῃιηε]</span> <span class='ocrx_word' id='word_1_307' title='bbox 931 1685 1032 1717; x_wconf 85' lang='lat' dir='ltr'>suain-</span> 
     </span>
     <span class='ocr_line' id='line_1_39' title="bbox 163 1727 1036 1769; baseline -0.005 -7"><span class='ocrx_word' id='word_1_308' title='bbox 163 1731 346 1763; x_wconf 84' lang='lat' dir='ltr'>strumentis</span> <span class='ocrx_word' id='word_1_309' title='bbox 372 1729 516 1767; x_wconf 80' lang='lat' dir='ltr'>inscribi,</span> <span class='ocrx_word' id='word_1_310' title='bbox 541 1729 663 1769; x_wconf 84' lang='lat' dir='ltr'>emptio</span> <span class='ocrx_word' id='word_1_311' title='bbox 688 1728 784 1759; x_wconf 88' lang='lat' dir='ltr'>valet.</span> <span class='ocrx_word' id='word_1_312' title='bbox 809 1728 896 1768; x_wconf 87' lang='lat' dir='ltr'>quod</span> <span class='ocrx_word' id='word_1_313' title='bbox 915 1727 934 1758; x_wconf 80' lang='lat' dir='ltr'>[i</span> <span class='ocrx_word' id='word_1_314' title='bbox 952 1728 1036 1759; x_wconf 84' lang='lat' dir='ltr'>calli-</span> 
     </span>
     <span class='ocr_line' id='line_1_40' title="bbox 165 1768 1034 1811; baseline -0.005 -7"><span class='ocrx_word' id='word_1_315' title='bbox 165 1773 229 1810; x_wconf 78' lang='lat' dir='ltr'>de3</span> <span class='ocrx_word' id='word_1_316' title='bbox 251 1772 336 1803; x_wconf 85' lang='lat' dir='ltr'>idem</span> <span class='ocrx_word' id='word_1_317' title='bbox 354 1771 434 1809; x_wconf 86' lang='lat' dir='ltr'>erit,</span> <span class='ocrx_word' id='word_1_318' title='bbox 457 1780 493 1802; x_wconf 93' lang='lat' dir='ltr'>ac</span> <span class='ocrx_word' id='word_1_319' title='bbox 510 1770 528 1802; x_wconf 76' lang='lat' dir='ltr'>si</span> <span class='ocrx_word' id='word_1_320' title='bbox 556 1780 613 1811; x_wconf 87' lang='lat' dir='ltr'>per</span> <span class='ocrx_word' id='word_1_321' title='bbox 636 1769 853 1810; x_wconf 85' lang='lat' dir='ltr'>interpositam</span> <span class='ocrx_word' id='word_1_322' title='bbox 873 1768 1034 1808; x_wconf 83' lang='lat' dir='ltr'>personam</span> 
     </span>
     <span class='ocr_line' id='line_1_41' title="bbox 167 1809 1034 1854; baseline -0.005 -8"><span class='ocrx_word' id='word_1_323' title='bbox 167 1812 299 1846; x_wconf 76' lang='lat' dir='ltr'>emisset.</span> <span class='ocrx_word' id='word_1_324' title='bbox 325 1812 424 1854; x_wconf 89' lang='lat' dir='ltr'>Quod</span> <span class='ocrx_word' id='word_1_325' title='bbox 442 1813 481 1844; x_wconf 90' lang='lat' dir='ltr'>de</span> <span class='ocrx_word' id='word_1_326' title='bbox 500 1819 606 1844; x_wconf 87' lang='lat' dir='ltr'>tutore</span> <span class='ocrx_word' id='word_1_327' title='bbox 622 1811 758 1850; x_wconf 67' lang='lat' dir='ltr'>dietum,</span> <span class='ocrx_word' id='word_1_328' title='bbox 782 1812 824 1841; x_wconf 91' lang='lat' dir='ltr'>ait</span> <span class='ocrx_word' id='word_1_329' title='bbox 842 1809 991 1850; x_wconf 78' lang='lat' dir='ltr'>Ulpianus</span> <span class='ocrx_word' id='word_1_330' title='bbox 1007 1812 1034 1842; x_wconf 86' lang='lat' dir='ltr'>d.</span> 
     </span>
     <span class='ocr_line' id='line_1_42' title="bbox 167 1851 1036 1897; baseline -0.003 -10"><span class='ocrx_word' id='word_1_331' title='bbox 167 1855 188 1887; x_wconf 83' lang='lat' dir='ltr'>l.</span> <span class='ocrx_word' id='word_1_332' title='bbox 204 1865 252 1897; x_wconf 69' lang='lat'>34.</span> <span class='ocrx_word' id='word_1_333' title='bbox 269 1854 296 1896; x_wconf 85' lang='lat'>§.</span> <span class='ocrx_word' id='word_1_334' title='bbox 317 1856 370 1886; x_wconf 82' lang='lat' dir='ltr'>ult.</span> <span class='ocrx_word' id='word_1_335' title='bbox 392 1852 454 1885; x_wconf 78' lang='lat' dir='ltr'>effe</span> <span class='ocrx_word' id='word_1_336' title='bbox 471 1853 695 1896; x_wconf 85' lang='lat' dir='ltr'>porrigendum</span> <span class='ocrx_word' id='word_1_337' title='bbox 713 1853 750 1884; x_wconf 87' lang='lat' dir='ltr'>ad</span> <span class='ocrx_word' id='word_1_338' title='bbox 768 1851 894 1891; x_wconf 78' lang='lat' dir='ltr'>similia,</span> <span class='ocrx_word' id='word_1_339' title='bbox 917 1852 947 1883; x_wconf 92' lang='lat' dir='ltr'>id</span> <span class='ocrx_word' id='word_1_340' title='bbox 972 1852 1036 1891; x_wconf 87' lang='lat' dir='ltr'>est,</span> 
     </span>
     <span class='ocr_line' id='line_1_43' title="bbox 166 1894 1036 1936; baseline -0.006 -7"><span class='ocrx_word' id='word_1_341' title='bbox 166 1898 207 1929; x_wconf 80' lang='lat' dir='ltr'>ad</span> <span class='ocrx_word' id='word_1_342' title='bbox 225 1903 406 1933; x_wconf 85' lang='lat' dir='ltr'>curatores,</span> <span class='ocrx_word' id='word_1_343' title='bbox 430 1904 674 1936; x_wconf 80' lang='lat' dir='ltr'>procuratores,</span> <span class='ocrx_word' id='word_1_344' title='bbox 697 1894 726 1925; x_wconf 74' lang='grc' dir='ltr'>δι</span> <span class='ocrx_word' id='word_1_345' title='bbox 745 1894 796 1932; x_wconf 90' lang='lat' dir='ltr'>qui</span> <span class='ocrx_word' id='word_1_346' title='bbox 817 1894 944 1933; x_wconf 72' lang='lat' dir='ltr'>negotia</span> <span class='ocrx_word' id='word_1_347' title='bbox 963 1894 1036 1925; x_wconf 89' lang='lat' dir='ltr'>alie-</span> 
     </span>
     <span class='ocr_line' id='line_1_44' title="bbox 167 1934 1038 1979; baseline -0.006 -8"><span class='ocrx_word' id='word_1_348' title='bbox 167 1947 209 1971; x_wconf 85' lang='lat' dir='ltr'>na</span> <span class='ocrx_word' id='word_1_349' title='bbox 226 1944 350 1979; x_wconf 81' lang='lat' dir='ltr'>gerunt.</span> <span class='ocrx_word' id='word_1_350' title='bbox 378 1938 424 1968; x_wconf 84' lang='lat' dir='ltr'>An</span> <span class='ocrx_word' id='word_1_351' title='bbox 440 1937 479 1968; x_wconf 88' lang='lat' dir='ltr'>ad</span> <span class='ocrx_word' id='word_1_352' title='bbox 498 1937 622 1976; x_wconf 91' lang='lat' dir='ltr'>publica</span> <span class='ocrx_word' id='word_1_353' title='bbox 647 1945 778 1974; x_wconf 86' lang='lat' dir='ltr'>quoque</span> <span class='ocrx_word' id='word_1_354' title='bbox 796 1934 927 1968; x_wconf 78' lang='lat' dir='ltr'>officia?</span> <span class='ocrx_word' id='word_1_355' title='bbox 953 1934 1038 1966; x_wconf 83' lang='lat' dir='ltr'>Mar-</span> 
     </span>
     <span class='ocr_line' id='line_1_45' title="bbox 169 1975 1040 2019; baseline -0.003 -8"><span class='ocrx_word' id='word_1_356' title='bbox 169 1979 278 2011; x_wconf 82' lang='lat' dir='ltr'>cianus</span> <span class='ocrx_word' id='word_1_357' title='bbox 303 1978 348 2009; x_wconf 85' lang='lat' dir='ltr'>lib.</span> <span class='ocrx_word' id='word_1_358' title='bbox 367 1977 517 2019; x_wconf 79' lang='lat' dir='ltr'>fingulari</span> <span class='ocrx_word' id='word_1_359' title='bbox 544 1978 587 2008; x_wconf 89' lang='lat' dir='ltr'>De</span> <span class='ocrx_word' id='word_1_360' title='bbox 611 1978 784 2008; x_wconf 78' lang='lat' dir='ltr'>delatoribus</span> <span class='ocrx_word' id='word_1_361' title='bbox 806 1977 824 2007; x_wconf 90' lang='lat' dir='ltr'>l.</span> <span class='ocrx_word' id='word_1_362' title='bbox 842 1980 890 2014; x_wconf 82' lang='lat'>46.</span> <span class='ocrx_word' id='word_1_363' title='bbox 917 1975 956 2007; x_wconf 88' lang='lat' dir='ltr'>D.</span> <span class='ocrx_word' id='word_1_364' title='bbox 973 1978 1000 2007; x_wconf 84' lang='lat' dir='ltr'>h.</span> <span class='ocrx_word' id='word_1_365' title='bbox 1018 1983 1040 2008; x_wconf 81' lang='lat' dir='ltr'>t.</span> 
     </span>
     <span class='ocr_line' id='line_1_46' title="bbox 168 2017 1040 2060; baseline -0.002 -10"><span class='ocrx_word' id='word_1_366' title='bbox 168 2021 244 2054; x_wconf 88' lang='lat' dir='ltr'>Non</span> <span class='ocrx_word' id='word_1_367' title='bbox 260 2021 323 2050; x_wconf 89' lang='lat' dir='ltr'>licet</span> <span class='ocrx_word' id='word_1_368' title='bbox 334 2043 343 2058; x_wconf 92' lang='lat'>,</span> <span class='ocrx_word' id='word_1_369' title='bbox 366 2018 488 2060; x_wconf 84' lang='lat' dir='ltr'>inquit,</span> <span class='ocrx_word' id='word_1_370' title='bbox 503 2029 540 2051; x_wconf 81' lang='lat' dir='ltr'>ex</span> <span class='ocrx_word' id='word_1_371' title='bbox 557 2019 648 2060; x_wconf 86' lang='lat' dir='ltr'>officio</span> <span class='ocrx_word' id='word_1_372' title='bbox 664 2019 740 2060; x_wconf 84' lang='lat' dir='ltr'>quod</span> <span class='ocrx_word' id='word_1_373' title='bbox 756 2017 937 2059; x_wconf 75' lang='lat' dir='ltr'>administrat</span> <span class='ocrx_word' id='word_1_374' title='bbox 954 2019 1040 2059; x_wconf 76' lang='lat' dir='ltr'>quir,</span> 
     </span>
     <span class='ocr_line' id='line_1_47' title="bbox 169 2059 1024 2103; baseline -0.002 -10"><span class='ocrx_word' id='word_1_375' title='bbox 169 2071 259 2094; x_wconf 79' lang='lat' dir='ltr'>emere</span> <span class='ocrx_word' id='word_1_376' title='bbox 281 2062 352 2103; x_wconf 83' lang='lat' dir='ltr'>quid</span> <span class='ocrx_word' id='word_1_377' title='bbox 368 2061 415 2092; x_wconf 84' lang='lat' dir='ltr'>vel</span> <span class='ocrx_word' id='word_1_378' title='bbox 430 2069 478 2101; x_wconf 87' lang='lat' dir='ltr'>per</span> <span class='ocrx_word' id='word_1_379' title='bbox 493 2061 537 2100; x_wconf 84' lang='lat' dir='ltr'>se,</span> <span class='ocrx_word' id='word_1_380' title='bbox 563 2061 609 2093; x_wconf 85' lang='lat' dir='ltr'>vel</span> <span class='ocrx_word' id='word_1_381' title='bbox 621 2069 671 2102; x_wconf 86' lang='lat' dir='ltr'>per</span> <span class='ocrx_word' id='word_1_382' title='bbox 694 2060 782 2090; x_wconf 76' lang='lat' dir='ltr'>aliam</span> <span class='ocrx_word' id='word_1_383' title='bbox 795 2063 951 2099; x_wconf 77' lang='lat' dir='ltr'>personam.</span> <span class='ocrx_word' id='word_1_384' title='bbox 976 2059 1024 2091; x_wconf 58' lang='lat' dir='ltr'>Er&lt;</span> 
     </span>
     <span class='ocr_line' id='line_1_48' title="bbox 170 2100 1040 2144; baseline -0.006 -8"><span class='ocrx_word' id='word_1_385' title='bbox 170 2104 282 2144; x_wconf 89' lang='lat' dir='ltr'>ceptio</span> <span class='ocrx_word' id='word_1_386' title='bbox 308 2103 338 2134; x_wconf 86' lang='lat' dir='ltr'>in</span> <span class='ocrx_word' id='word_1_387' title='bbox 366 2102 384 2132; x_wconf 86' lang='lat' dir='ltr'>l.</span> <span class='ocrx_word' id='word_1_388' title='bbox 410 2107 458 2134; x_wconf 85' lang='lat'>62.</span> <span class='ocrx_word' id='word_1_389' title='bbox 486 2102 522 2134; x_wconf 91' lang='lat' dir='ltr'>D.</span> <span class='ocrx_word' id='word_1_390' title='bbox 549 2104 574 2134; x_wconf 79' lang='lat' dir='ltr'>b.</span> <span class='ocrx_word' id='word_1_391' title='bbox 598 2109 619 2134; x_wconf 83' lang='lat' dir='ltr'>t.</span> <span class='ocrx_word' id='word_1_392' title='bbox 637 2103 713 2142; x_wconf 86' lang='lat' dir='ltr'>quid</span> <span class='ocrx_word' id='word_1_393' title='bbox 732 2100 875 2133; x_wconf 83' lang='lat' dir='ltr'>sicontra</span> <span class='ocrx_word' id='word_1_394' title='bbox 893 2100 972 2132; x_wconf 78' lang='lat' dir='ltr'>fiat?</span> <span class='ocrx_word' id='word_1_395' title='bbox 995 2100 1040 2132; x_wconf 87' lang='lat' dir='ltr'>est</span> 
     </span>
     <span class='ocr_line' id='line_1_49' title="bbox 171 2143 1038 2185; baseline -0.003 -9"><span class='ocrx_word' id='word_1_396' title='bbox 171 2145 292 2185; x_wconf 84' lang='lat' dir='ltr'>duplex</span> <span class='ocrx_word' id='word_1_397' title='bbox 319 2153 425 2185; x_wconf 87' lang='lat' dir='ltr'>poena.</span> <span class='ocrx_word' id='word_1_398' title='bbox 453 2143 634 2175; x_wconf 75' lang='lat' dir='ltr'>Marcianus</span> <span class='ocrx_word' id='word_1_399' title='bbox 660 2144 796 2175; x_wconf 84' lang='lat' dir='ltr'>indicat:</span> <span class='ocrx_word' id='word_1_400' title='bbox 826 2143 966 2184; x_wconf 81' lang='lat' dir='ltr'>Alioquin</span> <span class='ocrx_word' id='word_1_401' title='bbox 981 2152 1038 2173; x_wconf 84' lang='lat' dir='ltr'>non</span> 
     </span>
     <span class='ocr_line' id='line_1_50' title="bbox 170 2184 1039 2226; baseline -0.006 -8"><span class='ocrx_word' id='word_1_402' title='bbox 170 2192 288 2218; x_wconf 77' lang='lat' dir='ltr'>tantum</span> <span class='ocrx_word' id='word_1_403' title='bbox 302 2195 360 2217; x_wconf 87' lang='lat' dir='ltr'>rem</span> <span class='ocrx_word' id='word_1_404' title='bbox 376 2187 504 2221; x_wconf 80' lang='lat' dir='ltr'>amittit,</span> <span class='ocrx_word' id='word_1_405' title='bbox 527 2187 572 2221; x_wconf 79' lang='lat' dir='ltr'>leci</span> <span class='ocrx_word' id='word_1_406' title='bbox 591 2185 627 2220; x_wconf 58' lang='grc' dir='ltr'>ὅ)</span> <span class='ocrx_word' id='word_1_407' title='bbox 647 2187 678 2216; x_wconf 84' lang='lat' dir='ltr'>in</span> <span class='ocrx_word' id='word_1_408' title='bbox 700 2184 893 2226; x_wconf 73' lang='lat' dir='ltr'>quadruplum</span> <span class='ocrx_word' id='word_1_409' title='bbox 908 2186 1039 2215; x_wconf 72' lang='lat' dir='ltr'>convent·-</span> 
     </span>
     <span class='ocr_line' id='line_1_51' title="bbox 168 2224 1038 2267; baseline -0.005 -8"><span class='ocrx_word' id='word_1_410' title='bbox 168 2234 220 2260; x_wconf 75' lang='grc' dir='ltr'>ταν</span> <span class='ocrx_word' id='word_1_411' title='bbox 233 2229 385 2264; x_wconf 81' lang='lat' dir='ltr'>secundum</span> <span class='ocrx_word' id='word_1_412' title='bbox 403 2224 640 2267; x_wconf 78' lang='lat' dir='ltr'>Constitutionem</span> <span class='ocrx_word' id='word_1_413' title='bbox 656 2227 755 2257; x_wconf 71' lang='lat' dir='ltr'>Severi</span> <span class='ocrx_word' id='word_1_414' title='bbox 774 2225 809 2259; x_wconf 70' lang='lat'>{5⁰</span> <span class='ocrx_word' id='word_1_415' title='bbox 822 2226 984 2258; x_wconf 72' lang='lat' dir='ltr'>Antonini:</span> <span class='ocrx_word' id='word_1_416' title='bbox 1001 2224 1038 2259; x_wconf 62' lang='grc' dir='ltr'>ὅ)</span> 
     </span>
     <span class='ocr_line' id='line_1_52' title="bbox 169 2267 1036 2310; baseline -0.003 -9"><span class='ocrx_word' id='word_1_417' title='bbox 169 2270 222 2301; x_wconf 85' lang='lat' dir='ltr'>hoc</span> <span class='ocrx_word' id='word_1_418' title='bbox 238 2271 275 2300; x_wconf 80' lang='lat' dir='ltr'>ud</span> <span class='ocrx_word' id='word_1_419' title='bbox 297 2269 514 2299; x_wconf 79' lang='lat' dir='ltr'>Procuratorem</span> <span class='ocrx_word' id='word_1_420' title='bbox 538 2277 648 2310; x_wconf 82' lang='lat' dir='ltr'>quoque</span> <span class='ocrx_word' id='word_1_421' title='bbox 674 2267 796 2306; x_wconf 53' lang='lat' dir='ltr'>Cifscirz&#39;s</span> <span class='ocrx_word' id='word_1_422' title='bbox 807 2269 951 2308; x_wconf 76' lang='lat' dir='ltr'>pertinet,</span> <span class='ocrx_word' id='word_1_423' title='bbox 975 2267 1036 2298; x_wconf 80' lang='lat' dir='ltr'>Ad-</span> 
     </span>
     <span class='ocr_line' id='line_1_53' title="bbox 170 2307 1038 2349; baseline -0.005 -7"><span class='ocrx_word' id='word_1_424' title='bbox 170 2311 218 2343; x_wconf 85' lang='lat' dir='ltr'>dit</span> <span class='ocrx_word' id='word_1_425' title='bbox 237 2310 437 2342; x_wconf 85' lang='lat' dir='ltr'>Marcianus:</span> <span class='ocrx_word' id='word_1_426' title='bbox 462 2310 517 2340; x_wconf 70' lang='lat' dir='ltr'>Seii</span> <span class='ocrx_word' id='word_1_427' title='bbox 532 2311 582 2340; x_wconf 81' lang='lat' dir='ltr'>hoc</span> <span class='ocrx_word' id='word_1_428' title='bbox 598 2311 639 2340; x_wconf 78' lang='lat' dir='ltr'>ita</span> <span class='ocrx_word' id='word_1_429' title='bbox 647 2311 681 2348; x_wconf 86' lang='lat' dir='ltr'>se</span> <span class='ocrx_word' id='word_1_430' title='bbox 697 2309 795 2346; x_wconf 80' lang='lat' dir='ltr'>babet,</span> <span class='ocrx_word' id='word_1_431' title='bbox 812 2307 867 2345; x_wconf 83' lang='lat' dir='ltr'>nisi</span> <span class='ocrx_word' id='word_1_432' title='bbox 882 2309 1038 2349; x_wconf 74' lang='lat' dir='ltr'>specialiter</span> 
     </span>
     <span class='ocr_line' id='line_1_54' title="bbox 171 2349 1036 2399; baseline -0.001 -17"><span class='ocrx_word' id='word_1_433' title='bbox 171 2354 342 2399; x_wconf 66' lang='lat' dir='ltr'>quibusdam</span> <span class='ocrx_word' id='word_1_434' title='bbox 357 2353 406 2382; x_wconf 86' lang='lat' dir='ltr'>boc</span> <span class='ocrx_word' id='word_1_435' title='bbox 421 2350 574 2391; x_wconf 71' lang='lat' dir='ltr'>conceffwn</span> <span class='ocrx_word' id='word_1_436' title='bbox 590 2349 628 2389; x_wconf 67' lang='lat' dir='ltr'>‘3st</span> <span class='ocrx_word' id='word_1_437' title='bbox 683 2349 744 2381; x_wconf 83' lang='lat' dir='ltr'>Hic</span> <span class='ocrx_word' id='word_1_438' title='bbox 760 2350 863 2381; x_wconf 81' lang='lat' dir='ltr'>versus</span> <span class='ocrx_word' id='word_1_439' title='bbox 880 2349 984 2381; x_wconf 79' lang='lat' dir='ltr'>nescio</span> <span class='ocrx_word' id='word_1_440' title='bbox 999 2359 1036 2381; x_wconf 86' lang='lat' dir='ltr'>an</span> 
     </span>
     <span class='ocr_line' id='line_1_55' title="bbox 171 2391 1038 2433; baseline -0.002 -9"><span class='ocrx_word' id='word_1_441' title='bbox 171 2395 208 2424; x_wconf 72' lang='lat' dir='ltr'>iit</span> <span class='ocrx_word' id='word_1_442' title='bbox 227 2393 390 2424; x_wconf 79' lang='lat' dir='ltr'>Marciano</span> <span class='ocrx_word' id='word_1_443' title='bbox 409 2393 547 2433; x_wconf 66' lang='lat' dir='ltr'>adjectus</span> <span class='ocrx_word' id='word_1_444' title='bbox 565 2402 581 2424; x_wconf 90' lang='lat' dir='ltr'>a</span> <span class='ocrx_word' id='word_1_445' title='bbox 598 2391 799 2423; x_wconf 78' lang='lat' dir='ltr'>Triboniario</span> <span class='ocrx_word' id='word_1_446' title='bbox 823 2401 861 2422; x_wconf 75' lang='lat' dir='ltr'>ex</span> <span class='ocrx_word' id='word_1_447' title='bbox 877 2391 895 2422; x_wconf 84' lang='lat' dir='ltr'>l.</span> <span class='ocrx_word' id='word_1_448' title='bbox 914 2400 938 2423; x_wconf 92' lang='lat'>1.</span> <span class='ocrx_word' id='word_1_449' title='bbox 959 2392 989 2422; x_wconf 91' lang='lat' dir='ltr'>C.</span> <span class='ocrx_word' id='word_1_450' title='bbox 1005 2393 1038 2422; x_wconf 82' lang='lat' dir='ltr'>cle</span> 
     </span>
     <span class='ocr_line' id='line_1_56' title="bbox 172 2433 1037 2474; baseline -0.001 -9"><span class='ocrx_word' id='word_1_451' title='bbox 172 2434 340 2466; x_wconf 67' lang='lat' dir='ltr'>contraftib.</span> <span class='ocrx_word' id='word_1_452' title='bbox 357 2434 508 2474; x_wconf 75' lang='lat' dir='ltr'>Judicum.</span> <span class='ocrx_word' id='word_1_453' title='bbox 530 2434 677 2474; x_wconf 83' lang='lat' dir='ltr'>AEquiras</span> <span class='ocrx_word' id='word_1_454' title='bbox 694 2434 819 2464; x_wconf 87' lang='lat' dir='ltr'>iuterim</span> <span class='ocrx_word' id='word_1_455' title='bbox 839 2434 867 2464; x_wconf 70' lang='grc' dir='ltr'>ἃ</span> <span class='ocrx_word' id='word_1_456' title='bbox 887 2433 965 2463; x_wconf 90' lang='lat' dir='ltr'>ratio</span> <span class='ocrx_word' id='word_1_457' title='bbox 982 2434 1037 2464; x_wconf 89' lang='lat' dir='ltr'>hu-</span> 
     </span>
     <span class='ocr_line' id='line_1_57' title="bbox 170 2474 1037 2516; baseline -0.001 -10"><span class='ocrx_word' id='word_1_458' title='bbox 170 2475 309 2516; x_wconf 71' lang='lat' dir='ltr'>jusjuris</span> <span class='ocrx_word' id='word_1_459' title='bbox 325 2475 386 2507; x_wconf 89' lang='lat' dir='ltr'>fuit</span> <span class='ocrx_word' id='word_1_460' title='bbox 406 2475 537 2508; x_wconf 85' lang='lat' dir='ltr'>summa:</span> <span class='ocrx_word' id='word_1_461' title='bbox 552 2486 591 2507; x_wconf 92' lang='lat' dir='ltr'>ne</span> <span class='ocrx_word' id='word_1_462' title='bbox 602 2476 814 2516; x_wconf 75' lang='lat' dir='ltr'>magisraptus</span> <span class='ocrx_word' id='word_1_463' title='bbox 831 2474 926 2511; x_wconf 70' lang='lat' dir='ltr'>esset,</span> <span class='ocrx_word' id='word_1_464' title='bbox 943 2484 1037 2513; x_wconf 88' lang='lat' dir='ltr'>quarn</span> 
     </span>
     <span class='ocr_line' id='line_1_58' title="bbox 173 2516 1036 2554; baseline -0.002 -6"><span class='ocrx_word' id='word_1_465' title='bbox 173 2517 307 2554; x_wconf 83' lang='lat' dir='ltr'>emptio.</span> <span class='ocrx_word' id='word_1_466' title='bbox 331 2527 401 2549; x_wconf 88' lang='lat' dir='ltr'>eam</span> <span class='ocrx_word' id='word_1_467' title='bbox 420 2528 461 2550; x_wconf 84' lang='lat' dir='ltr'>ex</span> <span class='ocrx_word' id='word_1_468' title='bbox 477 2517 637 2549; x_wconf 83' lang='lat' dir='ltr'>Cicerone</span> <span class='ocrx_word' id='word_1_469' title='bbox 661 2518 787 2548; x_wconf 89' lang='lat' dir='ltr'>notavit</span> <span class='ocrx_word' id='word_1_470' title='bbox 808 2516 975 2548; x_wconf 85' lang='lat' dir='ltr'>Raevardus</span> <span class='ocrx_word' id='word_1_471' title='bbox 988 2516 1036 2547; x_wconf 82' lang='lat' dir='ltr'>lib.</span> 
     </span>
     <span class='ocr_line' id='line_1_59' title="bbox 175 2557 1037 2601; baseline -0.001 -11"><span class='ocrx_word' id='word_1_472' title='bbox 175 2567 207 2590; x_wconf 82' lang='lat'>2.</span> <span class='ocrx_word' id='word_1_473' title='bbox 223 2557 298 2590; x_wconf 84' lang='lat' dir='ltr'>Var.</span> <span class='ocrx_word' id='word_1_474' title='bbox 316 2568 340 2590; x_wconf 89' lang='lat' dir='ltr'>c.</span> <span class='ocrx_word' id='word_1_475' title='bbox 356 2568 403 2590; x_wconf 88' lang='lat'>20.</span> <span class='ocrx_word' id='word_1_476' title='bbox 420 2560 450 2592; x_wconf 85' lang='lat'>&amp;</span> <span class='ocrx_word' id='word_1_477' title='bbox 474 2560 546 2592; x_wconf 85' lang='lat' dir='ltr'>addi</span> <span class='ocrx_word' id='word_1_478' title='bbox 563 2557 667 2601; x_wconf 89' lang='lat' dir='ltr'>potest</span> <span class='ocrx_word' id='word_1_479' title='bbox 684 2557 827 2598; x_wconf 86' lang='lat' dir='ltr'>Cujacius</span> <span class='ocrx_word' id='word_1_480' title='bbox 843 2558 891 2589; x_wconf 83' lang='lat' dir='ltr'>lib.</span> <span class='ocrx_word' id='word_1_481' title='bbox 914 2561 960 2589; x_wconf 83' lang='lat'>16.</span> <span class='ocrx_word' id='word_1_482' title='bbox 978 2557 1037 2589; x_wconf 78' lang='lat' dir='ltr'>Ob-</span> 
     </span>
    </p>
   </div>
   <div class='ocr_carea' id='block_1_3' title="bbox 810 2642 1161 2678">
    <p class='ocr_par' dir='ltr' id='par_1_4' title="bbox 810 2642 1161 2678">
     <span class='ocr_line' id='line_1_60' title="bbox 810 2642 1161 2678; baseline -0.009 0"><span class='ocrx_word' id='word_1_483' title='bbox 810 2642 1161 2678; x_wconf 69' lang='lat' dir='ltr'>T1Tutus</span> 
     </span>
    </p>
   </div>
   <div class='ocr_carea' id='block_1_4' title="bbox 594 103 1529 145">
    <p class='ocr_par' dir='ltr' id='par_1_5' title="bbox 594 103 1529 145">
     <span class='ocr_line' id='line_1_61' title="bbox 594 103 1529 145; baseline -0.001 0"><span class='ocrx_word' id='word_1_484' title='bbox 594 109 950 145; x_wconf 60' lang='lat' dir='ltr'>quann1</span> <span class='ocrx_word' id='word_1_485' title='bbox 1004 105 1265 142; x_wconf 72' lang='lat' dir='ltr'>Noonr</span> <span class='ocrx_word' id='word_1_486' title='bbox 1322 103 1529 144; x_wconf 66' lang='lat' dir='ltr'>Coun.</span> 
     </span>
    </p>
   </div>
   <div class='ocr_carea' id='block_1_5' title="bbox 1071 196 1977 2598">
    <p class='ocr_par' dir='ltr' id='par_1_6' title="bbox 1071 196 1250 238">
     <span class='ocr_line' id='line_1_62' title="bbox 1071 196 1250 238; baseline 0.011 -12"><span class='ocrx_word' id='word_1_487' title='bbox 1071 196 1145 234; x_wconf 82' lang='lat' dir='ltr'>serv.</span> <span class='ocrx_word' id='word_1_488' title='bbox 1161 206 1184 227; x_wconf 89' lang='lat' dir='ltr'>c.</span> <span class='ocrx_word' id='word_1_489' title='bbox 1205 205 1250 238; x_wconf 81' lang='lat'>13.</span> 
     </span>
    </p>

    <p class='ocr_par' dir='ltr' id='par_1_7' title="bbox 1072 237 1977 1850">
     <span class='ocr_line' id='line_1_63' title="bbox 1118 237 1938 282; baseline 0.009 -15"><span class='ocrx_word' id='word_1_490' title='bbox 1118 237 1350 271; x_wconf 87' lang='lat' dir='ltr'>Demonstratis</span> <span class='ocrx_word' id='word_1_491' title='bbox 1374 240 1468 271; x_wconf 89' lang='lat' dir='ltr'>rebus</span> <span class='ocrx_word' id='word_1_492' title='bbox 1491 248 1561 280; x_wconf 82' lang='lat' dir='ltr'>quae</span> <span class='ocrx_word' id='word_1_493' title='bbox 1588 240 1648 272; x_wconf 89' lang='lat' dir='ltr'>emi</span> <span class='ocrx_word' id='word_1_494' title='bbox 1666 241 1696 273; x_wconf 73' lang='grc' dir='ltr'>ὅτ</span> <span class='ocrx_word' id='word_1_495' title='bbox 1716 240 1811 272; x_wconf 84' lang='lat' dir='ltr'>vendi</span> <span class='ocrx_word' id='word_1_496' title='bbox 1831 241 1938 282; x_wconf 44' lang='lat' dir='ltr'>prohi‘</span> 
     </span>
     <span class='ocr_line' id='line_1_64' title="bbox 1073 279 1938 322; baseline 0.006 -12"><span class='ocrx_word' id='word_1_497' title='bbox 1073 279 1209 317; x_wconf 89' lang='lat' dir='ltr'>bentur,</span> <span class='ocrx_word' id='word_1_498' title='bbox 1234 281 1286 311; x_wconf 89' lang='lat' dir='ltr'>vix</span> <span class='ocrx_word' id='word_1_499' title='bbox 1307 291 1389 322; x_wconf 84' lang='lat' dir='ltr'>opus</span> <span class='ocrx_word' id='word_1_500' title='bbox 1412 279 1597 319; x_wconf 83' lang='lat' dir='ltr'>admoneri,</span> <span class='ocrx_word' id='word_1_501' title='bbox 1623 290 1750 313; x_wconf 77' lang='lat' dir='ltr'>caeteras</span> <span class='ocrx_word' id='word_1_502' title='bbox 1780 293 1846 322; x_wconf 85' lang='lat' dir='ltr'>quae</span> <span class='ocrx_word' id='word_1_503' title='bbox 1873 293 1938 316; x_wconf 86' lang='lat' dir='ltr'>nou</span> 
     </span>
     <span class='ocr_line' id='line_1_65' title="bbox 1075 319 1939 366; baseline 0.009 -17"><span class='ocrx_word' id='word_1_504' title='bbox 1075 319 1304 366; x_wconf 73' lang='lat' dir='ltr'>prohibentur,</span> <span class='ocrx_word' id='word_1_505' title='bbox 1319 332 1380 354; x_wconf 85' lang='lat' dir='ltr'>emi</span> <span class='ocrx_word' id='word_1_506' title='bbox 1400 325 1426 353; x_wconf 65' lang='grc' dir='ltr'><strong>ἃ</strong></span> <span class='ocrx_word' id='word_1_507' title='bbox 1450 327 1542 354; x_wconf 82' lang='lat' dir='ltr'>vendi</span> <span class='ocrx_word' id='word_1_508' title='bbox 1564 323 1656 363; x_wconf 82' lang='lat' dir='ltr'>poss&#39;e.</span> <span class='ocrx_word' id='word_1_509' title='bbox 1678 324 1748 354; x_wconf 80' lang='lat' dir='ltr'>Nec</span> <span class='ocrx_word' id='word_1_510' title='bbox 1764 332 1869 355; x_wconf 74' lang='lat' dir='ltr'>tamen</span> <span class='ocrx_word' id='word_1_511' title='bbox 1889 325 1939 358; x_wconf 81' lang='lat' dir='ltr'>vel</span> 
     </span>
     <span class='ocr_line' id='line_1_66' title="bbox 1073 361 1939 405; baseline 0.005 -13"><span class='ocrx_word' id='word_1_512' title='bbox 1073 362 1139 392; x_wconf 91' lang='lat' dir='ltr'>hoc</span> <span class='ocrx_word' id='word_1_513' title='bbox 1155 361 1199 393; x_wconf 82' lang='lat' dir='ltr'>est</span> <span class='ocrx_word' id='word_1_514' title='bbox 1219 364 1279 393; x_wconf 74' lang='lat' dir='ltr'>[inc</span> <span class='ocrx_word' id='word_1_515' title='bbox 1299 363 1511 404; x_wconf 80' lang='lat' dir='ltr'>exceptione:</span> <span class='ocrx_word' id='word_1_516' title='bbox 1529 374 1597 395; x_wconf 88' lang='lat' dir='ltr'>nam</span> <span class='ocrx_word' id='word_1_517' title='bbox 1615 365 1633 395; x_wconf 82' lang='lat' dir='ltr'>li</span> <span class='ocrx_word' id='word_1_518' title='bbox 1653 375 1716 396; x_wconf 88' lang='lat' dir='ltr'>rem</span> <span class='ocrx_word' id='word_1_519' title='bbox 1737 375 1837 396; x_wconf 82' lang='lat' dir='ltr'>meam</span> <span class='ocrx_word' id='word_1_520' title='bbox 1857 367 1939 405; x_wconf 81' lang='lat' dir='ltr'>emi3</span> 
     </span>
     <span class='ocr_line' id='line_1_67' title="bbox 1074 404 1941 446; baseline 0.005 -13"><span class='ocrx_word' id='word_1_521' title='bbox 1074 413 1138 434; x_wconf 89' lang='lat' dir='ltr'>non</span> <span class='ocrx_word' id='word_1_522' title='bbox 1164 412 1291 442; x_wconf 77' lang='lat' dir='ltr'>putatur</span> <span class='ocrx_word' id='word_1_523' title='bbox 1316 404 1378 436; x_wconf 81' lang='lat' dir='ltr'>esse</span> <span class='ocrx_word' id='word_1_524' title='bbox 1399 406 1520 445; x_wconf 86' lang='lat' dir='ltr'>emptio</span> <span class='ocrx_word' id='word_1_525' title='bbox 1546 410 1563 437; x_wconf 81' lang='lat' dir='ltr'>t.</span> <span class='ocrx_word' id='word_1_526' title='bbox 1594 410 1637 437; x_wconf 87' lang='lat'>16.</span> <span class='ocrx_word' id='word_1_527' title='bbox 1666 406 1703 437; x_wconf 92' lang='lat' dir='ltr'>D.</span> <span class='ocrx_word' id='word_1_528' title='bbox 1730 406 1754 437; x_wconf 84' lang='lat' dir='ltr'>h·</span> <span class='ocrx_word' id='word_1_529' title='bbox 1776 413 1795 436; x_wconf 90' lang='lat' dir='ltr'>t.</span> <span class='ocrx_word' id='word_1_530' title='bbox 1816 409 1941 446; x_wconf 87' lang='lat' dir='ltr'>quando</span> 
     </span>
     <span class='ocr_line' id='line_1_68' title="bbox 1074 444 1941 487; baseline 0.002 -11"><span class='ocrx_word' id='word_1_531' title='bbox 1074 444 1149 476; x_wconf 89' lang='lat' dir='ltr'>nulli</span> <span class='ocrx_word' id='word_1_532' title='bbox 1169 445 1255 475; x_wconf 90' lang='lat' dir='ltr'>bono</span> <span class='ocrx_word' id='word_1_533' title='bbox 1272 446 1335 483; x_wconf 86' lang='lat' dir='ltr'>est,</span> <span class='ocrx_word' id='word_1_534' title='bbox 1358 455 1374 476; x_wconf 85' lang='lat' dir='ltr'>a</span> <span class='ocrx_word' id='word_1_535' title='bbox 1393 457 1442 477; x_wconf 88' lang='lat' dir='ltr'>me</span> <span class='ocrx_word' id='word_1_536' title='bbox 1462 449 1523 478; x_wconf 70' lang='lat' dir='ltr'>‹rni</span> <span class='ocrx_word' id='word_1_537' title='bbox 1542 457 1606 478; x_wconf 82' lang='lat' dir='ltr'>rem</span> <span class='ocrx_word' id='word_1_538' title='bbox 1627 457 1744 484; x_wconf 86' lang='lat' dir='ltr'>meam,</span> <span class='ocrx_word' id='word_1_539' title='bbox 1764 448 1813 478; x_wconf 86' lang='lat' dir='ltr'>illa</span> <span class='ocrx_word' id='word_1_540' title='bbox 1829 448 1941 487; x_wconf 85' lang='lat' dir='ltr'>empti-</span> 
     </span>
     <span class='ocr_line' id='line_1_69' title="bbox 1074 488 1940 531; baseline 0.005 -15"><span class='ocrx_word' id='word_1_541' title='bbox 1074 495 1138 516; x_wconf 91' lang='lat' dir='ltr'>one</span> <span class='ocrx_word' id='word_1_542' title='bbox 1161 494 1262 531; x_wconf 77' lang='lat' dir='ltr'>meam</span> <span class='ocrx_word' id='word_1_543' title='bbox 1286 495 1350 518; x_wconf 91' lang='lat' dir='ltr'>non</span> <span class='ocrx_word' id='word_1_544' title='bbox 1374 489 1470 528; x_wconf 71' lang='lat' dir='ltr'>magis</span> <span class='ocrx_word' id='word_1_545' title='bbox 1496 488 1634 520; x_wconf 82' lang='lat' dir='ltr'>futuram</span> <span class='ocrx_word' id='word_1_546' title='bbox 1661 498 1753 529; x_wconf 88' lang='lat' dir='ltr'>quam</span> <span class='ocrx_word' id='word_1_547' title='bbox 1780 498 1853 519; x_wconf 88' lang='lat' dir='ltr'>ante</span> <span class='ocrx_word' id='word_1_548' title='bbox 1869 489 1940 520; x_wconf 86' lang='lat' dir='ltr'>fuit.</span> 
     </span>
     <span class='ocr_line' id='line_1_70' title="bbox 1074 527 1942 572; baseline 0.006 -16"><span class='ocrx_word' id='word_1_549' title='bbox 1074 529 1168 567; x_wconf 79' lang='lat' dir='ltr'>Atqui</span> <span class='ocrx_word' id='word_1_550' title='bbox 1194 527 1257 557; x_wconf 84' lang='lat' dir='ltr'>alio</span> <span class='ocrx_word' id='word_1_551' title='bbox 1273 536 1343 572; x_wconf 59' lang='lat' dir='ltr'>⁸non</span> <span class='ocrx_word' id='word_1_552' title='bbox 1364 528 1481 567; x_wconf 74' lang='lat' dir='ltr'>spectat</span> <span class='ocrx_word' id='word_1_553' title='bbox 1505 531 1647 570; x_wconf 80' lang='lat' dir='ltr'>emptio,</span> <span class='ocrx_word' id='word_1_554' title='bbox 1672 539 1763 570; x_wconf 88' lang='lat' dir='ltr'>quarn</span> <span class='ocrx_word' id='word_1_555' title='bbox 1785 539 1816 561; x_wconf 91' lang='lat' dir='ltr'>ut</span> <span class='ocrx_word' id='word_1_556' title='bbox 1835 539 1942 568; x_wconf 80' lang='lat' dir='ltr'>empta</span> 
     </span>
     <span class='ocr_line' id='line_1_71' title="bbox 1074 569 1942 613; baseline 0.002 -13"><span class='ocrx_word' id='word_1_557' title='bbox 1074 578 1123 600; x_wconf 82' lang='lat' dir='ltr'>res</span> <span class='ocrx_word' id='word_1_558' title='bbox 1142 575 1278 613; x_wconf 77' lang='lat' dir='ltr'>emptori</span> <span class='ocrx_word' id='word_1_559' title='bbox 1297 569 1497 609; x_wconf 81' lang='lat' dir='ltr'>adquiratur3</span> <span class='ocrx_word' id='word_1_560' title='bbox 1522 581 1592 602; x_wconf 89' lang='lat' dir='ltr'>cum</span> <span class='ocrx_word' id='word_1_561' title='bbox 1614 582 1676 602; x_wconf 85' lang='lat' dir='ltr'>non</span> <span class='ocrx_word' id='word_1_562' title='bbox 1693 571 1768 602; x_wconf 83' lang='lat' dir='ltr'>esset</span> <span class='ocrx_word' id='word_1_563' title='bbox 1786 572 1858 612; x_wconf 68' lang='lat' dir='ltr'>ejusr</span> <span class='ocrx_word' id='word_1_564' title='bbox 1878 573 1942 603; x_wconf 73' lang='lat' dir='ltr'>Sed</span> 
     </span>
     <span class='ocr_line' id='line_1_72' title="bbox 1074 610 1941 652; baseline 0.006 -13"><span class='ocrx_word' id='word_1_565' title='bbox 1074 610 1177 640; x_wconf 89' lang='lat' dir='ltr'>inania</span> <span class='ocrx_word' id='word_1_566' title='bbox 1199 610 1360 640; x_wconf 80' lang='lat' dir='ltr'>excedunt</span> <span class='ocrx_word' id='word_1_567' title='bbox 1380 612 1599 652; x_wconf 81' lang='lat' dir='ltr'>modumjuris</span> <span class='ocrx_word' id='word_1_568' title='bbox 1622 613 1712 644; x_wconf 79' lang='lat' dir='ltr'>nostri</span> <span class='ocrx_word' id='word_1_569' title='bbox 1733 613 1750 644; x_wconf 83' lang='lat' dir='ltr'>l.</span> <span class='ocrx_word' id='word_1_570' title='bbox 1767 625 1784 652; x_wconf 87' lang='lat'>4</span> <span class='ocrx_word' id='word_1_571' title='bbox 1822 613 1853 643; x_wconf 87' lang='lat' dir='ltr'>C.</span> <span class='ocrx_word' id='word_1_572' title='bbox 1872 614 1890 643; x_wconf 85' lang='lat' dir='ltr'><em>h</em></span> <span class='ocrx_word' id='word_1_573' title='bbox 1917 619 1941 644; x_wconf 84' lang='lat' dir='ltr'>t.</span> 
     </span>
     <span class='ocr_line' id='line_1_73' title="bbox 1076 649 1943 696; baseline 0.003 -14"><span class='ocrx_word' id='word_1_574' title='bbox 1076 650 1172 683; x_wconf 87' lang='lat' dir='ltr'>Hoc:</span> <span class='ocrx_word' id='word_1_575' title='bbox 1198 649 1217 681; x_wconf 93' lang='lat' dir='ltr'>si</span> <span class='ocrx_word' id='word_1_576' title='bbox 1235 659 1299 681; x_wconf 89' lang='lat' dir='ltr'>rem</span> <span class='ocrx_word' id='word_1_577' title='bbox 1320 659 1422 682; x_wconf 79' lang='lat' dir='ltr'>meam</span> <span class='ocrx_word' id='word_1_578' title='bbox 1440 661 1516 691; x_wconf 87' lang='lat' dir='ltr'>pure</span> <span class='ocrx_word' id='word_1_579' title='bbox 1536 663 1647 684; x_wconf 86' lang='lat' dir='ltr'>emam.</span> <span class='ocrx_word' id='word_1_580' title='bbox 1667 654 1774 696; x_wconf 87' lang='lat' dir='ltr'>Quid,</span> <span class='ocrx_word' id='word_1_581' title='bbox 1798 653 1817 685; x_wconf 85' lang='lat' dir='ltr'><strong>fi</strong></span> <span class='ocrx_word' id='word_1_582' title='bbox 1839 663 1943 687; x_wconf 63' lang='lat' dir='ltr'>eniam</span> 
     </span>
     <span class='ocr_line' id='line_1_74' title="bbox 1073 691 1943 736; baseline 0.006 -13"><span class='ocrx_word' id='word_1_583' title='bbox 1073 692 1127 723; x_wconf 91' lang='lat' dir='ltr'>sub</span> <span class='ocrx_word' id='word_1_584' title='bbox 1153 692 1356 728; x_wconf 87' lang='lat' dir='ltr'>conditione,</span> <span class='ocrx_word' id='word_1_585' title='bbox 1386 691 1408 723; x_wconf 88' lang='lat' dir='ltr'><strong>fi</strong></span> <span class='ocrx_word' id='word_1_586' title='bbox 1425 701 1493 723; x_wconf 84' lang='lat' dir='ltr'>mea</span> <span class='ocrx_word' id='word_1_587' title='bbox 1516 693 1577 724; x_wconf 86' lang='lat' dir='ltr'>esse</span> <span class='ocrx_word' id='word_1_588' title='bbox 1601 695 1746 727; x_wconf 80' lang='lat' dir='ltr'>desinet?</span> <span class='ocrx_word' id='word_1_589' title='bbox 1773 695 1833 736; x_wconf 72' lang='lat' dir='ltr'>jirri</span> <span class='ocrx_word' id='word_1_590' title='bbox 1857 696 1943 727; x_wconf 75' lang='lat' dir='ltr'>valet</span> 
     </span>
     <span class='ocr_line' id='line_1_75' title="bbox 1073 732 1943 776; baseline 0.006 -12"><span class='ocrx_word' id='word_1_591' title='bbox 1073 734 1197 773; x_wconf 88' lang='lat' dir='ltr'>emptio</span> <span class='ocrx_word' id='word_1_592' title='bbox 1212 733 1232 763; x_wconf 92' lang='lat' dir='ltr'>l.</span> <span class='ocrx_word' id='word_1_593' title='bbox 1247 735 1276 763; x_wconf 88' lang='lat'>6.</span> <span class='ocrx_word' id='word_1_594' title='bbox 1298 732 1333 763; x_wconf 90' lang='lat' dir='ltr'>D.</span> <span class='ocrx_word' id='word_1_595' title='bbox 1353 734 1380 764; x_wconf 81' lang='lat' dir='ltr'>h.</span> <span class='ocrx_word' id='word_1_596' title='bbox 1395 740 1415 763; x_wconf 76' lang='grc' dir='ltr'>ε.</span> <span class='ocrx_word' id='word_1_597' title='bbox 1436 735 1529 765; x_wconf 86' lang='lat' dir='ltr'>dilata</span> <span class='ocrx_word' id='word_1_598' title='bbox 1554 735 1702 767; x_wconf 83' lang='lat' dir='ltr'>videlicet</span> <span class='ocrx_word' id='word_1_599' title='bbox 1720 737 1751 768; x_wconf 87' lang='lat' dir='ltr'>in</span> <span class='ocrx_word' id='word_1_600' title='bbox 1768 739 1798 769; x_wconf 92' lang='lat' dir='ltr'>id</span> <span class='ocrx_word' id='word_1_601' title='bbox 1815 746 1943 776; x_wconf 84' lang='lat' dir='ltr'>tempus</span> 
     </span>
     <span class='ocr_line' id='line_1_76' title="bbox 1073 774 1944 814; baseline 0.005 -9"><span class='ocrx_word' id='word_1_602' title='bbox 1073 783 1138 814; x_wconf 90' lang='lat' dir='ltr'>quo</span> <span class='ocrx_word' id='word_1_603' title='bbox 1164 784 1213 805; x_wconf 86' lang='lat' dir='ltr'>res</span> <span class='ocrx_word' id='word_1_604' title='bbox 1236 782 1296 805; x_wconf 89' lang='lat' dir='ltr'>erit</span> <span class='ocrx_word' id='word_1_605' title='bbox 1320 774 1421 806; x_wconf 84' lang='lat' dir='ltr'>aliena</span> <span class='ocrx_word' id='word_1_606' title='bbox 1459 775 1564 807; x_wconf 86' lang='lat' dir='ltr'>ldem:</span> <span class='ocrx_word' id='word_1_607' title='bbox 1590 776 1607 807; x_wconf 83' lang='lat' dir='ltr'>li</span> <span class='ocrx_word' id='word_1_608' title='bbox 1635 777 1678 807; x_wconf 90' lang='lat' dir='ltr'>rei</span> <span class='ocrx_word' id='word_1_609' title='bbox 1703 787 1781 809; x_wconf 80' lang='lat' dir='ltr'>meae</span> <span class='ocrx_word' id='word_1_610' title='bbox 1807 780 1944 810; x_wconf 73' lang='lat' dir='ltr'>inhaei-et:</span> 
     </span>
     <span class='ocr_line' id='line_1_77' title="bbox 1074 815 1946 860; baseline 0.007 -14"><span class='ocrx_word' id='word_1_611' title='bbox 1074 815 1146 856; x_wconf 83' lang='lat' dir='ltr'>quid</span> <span class='ocrx_word' id='word_1_612' title='bbox 1165 816 1255 846; x_wconf 86' lang='lat' dir='ltr'>alieni</span> <span class='ocrx_word' id='word_1_613' title='bbox 1270 815 1366 855; x_wconf 84' lang='lat' dir='ltr'>juris:</span> <span class='ocrx_word' id='word_1_614' title='bbox 1390 825 1423 847; x_wconf 91' lang='lat' dir='ltr'>ut</span> <span class='ocrx_word' id='word_1_615' title='bbox 1449 816 1594 856; x_wconf 66' lang='lat' dir='ltr'>polliffio</span> <span class='ocrx_word' id='word_1_616' title='bbox 1616 817 1634 848; x_wconf 87' lang='lat' dir='ltr'>l.</span> <span class='ocrx_word' id='word_1_617' title='bbox 1653 826 1700 859; x_wconf 59' lang='lat'>34.</span> <span class='ocrx_word' id='word_1_618' title='bbox 1718 818 1744 860; x_wconf 86' lang='lat'>§.</span> <span class='ocrx_word' id='word_1_619' title='bbox 1766 830 1793 858; x_wconf 80' lang='lat'>4.</span> <span class='ocrx_word' id='word_1_620' title='bbox 1810 821 1834 850; x_wconf 83' lang='lat' dir='ltr'>d.</span> <span class='ocrx_word' id='word_1_621' title='bbox 1856 828 1865 850; x_wconf 82' lang='lat' dir='ltr'>t</span> <span class='ocrx_word' id='word_1_622' title='bbox 1897 819 1946 852; x_wconf 86' lang='lat' dir='ltr'>est·</span> 
     </span>
     <span class='ocr_line' id='line_1_78' title="bbox 1074 857 1950 898; baseline 0.006 -10"><span class='ocrx_word' id='word_1_623' title='bbox 1074 858 1157 888; x_wconf 79' lang='lat' dir='ltr'>enini</span> <span class='ocrx_word' id='word_1_624' title='bbox 1176 857 1325 896; x_wconf 80' lang='lat' dir='ltr'>rationis,</span> <span class='ocrx_word' id='word_1_625' title='bbox 1350 867 1400 888; x_wconf 89' lang='lat' dir='ltr'>me</span> <span class='ocrx_word' id='word_1_626' title='bbox 1417 857 1561 898; x_wconf 84' lang='lat' dir='ltr'>accipere</span> <span class='ocrx_word' id='word_1_627' title='bbox 1581 859 1629 890; x_wconf 68' lang='lat' dir='ltr'>tel</span> <span class='ocrx_word' id='word_1_628' title='bbox 1649 859 1785 890; x_wconf 78' lang='lat' dir='ltr'>retinere</span> <span class='ocrx_word' id='word_1_629' title='bbox 1803 871 1844 891; x_wconf 84' lang='lat' dir='ltr'>rei</span> <span class='ocrx_word' id='word_1_630' title='bbox 1863 871 1950 892; x_wconf 67' lang='lat' dir='ltr'>meae</span> 
     </span>
     <span class='ocr_line' id='line_1_79' title="bbox 1074 898 1946 942; baseline 0.006 -13"><span class='ocrx_word' id='word_1_631' title='bbox 1074 898 1295 939; x_wconf 75' lang='lat' dir='ltr'>poffeffionem</span> <span class='ocrx_word' id='word_1_632' title='bbox 1321 908 1389 937; x_wconf 87' lang='lat' dir='ltr'>quae</span> <span class='ocrx_word' id='word_1_633' title='bbox 1415 899 1459 930; x_wconf 83' lang='lat' dir='ltr'>cst</span> <span class='ocrx_word' id='word_1_634' title='bbox 1483 899 1629 938; x_wconf 81' lang='lat' dir='ltr'>alterius,</span> <span class='ocrx_word' id='word_1_635' title='bbox 1653 901 1680 932; x_wconf 70' lang='grc' dir='ltr'>ὅ(</span> <span class='ocrx_word' id='word_1_636' title='bbox 1707 901 1780 932; x_wconf 90' lang='lat' dir='ltr'>mihi</span> <span class='ocrx_word' id='word_1_637' title='bbox 1805 903 1871 940; x_wconf 88' lang='lat' dir='ltr'>jure</span> <span class='ocrx_word' id='word_1_638' title='bbox 1888 913 1946 942; x_wconf 87' lang='lat' dir='ltr'>po-</span> 
     </span>
     <span class='ocr_line' id='line_1_80' title="bbox 1074 939 1944 981; baseline 0.003 -10"><span class='ocrx_word' id='word_1_639' title='bbox 1074 940 1132 971; x_wconf 89' lang='lat' dir='ltr'>test</span> <span class='ocrx_word' id='word_1_640' title='bbox 1150 940 1242 970; x_wconf 85' lang='lat' dir='ltr'>adimi</span> <span class='ocrx_word' id='word_1_641' title='bbox 1263 939 1313 970; x_wconf 90' lang='lat' dir='ltr'>vel</span> <span class='ocrx_word' id='word_1_642' title='bbox 1331 939 1512 981; x_wconf 74' lang='lat' dir='ltr'>abjudicari.</span> <span class='ocrx_word' id='word_1_643' title='bbox 1539 941 1609 973; x_wconf 74' lang='lat' dir='ltr'>Plus</span> <span class='ocrx_word' id='word_1_644' title='bbox 1627 942 1728 974; x_wconf 69' lang='lat' dir='ltr'>dlcam</span> <span class='ocrx_word' id='word_1_645' title='bbox 1741 966 1749 980; x_wconf 92' lang='lat'>‚</span> <span class='ocrx_word' id='word_1_646' title='bbox 1776 941 1794 973; x_wconf 79' lang='lat' dir='ltr'><strong>fi</strong></span> <span class='ocrx_word' id='word_1_647' title='bbox 1815 943 1944 980; x_wconf 83' lang='lat' dir='ltr'>quidem</span> 
     </span>
     <span class='ocr_line' id='line_1_81' title="bbox 1074 981 1946 1025; baseline 0.006 -14"><span class='ocrx_word' id='word_1_648' title='bbox 1074 982 1220 1012; x_wconf 87' lang='lat' dir='ltr'>dominus</span> <span class='ocrx_word' id='word_1_649' title='bbox 1237 981 1308 1020; x_wconf 84' lang='lat' dir='ltr'>sim,</span> <span class='ocrx_word' id='word_1_650' title='bbox 1324 981 1375 1012; x_wconf 87' lang='lat' dir='ltr'>sed</span> <span class='ocrx_word' id='word_1_651' title='bbox 1393 981 1592 1013; x_wconf 84' lang='lat' dir='ltr'>dominiuma</span> <span class='ocrx_word' id='word_1_652' title='bbox 1614 992 1663 1013; x_wconf 88' lang='lat' dir='ltr'>me</span> <span class='ocrx_word' id='word_1_653' title='bbox 1674 983 1799 1014; x_wconf 78' lang='lat' dir='ltr'>avocari</span> <span class='ocrx_word' id='word_1_654' title='bbox 1819 985 1946 1025; x_wconf 84' lang='lat' dir='ltr'>potest,</span> 
     </span>
     <span class='ocr_line' id='line_1_82' title="bbox 1073 1022 1947 1064; baseline 0.006 -11"><span class='ocrx_word' id='word_1_655' title='bbox 1073 1022 1271 1061; x_wconf 80' lang='lat' dir='ltr'>niiobssare,</span> <span class='ocrx_word' id='word_1_656' title='bbox 1284 1031 1347 1062; x_wconf 88' lang='lat' dir='ltr'>quo</span> <span class='ocrx_word' id='word_1_657' title='bbox 1366 1022 1466 1054; x_wconf 88' lang='lat' dir='ltr'>minus</span> <span class='ocrx_word' id='word_1_658' title='bbox 1486 1033 1585 1055; x_wconf 84' lang='lat' dir='ltr'>emam</span> <span class='ocrx_word' id='word_1_659' title='bbox 1606 1034 1669 1054; x_wconf 85' lang='lat' dir='ltr'>rem</span> <span class='ocrx_word' id='word_1_660' title='bbox 1689 1024 1751 1056; x_wconf 89' lang='lat' dir='ltr'>huc</span> <span class='ocrx_word' id='word_1_661' title='bbox 1767 1034 1864 1064; x_wconf 43' lang='lat' dir='ltr'>unque</span> <span class='ocrx_word' id='word_1_662' title='bbox 1883 1036 1947 1058; x_wconf 89' lang='lat' dir='ltr'>me-</span> 
     </span>
     <span class='ocr_line' id='line_1_83' title="bbox 1073 1062 1977 1101; baseline 0.006 -7"><span class='ocrx_word' id='word_1_663' title='bbox 1073 1072 1140 1099; x_wconf 84' lang='lat' dir='ltr'>am,</span> <span class='ocrx_word' id='word_1_664' title='bbox 1165 1062 1236 1101; x_wconf 87' lang='lat' dir='ltr'>sed,</span> <span class='ocrx_word' id='word_1_665' title='bbox 1261 1074 1276 1094; x_wconf 88' lang='lat' dir='ltr'>a</span> <span class='ocrx_word' id='word_1_666' title='bbox 1295 1074 1344 1095; x_wconf 91' lang='lat' dir='ltr'>me</span> <span class='ocrx_word' id='word_1_667' title='bbox 1368 1065 1530 1095; x_wconf 58' lang='lat' dir='ltr'>abituram.</span> <span class='ocrx_word' id='word_1_668' title='bbox 1558 1065 1608 1096; x_wconf 81' lang='lat' dir='ltr'>Est</span> <span class='ocrx_word' id='word_1_669' title='bbox 1635 1066 1702 1096; x_wconf 78' lang='lat' dir='ltr'>talis</span> <span class='ocrx_word' id='word_1_670' title='bbox 1728 1066 1814 1096; x_wconf 69' lang='lat' dir='ltr'>casus</span> <span class='ocrx_word' id='word_1_671' title='bbox 1840 1077 1867 1098; x_wconf 87' lang='lat' dir='ltr'>in</span> <span class='ocrx_word' id='word_1_672' title='bbox 1885 1068 1947 1100; x_wconf 70' lang='lat' dir='ltr'>att.</span> <span class='ocrx_word' id='word_1_673' title='bbox 1975 1084 1977 1088; x_wconf 92' lang='lat'>·</span> 
     </span>
     <span class='ocr_line' id='line_1_84' title="bbox 1072 1105 1946 1151; baseline 0.008 -17"><span class='ocrx_word' id='word_1_674' title='bbox 1072 1114 1101 1151; x_wconf 82' lang='lat'>4:</span> <span class='ocrx_word' id='word_1_675' title='bbox 1128 1105 1160 1135; x_wconf 90' lang='lat' dir='ltr'>C.</span> <span class='ocrx_word' id='word_1_676' title='bbox 1185 1106 1212 1135; x_wconf 85' lang='lat' dir='ltr'>b.</span> <span class='ocrx_word' id='word_1_677' title='bbox 1231 1111 1252 1149; x_wconf 35' lang='lat' dir='ltr'>t..</span> <span class='ocrx_word' id='word_1_678' title='bbox 1274 1105 1336 1136; x_wconf 76' lang='lat' dir='ltr'>En:</span> <span class='ocrx_word' id='word_1_679' title='bbox 1361 1106 1470 1145; x_wconf 77' lang='lat' dir='ltr'>aliquis</span> <span class='ocrx_word' id='word_1_680' title='bbox 1498 1107 1572 1138; x_wconf 87' lang='lat' dir='ltr'>milii</span> <span class='ocrx_word' id='word_1_681' title='bbox 1605 1107 1735 1138; x_wconf 67' lang='lat' dir='ltr'>donavit</span> <span class='ocrx_word' id='word_1_682' title='bbox 1762 1117 1828 1139; x_wconf 83' lang='lat' dir='ltr'>reni</span> <span class='ocrx_word' id='word_1_683' title='bbox 1854 1109 1946 1141; x_wconf 69' lang='lat' dir='ltr'>iham.</span> 
     </span>
     <span class='ocr_line' id='line_1_85' title="bbox 1074 1146 1950 1186; baseline 0.006 -9"><span class='ocrx_word' id='word_1_684' title='bbox 1074 1155 1139 1186; x_wconf 80' lang='lat' dir='ltr'>ejus</span> <span class='ocrx_word' id='word_1_685' title='bbox 1170 1146 1341 1177; x_wconf 83' lang='lat' dir='ltr'>traditione</span> <span class='ocrx_word' id='word_1_686' title='bbox 1365 1157 1421 1186; x_wconf 66' lang='lat' dir='ltr'>ego</span> <span class='ocrx_word' id='word_1_687' title='bbox 1450 1147 1492 1179; x_wconf 85' lang='lat' dir='ltr'>fio</span> <span class='ocrx_word' id='word_1_688' title='bbox 1519 1151 1677 1180; x_wconf 74' lang='lat' dir='ltr'>dominus.</span> <span class='ocrx_word' id='word_1_689' title='bbox 1728 1149 1776 1180; x_wconf 85' lang='lat' dir='ltr'>illa</span> <span class='ocrx_word' id='word_1_690' title='bbox 1810 1154 1950 1181; x_wconf 50' lang='lat' dir='ltr'>donatio&gt;</span> 
     </span>
     <span class='ocr_line' id='line_1_86' title="bbox 1077 1187 1945 1232; baseline 0.006 -14"><span class='ocrx_word' id='word_1_691' title='bbox 1077 1197 1150 1218; x_wconf 83' lang='lat' dir='ltr'>mox</span> <span class='ocrx_word' id='word_1_692' title='bbox 1169 1188 1284 1219; x_wconf 88' lang='lat' dir='ltr'>dicitur</span> <span class='ocrx_word' id='word_1_693' title='bbox 1310 1187 1493 1220; x_wconf 80' lang='lat' dir='ltr'>inofficiosa.</span> <span class='ocrx_word' id='word_1_694' title='bbox 1518 1191 1592 1229; x_wconf 84' lang='lat' dir='ltr'>quid</span> <span class='ocrx_word' id='word_1_695' title='bbox 1619 1189 1679 1221; x_wconf 81' lang='lat' dir='ltr'>fit?</span> <span class='ocrx_word' id='word_1_696' title='bbox 1703 1200 1766 1232; x_wconf 80' lang='lat' dir='ltr'>ego</span> <span class='ocrx_word' id='word_1_697' title='bbox 1783 1200 1847 1222; x_wconf 67' lang='lat' dir='ltr'>rem</span> <span class='ocrx_word' id='word_1_698' title='bbox 1869 1191 1945 1223; x_wconf 86' lang='lat' dir='ltr'>milii</span> 
     </span>
     <span class='ocr_line' id='line_1_87' title="bbox 1077 1230 1946 1269; baseline 0.005 -9"><span class='ocrx_word' id='word_1_699' title='bbox 1077 1230 1246 1265; x_wconf 83' lang='lat' dir='ltr'>donatam,</span> <span class='ocrx_word' id='word_1_700' title='bbox 1272 1230 1299 1260; x_wconf 72' lang='lat' dir='ltr'>dt</span> <span class='ocrx_word' id='word_1_701' title='bbox 1321 1234 1486 1269; x_wconf 81' lang='lat' dir='ltr'>traditam,</span> <span class='ocrx_word' id='word_1_702' title='bbox 1503 1241 1577 1263; x_wconf 78' lang='lat' dir='ltr'>emo</span> <span class='ocrx_word' id='word_1_703' title='bbox 1594 1241 1608 1262; x_wconf 88' lang='lat' dir='ltr'>a</span> <span class='ocrx_word' id='word_1_704' title='bbox 1630 1234 1794 1263; x_wconf 78' lang='lat' dir='ltr'>donatoris</span> <span class='ocrx_word' id='word_1_705' title='bbox 1814 1232 1946 1264; x_wconf 82' lang='lat' dir='ltr'>herede.</span> 
     </span>
     <span class='ocr_line' id='line_1_88' title="bbox 1077 1270 1947 1315; baseline 0.005 -14"><span class='ocrx_word' id='word_1_706' title='bbox 1077 1270 1161 1315; x_wconf 57' lang='lat' dir='ltr'>reste</span> <span class='ocrx_word' id='word_1_707' title='bbox 1178 1280 1262 1302; x_wconf 80' lang='lat' dir='ltr'>erno.</span> <span class='ocrx_word' id='word_1_708' title='bbox 1293 1274 1379 1311; x_wconf 82' lang='lat' dir='ltr'>atqui</span> <span class='ocrx_word' id='word_1_709' title='bbox 1402 1272 1445 1303; x_wconf 83' lang='lat' dir='ltr'>est</span> <span class='ocrx_word' id='word_1_710' title='bbox 1464 1282 1531 1303; x_wconf 87' lang='lat' dir='ltr'>mea</span> <span class='ocrx_word' id='word_1_711' title='bbox 1562 1272 1610 1304; x_wconf 85' lang='lat' dir='ltr'>sed</span> <span class='ocrx_word' id='word_1_712' title='bbox 1630 1283 1644 1303; x_wconf 84' lang='lat' dir='ltr'>a</span> <span class='ocrx_word' id='word_1_713' title='bbox 1663 1283 1713 1305; x_wconf 81' lang='lat' dir='ltr'>me</span> <span class='ocrx_word' id='word_1_714' title='bbox 1729 1275 1864 1305; x_wconf 82' lang='lat' dir='ltr'>ab.tui·a:</span> <span class='ocrx_word' id='word_1_715' title='bbox 1889 1275 1947 1306; x_wconf 93' lang='lat' dir='ltr'>do-</span> 
     </span>
     <span class='ocr_line' id='line_1_89' title="bbox 1077 1313 1948 1352; baseline 0.006 -11"><span class='ocrx_word' id='word_1_716' title='bbox 1077 1320 1205 1342; x_wconf 84' lang='lat' dir='ltr'>natione</span> <span class='ocrx_word' id='word_1_717' title='bbox 1226 1321 1282 1352; x_wconf 85' lang='lat' dir='ltr'>per</span> <span class='ocrx_word' id='word_1_718' title='bbox 1307 1313 1468 1352; x_wconf 86' lang='lat' dir='ltr'>querelam</span> <span class='ocrx_word' id='word_1_719' title='bbox 1496 1314 1676 1345; x_wconf 83' lang='lat' dir='ltr'>inofficiosae</span> <span class='ocrx_word' id='word_1_720' title='bbox 1697 1315 1878 1347; x_wconf 70' lang='lat' dir='ltr'>donationis</span> <span class='ocrx_word' id='word_1_721' title='bbox 1899 1326 1948 1346; x_wconf 86' lang='lat' dir='ltr'>re-</span> 
     </span>
     <span class='ocr_line' id='line_1_90' title="bbox 1077 1351 1948 1394; baseline 0.006 -11"><span class='ocrx_word' id='word_1_722' title='bbox 1077 1351 1160 1384; x_wconf 85' lang='lat' dir='ltr'>scissa</span> <span class='ocrx_word' id='word_1_723' title='bbox 1178 1354 1216 1384; x_wconf 87' lang='lat' dir='ltr'>ad</span> <span class='ocrx_word' id='word_1_724' title='bbox 1235 1354 1418 1394; x_wconf 81' lang='lat' dir='ltr'>exemplum</span> <span class='ocrx_word' id='word_1_725' title='bbox 1443 1354 1607 1386; x_wconf 67' lang='lat' dir='ltr'>inofficiosi</span> <span class='ocrx_word' id='word_1_726' title='bbox 1636 1356 1823 1387; x_wconf 72' lang='lat' dir='ltr'>testamenti.</span> <span class='ocrx_word' id='word_1_727' title='bbox 1851 1357 1948 1388; x_wconf 84' lang='lat' dir='ltr'>Plane</span> 
     </span>
     <span class='ocr_line' id='line_1_91' title="bbox 1077 1396 1960 1439; baseline 0.002 -14"><span class='ocrx_word' id='word_1_728' title='bbox 1077 1401 1110 1425; x_wconf 89' lang='lat' dir='ltr'>ut</span> <span class='ocrx_word' id='word_1_729' title='bbox 1127 1404 1233 1426; x_wconf 90' lang='lat' dir='ltr'>emere</span> <span class='ocrx_word' id='word_1_730' title='bbox 1244 1404 1308 1439; x_wconf 84' lang='lat' dir='ltr'>rem</span> <span class='ocrx_word' id='word_1_731' title='bbox 1328 1404 1429 1426; x_wconf 86' lang='lat' dir='ltr'>meam</span> <span class='ocrx_word' id='word_1_732' title='bbox 1448 1405 1622 1435; x_wconf 85' lang='lat' dir='ltr'>nequeam,</span> <span class='ocrx_word' id='word_1_733' title='bbox 1641 1396 1810 1428; x_wconf 80' lang='lat' dir='ltr'>distrahere</span> <span class='ocrx_word' id='word_1_734' title='bbox 1822 1404 1855 1428; x_wconf 92' lang='lat' dir='ltr'>ut</span> <span class='ocrx_word' id='word_1_735' title='bbox 1873 1407 1960 1438; x_wconf 67' lang='lat' dir='ltr'>pos-,</span> 
     </span>
     <span class='ocr_line' id='line_1_92' title="bbox 1076 1434 1948 1478; baseline 0.002 -11"><span class='ocrx_word' id='word_1_736' title='bbox 1076 1434 1148 1473; x_wconf 85' lang='lat' dir='ltr'>fim,</span> <span class='ocrx_word' id='word_1_737' title='bbox 1173 1438 1316 1468; x_wconf 81' lang='lat' dir='ltr'>dominio</span> <span class='ocrx_word' id='word_1_738' title='bbox 1334 1437 1530 1478; x_wconf 83' lang='lat' dir='ltr'>consequens</span> <span class='ocrx_word' id='word_1_739' title='bbox 1547 1437 1601 1469; x_wconf 85' lang='lat' dir='ltr'>est.</span> <span class='ocrx_word' id='word_1_740' title='bbox 1651 1437 1702 1468; x_wconf 86' lang='lat' dir='ltr'>De</span> <span class='ocrx_word' id='word_1_741' title='bbox 1717 1438 1817 1469; x_wconf 86' lang='lat' dir='ltr'>aliena</span> <span class='ocrx_word' id='word_1_742' title='bbox 1842 1441 1948 1470; x_wconf 83' lang='lat' dir='ltr'>videa-</span> 
     </span>
     <span class='ocr_line' id='line_1_93' title="bbox 1078 1477 1945 1522; baseline 0.003 -14"><span class='ocrx_word' id='word_1_743' title='bbox 1078 1486 1163 1508; x_wconf 67' lang='lat' dir='ltr'>mus:</span> <span class='ocrx_word' id='word_1_744' title='bbox 1188 1477 1252 1517; x_wconf 70' lang='lat' dir='ltr'>‹jis</span> <span class='ocrx_word' id='word_1_745' title='bbox 1280 1487 1342 1509; x_wconf 89' lang='lat' dir='ltr'>non</span> <span class='ocrx_word' id='word_1_746' title='bbox 1370 1480 1432 1508; x_wconf 76' lang='lat' dir='ltr'>ium</span> <span class='ocrx_word' id='word_1_747' title='bbox 1459 1480 1623 1522; x_wconf 46' lang='lat' dir='ltr'>dominum</span> <span class='ocrx_word' id='word_1_748' title='bbox 1656 1488 1760 1510; x_wconf 87' lang='lat' dir='ltr'>tamen</span> <span class='ocrx_word' id='word_1_749' title='bbox 1788 1480 1945 1511; x_wconf 78' lang='lat' dir='ltr'>venditio-</span> 
     </span>
     <span class='ocr_line' id='line_1_94' title="bbox 1079 1518 1946 1557; baseline 0.002 -7"><span class='ocrx_word' id='word_1_750' title='bbox 1079 1528 1149 1550; x_wconf 84' lang='lat' dir='ltr'>nem</span> <span class='ocrx_word' id='word_1_751' title='bbox 1172 1518 1326 1557; x_wconf 75' lang='lat' dir='ltr'>Ulpianus</span> <span class='ocrx_word' id='word_1_752' title='bbox 1345 1518 1418 1550; x_wconf 88' lang='lat' dir='ltr'>mihi</span> <span class='ocrx_word' id='word_1_753' title='bbox 1441 1520 1592 1550; x_wconf 76' lang='lat' dir='ltr'>concedit</span> <span class='ocrx_word' id='word_1_754' title='bbox 1619 1521 1637 1550; x_wconf 87' lang='lat' dir='ltr'>l.</span> <span class='ocrx_word' id='word_1_755' title='bbox 1661 1525 1707 1554; x_wconf 78' lang='lat'>28-</span> <span class='ocrx_word' id='word_1_756' title='bbox 1738 1520 1776 1551; x_wconf 90' lang='lat' dir='ltr'>D.</span> <span class='ocrx_word' id='word_1_757' title='bbox 1803 1522 1829 1551; x_wconf 84' lang='lat' dir='ltr'>b.</span> <span class='ocrx_word' id='word_1_758' title='bbox 1848 1527 1868 1552; x_wconf 88' lang='lat' dir='ltr'>t.</span> <span class='ocrx_word' id='word_1_759' title='bbox 1888 1520 1946 1553; x_wconf 76' lang='lat' dir='ltr'>etsi</span> 
     </span>
     <span class='ocr_line' id='line_1_95' title="bbox 1080 1559 1948 1601; baseline 0.002 -10"><span class='ocrx_word' id='word_1_760' title='bbox 1080 1560 1170 1600; x_wconf 81' lang='lat' dir='ltr'>poffit</span> <span class='ocrx_word' id='word_1_761' title='bbox 1188 1560 1290 1599; x_wconf 74' lang='lat' dir='ltr'>aliqua</span> <span class='ocrx_word' id='word_1_762' title='bbox 1308 1559 1370 1590; x_wconf 76' lang='lat' dir='ltr'>esl&#39;e</span> <span class='ocrx_word' id='word_1_763' title='bbox 1388 1560 1564 1598; x_wconf 74' lang='lat' dir='ltr'>dubitatio,</span> <span class='ocrx_word' id='word_1_764' title='bbox 1583 1570 1713 1600; x_wconf 88' lang='lat' dir='ltr'>propter</span> <span class='ocrx_word' id='word_1_765' title='bbox 1734 1563 1846 1601; x_wconf 76' lang='lat' dir='ltr'>pignus</span> <span class='ocrx_word' id='word_1_766' title='bbox 1863 1562 1892 1592; x_wconf 87' lang='lat' dir='ltr'>in</span> <span class='ocrx_word' id='word_1_767' title='bbox 1912 1571 1948 1593; x_wconf 82' lang='lat' dir='ltr'>re</span> 
     </span>
     <span class='ocr_line' id='line_1_96' title="bbox 1078 1602 1948 1633; baseline 0.001 -1"><span class='ocrx_word' id='word_1_768' title='bbox 1078 1602 1178 1633; x_wconf 79' lang='lat' dir='ltr'>aliena</span> <span class='ocrx_word' id='word_1_769' title='bbox 1195 1602 1420 1633; x_wconf 85' lang='lat' dir='ltr'>constitutum:</span> <span class='ocrx_word' id='word_1_770' title='bbox 1447 1611 1516 1633; x_wconf 85' lang='lat' dir='ltr'>nani</span> <span class='ocrx_word' id='word_1_771' title='bbox 1540 1602 1579 1632; x_wconf 87' lang='lat' dir='ltr'>de</span> <span class='ocrx_word' id='word_1_772' title='bbox 1598 1602 1660 1632; x_wconf 85' lang='lat' dir='ltr'>hoc</span> <span class='ocrx_word' id='word_1_773' title='bbox 1678 1602 1761 1633; x_wconf 84' lang='lat' dir='ltr'>aliud</span> <span class='ocrx_word' id='word_1_774' title='bbox 1781 1604 1911 1633; x_wconf 63' lang='lat' dir='ltr'>traditur</span> <span class='ocrx_word' id='word_1_775' title='bbox 1928 1603 1948 1633; x_wconf 85' lang='lat' dir='ltr'>l.</span> 
     </span>
     <span class='ocr_line' id='line_1_97' title="bbox 1077 1642 1946 1685; baseline 0.002 -12"><span class='ocrx_word' id='word_1_776' title='bbox 1077 1647 1096 1673; x_wconf 90' lang='lat'><strong>6</strong></span> <span class='ocrx_word' id='word_1_777' title='bbox 1126 1642 1157 1673; x_wconf 87' lang='lat' dir='ltr'>C.</span> <span class='ocrx_word' id='word_1_778' title='bbox 1177 1643 1210 1673; x_wconf 79' lang='lat' dir='ltr'>St</span> <span class='ocrx_word' id='word_1_779' title='bbox 1233 1643 1326 1674; x_wconf 77' lang='lat' dir='ltr'>aliena</span> <span class='ocrx_word' id='word_1_780' title='bbox 1352 1653 1395 1673; x_wconf 86' lang='lat' dir='ltr'>res</span> <span class='ocrx_word' id='word_1_781' title='bbox 1414 1644 1547 1684; x_wconf 75' lang='lat' dir='ltr'>pignori:</span> <span class='ocrx_word' id='word_1_782' title='bbox 1572 1651 1603 1674; x_wconf 86' lang='lat' dir='ltr'>ut</span> <span class='ocrx_word' id='word_1_783' title='bbox 1624 1645 1702 1673; x_wconf 85' lang='lat' dir='ltr'>utin</span> <span class='ocrx_word' id='word_1_784' title='bbox 1721 1643 1738 1672; x_wconf 62' lang='lat' dir='ltr'>l.</span> <span class='ocrx_word' id='word_1_785' title='bbox 1760 1653 1779 1679; x_wconf 83' lang='lat'>9</span> <span class='ocrx_word' id='word_1_786' title='bbox 1808 1642 1835 1685; x_wconf 52' lang='grc' dir='ltr'>ᾗ.</span> <span class='ocrx_word' id='word_1_787' title='bbox 1860 1652 1883 1674; x_wconf 86' lang='lat'>1.</span> <span class='ocrx_word' id='word_1_788' title='bbox 1905 1642 1946 1675; x_wconf 92' lang='lat' dir='ltr'>D.</span> 
     </span>
     <span class='ocr_line' id='line_1_98' title="bbox 1079 1684 1950 1730; baseline -0.001 -15"><span class='ocrx_word' id='word_1_789' title='bbox 1079 1686 1113 1715; x_wconf 84' lang='lat' dir='ltr'>de</span> <span class='ocrx_word' id='word_1_790' title='bbox 1124 1685 1265 1724; x_wconf 70' lang='lat' dir='ltr'>pignorib.</span> <span class='ocrx_word' id='word_1_791' title='bbox 1287 1684 1307 1716; x_wconf 78' lang='lat' dir='ltr'><strong>fi</strong></span> <span class='ocrx_word' id='word_1_792' title='bbox 1327 1685 1497 1715; x_wconf 76' lang='lat' dir='ltr'>scribatur:</span> <span class='ocrx_word' id='word_1_793' title='bbox 1523 1684 1610 1730; x_wconf 64' lang='lat' dir='ltr'>Quod</span> <span class='ocrx_word' id='word_1_794' title='bbox 1634 1686 1799 1724; x_wconf 68' lang='lat' dir='ltr'>eruptionem</span> <span class='ocrx_word' id='word_1_795' title='bbox 1823 1685 1950 1715; x_wconf 73' lang='lat' dir='ltr'>venditi-</span> 
     </span>
     <span class='ocr_line' id='line_1_99' title="bbox 1079 1723 1953 1768; baseline 0 -12"><span class='ocrx_word' id='word_1_796' title='bbox 1079 1735 1158 1756; x_wconf 84' lang='lat' dir='ltr'>onem</span> <span class='ocrx_word' id='word_1_797' title='bbox 1174 1727 1295 1766; x_wconf 71' lang='lat' dir='ltr'>recipit,</span> <span class='ocrx_word' id='word_1_798' title='bbox 1320 1725 1355 1760; x_wconf 51' lang='grc' dir='ltr'>ἐξ</span> <span class='ocrx_word' id='word_1_799' title='bbox 1368 1728 1594 1766; x_wconf 73' lang='lat' dir='ltr'>pignerationem</span> <span class='ocrx_word' id='word_1_800' title='bbox 1610 1727 1727 1765; x_wconf 64' lang='lat' dir='ltr'>recipere</span> <span class='ocrx_word' id='word_1_801' title='bbox 1740 1723 1829 1766; x_wconf 66' lang='lat' dir='ltr'>potest</span> <span class='ocrx_word' id='word_1_802' title='bbox 1860 1726 1953 1768; x_wconf 65' lang='lat' dir='ltr'>Quid*</span> 
     </span>
     <span class='ocr_line' id='line_1_100' title="bbox 1081 1766 1950 1808; baseline 0.002 -11"><span class='ocrx_word' id='word_1_803' title='bbox 1081 1768 1240 1800; x_wconf 73' lang='lat' dir='ltr'>dicimus?</span> <span class='ocrx_word' id='word_1_804' title='bbox 1265 1769 1371 1799; x_wconf 87' lang='lat' dir='ltr'>locum</span> <span class='ocrx_word' id='word_1_805' title='bbox 1390 1767 1451 1798; x_wconf 82' lang='lat' dir='ltr'>ess&#39;e</span> <span class='ocrx_word' id='word_1_806' title='bbox 1480 1766 1639 1799; x_wconf 85' lang='lat' dir='ltr'>difficilem</span> <span class='ocrx_word' id='word_1_807' title='bbox 1666 1768 1692 1797; x_wconf 68' lang='grc' dir='ltr'>ὅ(</span> <span class='ocrx_word' id='word_1_808' title='bbox 1721 1767 1770 1798; x_wconf 80' lang='lat' dir='ltr'>hic</span> <span class='ocrx_word' id='word_1_809' title='bbox 1788 1770 1950 1808; x_wconf 79' lang='lat' dir='ltr'>explican-</span> 
     </span>
     <span class='ocr_line' id='line_1_101' title="bbox 1080 1808 1961 1850; baseline 0 -11"><span class='ocrx_word' id='word_1_810' title='bbox 1080 1809 1171 1839; x_wconf 88' lang='lat' dir='ltr'>dum:</span> <span class='ocrx_word' id='word_1_811' title='bbox 1194 1808 1247 1840; x_wconf 73' lang='lat' dir='ltr'>nisi</span> <span class='ocrx_word' id='word_1_812' title='bbox 1265 1810 1324 1849; x_wconf 80' lang='lat' dir='ltr'>jam</span> <span class='ocrx_word' id='word_1_813' title='bbox 1343 1808 1559 1849; x_wconf 82' lang='lat' dir='ltr'>explicuiss&#39;em</span> <span class='ocrx_word' id='word_1_814' title='bbox 1579 1810 1625 1839; x_wconf 85' lang='lat' dir='ltr'>lib.</span> <span class='ocrx_word' id='word_1_815' title='bbox 1653 1818 1676 1840; x_wconf 91' lang='lat' dir='ltr'>i.</span> <span class='ocrx_word' id='word_1_816' title='bbox 1697 1809 1816 1841; x_wconf 52' lang='lat' dir='ltr'>Oliffrv.</span> <span class='ocrx_word' id='word_1_817' title='bbox 1835 1820 1857 1839; x_wconf 85' lang='lat' dir='ltr'>c.</span> <span class='ocrx_word' id='word_1_818' title='bbox 1878 1819 1905 1850; x_wconf 81' lang='lat'>7.</span> <span class='ocrx_word' id='word_1_819' title='bbox 1956 1837 1961 1843; x_wconf 85' lang='grc'><strong>,</strong></span> 
     </span>
    </p>

    <p class='ocr_par' dir='ltr' id='par_1_8' title="bbox 1080 1849 1957 2598">
     <span class='ocr_line' id='line_1_102' title="bbox 1103 1849 1951 1895; baseline 0.002 -15"><span class='ocrx_word' id='word_1_820' title='bbox 1103 1849 1279 1895; x_wconf 44' lang='grc' dir='ltr'>,Εκρῐίςὶῑει</span> <span class='ocrx_word' id='word_1_821' title='bbox 1301 1850 1405 1882; x_wconf 82' lang='lat' dir='ltr'>forma</span> <span class='ocrx_word' id='word_1_822' title='bbox 1431 1850 1657 1882; x_wconf 79' lang='lat' dir='ltr'>contrahendae</span> <span class='ocrx_word' id='word_1_823' title='bbox 1683 1850 1875 1888; x_wconf 73' lang='lat' dir='ltr'>emptionis,</span> <span class='ocrx_word' id='word_1_824' title='bbox 1897 1851 1951 1882; x_wconf 87' lang='lat' dir='ltr'>ad-</span> 
     </span>
     <span class='ocr_line' id='line_1_103' title="bbox 1081 1891 1951 1933; baseline 0.001 -11"><span class='ocrx_word' id='word_1_825' title='bbox 1081 1891 1155 1922; x_wconf 85' lang='lat' dir='ltr'>ditis</span> <span class='ocrx_word' id='word_1_826' title='bbox 1181 1892 1273 1923; x_wconf 85' lang='lat' dir='ltr'>rebus</span> <span class='ocrx_word' id='word_1_827' title='bbox 1307 1901 1377 1932; x_wconf 67' lang='lat' dir='ltr'>quae</span> <span class='ocrx_word' id='word_1_828' title='bbox 1404 1893 1515 1923; x_wconf 88' lang='lat' dir='ltr'>venire</span> <span class='ocrx_word' id='word_1_829' title='bbox 1540 1891 1674 1933; x_wconf 80' lang='lat' dir='ltr'>poffinr,</span> <span class='ocrx_word' id='word_1_830' title='bbox 1706 1892 1856 1922; x_wconf 83' lang='lat' dir='ltr'>abl&#39;olutae</span> <span class='ocrx_word' id='word_1_831' title='bbox 1882 1895 1951 1923; x_wconf 86' lang='lat' dir='ltr'>lunt</span> 
     </span>
     <span class='ocr_line' id='line_1_104' title="bbox 1082 1932 1948 1974; baseline 0.002 -11"><span class='ocrx_word' id='word_1_832' title='bbox 1082 1934 1151 1964; x_wconf 85' lang='lat' dir='ltr'>duae</span> <span class='ocrx_word' id='word_1_833' title='bbox 1176 1932 1280 1965; x_wconf 85' lang='lat' dir='ltr'>Tituli</span> <span class='ocrx_word' id='word_1_834' title='bbox 1306 1942 1421 1974; x_wconf 86' lang='lat' dir='ltr'>partes.</span> <span class='ocrx_word' id='word_1_835' title='bbox 1445 1933 1538 1965; x_wconf 79' lang='lat' dir='ltr'>restat</span> <span class='ocrx_word' id='word_1_836' title='bbox 1562 1933 1651 1964; x_wconf 87' lang='lat' dir='ltr'>tertia</span> <span class='ocrx_word' id='word_1_837' title='bbox 1675 1934 1714 1964; x_wconf 91' lang='lat' dir='ltr'>de</span> <span class='ocrx_word' id='word_1_838' title='bbox 1744 1933 1841 1974; x_wconf 63' lang='lat' dir='ltr'>pactis</span> <span class='ocrx_word' id='word_1_839' title='bbox 1865 1936 1948 1965; x_wconf 88' lang='lat' dir='ltr'>inter</span> 
     </span>
     <span class='ocr_line' id='line_1_105' title="bbox 1084 1973 1950 2015; baseline 0 -10"><span class='ocrx_word' id='word_1_840' title='bbox 1084 1981 1263 2015; x_wconf 88' lang='lat' dir='ltr'>emptorem</span> <span class='ocrx_word' id='word_1_841' title='bbox 1296 1976 1325 2006; x_wconf 67' lang='lat' dir='ltr'>(it</span> <span class='ocrx_word' id='word_1_842' title='bbox 1351 1974 1548 2006; x_wconf 88' lang='lat' dir='ltr'>venditorem</span> <span class='ocrx_word' id='word_1_843' title='bbox 1575 1973 1770 2013; x_wconf 76' lang='lat' dir='ltr'>compositis.</span> <span class='ocrx_word' id='word_1_844' title='bbox 1802 1976 1950 2005; x_wconf 82' lang='lat' dir='ltr'>continet</span> 
     </span>
     <span class='ocr_line' id='line_1_106' title="bbox 1084 2015 1949 2057; baseline -0.001 -11"><span class='ocrx_word' id='word_1_845' title='bbox 1084 2025 1162 2047; x_wconf 89' lang='lat' dir='ltr'>vero</span> <span class='ocrx_word' id='word_1_846' title='bbox 1173 2016 1513 2057; x_wconf 75' lang='lat' dir='ltr'>haecexemplamulta:</span> <span class='ocrx_word' id='word_1_847' title='bbox 1530 2015 1692 2054; x_wconf 84' lang='lat' dir='ltr'>exquibus</span> <span class='ocrx_word' id='word_1_848' title='bbox 1713 2015 1859 2046; x_wconf 79' lang='lat' dir='ltr'>illustravi</span> <span class='ocrx_word' id='word_1_849' title='bbox 1884 2017 1949 2045; x_wconf 89' lang='lat' dir='ltr'>duo</span> 
     </span>
     <span class='ocr_line' id='line_1_107' title="bbox 1083 2056 1947 2095; baseline -0.001 -8"><span class='ocrx_word' id='word_1_850' title='bbox 1083 2057 1175 2088; x_wconf 83' lang='lat' dir='ltr'>valde</span> <span class='ocrx_word' id='word_1_851' title='bbox 1191 2057 1332 2089; x_wconf 77' lang='lat' dir='ltr'>obscura.</span> <span class='ocrx_word' id='word_1_852' title='bbox 1356 2058 1487 2089; x_wconf 85' lang='lat' dir='ltr'>alterum</span> <span class='ocrx_word' id='word_1_853' title='bbox 1505 2058 1551 2088; x_wconf 86' lang='lat' dir='ltr'>lib.</span> <span class='ocrx_word' id='word_1_854' title='bbox 1571 2068 1599 2095; x_wconf 85' lang='lat'>4.</span> <span class='ocrx_word' id='word_1_855' title='bbox 1622 2056 1760 2088; x_wconf 73' lang='lat' dir='ltr'>Probabit.</span> <span class='ocrx_word' id='word_1_856' title='bbox 1779 2067 1801 2087; x_wconf 50' lang='lat' dir='ltr'>c.</span> <span class='ocrx_word' id='word_1_857' title='bbox 1822 2067 1849 2088; x_wconf 86' lang='lat'>2.</span> <span class='ocrx_word' id='word_1_858' title='bbox 1869 2058 1947 2087; x_wconf 89' lang='lat' dir='ltr'>alte-</span> 
     </span>
     <span class='ocr_line' id='line_1_108' title="bbox 1083 2097 1950 2140; baseline -0.001 -11"><span class='ocrx_word' id='word_1_859' title='bbox 1083 2107 1151 2130; x_wconf 88' lang='lat' dir='ltr'>rum</span> <span class='ocrx_word' id='word_1_860' title='bbox 1168 2100 1216 2130; x_wconf 79' lang='lat' dir='ltr'>lib.</span> <span class='ocrx_word' id='word_1_861' title='bbox 1237 2109 1265 2140; x_wconf 81' lang='lat'>3.</span> <span class='ocrx_word' id='word_1_862' title='bbox 1283 2109 1307 2130; x_wconf 90' lang='lat' dir='ltr'>c.</span> <span class='ocrx_word' id='word_1_863' title='bbox 1328 2108 1378 2130; x_wconf 80' lang='lat' dir='ltr'>xr.</span> <span class='ocrx_word' id='word_1_864' title='bbox 1397 2108 1460 2130; x_wconf 88' lang='lat' dir='ltr'>nec</span> <span class='ocrx_word' id='word_1_865' title='bbox 1481 2098 1590 2130; x_wconf 86' lang='lat' dir='ltr'>inutile</span> <span class='ocrx_word' id='word_1_866' title='bbox 1607 2097 1711 2135; x_wconf 87' lang='lat' dir='ltr'>foret,</span> <span class='ocrx_word' id='word_1_867' title='bbox 1730 2097 1780 2128; x_wconf 83' lang='lat' dir='ltr'>hic</span> <span class='ocrx_word' id='word_1_868' title='bbox 1797 2106 1950 2137; x_wconf 60' lang='lat' dir='ltr'>praeterea</span> 
     </span>
     <span class='ocr_line' id='line_1_109' title="bbox 1082 2139 1957 2181; baseline -0.002 -10"><span class='ocrx_word' id='word_1_869' title='bbox 1082 2140 1231 2179; x_wconf 87' lang='lat' dir='ltr'>indicari,</span> <span class='ocrx_word' id='word_1_870' title='bbox 1257 2141 1526 2181; x_wconf 86' lang='lat' dir='ltr'>quemadmodum</span> <span class='ocrx_word' id='word_1_871' title='bbox 1542 2140 1589 2180; x_wconf 89' lang='lat' dir='ltr'>jus</span> <span class='ocrx_word' id='word_1_872' title='bbox 1613 2140 1647 2170; x_wconf 81' lang='lat' dir='ltr'>lit</span> <span class='ocrx_word' id='word_1_873' title='bbox 1664 2139 1927 2170; x_wconf 80' lang='lat' dir='ltr'>contrahentibus</span> <span class='ocrx_word' id='word_1_874' title='bbox 1937 2144 1957 2176; x_wconf 69' lang='grc' dir='ltr'>,ζ</span> 
     </span>
     <span class='ocr_line' id='line_1_110' title="bbox 1081 2179 1952 2220; baseline -0.001 -8"><span class='ocrx_word' id='word_1_875' title='bbox 1081 2189 1221 2214; x_wconf 84' lang='lat' dir='ltr'>naturam</span> <span class='ocrx_word' id='word_1_876' title='bbox 1246 2181 1427 2212; x_wconf 67' lang='lat' dir='ltr'>contrastus</span> <span class='ocrx_word' id='word_1_877' title='bbox 1447 2182 1541 2220; x_wconf 65' lang='lat' dir='ltr'>pastis</span> <span class='ocrx_word' id='word_1_878' title='bbox 1567 2181 1694 2220; x_wconf 57' lang='lat' dir='ltr'>adjectis</span> <span class='ocrx_word' id='word_1_879' title='bbox 1719 2189 1774 2219; x_wconf 89' lang='lat' dir='ltr'>pro</span> <span class='ocrx_word' id='word_1_880' title='bbox 1791 2179 1845 2211; x_wconf 86' lang='lat' dir='ltr'>suo</span> <span class='ocrx_word' id='word_1_881' title='bbox 1863 2190 1952 2211; x_wconf 92' lang='lat' dir='ltr'>com-</span> 
     </span>
     <span class='ocr_line' id='line_1_111' title="bbox 1080 2222 1950 2263; baseline -0.002 -9"><span class='ocrx_word' id='word_1_882' title='bbox 1080 2223 1178 2255; x_wconf 88' lang='lat' dir='ltr'>modo</span> <span class='ocrx_word' id='word_1_883' title='bbox 1201 2223 1396 2260; x_wconf 83' lang='lat' dir='ltr'>informare,</span> <span class='ocrx_word' id='word_1_884' title='bbox 1428 2223 1615 2263; x_wconf 86' lang='lat' dir='ltr'>plerumque</span> <span class='ocrx_word' id='word_1_885' title='bbox 1640 2222 1670 2252; x_wconf 93' lang='lat' dir='ltr'>in</span> <span class='ocrx_word' id='word_1_886' title='bbox 1696 2222 1894 2259; x_wconf 83' lang='lat' dir='ltr'>continenti,</span> <span class='ocrx_word' id='word_1_887' title='bbox 1918 2231 1950 2252; x_wconf 87' lang='lat' dir='ltr'>a·</span> 
     </span>
     <span class='ocr_line' id='line_1_112' title="bbox 1080 2262 1951 2305; baseline -0.002 -9"><span class='ocrx_word' id='word_1_888' title='bbox 1080 2265 1234 2305; x_wconf 83' lang='lat' dir='ltr'>liquando</span> <span class='ocrx_word' id='word_1_889' title='bbox 1255 2274 1294 2295; x_wconf 83' lang='lat' dir='ltr'>ex</span> <span class='ocrx_word' id='word_1_890' title='bbox 1312 2264 1501 2301; x_wconf 83' lang='lat' dir='ltr'>intervallo,</span> <span class='ocrx_word' id='word_1_891' title='bbox 1529 2272 1582 2295; x_wconf 89' lang='lat' dir='ltr'>aut</span> <span class='ocrx_word' id='word_1_892' title='bbox 1606 2263 1805 2294; x_wconf 81' lang='lat' dir='ltr'>detrahendo</span> <span class='ocrx_word' id='word_1_893' title='bbox 1824 2263 1863 2294; x_wconf 83' lang='lat' dir='ltr'>de</span> <span class='ocrx_word' id='word_1_894' title='bbox 1882 2262 1951 2294; x_wconf 82' lang='lat' dir='ltr'>sub-</span> 
     </span>
     <span class='ocr_line' id='line_1_113' title="bbox 1080 2304 1950 2345; baseline -0.002 -8"><span class='ocrx_word' id='word_1_895' title='bbox 1080 2305 1190 2337; x_wconf 87' lang='lat' dir='ltr'>stantia</span> <span class='ocrx_word' id='word_1_896' title='bbox 1221 2307 1272 2338; x_wconf 88' lang='lat' dir='ltr'>vel</span> <span class='ocrx_word' id='word_1_897' title='bbox 1298 2304 1494 2337; x_wconf 80' lang='lat' dir='ltr'>adminiculis</span> <span class='ocrx_word' id='word_1_898' title='bbox 1519 2305 1654 2345; x_wconf 88' lang='lat' dir='ltr'>aliquid,</span> <span class='ocrx_word' id='word_1_899' title='bbox 1679 2313 1732 2334; x_wconf 86' lang='lat' dir='ltr'>aut</span> <span class='ocrx_word' id='word_1_900' title='bbox 1757 2304 1950 2343; x_wconf 85' lang='lat' dir='ltr'>adjiciendo.</span> 
     </span>
     <span class='ocr_line' id='line_1_114' title="bbox 1081 2344 1950 2386; baseline -0.002 -8"><span class='ocrx_word' id='word_1_901' title='bbox 1081 2346 1142 2380; x_wconf 90' lang='lat' dir='ltr'>Sed</span> <span class='ocrx_word' id='word_1_902' title='bbox 1161 2349 1233 2379; x_wconf 83' lang='lat' dir='ltr'>talia</span> <span class='ocrx_word' id='word_1_903' title='bbox 1249 2356 1404 2378; x_wconf 84' lang='lat' dir='ltr'>executus</span> <span class='ocrx_word' id='word_1_904' title='bbox 1429 2347 1562 2378; x_wconf 88' lang='lat' dir='ltr'>antehac</span> <span class='ocrx_word' id='word_1_905' title='bbox 1579 2355 1690 2386; x_wconf 80' lang='lat' dir='ltr'>magna</span> <span class='ocrx_word' id='word_1_906' title='bbox 1705 2345 1867 2385; x_wconf 81' lang='lat' dir='ltr'>diligentia</span> <span class='ocrx_word' id='word_1_907' title='bbox 1885 2344 1950 2376; x_wconf 88' lang='lat' dir='ltr'>sum</span> 
     </span>
     <span class='ocr_line' id='line_1_115' title="bbox 1080 2385 1949 2430; baseline -0.005 -11"><span class='ocrx_word' id='word_1_908' title='bbox 1080 2389 1128 2421; x_wconf 82' lang='lat' dir='ltr'>lib.</span> <span class='ocrx_word' id='word_1_909' title='bbox 1143 2388 1212 2430; x_wconf 77' lang='lat' dir='ltr'>sing</span> <span class='ocrx_word' id='word_1_910' title='bbox 1241 2389 1291 2420; x_wconf 69' lang='lat' dir='ltr'>Aci</span> <span class='ocrx_word' id='word_1_911' title='bbox 1316 2387 1409 2419; x_wconf 66' lang='lat' dir='ltr'>Edist.</span> <span class='ocrx_word' id='word_1_912' title='bbox 1428 2390 1478 2420; x_wconf 85' lang='lat' dir='ltr'>De</span> <span class='ocrx_word' id='word_1_913' title='bbox 1489 2387 1565 2429; x_wconf 65' lang='lat' dir='ltr'>past.</span> <span class='ocrx_word' id='word_1_914' title='bbox 1592 2387 1627 2422; x_wconf 65' lang='lat'>89⁹</span> <span class='ocrx_word' id='word_1_915' title='bbox 1644 2386 1770 2417; x_wconf 65' lang='lat' dir='ltr'>trama&amp;</span> <span class='ocrx_word' id='word_1_916' title='bbox 1797 2396 1819 2415; x_wconf 88' lang='lat' dir='ltr'>c.</span> <span class='ocrx_word' id='word_1_917' title='bbox 1840 2395 1890 2416; x_wconf 82' lang='lat' dir='ltr'>XI.</span> <span class='ocrx_word' id='word_1_918' title='bbox 1912 2385 1949 2419; x_wconf 56' lang='grc' dir='ltr'><em>ἃ</em></span> 
     </span>
     <span class='ocr_line' id='line_1_116' title="bbox 1081 2426 1951 2471; baseline -0.003 -10"><span class='ocrx_word' id='word_1_919' title='bbox 1081 2441 1102 2462; x_wconf 88' lang='lat' dir='ltr'>c.</span> <span class='ocrx_word' id='word_1_920' title='bbox 1121 2440 1195 2463; x_wconf 83' lang='lat' dir='ltr'>xix.</span> <span class='ocrx_word' id='word_1_921' title='bbox 1215 2430 1311 2471; x_wconf 81' lang='lat' dir='ltr'>lgitur</span> <span class='ocrx_word' id='word_1_922' title='bbox 1328 2440 1365 2460; x_wconf 88' lang='lat' dir='ltr'>nc</span> <span class='ocrx_word' id='word_1_923' title='bbox 1385 2438 1477 2466; x_wconf 79' lang='lat' dir='ltr'>pete.</span> <span class='ocrx_word' id='word_1_924' title='bbox 1504 2429 1555 2460; x_wconf 92' lang='lat' dir='ltr'>hic</span> <span class='ocrx_word' id='word_1_925' title='bbox 1574 2439 1590 2460; x_wconf 84' lang='lat' dir='ltr'>a</span> <span class='ocrx_word' id='word_1_926' title='bbox 1615 2437 1665 2459; x_wconf 89' lang='lat' dir='ltr'>me</span> <span class='ocrx_word' id='word_1_927' title='bbox 1690 2437 1736 2463; x_wconf 66' lang='lat' dir='ltr'>agi</span> <span class='ocrx_word' id='word_1_928' title='bbox 1759 2427 1859 2457; x_wconf 61' lang='lat' dir='ltr'>actim</span> <span class='ocrx_word' id='word_1_929' title='bbox 1899 2426 1951 2458; x_wconf 86' lang='lat' dir='ltr'>sed</span> 
     </span>
     <span class='ocr_line' id='line_1_117' title="bbox 1082 2467 1951 2512; baseline -0.003 -10"><span class='ocrx_word' id='word_1_930' title='bbox 1082 2481 1114 2503; x_wconf 92' lang='lat' dir='ltr'>ut</span> <span class='ocrx_word' id='word_1_931' title='bbox 1126 2474 1189 2505; x_wconf 91' lang='lat' dir='ltr'>duo</span> <span class='ocrx_word' id='word_1_932' title='bbox 1200 2472 1366 2512; x_wconf 87' lang='lat' dir='ltr'>sequentes</span> <span class='ocrx_word' id='word_1_933' title='bbox 1375 2470 1498 2510; x_wconf 89' lang='lat' dir='ltr'>Tituli,</span> <span class='ocrx_word' id='word_1_934' title='bbox 1508 2472 1585 2502; x_wconf 85' lang='lat' dir='ltr'>alter</span> <span class='ocrx_word' id='word_1_935' title='bbox 1596 2467 1810 2499; x_wconf 70' lang='lat' dir='ltr'>Deadcizttione</span> <span class='ocrx_word' id='word_1_936' title='bbox 1818 2469 1849 2498; x_wconf 86' lang='lat' dir='ltr'>in</span> <span class='ocrx_word' id='word_1_937' title='bbox 1859 2469 1951 2508; x_wconf 72' lang='lat' dir='ltr'>client,</span> 
     </span>
     <span class='ocr_line' id='line_1_118' title="bbox 1081 2511 1950 2555; baseline -0.006 -10"><span class='ocrx_word' id='word_1_938' title='bbox 1081 2515 1159 2545; x_wconf 89' lang='lat' dir='ltr'>alter</span> <span class='ocrx_word' id='word_1_939' title='bbox 1177 2512 1607 2555; x_wconf 60' lang='lat' dir='ltr'>Delegecomnzifforia,aliqua</span> <span class='ocrx_word' id='word_1_940' title='bbox 1626 2511 1767 2548; x_wconf 68' lang='lat' dir='ltr'>indigent</span> <span class='ocrx_word' id='word_1_941' title='bbox 1784 2520 1865 2547; x_wconf 44' lang='lat' dir='ltr'>ope,</span> <span class='ocrx_word' id='word_1_942' title='bbox 1885 2520 1950 2542; x_wconf 85' lang='lat' dir='ltr'>non</span> 
     </span>
     <span class='ocr_line' id='line_1_119' title="bbox 1081 2550 1955 2598; baseline -0.006 -10"><span class='ocrx_word' id='word_1_943' title='bbox 1081 2556 1205 2598; x_wconf 84' lang='lat' dir='ltr'>pigebit</span> <span class='ocrx_word' id='word_1_944' title='bbox 1226 2557 1325 2588; x_wconf 85' lang='lat' dir='ltr'>mede</span> <span class='ocrx_word' id='word_1_945' title='bbox 1336 2554 1566 2595; x_wconf 83' lang='lat' dir='ltr'>his,quantum</span> <span class='ocrx_word' id='word_1_946' title='bbox 1582 2550 1651 2582; x_wconf 86' lang='lat' dir='ltr'>satis</span> <span class='ocrx_word' id='word_1_947' title='bbox 1668 2550 1733 2590; x_wconf 82' lang='lat' dir='ltr'>est,</span> <span class='ocrx_word' id='word_1_948' title='bbox 1756 2550 1955 2592; x_wconf 81' lang='lat' dir='ltr'>subjungere.</span> 
     </span>
    </p>
   </div>
   <div class='ocr_carea' id='block_1_6' title="bbox 1257 2639 1300 2676">
    <p class='ocr_par' dir='ltr' id='par_1_9' title="bbox 1257 2639 1300 2676">
     <span class='ocr_line' id='line_1_120' title="bbox 1257 2639 1300 2676; baseline -0.047 0"><span class='ocrx_word' id='word_1_949' title='bbox 1257 2639 1300 2676; x_wconf 87' lang='lat'>11.</span> 
     </span>
    </p>
   </div>
   <div class='ocr_carea' id='block_1_7' title="bbox 889 2717 1274 2755">
    <p class='ocr_par' dir='ltr' id='par_1_10' title="bbox 889 2717 1274 2755">
     <span class='ocr_line' id='line_1_121' title="bbox 889 2717 1274 2755; baseline -0.005 0"><span class='ocrx_word' id='word_1_950' title='bbox 889 2719 941 2755; x_wconf 85' lang='lat' dir='ltr'>De</span> <span class='ocrx_word' id='word_1_951' title='bbox 959 2720 989 2754; x_wconf 89' lang='lat' dir='ltr'>in</span> <span class='ocrx_word' id='word_1_952' title='bbox 1002 2719 1080 2754; x_wconf 81' lang='lat' dir='ltr'>diem</span> <span class='ocrx_word' id='word_1_953' title='bbox 1096 2717 1274 2754; x_wconf 66' lang='lat' dir='ltr'>addifflone.</span> 
     </span>
    </p>
   </div>
   <div class='ocr_carea' id='block_1_8' title="bbox 175 2807 1043 3262">
    <p class='ocr_par' dir='ltr' id='par_1_11' title="bbox 175 2807 1043 3262">
     <span class='ocr_line' id='line_1_122' title="bbox 178 2807 1043 2887; baseline -0.002 -46"><span class='ocrx_word' id='word_1_954' title='bbox 178 2810 263 2887; x_wconf 86' lang='lat' dir='ltr'><strong>R</strong></span> <span class='ocrx_word' id='word_1_955' title='bbox 280 2808 390 2841; x_wconf 88' lang='lat' dir='ltr'>ubrica</span> <span class='ocrx_word' id='word_1_956' title='bbox 408 2807 471 2839; x_wconf 86' lang='lat' dir='ltr'>fuit</span> <span class='ocrx_word' id='word_1_957' title='bbox 487 2809 655 2850; x_wconf 81' lang='lat' dir='ltr'>aliquando</span> <span class='ocrx_word' id='word_1_958' title='bbox 670 2810 712 2843; x_wconf 87' lang='lat' dir='ltr'>fic</span> <span class='ocrx_word' id='word_1_959' title='bbox 728 2809 834 2849; x_wconf 87' lang='lat' dir='ltr'>edita,</span> <span class='ocrx_word' id='word_1_960' title='bbox 858 2808 952 2841; x_wconf 80' lang='lat' dir='ltr'>Dein</span> <span class='ocrx_word' id='word_1_961' title='bbox 969 2809 1043 2840; x_wconf 87' lang='lat' dir='ltr'>diem</span> 
     </span>
     <span class='ocr_line' id='line_1_123' title="bbox 287 2849 1042 2892; baseline 0 -11"><span class='ocrx_word' id='word_1_962' title='bbox 287 2849 452 2892; x_wconf 70' lang='lat' dir='ltr'>adjet&#39;tione.</span> <span class='ocrx_word' id='word_1_963' title='bbox 483 2850 533 2880; x_wconf 86' lang='lat' dir='ltr'>sed</span> <span class='ocrx_word' id='word_1_964' title='bbox 560 2853 679 2890; x_wconf 81' lang='lat' dir='ltr'>praestat</span> <span class='ocrx_word' id='word_1_965' title='bbox 703 2851 813 2891; x_wconf 84' lang='lat' dir='ltr'>scribi,</span> <span class='ocrx_word' id='word_1_966' title='bbox 848 2850 893 2882; x_wconf 88' lang='lat' dir='ltr'>De</span> <span class='ocrx_word' id='word_1_967' title='bbox 914 2852 945 2882; x_wconf 85' lang='lat' dir='ltr'>in</span> <span class='ocrx_word' id='word_1_968' title='bbox 970 2852 1042 2882; x_wconf 81' lang='lat' dir='ltr'>diem</span> 
     </span>
     <span class='ocr_line' id='line_1_124' title="bbox 177 2890 1041 2931; baseline -0.002 -6"><span class='ocrx_word' id='word_1_969' title='bbox 177 2892 348 2925; x_wconf 63' lang='lat' dir='ltr'>addtffione.</span> <span class='ocrx_word' id='word_1_970' title='bbox 376 2890 411 2922; x_wconf 91' lang='lat' dir='ltr'>ld</span> <span class='ocrx_word' id='word_1_971' title='bbox 432 2891 501 2931; x_wconf 89' lang='lat' dir='ltr'>post</span> <span class='ocrx_word' id='word_1_972' title='bbox 519 2891 597 2922; x_wconf 88' lang='lat' dir='ltr'>alios</span> <span class='ocrx_word' id='word_1_973' title='bbox 615 2893 965 2924; x_wconf 81' lang='lat' dir='ltr'>observavitAntonius</span> <span class='ocrx_word' id='word_1_974' title='bbox 984 2893 1041 2923; x_wconf 90' lang='lat' dir='ltr'>Au-</span> 
     </span>
     <span class='ocr_line' id='line_1_125' title="bbox 178 2932 1041 2976; baseline -0.001 -11"><span class='ocrx_word' id='word_1_975' title='bbox 178 2934 320 2976; x_wconf 85' lang='lat' dir='ltr'>gustinus</span> <span class='ocrx_word' id='word_1_976' title='bbox 338 2933 383 2963; x_wconf 88' lang='lat' dir='ltr'>lib.</span> <span class='ocrx_word' id='word_1_977' title='bbox 396 2941 422 2964; x_wconf 86' lang='lat'>2.</span> <span class='ocrx_word' id='word_1_978' title='bbox 444 2932 597 2963; x_wconf 76' lang='lat' dir='ltr'>Emendat.</span> <span class='ocrx_word' id='word_1_979' title='bbox 616 2942 677 2971; x_wconf 73' lang='lat' dir='ltr'>c.s3.</span> <span class='ocrx_word' id='word_1_980' title='bbox 692 2934 798 2972; x_wconf 85' lang='lat' dir='ltr'>finiul,</span> <span class='ocrx_word' id='word_1_981' title='bbox 822 2935 908 2975; x_wconf 90' lang='lat' dir='ltr'>quod</span> <span class='ocrx_word' id='word_1_982' title='bbox 928 2934 1041 2974; x_wconf 85' lang='lat' dir='ltr'>adjice-</span> 
     </span>
     <span class='ocr_line' id='line_1_126' title="bbox 175 2973 1042 3013; baseline -0.001 -7"><span class='ocrx_word' id='word_1_983' title='bbox 175 2985 214 3008; x_wconf 77' lang='lat' dir='ltr'>re</span> <span class='ocrx_word' id='word_1_984' title='bbox 243 2975 289 3006; x_wconf 89' lang='lat' dir='ltr'>est</span> <span class='ocrx_word' id='word_1_985' title='bbox 314 2975 484 3013; x_wconf 87' lang='lat' dir='ltr'>emptoris,</span> <span class='ocrx_word' id='word_1_986' title='bbox 506 2974 574 3013; x_wconf 86' lang='lat' dir='ltr'>plus</span> <span class='ocrx_word' id='word_1_987' title='bbox 598 2973 762 3012; x_wconf 87' lang='lat' dir='ltr'>licitantis,</span> <span class='ocrx_word' id='word_1_988' title='bbox 786 2974 850 3007; x_wconf 88' lang='lat' dir='ltr'>five</span> <span class='ocrx_word' id='word_1_989' title='bbox 876 2976 1042 3006; x_wconf 88' lang='lat' dir='ltr'>meliorem</span> 
     </span>
     <span class='ocr_line' id='line_1_127' title="bbox 180 3013 1042 3057; baseline 0 -9"><span class='ocrx_word' id='word_1_990' title='bbox 180 3016 404 3048; x_wconf 86' lang='lat' dir='ltr'>conditionem</span> <span class='ocrx_word' id='word_1_991' title='bbox 426 3015 598 3047; x_wconf 87' lang='lat' dir='ltr'>adferentis</span> <span class='ocrx_word' id='word_1_992' title='bbox 623 3013 642 3044; x_wconf 88' lang='lat'>1.</span> <span class='ocrx_word' id='word_1_993' title='bbox 671 3018 699 3047; x_wconf 82' lang='lat'>8.</span> <span class='ocrx_word' id='word_1_994' title='bbox 723 3015 742 3045; x_wconf 83' lang='lat' dir='ltr'>l.</span> <span class='ocrx_word' id='word_1_995' title='bbox 764 3026 809 3057; x_wconf 87' lang='lat'>13.</span> <span class='ocrx_word' id='word_1_996' title='bbox 829 3017 867 3048; x_wconf 92' lang='lat' dir='ltr'>D.</span> <span class='ocrx_word' id='word_1_997' title='bbox 885 3017 912 3047; x_wconf 85' lang='lat' dir='ltr'>h.</span> <span class='ocrx_word' id='word_1_998' title='bbox 931 3023 951 3048; x_wconf 84' lang='lat' dir='ltr'>t.</span> <span class='ocrx_word' id='word_1_999' title='bbox 968 3017 1042 3048; x_wconf 87' lang='lat' dir='ltr'>inde</span> 
     </span>
     <span class='ocr_line' id='line_1_128' title="bbox 179 3055 1043 3099; baseline 0 -10"><span class='ocrx_word' id='word_1_1000' title='bbox 179 3058 315 3098; x_wconf 64' lang='lat' dir='ltr'>adjectio</span> <span class='ocrx_word' id='word_1_1001' title='bbox 332 3058 361 3087; x_wconf 91' lang='lat' dir='ltr'>in</span> <span class='ocrx_word' id='word_1_1002' title='bbox 388 3057 406 3087; x_wconf 90' lang='lat' dir='ltr'>l.</span> <span class='ocrx_word' id='word_1_1003' title='bbox 429 3067 457 3094; x_wconf 75' lang='lat'>4.</span> <span class='ocrx_word' id='word_1_1004' title='bbox 483 3056 512 3099; x_wconf 86' lang='lat'>§.</span> <span class='ocrx_word' id='word_1_1005' title='bbox 538 3064 563 3087; x_wconf 85' lang='lat' dir='ltr'>i.</span> <span class='ocrx_word' id='word_1_1006' title='bbox 585 3055 603 3086; x_wconf 87' lang='lat' dir='ltr'>l.</span> <span class='ocrx_word' id='word_1_1007' title='bbox 632 3063 676 3090; x_wconf 89' lang='lat'>19.</span> <span class='ocrx_word' id='word_1_1008' title='bbox 699 3056 726 3084; x_wconf 85' lang='lat' dir='ltr'>d.</span> <span class='ocrx_word' id='word_1_1009' title='bbox 753 3062 773 3085; x_wconf 84' lang='lat' dir='ltr'>t.</span> <span class='ocrx_word' id='word_1_1010' title='bbox 792 3059 810 3086; x_wconf 89' lang='grc' dir='ltr'>ι.</span> <span class='ocrx_word' id='word_1_1011' title='bbox 827 3067 877 3095; x_wconf 86' lang='lat'>41.</span> <span class='ocrx_word' id='word_1_1012' title='bbox 895 3058 936 3089; x_wconf 95' lang='lat' dir='ltr'>D.</span> <span class='ocrx_word' id='word_1_1013' title='bbox 953 3059 987 3088; x_wconf 87' lang='lat' dir='ltr'>de</span> <span class='ocrx_word' id='word_1_1014' title='bbox 1002 3059 1043 3089; x_wconf 81' lang='lat' dir='ltr'>rei</span> 
     </span>
     <span class='ocr_line' id='line_1_129' title="bbox 179 3096 1042 3139; baseline -0.002 -9"><span class='ocrx_word' id='word_1_1015' title='bbox 179 3100 290 3130; x_wconf 82' lang='lat' dir='ltr'>vindic.</span> <span class='ocrx_word' id='word_1_1016' title='bbox 305 3098 351 3130; x_wconf 88' lang='lat' dir='ltr'>est</span> <span class='ocrx_word' id='word_1_1017' title='bbox 366 3099 474 3129; x_wconf 88' lang='lat' dir='ltr'>allatio</span> <span class='ocrx_word' id='word_1_1018' title='bbox 486 3097 622 3129; x_wconf 88' lang='lat' dir='ltr'>melioris</span> <span class='ocrx_word' id='word_1_1019' title='bbox 632 3096 847 3135; x_wconf 83' lang='lat' dir='ltr'>conditionis,</span> <span class='ocrx_word' id='word_1_1020' title='bbox 864 3100 957 3130; x_wconf 64' lang='lat' dir='ltr'>aucto</span> <span class='ocrx_word' id='word_1_1021' title='bbox 975 3109 1042 3139; x_wconf 87' lang='lat' dir='ltr'>pre-</span> 
     </span>
     <span class='ocr_line' id='line_1_130' title="bbox 177 3136 1042 3180; baseline 0.001 -9"><span class='ocrx_word' id='word_1_1022' title='bbox 177 3141 246 3174; x_wconf 77' lang='lat' dir='ltr'>tio.</span> <span class='ocrx_word' id='word_1_1023' title='bbox 271 3139 358 3170; x_wconf 90' lang='lat' dir='ltr'>verbi</span> <span class='ocrx_word' id='word_1_1024' title='bbox 376 3140 483 3180; x_wconf 86' lang='lat' dir='ltr'>gratia.</span> <span class='ocrx_word' id='word_1_1025' title='bbox 502 3146 614 3170; x_wconf 85' lang='lat' dir='ltr'>contra</span> <span class='ocrx_word' id='word_1_1026' title='bbox 629 3137 776 3169; x_wconf 88' lang='lat' dir='ltr'>addicere</span> <span class='ocrx_word' id='word_1_1027' title='bbox 786 3136 831 3167; x_wconf 89' lang='lat' dir='ltr'>est</span> <span class='ocrx_word' id='word_1_1028' title='bbox 847 3141 1042 3172; x_wconf 85' lang='lat' dir='ltr'>venditoris:</span> 
     </span>
     <span class='ocr_line' id='line_1_131' title="bbox 178 3177 1039 3220; baseline -0.003 -7"><span class='ocrx_word' id='word_1_1029' title='bbox 178 3190 251 3213; x_wconf 88' lang='lat' dir='ltr'>nam</span> <span class='ocrx_word' id='word_1_1030' title='bbox 269 3181 416 3212; x_wconf 86' lang='lat' dir='ltr'>addicere</span> <span class='ocrx_word' id='word_1_1031' title='bbox 432 3180 477 3212; x_wconf 88' lang='lat' dir='ltr'>est</span> <span class='ocrx_word' id='word_1_1032' title='bbox 490 3181 630 3212; x_wconf 83' lang='lat' dir='ltr'>vendere</span> <span class='ocrx_word' id='word_1_1033' title='bbox 644 3180 673 3210; x_wconf 85' lang='lat' dir='ltr'>d.</span> <span class='ocrx_word' id='word_1_1034' title='bbox 700 3179 719 3210; x_wconf 78' lang='lat'>1.</span> <span class='ocrx_word' id='word_1_1035' title='bbox 737 3188 783 3220; x_wconf 88' lang='lat'>13.</span> <span class='ocrx_word' id='word_1_1036' title='bbox 800 3177 837 3212; x_wconf 52' lang='grc' dir='ltr'>ὅ)</span> <span class='ocrx_word' id='word_1_1037' title='bbox 850 3177 957 3217; x_wconf 78' lang='lat' dir='ltr'>paffim.</span> <span class='ocrx_word' id='word_1_1038' title='bbox 971 3182 999 3210; x_wconf 81' lang='lat' dir='ltr'>d.</span> <span class='ocrx_word' id='word_1_1039' title='bbox 1017 3187 1039 3213; x_wconf 83' lang='lat' dir='ltr'>t.</span> 
     </span>
     <span class='ocr_line' id='line_1_132' title="bbox 178 3218 1041 3262; baseline -0.009 -3"><span class='ocrx_word' id='word_1_1040' title='bbox 178 3223 254 3259; x_wconf 83' lang='lat' dir='ltr'>inde</span> <span class='ocrx_word' id='word_1_1041' title='bbox 263 3223 296 3255; x_wconf 89' lang='lat' dir='ltr'>in</span> <span class='ocrx_word' id='word_1_1042' title='bbox 306 3222 392 3254; x_wconf 86' lang='lat' dir='ltr'>diem</span> <span class='ocrx_word' id='word_1_1043' title='bbox 408 3222 549 3255; x_wconf 73' lang='lat' dir='ltr'>addictio</span> <span class='ocrx_word' id='word_1_1044' title='bbox 560 3221 623 3262; x_wconf 80' lang='lat' dir='ltr'>est,</span> <span class='ocrx_word' id='word_1_1045' title='bbox 639 3220 785 3256; x_wconf 84' lang='lat' dir='ltr'>venditio</span> <span class='ocrx_word' id='word_1_1046' title='bbox 794 3218 878 3253; x_wconf 68' lang='lat' dir='ltr'>faeta</span> <span class='ocrx_word' id='word_1_1047' title='bbox 888 3219 951 3252; x_wconf 77' lang='lat' dir='ltr'>hoc</span> <span class='ocrx_word' id='word_1_1048' title='bbox 967 3228 1041 3261; x_wconf 77' lang='lat' dir='ltr'>pac·</span> 
     </span>
    </p>
   </div>
   <div class='ocr_carea' id='block_1_9' title="bbox 1084 2800 1956 3221">
    <p class='ocr_par' dir='ltr' id='par_1_12' title="bbox 1084 2800 1956 3221">
     <span class='ocr_line' id='line_1_133' title="bbox 1089 2800 1954 2848; baseline -0.01 -7"><span class='ocrx_word' id='word_1_1049' title='bbox 1089 2815 1143 2848; x_wconf 89' lang='lat' dir='ltr'>to,</span> <span class='ocrx_word' id='word_1_1050' title='bbox 1169 2805 1236 2840; x_wconf 85' lang='lat' dir='ltr'>Nifi</span> <span class='ocrx_word' id='word_1_1051' title='bbox 1260 2804 1373 2838; x_wconf 89' lang='lat' dir='ltr'>melior</span> <span class='ocrx_word' id='word_1_1052' title='bbox 1398 2803 1544 2837; x_wconf 85' lang='lat' dir='ltr'>conditio</span> <span class='ocrx_word' id='word_1_1053' title='bbox 1566 2802 1737 2836; x_wconf 83' lang='lat' dir='ltr'>adferatur.</span> <span class='ocrx_word' id='word_1_1054' title='bbox 1760 2800 1832 2834; x_wconf 79' lang='lat' dir='ltr'>Fuit</span> <span class='ocrx_word' id='word_1_1055' title='bbox 1847 2808 1954 2834; x_wconf 89' lang='lat' dir='ltr'>autem</span> 
     </span>
     <span class='ocr_line' id='line_1_134' title="bbox 1087 2844 1953 2891; baseline -0.008 -10"><span class='ocrx_word' id='word_1_1056' title='bbox 1087 2847 1287 2891; x_wconf 84' lang='lat' dir='ltr'>quaestionis,</span> <span class='ocrx_word' id='word_1_1057' title='bbox 1311 2848 1460 2886; x_wconf 89' lang='lat' dir='ltr'>quotiens</span> <span class='ocrx_word' id='word_1_1058' title='bbox 1483 2846 1599 2878; x_wconf 87' lang='lat' dir='ltr'>fundus</span> <span class='ocrx_word' id='word_1_1059' title='bbox 1620 2846 1648 2875; x_wconf 91' lang='lat' dir='ltr'>in</span> <span class='ocrx_word' id='word_1_1060' title='bbox 1668 2845 1751 2875; x_wconf 88' lang='lat' dir='ltr'>diem</span> <span class='ocrx_word' id='word_1_1061' title='bbox 1777 2844 1953 2881; x_wconf 83' lang='lat' dir='ltr'>addicitur;</span> 
     </span>
     <span class='ocr_line' id='line_1_135' title="bbox 1085 2884 1954 2930; baseline -0.008 -8"><span class='ocrx_word' id='word_1_1062' title='bbox 1085 2900 1188 2922; x_wconf 89' lang='lat' dir='ltr'>utrum</span> <span class='ocrx_word' id='word_1_1063' title='bbox 1212 2897 1289 2930; x_wconf 86' lang='lat' dir='ltr'>pura</span> <span class='ocrx_word' id='word_1_1064' title='bbox 1303 2887 1340 2920; x_wconf 87' lang='lat' dir='ltr'>fit</span> <span class='ocrx_word' id='word_1_1065' title='bbox 1355 2889 1479 2921; x_wconf 80' lang='lat' dir='ltr'>emmio</span> <span class='ocrx_word' id='word_1_1066' title='bbox 1498 2896 1567 2928; x_wconf 83' lang='lat' dir='ltr'>quae</span> <span class='ocrx_word' id='word_1_1067' title='bbox 1587 2885 1640 2916; x_wconf 88' lang='lat' dir='ltr'>sub</span> <span class='ocrx_word' id='word_1_1068' title='bbox 1651 2885 1838 2916; x_wconf 85' lang='lat' dir='ltr'>conditione</span> <span class='ocrx_word' id='word_1_1069' title='bbox 1859 2884 1954 2915; x_wconf 82' lang='lat' dir='ltr'>resol-</span> 
     </span>
     <span class='ocr_line' id='line_1_136' title="bbox 1085 2926 1953 2972; baseline -0.012 -8"><span class='ocrx_word' id='word_1_1070' title='bbox 1085 2941 1196 2972; x_wconf 90' lang='lat' dir='ltr'>vatur;</span> <span class='ocrx_word' id='word_1_1071' title='bbox 1226 2940 1264 2962; x_wconf 90' lang='lat' dir='ltr'>an</span> <span class='ocrx_word' id='word_1_1072' title='bbox 1291 2930 1387 2970; x_wconf 72' lang='lat' dir='ltr'>magis</span> <span class='ocrx_word' id='word_1_1073' title='bbox 1417 2929 1452 2961; x_wconf 84' lang='lat' dir='ltr'>sit</span> <span class='ocrx_word' id='word_1_1074' title='bbox 1482 2927 1729 2960; x_wconf 78' lang='lat' dir='ltr'>conditionalis?</span> <span class='ocrx_word' id='word_1_1075' title='bbox 1759 2926 1800 2957; x_wconf 86' lang='lat' dir='ltr'>Et</span> <span class='ocrx_word' id='word_1_1076' title='bbox 1824 2926 1953 2966; x_wconf 83' lang='lat' dir='ltr'>quidem</span> 
     </span>
     <span class='ocr_line' id='line_1_137' title="bbox 1086 2967 1953 3012; baseline -0.013 -7"><span class='ocrx_word' id='word_1_1077' title='bbox 1086 2974 1198 3006; x_wconf 85' lang='lat' dir='ltr'>Paulus</span> <span class='ocrx_word' id='word_1_1078' title='bbox 1208 2972 1226 3003; x_wconf 88' lang='lat' dir='ltr'>l.</span> <span class='ocrx_word' id='word_1_1079' title='bbox 1244 2982 1271 3003; x_wconf 83' lang='lat'>2.</span> <span class='ocrx_word' id='word_1_1080' title='bbox 1283 2970 1310 3012; x_wconf 85' lang='lat'>§.</span> <span class='ocrx_word' id='word_1_1081' title='bbox 1323 2980 1351 3008; x_wconf 81' lang='grc'>4.</span> <span class='ocrx_word' id='word_1_1082' title='bbox 1374 2971 1411 3002; x_wconf 86' lang='lat' dir='ltr'>D.</span> <span class='ocrx_word' id='word_1_1083' title='bbox 1433 2971 1488 3002; x_wconf 83' lang='lat' dir='ltr'>Pro</span> <span class='ocrx_word' id='word_1_1084' title='bbox 1504 2976 1623 3009; x_wconf 79' lang='lat' dir='ltr'>emptore</span> <span class='ocrx_word' id='word_1_1085' title='bbox 1639 2967 1757 3007; x_wconf 86' lang='lat' dir='ltr'>refert,</span> <span class='ocrx_word' id='word_1_1086' title='bbox 1774 2969 1802 2998; x_wconf 91' lang='lat' dir='ltr'>in</span> <span class='ocrx_word' id='word_1_1087' title='bbox 1822 2977 1856 2998; x_wconf 87' lang='lat' dir='ltr'>ea</span> <span class='ocrx_word' id='word_1_1088' title='bbox 1874 2967 1953 2995; x_wconf 86' lang='lat' dir='ltr'>alios</span> 
     </span>
     <span class='ocr_line' id='line_1_138' title="bbox 1086 3006 1953 3052; baseline -0.013 -6"><span class='ocrx_word' id='word_1_1089' title='bbox 1086 3016 1170 3046; x_wconf 83' lang='lat' dir='ltr'>aliud</span> <span class='ocrx_word' id='word_1_1090' title='bbox 1187 3012 1322 3045; x_wconf 78' lang='lat' dir='ltr'>sensiffe:</span> <span class='ocrx_word' id='word_1_1091' title='bbox 1349 3011 1398 3044; x_wconf 89' lang='lat' dir='ltr'>sed</span> <span class='ocrx_word' id='word_1_1092' title='bbox 1417 3013 1481 3052; x_wconf 86' lang='lat' dir='ltr'>ipse</span> <span class='ocrx_word' id='word_1_1093' title='bbox 1495 3022 1523 3042; x_wconf 88' lang='lat' dir='ltr'>eo</span> <span class='ocrx_word' id='word_1_1094' title='bbox 1539 3013 1594 3041; x_wconf 84' lang='lat' dir='ltr'>loco</span> <span class='ocrx_word' id='word_1_1095' title='bbox 1612 3012 1639 3041; x_wconf 71' lang='lat' dir='ltr'>(St</span> <span class='ocrx_word' id='word_1_1096' title='bbox 1660 3008 1811 3049; x_wconf 88' lang='lat' dir='ltr'>Ulpianus</span> <span class='ocrx_word' id='word_1_1097' title='bbox 1824 3009 1841 3037; x_wconf 69' lang='lat' dir='ltr'>l⁴</span> <span class='ocrx_word' id='word_1_1098' title='bbox 1857 3016 1882 3037; x_wconf 87' lang='lat'>2.</span> <span class='ocrx_word' id='word_1_1099' title='bbox 1894 3006 1920 3036; x_wconf 86' lang='lat' dir='ltr'>h.</span> <span class='ocrx_word' id='word_1_1100' title='bbox 1930 3011 1953 3036; x_wconf 85' lang='lat' dir='ltr'>t.</span> 
     </span>
     <span class='ocr_line' id='line_1_139' title="bbox 1086 3047 1956 3091; baseline -0.009 -4"><span class='ocrx_word' id='word_1_1101' title='bbox 1086 3058 1189 3087; x_wconf 88' lang='lat' dir='ltr'>verius</span> <span class='ocrx_word' id='word_1_1102' title='bbox 1200 3054 1262 3086; x_wconf 80' lang='lat' dir='ltr'>effe</span> <span class='ocrx_word' id='word_1_1103' title='bbox 1272 3053 1445 3091; x_wconf 81' lang='lat' dir='ltr'>existimat,</span> <span class='ocrx_word' id='word_1_1104' title='bbox 1456 3051 1613 3088; x_wconf 77' lang='lat' dir='ltr'>interesse,</span> <span class='ocrx_word' id='word_1_1105' title='bbox 1624 3051 1698 3091; x_wconf 88' lang='lat' dir='ltr'>quid</span> <span class='ocrx_word' id='word_1_1106' title='bbox 1710 3050 1809 3081; x_wconf 60' lang='lat' dir='ltr'>actum</span> <span class='ocrx_word' id='word_1_1107' title='bbox 1821 3047 1864 3078; x_wconf 84' lang='lat' dir='ltr'>fit.</span> <span class='ocrx_word' id='word_1_1108' title='bbox 1882 3053 1956 3079; x_wconf 72' lang='lat' dir='ltr'>nain</span> 
     </span>
     <span class='ocr_line' id='line_1_140' title="bbox 1084 3090 1954 3138; baseline -0.013 -8"><span class='ocrx_word' id='word_1_1109' title='bbox 1084 3097 1106 3130; x_wconf 92' lang='lat' dir='ltr'>si</span> <span class='ocrx_word' id='word_1_1110' title='bbox 1123 3097 1249 3138; x_wconf 86' lang='lat' dir='ltr'>quidem</span> <span class='ocrx_word' id='word_1_1111' title='bbox 1268 3095 1333 3127; x_wconf 92' lang='lat' dir='ltr'>hoc</span> <span class='ocrx_word' id='word_1_1112' title='bbox 1348 3095 1449 3127; x_wconf 71' lang='lat' dir='ltr'>acrum</span> <span class='ocrx_word' id='word_1_1113' title='bbox 1468 3095 1531 3132; x_wconf 90' lang='lat' dir='ltr'>est,</span> <span class='ocrx_word' id='word_1_1114' title='bbox 1554 3101 1586 3124; x_wconf 93' lang='lat' dir='ltr'>ut</span> <span class='ocrx_word' id='word_1_1115' title='bbox 1612 3093 1744 3124; x_wconf 89' lang='lat' dir='ltr'>meliore</span> <span class='ocrx_word' id='word_1_1116' title='bbox 1768 3090 1857 3135; x_wconf 81' lang='lat' dir='ltr'>allata</span> <span class='ocrx_word' id='word_1_1117' title='bbox 1875 3096 1954 3119; x_wconf 86' lang='lat' dir='ltr'>cou-</span> 
     </span>
     <span class='ocr_line' id='line_1_141' title="bbox 1086 3132 1953 3176; baseline -0.014 -5"><span class='ocrx_word' id='word_1_1118' title='bbox 1086 3141 1209 3171; x_wconf 88' lang='lat' dir='ltr'>ditione</span> <span class='ocrx_word' id='word_1_1119' title='bbox 1251 3136 1453 3174; x_wconf 80' lang='lat' dir='ltr'>discedatur,</span> <span class='ocrx_word' id='word_1_1120' title='bbox 1492 3144 1599 3176; x_wconf 82' lang='lat' dir='ltr'>puram</span> <span class='ocrx_word' id='word_1_1121' title='bbox 1642 3132 1702 3164; x_wconf 83' lang='lat' dir='ltr'>esse</span> <span class='ocrx_word' id='word_1_1122' title='bbox 1726 3138 1953 3169; x_wconf 86' lang='lat' dir='ltr'>emptionem,</span> 
     </span>
     <span class='ocr_line' id='line_1_142' title="bbox 1085 3171 1955 3221; baseline -0.014 -9"><span class='ocrx_word' id='word_1_1123' title='bbox 1085 3190 1154 3221; x_wconf 85' lang='lat' dir='ltr'>quae</span> <span class='ocrx_word' id='word_1_1124' title='bbox 1180 3180 1235 3211; x_wconf 91' lang='lat' dir='ltr'>sub</span> <span class='ocrx_word' id='word_1_1125' title='bbox 1267 3178 1453 3209; x_wconf 86' lang='lat' dir='ltr'>conditione</span> <span class='ocrx_word' id='word_1_1126' title='bbox 1479 3177 1662 3208; x_wconf 87' lang='lat' dir='ltr'>resolvitur:</span> <span class='ocrx_word' id='word_1_1127' title='bbox 1693 3172 1734 3202; x_wconf 84' lang='lat' dir='ltr'>fin</span> <span class='ocrx_word' id='word_1_1128' title='bbox 1761 3179 1866 3201; x_wconf 85' lang='lat' dir='ltr'>autem</span> <span class='ocrx_word' id='word_1_1129' title='bbox 1890 3171 1955 3201; x_wconf 84' lang='lat' dir='ltr'>hoc</span> 
     </span>
    </p>
   </div>
   <div class='ocr_carea' id='block_1_10' title="bbox 1083 3211 1958 3282">
    <p class='ocr_par' dir='ltr' id='par_1_13' title="bbox 1083 3211 1958 3282">
     <span class='ocr_line' id='line_1_143' title="bbox 1083 3211 1958 3282; baseline -0.013 -26"><span class='ocrx_word' id='word_1_1130' title='bbox 1083 3222 1189 3257; x_wconf 76' lang='lat' dir='ltr'>actum</span> <span class='ocrx_word' id='word_1_1131' title='bbox 1204 3221 1269 3262; x_wconf 87' lang='lat' dir='ltr'>est,</span> <span class='ocrx_word' id='word_1_1132' title='bbox 1284 3218 1511 3261; x_wconf 76' lang='lat' dir='ltr'>utperficiatur</span> <span class='ocrx_word' id='word_1_1133' title='bbox 1526 3216 1646 3257; x_wconf 83' lang='lat' dir='ltr'>emptio</span> <span class='ocrx_word' id='word_1_1134' title='bbox 1656 3236 1668 3254; x_wconf 90' lang='lat'>,</span> <span class='ocrx_word' id='word_1_1135' title='bbox 1682 3211 1738 3244; x_wconf 83' lang='lat' dir='ltr'>nifi</span> <span class='ocrx_word' id='word_1_1136' title='bbox 1748 3212 1862 3245; x_wconf 89' lang='lat' dir='ltr'>melior</span> <span class='ocrx_word' id='word_1_1137' title='bbox 1877 3221 1958 3282; x_wconf 54' lang='lat' dir='ltr'>effi}</span> 
     </span>
    </p>
   </div>
   <div class='ocr_carea' id='block_1_11' title="bbox 2021 1701 2036 2859">
    <p class='ocr_par' dir='ltr' id='par_1_14' title="bbox 2021 1701 2036 2859">
     <span class='ocr_line' id='line_1_144' title="bbox 2021 1701 2036 2859; baseline 0 0"><span class='ocrx_word' id='word_1_1138' title='bbox 2021 1701 2036 2859; x_wconf 95' lang='lat' dir='ltr'> </span> 
     </span>
    </p>
   </div>
  </div>
 </body>
</html>
