2036 3495
166 79 235 116 154

173 161 331 199 Veteres3
351 158 472 200 judicio
494 155 660 193 contrahi,
685 153 858 194 &judicati
878 151 1048 192 obligatio-

172 212 246 234 nem
262 201 362 238 nasci,
385 197 574 240 profitentes
591 197 610 226 l.
630 206 660 237 3.
684 194 713 235 §.
734 203 781 225 11.
800 194 847 225 D.
869 195 902 224 de
924 193 1046 233 peculio.

173 242 218 274 Et
232 244 293 283 jam
313 242 402 273 lubet
416 238 489 269 inde
506 237 645 275 inferre,
663 235 751 276 quod
768 233 940 275 poffeffore
961 244 977 265 a
996 233 1044 273 Ju-

174 285 248 315 dice
270 281 367 322 julio,
390 289 457 311 rem
482 279 617 319 petitam
640 276 744 309 statim
763 275 946 314 restituere,
971 275 1049 307 nihil

174 324 304 365 prodest
316 346 324 361 ,
341 322 426 353 illam
441 322 526 351 inter
542 318 761 359 morasjudicii
775 316 837 348 esse
848 317 1048 358 usucaptam:

172 375 214 397 eo
242 371 416 403 utcumque
439 362 502 394 litis
522 360 759 393 contestatione
785 358 930 399 obligato
948 380 957 397 ,
981 367 1049 390 rem

172 405 338 438 restituere
354 414 391 435 ea
409 404 439 435 in
455 403 543 435 causa
560 404 590 434 in
602 411 664 443 qua
679 409 766 440 erat,
782 409 854 431 cum
873 405 1047 438 peteretur.

172 455 246 479 nam
258 455 298 477 eo
316 454 465 485 tempore
481 454 546 476 non
557 452 624 476 erat
634 442 800 482 usucapta:
816 442 847 472 ἃ
858 449 1049 482 quamquam

172 487 346 520 subtilitate
371 486 445 527 juris
469 488 544 517 inde
568 484 786 526 perseveraret
808 481 979 522 usucapio,
1004 482 1047 513 ob

172 539 240 561 non
257 529 394 561 ablatam
421 529 549 560 interim
565 525 725 568 poffeffon
744 523 964 565 poss‘effionem
976 546 985 562 ,
1009 533 1048 554 ne

171 571 212 602 ab
229 571 425 602 executione
448 570 606 610 inciperet
625 568 777 608 judicium
798 577 806 597 :
831 573 936 596 tamen
954 565 1049 596 ratio-

170 613 220 644 nis
245 611 308 651 est,
335 611 499 653 impletam
525 620 581 651 per
598 608 788 640 sententiam
803 606 952 638 adversus
968 605 1049 646 peti·

172 661 280 686 torem
303 652 454 685 rescindi:
478 652 509 683 id
527 651 592 689 est,
615 649 657 682 fic
674 649 803 687 haberi,
827 656 864 678 ac
881 646 903 679 fi
921 648 1052 692 impleta

173 705 242 727 non
259 694 354 727 effet:
378 695 434 726 lite
452 692 647 730 contestata,
669 699 703 722 ut
719 691 805 728 dixi,
828 690 910 733 inter
927 689 1050 729 litigan-

174 743 224 769 tes
252 745 439 773 convento,
463 744 529 766 rem
553 733 692 770 restitui,
717 741 793 767 non,
808 731 839 762 in
861 740 897 761 ea
913 731 1001 761 causa
1021 730 1053 762 in

174 788 236 820 qua
253 778 340 810 foret
356 785 502 817 tempore
521 777 563 807 rei
579 776 730 813 judicatae
742 796 751 811 ,
777 772 829 803 sed
849 773 879 803 in
898 781 958 812 qua
975 779 1053 803 tem-

172 829 255 861 pore
274 820 336 851 litis
351 817 537 850 contestatae
555 816 616 847 fuit
632 817 651 846 l.
673 821 724 859 18..
739 814 782 846 D.
798 814 825 845 h.
844 818 866 844 t.
882 813 910 855 §.
927 823 955 854 3.
980 811 1052 854 Inst.

175 864 209 893 cie
226 859 411 902 offic.Judic.
428 859 490 891 Sed
507 858 538 890 id
556 859 638 889 citra
652 857 782 888 dubium
799 854 864 893 est3
880 862 910 886 ot
927 864 962 885 ea
978 863 1052 895 pro-

176 911 266 943 pter,
291 902 311 934 si
331 900 480 943 possessor
496 909 563 932 rem
579 909 596 931 a
612 899 641 930 se
656 897 696 930 fic
715 898 895 937 usucaptam
908 919 917 934 ,
942 904 976 942 ut
996 905 1052 936 po-

176 944 256 983 test,
280 942 545 984 oppignorarerit
562 964 571 980 ‚
595 948 647 972 aut
672 938 795 970 servum
819 936 1052 976 manumiserit,

175 995 229 1018 aut
239 986 351 1017 animal
363 985 594 1016 deterioratum
612 981 856 1013 vulneratumve
866 978 1051 1010 restituerit:

174 1037 237 1059 nec
262 1027 363 1058 fuerit
387 1025 638 1057 consentaneum
663 1021 795 1054 arbitrio
813 1020 951 1060 judicis,
976 1028 1052 1052 tam·

176 1070 271 1110 quam
289 1069 346 1099 viri
364 1067 462 1106 boni,
478 1076 551 1098 eum
565 1063 747 1105 hujusmodi
758 1062 958 1094 restitutione
975 1061 1052 1093 libe-

175 1119 278 1143 ratum
305 1108 518 1150 interpretari.
542 1108 619 1148 quin
645 1113 680 1136 ut
695 1103 790 1136 facile
810 1104 906 1148 latere
927 1102 1053 1148 possunt

176 1151 268 1191 talia3
285 1152 388 1183 multo
405 1151 525 1190 aequius
542 1148 588 1181 est
600 1172 609 1187 ,
627 1147 848 1188 postulantem
867 1143 932 1174 hoc
950 1153 1052 1175 incer-

177 1203 214 1226 to
230 1194 373 1234 petitore
389 1192 573 1224 cautionem
586 1213 595 1229 ,
612 1188 734 1220 Dolum
747 1187 862 1219 malum
881 1184 984 1217 abesse
1000 1186 1052 1217 ab·

176 1235 386 1274 futurumque
414 1232 496 1272 eise,
520 1232 602 1263 lianc
618 1240 635 1262 a
655 1227 824 1270 possessore
841 1226 992 1268 praestari3
1015 1236 1053 1258 ac

175 1277 198 1309 si
217 1284 331 1308 contra
347 1274 464 1307 factum
481 1273 543 1305 effe
560 1279 729 1313 appareat,
746 1279 787 1301 ex
804 1278 840 1300 ea
858 1269 960 1300 teneri
979 1278 1053 1301 eum

176 1320 208 1350 in
227 1318 258 1349 id
277 1317 363 1358 quod
377 1315 507 1347 interest
522 1315 540 1346 l.
560 1319 607 1349 18.
624 1313 660 1348 ὅ)
675 1313 694 1344 l.
716 1321 761 1348 19.
778 1310 901 1355 D'h.,t.
1046 1350 1052 1355 .

220 1358 269 1391 Ita
289 1369 322 1390 re
336 1359 469 1399 integra.
515 1356 567 1387 De
591 1363 680 1394 parte
704 1353 779 1394 quid
798 1350 965 1397 dicemus?
988 1350 1054 1382 noli

179 1407 332 1442 quaerere.
352 1399 507 1441 quidquid
525 1397 716 1438 postidetur‚
734 1396 765 1425 id
782 1402 799 1424 a
816 1392 984 1432 posseflore
1001 1401 1054 1432 pe-

178 1442 268 1475 titori
295 1442 435 1478 restitui,
460 1440 600 1480 ejusdem
624 1437 783 1481 aequitatis
802 1434 846 1465 est
872 1434 889 1465 lv
915 1437 964 1474 26.
986 1435 1013 1464 h.
1033 1438 1055 1464 t.

176 1485 264 1516 nulla
283 1481 463 1519 differentia
475 1504 483 1518 ,
499 1489 603 1511 utrum
615 1479 708 1510 initio
720 1485 790 1517 pars
807 1475 924 1514 fuerit,
941 1484 978 1506 an
997 1484 1054 1515 po-

177 1525 242 1557 stea
266 1523 326 1555 esse
350 1521 499 1561 coeperit.
524 1521 675 1560 exemplo
695 1518 735 1563 sit
754 1518 973 1563 alluvzozqua
989 1525 1055 1556 quo

177 1575 326 1606 tempore
348 1565 424 1605 quid
449 1563 553 1594 fundo
576 1568 738 1599 accrewt,
762 1560 793 1590 id
816 1558 907 1590 fundi
924 1567 994 1598 pars
1010 1557 1056 1588 est

178 1607 199 1640 l.
218 1618 266 1647 Ἣ.
282 1608 310 1640 [Ζ.
324 1612 345 1637 t.
368 1606 453 1637 idem
477 1606 508 1636 in
532 1601 696 1642 superficie
713 1601 732 1632 l.
753 1604 798 1631 16.
816 1600 848 1631 C.
864 1601 891 1631 d.
907 1605 928 1631 t.
950 1599 1058 1645 Celsus

178 1642 259 1688 lais).
271 1649 313 1680 D.
331 1649 358 1680 d.
370 1653 390 1679 t.
413 1647 508 1679 etiam
526 1645 626 1676 solum
642 1644 756 1675 aedium
773 1650 897 1682 partem
914 1640 974 1672 efle
992 1640 1057 1672 exi-

176 1691 302 1723 stimat:
329 1699 390 1722 nec
410 1686 558 1728 alioquin>
580 1685 760 1726 subjacere,
791 1683 835 1714 uti
859 1692 946 1714 mare
970 1682 1057 1714 navi-

178 1734 251 1765 bus,
275 1731 341 1771 lam
367 1732 398 1762 iu
422 1730 451 1772 ᾗ.
477 1738 500 1760 1.
517 1737 645 1766 meum,
669 1724 758 1764 infit,
782 1724 934 1764 estquod
958 1734 998 1755 ex
1024 1733 1058 1755 re

178 1779 252 1808 mea
270 1771 428 1814 superest,
445 1771 532 1811 cujus
544 1768 725 1801 vindicandi
740 1767 789 1806 jus
810 1766 925 1797 habeo.
943 1774 1056 1805 praete-

178 1822 232 1849 rea
258 1816 328 1847 vult
350 1813 448 1853 Gajus
469 1813 489 1843 L.
508 1822 557 1844 20.
575 1809 715 1848 restitui,
741 1807 812 1848 post
830 1815 997 1852 acceptum
1013 1808 1058 1853 in-

179 1857 298 1890 dicium
324 1865 380 1895 per
407 1854 530 1886 servum
552 1851 704 1892 adquisita
720 1859 785 1881 non
803 1859 843 1880 ex
861 1858 893 1880 re
913 1848 1059 1889 possesso·

179 1901 243 1932 ris:
260 1898 291 1930 in
307 1897 410 1938 iisque
427 1894 489 1927 effe
500 1895 710 1926 hereditatem
730 1892 898 1935 legataque
917 1899 987 1930 quae
1002 1899 1059 1930 per

180 1941 306 1974 servum
323 1939 545 1975 obvenerunt,
563 1936 650 1967 addit
670 1932 767 1974 Gajus
783 1933 904 1963 ancillae
923 1940 1057 1973 parturn.

178 1984 229 2015 An
248 1982 278 2013 &
293 1979 443 2012 fruetus?
466 1988 507 2009 ne
533 1977 664 2014 dubita;
687 1974 708 2006 fi
730 1974 910 2014 pendeant:
934 1982 1005 2004 nam
1027 1974 1059 2005 in

180 2026 260 2063 l.44.
277 2022 419 2059 fruetus,
436 2019 558 2060 inquit,
578 2018 757 2058 pendentes
769 2024 839 2055 pars
849 2014 939 2047 fundi
953 2016 1061 2047 viden·

182 2073 244 2102 tur.
262 2064 376 2096 Paulus
394 2071 473 2094 vero
489 2062 568 2102 l.35.
584 2059 612 2101 §.
626 2068 651 2090 1.
670 2057 734 2089 hoc
750 2058 844 2088 etiam
861 2058 1006 2088 extendit
1021 2058 1060 2088 ad

178 2106 302 2140 fruetus
314 2112 467 2136 caeteros:
482 2103 511 2134 ἃ
524 2103 612 2142 quod
623 2099 799 2132 notandum
810 2122 819 2137 ,
837 2107 937 2139 usque
954 2099 1035 2129 adeo
1047 2109 1058 2137 3

180 2157 219 2181 ut
236 2147 315 2178 velit
331 2145 494 2185 judicem,
518 2142 663 2182 quamvis
678 2143 708 2173 in
728 2139 883 2172 sententia
893 2149 956 2185 ,per
973 2149 1058 2171 erro-

180 2199 250 2224 rem
268 2185 502 2225 declaraverit,
525 2185 659 2216 fundum
677 2190 782 2214 meum
801 2182 919 2220 videri,
940 2181 1057 2224 posses-

180 2231 285 2266 sorem
302 2230 418 2261 eodem
436 2236 543 2259 errore
567 2234 629 2257 tam
645 2226 684 2256 ad
700 2223 882 2261 fruetuum,
907 2231 1001 2263 quam
1021 2223 1060 2255 ad

182 2273 275 2306 fundi
299 2270 532 2303 restitutionem
555 2268 781 2299 condemnare.
805 2266 948 2306 optime:
971 2274 1060 2297 rece-

181 2319 262 2357 p'ro,
285 2321 321 2345 ut
340 2313 427 2350 dixi,
449 2317 603 2351 oportere
621 2307 755 2340 fundum
773 2314 838 2338 non
857 2305 1059 2347 simpliciter,

182 2357 237 2389 sed
252 2365 325 2387 cum
344 2353 435 2386 omni
452 2351 542 2385 causa
559 2349 688 2383 restitui.
718 2348 765 2379 Ita
781 2347 844 2380 est:
867 2356 965 2388 atque
981 2348 1011 2379 id
1028 2347 1062 2380 si-

185 2397 317 2439 gnificat
335 2396 405 2427 haec
423 2395 511 2428 Pauli
525 2391 661 2433 adieetio
677 2402 685 2422 :
709 2390 782 2421 Non
797 2390 893 2420 dehere
908 2390 986 2421 lucro
998 2395 1060 2430 pos-

182 2431 290 2480 ]efforis
299 2439 393 2470 cedere
394 2436 518 2478 srut'tus
529 2458 539 2474 ,
554 2429 780 2470 cumvifftusfit.
794 2430 874 2462 Item
886 2431 956 2464 illa:
974 2430 1062 2475 Quod

185 2481 316 2522 alioquin
339 2480 392 2519 (ut
409 2477 619 2510 Mauricianus
635 2475 696 2515 ait)
718 2482 769 2504 nec
789 2482 850 2504 rem
868 2475 1061 2505 arbitrabitur

183 2522 286 2563 Judex
301 2520 422 2562 restitui.
440 2522 506 2559 imo
522 2519 566 2550 ait
577 2541 586 2556 ,
604 2516 706 2561 Quare
720 2515 839 2553 habeat,
856 2516 931 2556 quod
947 2524 1005 2546 non
1021 2523 1060 2544 es-

177 2565 226 2605 Jet
235 2564 388 2594 habiturus
396 2560 534 2603 poffeffor.
543 2557 679 2600 fiftacim
685 2554 874 2601 poffeffionent
883 2554 1058 2597 reliitzcz'ffet.

227 2604 290 2636 Sed
310 2612 344 2634 ut
361 2605 392 2635 in
411 2605 504 2644 plena
525 2602 597 2633 luce
619 2607 758 2641 ponatur
774 2596 908 2636 n0b1l1s‚
932 2599 961 2629 <St
977 2597 1062 2638 aspe-

185 2656 238 2685 ra,
253 2653 314 2677 nec
331 2645 452 2682 adhuc,
468 2650 504 2675 ut
519 2650 632 2681 opteS,
648 2640 800 2681 expedita
818 2639 968 2679 quaestio:
985 2649 1061 2680 age,

188 2687 268 2729 quid
285 2686 315 2718 ὅ(
331 2687 511 2726 quotuplex
536 2684 571 2716 sit
586 2682 729 2719 fructus,
752 2680 963 2721 dispiciamus.
1008 2679 1064 2712 Est

185 2736 295 2761 autern
309 2726 429 2759 fructus
439 2725 567 2767 proprie
578 2749 587 2764 ‚
607 2724 651 2756 rei
669 2723 788 2754 utilitas
804 2731 845 2753 ex
861 2721 929 2761 ipso
947 2731 1063 2763 corpo-

186 2779 223 2803 re
241 2768 430 2802 obveniens.
455 2768 541 2808 quod
557 2766 578 2798 fi
599 2774 670 2807 quae
686 2773 752 2797 non
769 2773 810 2795 ex
828 2763 896 2803 ipso
913 2764 1064 2804 proveni-

185 2819 220 2844 at
235 2819 393 2852 corpore,
409 2808 462 2839 sed
479 2810 544 2848 ejus
562 2806 731 2838 occasione
748 2815 789 2837 ex
805 2805 863 2837 alia
881 2805 969 2836 causa
981 2829 990 2845 ‚
1008 2814 1063 2845 pu·

188 2863 221 2885 ta
245 2853 286 2884 eit
303 2860 389 2883 nova
411 2850 626 2889 obligatione,
652 2848 721 2879 haec
739 2846 867 2887 proprie
884 2846 927 2878 rei
944 2846 1064 2878 fructus

184 2905 253 2927 non
272 2893 318 2926 est
334 2893 353 2924 l.
371 2899 438 2924 121.
457 2891 502 2921 D.
522 2891 554 2920 cie
569 2891 637 2920 verb
655 2889 762 2930 fignif.
777 2888 805 2919 ἃ
823 2896 928 2920 tamen
940 2887 1012 2929 quia
1027 2889 1059 2920 in

186 2933 418 2968 communium
435 2930 561 2973 praestat
576 2932 844 2971 commoditatem
861 2929 977 2962 fructui
994 2939 1059 2961 non

185 2977 378 3013 absimilem,
399 2974 474 3015 iuris
495 2972 761 3010 interpretatione
781 2980 842 3010 pro
865 2971 970 3003 fructu
994 2980 1061 3003 non

186 3020 271 3052 male
288 3018 435 3049 habetur.
472 3014 559 3054 Ergo
576 3011 618 3044 sic
635 3013 753 3052 duplex
771 3012 807 3043 fit
822 3011 962 3045 fructus:
985 3013 1062 3045 alins

186 3060 357 3098 naturalis,
372 3057 449 3090 alius
465 3054 576 3088 civilis.
600 3053 631 3085 in
644 3053 822 3094 posteriore
840 3053 885 3085 est
901 3053 989 3086 usura
1006 3063 1060 3095 pe-

188 3102 291 3134 cuniae
307 3124 317 3140 ,
348 3100 477 3131 vectura
501 3097 628 3129 navium
643 3117 653 3132 ,
683 3103 807 3126 merces
832 3094 931 3135 servi,
954 3095 1063 3136 pensio

185 3144 297 3184 praedii
315 3142 334 3173 l.
346 3146 397 3174 62.
409 3141 455 3172 D.
472 3140 500 3170 b.
517 3144 539 3170 t.
554 3137 585 3169 in
602 3136 711 3176 priore
727 3134 797 3166 sunt
812 3134 991 3175 frumenta,
1009 3146 1065 3178 po-

185 3194 257 3226 ma,
280 3183 351 3218 alia.
393 3181 545 3217 Proxima
567 3176 749 3215 observatio
767 3175 833 3217 est,
856 3179 946 3219 quod
965 3178 998 3211 hi
1014 3187 1066 3213 na-

604 64 961 104 GERARnt
1014 61 1274 101 Noonr
1333 63 1541 101 Coun.

1089 155 1206 186 rurales
1228 154 1348 187 fruetus
1373 154 1426 186 vel
1451 154 1502 185 sua
1521 152 1635 194 sponte
1659 153 1829 188 nascuntur
1843 156 1964 191 natur‘ssae

1090 194 1270 235 beneficio,
1288 197 1318 228 ἃ
1336 197 1495 228 naturales
1511 196 1541 226 in
1560 195 1664 237 specie
1679 197 1896 236 appellantur:
1913 201 1964 234 vel

1091 236 1219 268 denium
1240 237 1377 270 humano
1396 237 1483 269 fatto
1495 245 1591 278 atque
1608 246 1706 278 opera
1723 239 1964 282 producuntur,

1091 278 1121 309 ἃ
1139 284 1294 311 vocantur
1310 279 1516 311 industriales.
1535 281 1698 320 utriusque
1714 281 1838 320 generis
1856 281 1964 314 memi-

1091 320 1139 350 nit
1156 320 1274 352 Auctor
1297 321 1415 362 Dialog.
1441 320 1487 350 De
1509 319 1601 357 causis
1623 327 1761 361 corruptae
1785 321 1964 364 eloquentie,

1091 360 1154 392 sive
1170 360 1370 402 sitTacitus‚
1386 361 1674 402 siveQuintilianus
1694 372 1708 392 c
1727 366 1757 393 6.
1776 362 1823 395 his
1842 363 1963 397 verbis:

1093 402 1131 434 In
1147 403 1262 443 ingenio
1277 413 1388 445 quoque
1403 403 1483 442 ficut
1505 403 1537 433 in
1559 413 1627 446 agro
1647 412 1825 445 quamquam
1842 404 1900 435 alia
1915 406 1964 438 diu

1092 444 1293 482 elaberentur,
1308 447 1442 486 gratiora
1459 451 1572 483 tamen,
1592 445 1721 487 quaesucz
1734 449 1831 485 sponte
1846 453 1967 482 nas'cun-

1090 490 1150 515 tur.
1165 484 1321 526 Exempla
1337 488 1418 526 apud
1432 486 1642 528 Pomponium
1655 486 1674 518 l.
1687 497 1737 527 45.
1757 486 1797 517 D.
1815 488 1848 517 de
1864 488 1967 526 ulicris.

1093 526 1254 557 Postrema
1270 527 1452 559 observatio
1462 527 1526 567 est,
1545 527 1665 560 fruCtus
1677 527 1800 568 aliquos
1812 527 1873 559 effe
1890 538 1964 569 pen-

1093 569 1207 613 dentes
1217 591 1226 605 ,
1239 568 1363 607 aliquos
1374 575 1545 610 perceptos
1555 593 1564 608 ‚
1581 571 1705 611 aliquos
1721 571 1964 612 percipiendos,

1093 610 1216 649 aliquos
1227 612 1373 641 extantes
1382 633 1391 647 ,
1401 609 1526 649 aliquos
1538 610 1753 652 consumptos.
1777 610 1810 642 In
1822 611 1869 642 his
1882 621 1966 644 nunc

1095 651 1181 690 quod
1197 651 1244 690 jus
1261 650 1317 689 fit,
1333 651 1471 690 quaeris?
1494 651 1572 683 Mea
1590 651 1742 684 sententia
1754 677 1763 691 ,
1775 652 1904 684 interest
1922 654 1967 685 ins

1095 700 1144 722 ter
1161 693 1254 722 bonae
1273 691 1303 722 &
1323 693 1409 722 malae
1429 692 1502 724 fidei
1520 692 1731 732 poffessbrer'n.
1754 704 1789 725 ac
1813 704 1868 735 per
1887 701 1919 726 te
1936 692 1970 727 li-

1095 741 1168 765 ceat
1184 733 1258 764 mihi
1269 757 1277 770 ,
1297 733 1349 764 hic
1361 735 1404 765 uti
1418 733 1481 764 hoc
1491 743 1530 765 ex
1540 733 1700 767 Terentio
1710 736 1831 777 Adelph.
1842 747 1871 777 5.
1882 746 1910 777 3.
1922 735 1969 778 37².

1136 774 1207 806 Duo
1224 784 1288 805 cum
1305 776 1378 805 idem
1386 775 1527 814 faciunt,
1541 776 1617 816 saepe
1632 784 1666 807 w:
1679 775 1765 817 poffis
1781 778 1890 817 dicere,

1136 815 1202 847 Hoc
1218 816 1279 846 licei
1296 816 1410 856 impune
1420 817 1521 855 facere
1535 818 1620 857 huic,
1643 819 1687 849 illi
1702 828 1759 849 non
1775 819 1857 849 licet:

1138 857 1209 889 Non
1227 867 1282 899 quo
1299 857 1438 898 clzffimih's
1453 867 1496 888 res
1504 856 1546 896 fit
1557 882 1566 896 ,
1579 859 1633 898 sed
1649 861 1722 900 quod
1735 860 1760 890 is
1776 862 1827 901 qui
1835 860 1925 900 facit.

1097 898 1149 930 Sic
1160 901 1299 930 meditor
1315 898 1376 930 ess'e
1391 898 1650 939 jurisprudentiae
1665 900 1766 932 utilis:
1784 904 1810 931 dc
1823 910 1870 932 res
1882 924 1890 939 ,
1908 900 1978 942 spe?

1096 950 1153 979 ro,
1170 940 1329 980 procedet
1346 940 1438 971 bene.
1465 949 1529 980 quo
1549 941 1673 973 modo?
1687 945 1840 977 attende,
1857 944 1970 975 intelli:

1096 991 1163 1024 ges.
1186 981 1252 1013 Etsi
1269 976 1409 1013 adhibita
1428 982 1467 1012 ab
1481 990 1619 1023 utroque
1637 982 1807 1021 poffeffore
1825 984 1856 1015 in
1872 980 1973 1017 fundo

1096 1033 1113 1054 a
1130 1033 1193 1054 non
1220 1024 1353 1054 domino
1372 1031 1529 1063 accepto,
1555 1033 1608 1064 par
1625 1024 1661 1056 fit
1685 1025 1806 1056 cultura
1825 1025 1854 1056 &
1872 1034 1966 1058 cura:

1095 1065 1140 1096 ob
1165 1074 1234 1096 eam
1258 1072 1364 1096 tamen
1390 1073 1525 1104 uterque
1543 1073 1605 1096 non
1625 1067 1739 1098 eodem
1765 1067 1972 1108 uteturjure3

1095 1116 1136 1138 ne
1148 1106 1316 1147 emptione
1335 1106 1464 1151 quidem
1475 1114 1528 1137 aut
1537 1106 1625 1138 simili
1635 1107 1712 1148 justa
1723 1106 1812 1138 cansa
1823 1109 1861 1139 ad
1872 1107 1971 1140 trans²

1094 1147 1264 1179 ferendum
1284 1148 1460 1179 dominium
1485 1147 1557 1186 hic,
1580 1157 1633 1179 aut
1648 1148 1731 1187 illic,
1756 1147 1978 1181 intervenien?

1096 1196 1138 1220 te.
1161 1190 1298 1230 primum
1308 1189 1396 1230 agam
1416 1186 1456 1220 de
1475 1188 1648 1229 possessore
1665 1191 1752 1222 malae
1765 1189 1857 1222 fidei:
1873 1192 1900 1221 ἃ
1919 1196 1973 1232 pu*-

1097 1239 1128 1262 ta
1139 1254 1149 1269 ,
1164 1239 1237 1262 eum
1248 1230 1317 1262 nefi
1328 1232 1490 1271 acceperit
1506 1229 1633 1270 quidem
1645 1231 1723 1271 justa
1739 1242 1778 1263 ex
1795 1231 1883 1263 causa
1900 1231 1973 1264 furi*

1097 1273 1173 1304 dum
1189 1282 1205 1303 a
1229 1281 1293 1303 non
1312 1271 1464 1311 domino,
1486 1272 1529 1303 ob
1546 1272 1578 1303 id
1598 1282 1746 1310 umquam
1773 1273 1890 1305 habere
1906 1271 1972 1314 ejus

1097 1314 1273 1345 dominium
1286 1336 1296 1352 ,
1311 1312 1343 1344 in
1361 1323 1444 1344 eove
1457 1313 1506 1353 jus
1524 1314 1655 1345 Culturae
1676 1315 1703 1345 δι
1720 1324 1803 1346 curae
1817 1338 1827 1354 ,
1845 1315 1875 1346 &
1898 1320 1975 1347 coti·

1097 1355 1265 1396 sequenter
1288 1359 1458 1394 numquam
1478 1355 1527 1395 jus
1550 1356 1587 1386 ad
1607 1354 1726 1387 fruetus
1743 1366 1783 1387 ex
1800 1366 1840 1387 eo
1859 1357 1974 1390 natosi

1098 1398 1164 1429 non
1189 1396 1305 1437 magis,
1327 1405 1420 1436 quam
1445 1397 1484 1427 ad
1502 1395 1661 1435 fundum,
1683 1397 1802 1438 Judicis
1819 1397 1975 1429 sententia

1098 1448 1182 1470 nunc
1200 1439 1350 1479 petitoris
1362 1437 1567 1469 declaratum.
1592 1439 1667 1479 quid
1685 1437 1715 1470 ni
1732 1440 1826 1481 igitur
1842 1439 1974 1470 arbitre-

1099 1479 1279 1520 turJudex,
1297 1488 1368 1510 eum
1387 1477 1587 1520 possessorem
1598 1488 1753 1520 oportere
1765 1479 1898 1511 fundum
1917 1480 1976 1510 do*-

1099 1522 1186 1553 mino
1201 1522 1287 1561 cujus
1304 1520 1368 1559 est,
1383 1519 1565 1557 restituere,
1583 1520 1613 1552 ἅ
1624 1530 1696 1552 cum
1715 1530 1755 1552 co
1775 1520 1894 1552 fructus
1905 1526 1974 1552 orn*-

1101 1572 1156 1594 nes
1174 1563 1193 1594 l.
1206 1572 1254 1593 22.
1273 1562 1306 1593 C.
1327 1562 1354 1592 h.
1371 1567 1392 1592 t.
1409 1561 1520 1593 civiles
1536 1562 1554 1592 l.
1564 1566 1613 1593 62.
1633 1563 1678 1593 D.
1695 1564 1722 1594 d.
1739 1569 1760 1595 t.
1780 1562 1799 1594 l.
1819 1571 1868 1599 29.
1887 1562 1928 1593 D.
1941 1563 1974 1593 cle

1103 1605 1196 1635 hered.
1212 1605 1295 1644 petit.
1321 1603 1496 1641 naturales,
1521 1602 1719 1636 in'dustriales
1736 1603 1765 1646 §,
1785 1613 1834 1645 35.
1852 1600 1923 1644 Inst.
1943 1599 1976 1634 άὲ

1101 1655 1155 1676 rer.
1173 1646 1258 1678 aivis:
1276 1646 1473 1685 pen-dentes,
1490 1653 1663 1685 perceptos
1678 1645 1697 1675 l.
1708 1645 1787 1685 44.l.
1796 1652 1845 1686 35.
1858 1645 1885 1686 §.
1900 1643 1976 1678 r.D.¹

1100 1688 1126 1718 h.
1143 1693 1163 1718 t,
1181 1687 1276 1718 etiam
1293 1685 1461 1717 inhoneste
1478 1686 1497 1716 l.
1509 1695 1557 1727 27.
1576 1686 1594 1716 l.
1607 1688 1656 1720 28.
1671 1686 1707 1721 ὅ)
1724 1687 1742 1717 l.
1757 1696 1807 1728 52.
1827 1686 1866 1719 D.
1885 1688 1918 1717 de
1931 1688 1976 1717 heb·

1100 1730 1156 1760 red.
1175 1730 1257 1767 petit.
1283 1728 1416 1767 amplius
1436 1727 1682 1768 percipiendos,
1706 1727 1764 1759 hos
1782 1735 1887 1759 tamen
1908 1727 1976 1761 turn

1100 1771 1227 1802 demum
1238 1794 1246 1808 ‚
1264 1768 1281 1800 si
1294 1767 1427 1800 honeste
1444 1771 1564 1810 percipi
1574 1768 1739 1810 potuerint
1750 1769 1769 1800 l.
1780 1779 1829 1810 33.
1841 1769 1915 1802 DJ).
1925 1775 1946 1801 t.
1957 1766 1976 1800 ἐ

1101 1812 1194 1852 quo?
1213 1811 1400 1851 Papinianus
1415 1813 1442 1841 d.
1455 1811 1473 1841 l.
1487 1810 1572 1852 62.§.
1590 1819 1612 1841 1.
1627 1811 1836 1852 generaliter,
1854 1811 1976 1851 inquit,

1101 1862 1174 1884 cum
1199 1853 1238 1884 de
1261 1851 1415 1884 fruCtibus
1435 1851 1622 1883 aestiinandis
1648 1853 1816 1893 quaeritur,
1839 1852 1977 1884 animad-

1102 1893 1184 1926 verti
1203 1894 1340 1931 debere,
1359 1903 1423 1925 non
1441 1903 1478 1925 an
1497 1894 1584 1924 rnalae
1601 1892 1675 1925 fidei
1695 1892 1845 1935 possessor
1863 1893 1977 1925 fruitu-

1103 1946 1154 1968 rus
1170 1935 1224 1973 sit,
1242 1935 1293 1966 sed
1311 1944 1348 1966 an
1369 1935 1489 1975 petitor
1506 1931 1567 1966 frui
1585 1936 1745 1976 potuerit,
1762 1934 1782 1966 si
1797 1936 1824 1966 ei
1842 1935 1978 1974 poffide-

1103 1987 1136 2009 re
1154 1976 1297 2010 licuisset.
1333 1974 1406 2008 Nec
1422 1976 1496 2007 illud
1516 1977 1730 2008 omittendum
1744 1976 1776 2007 in
1792 1977 1821 2007 cl.
1838 1977 1858 2007 l.
1877 1976 1979 2008 credi*

1103 2018 1149 2050 dit
1173 2018 1383 2059 Papinianus,
1406 2016 1468 2048 effe
1493 2018 1573 2057 aequi
1599 2018 1628 2049 δι
1651 2017 1814 2058 prudentis
1838 2016 1978 2057 Judicis,

1103 2061 1199 2092 etiarn
1219 2061 1270 2091 hic
1286 2060 1394 2100 aliquo
1409 2059 1440 2090 in
1457 2058 1553 2091 usuris
1569 2060 1614 2090 uti
1633 2063 1909 2099 teiriperament03
1927 2057 1977 2091 cui

1102 2103 1132 2134 in
1153 2101 1289 2133 vecturis
1313 2101 1460 2138 navium,
1484 2100 1513 2132 &
1537 2099 1739 2142 pensionibus
1764 2099 1978 2141 praediorum,

1103 2143 1318 2183 similibusque
1340 2144 1405 2173 non
1427 2140 1525 2173 faciat
1544 2143 1670 2181 locum;
1694 2150 1884 2183 quamquam
1902 2142 1978 2173 alio·

1104 2186 1179 2224 quin
1206 2193 1271 2215 non
1297 2183 1399 2215 minus
1423 2183 1503 2223 illae,
1528 2192 1621 2224 quarn
1640 2183 1706 2222 hae,
1731 2183 1841 2214 civiles
1858 2182 1977 2223 fruetus

1102 2226 1289 2258 habeantur.
1314 2225 1376 2257 Sed
1390 2223 1434 2256 est
1451 2224 1627 2257 manifestae
1638 2223 1788 2263 rationis,
1804 2225 1887 2256 aliud
1904 2225 1934 2255 i'n
1947 2229 1979 2255 11·-

1103 2267 1178 2299 suris
1194 2290 1203 2306 ,
1234 2267 1317 2298 aliud
1341 2266 1371 2297 in
1395 2267 1517 2298 caeteris
1541 2266 1679 2298 suadere.
1711 2262 1819 2309 quid?
1841 2264 1978 2310 nempe,

1104 2309 1194 2349 quod
1211 2309 1298 2340 malae
1313 2307 1388 2339 fidei
1407 2306 1566 2348 poffeffori
1581 2307 1660 2348 juste
1678 2308 1872 2350 imputatur,
1888 2306 1908 2338 si
1925 2313 1977 2339 aut

1104 2351 1182 2383 dolo
1200 2351 1286 2382 malo
1302 2352 1354 2380 aut'
1370 2350 1462 2389 culpa
1479 2359 1543 2381 non
1560 2348 1705 2391 exegerit
1721 2349 1866 2381 vesturas
1878 2372 1887 2387 ,
1904 2353 1978 2390 pena

1104 2391 1227 2430 tiones,
1243 2391 1398 2423 similesve
1414 2391 1524 2423 civiles
1544 2389 1682 2423 fruetus:
1705 2391 1780 2432 quia
1793 2389 1906 2432 'potuit
1923 2391 1978 2422 eos
2015 2408 2018 2412 ·

1105 2443 1170 2465 non
1194 2433 1294 2465 modo
1322 2431 1455 2463 honeste
1470 2455 1480 2470 ,
1504 2431 1554 2464 sed
1579 2431 1643 2463 sine
1667 2432 1811 2473 periculo
1831 2439 1979 2472 quoque,

1104 2475 1291 2515 percipere:
1310 2472 1360 2505 sed
1372 2481 1406 2504 ut
1419 2473 1585 2513 pecuniam
1605 2477 1714 2504 natura
1731 2473 1868 2505 sterilem
1886 2472 1980 2514 atque

1102 2516 1342 2553 infoecundam,
1358 2513 1550 2546 foenerando
1568 2513 1689 2545 faceret
1707 2513 1868 2553 fertilem,
1892 2515 1923 2545 id
1941 2512 1979 2545 ab

1105 2561 1168 2596 e'o,
1191 2556 1247 2589 etsi
1271 2555 1424 2594 honeste,
1448 2555 1556 2588 tamen
1579 2565 1651 2588 cum
1678 2556 1743 2596 ejus
1763 2556 1908 2597 periculo
1924 2563 1979 2586 exa

1104 2598 1256 2640 fpefilari,
1280 2598 1351 2629 sane
1373 2598 1484 2629 durum
1508 2596 1614 2636 foret,
1638 2598 1760 2630 &ideo
1785 2596 1928 2628 omiffum
1950 2592 1978 2627 ei

1105 2641 1252 2683 imputari
1269 2649 1334 2671 non
1352 2646 1484 2682 oportet
1501 2640 1528 2670 d.
1547 2638 1564 2669 l.
1580 2643 1632 2670 624
1648 2639 1674 2670 h.
1692 2644 1711 2669 t.
1738 2638 1854 2670 Similis
1869 2638 1979 2670 mode*

1105 2684 1187 2714 ratio
1211 2681 1412 2718 observatur,
1435 2679 1456 2711 si
1480 2680 1533 2722 qui
1557 2680 1634 2712 tales
1657 2678 1778 2711 fruCtus
1802 2677 1978 2720 pofl'efforis

1105 2723 1268 2756 beneficio
1286 2722 1327 2753 rei
1339 2722 1446 2761 petitae
1456 2719 1663 2753 accesserunt.
1679 2722 1863 2762 exemplum
1874 2720 1930 2752 inl.
1939 2722 1980 2762 3l'.

1106 2767 1133 2797 d.
1148 2770 1174 2796 «t.
1198 2765 1228 2795 in
1246 2763 1401 2794 fructibus
1426 2771 1522 2804 perce
1550 2764 1587 2794 tis
1605 2772 1646 2795 ex
1662 2761 1799 2794 artificio
1814 2762 1915 2800 servi,
1938 2765 1978 2792 eo

1106 2804 1245 2839 instructi
1271 2804 1443 2843 sumptibus
1461 2814 1503 2846 po
1531 2802 1656 2837 efforis:
1680 2813 1761 2845 quos
1778 2803 1942 2842 aestimari,
1963 2809 1980 2833 a

1105 2849 1247 2889 petitore
1268 2846 1415 2886 improbe
1436 2846 1504 2887 peti
1524 2870 1533 2885 ,
1566 2845 1680 2878 Paulus
1702 2845 1744 2877 ait
1765 2857 1773 2877 :
1797 2844 1980 2880 arbitratus,

1105 2889 1269 2926 sufficere,
1292 2897 1349 2919 eos
1366 2897 1438 2920 cum
1460 2887 1637 2928 sumptibus
1655 2887 1863 2929 compensari.
1900 2885 1980 2918 Satis

1106 2932 1146 2963 de
1165 2930 1253 2962 malae
1272 2928 1344 2960 fidei
1363 2927 1541 2970 poss'e'ffo're.
1562 2962 1563 2965 Ἴ
1877 2967 1879 2969 q

1149 2971 1246 3005 Nunc
1257 2971 1296 3003 de
1305 2971 1400 3002 bonae
1411 2970 1485 3002 fidei
1497 2968 1667 3011 poffeffore
1683 2969 1758 3012 quid
1765 2969 1840 3009 juris
1854 2967 1910 3006 sit,
1926 2965 1981 2998 sci-

1106 3024 1141 3046 re
1159 3013 1294 3053 expetis.
1326 3010 1414 3044 Idem
1432 3019 1558 3051 autem,
1581 3012 1633 3044 vel
1649 3012 1681 3043 in
1702 3021 1743 3043 eo
1758 3017 1850 3053 putag
1867 3015 1897 3039 at
1914 3012 1980 3039 non

1107 3056 1138 3087 in
1150 3053 1327 3091 infinitum,
1342 3063 1402 3085 nec
1414 3053 1550 3094 semper:
1567 3051 1618 3085 sed
1635 3062 1653 3084 a
1669 3051 1813 3090 ternpore
1832 3050 1892 3079 litis
1904 3056 1981 3079 con-

1108 3095 1229 3128 testatae
1246 3095 1265 3127 l.
1282 3105 1329 3126 22.
1351 3095 1385 3126 C.
1406 3094 1432 3125 b.
1454 3101 1477 3127 t.
1494 3095 1513 3126 l.
1530 3104 1559 3126 2.
1577 3094 1610 3126 C.
1630 3092 1791 3133 defrufflb.
1811 3089 1848 3125 δ’
1870 3089 1915 3122 lit.
1930 3097 1983 3136 ex-

1102 3137 1184 3180 pens.
1202 3138 1268 3169 imo
1285 3137 1311 3168 is
1330 3137 1382 3167 vel
1399 3143 1473 3167 ante
1487 3145 1528 3167 ex
1569 3145 1610 3167 uo
1626 3134 1691 3166 re'm
1706 3133 1838 3165 alienam
1856 3129 1918 3162 esse
1935 3139 1982 3162 in-

1107 3178 1246 3223 telligit,
1263 3176 1437 3213 malae'fidei
1450 3170 1537 3218 posse
1562 3172 1674 3210 orest
1688 3173 1799 3215 coepit·
1823 3171 1918 3206 Adeo
1928 3174 1982 3245 vg

1911 3221 1945 3245 ru
