2036 3495
155 76 225 112 244
588 60 620 96 G
656 70 675 93 ε
708 69 731 93 rt
764 65 785 92 Α
818 66 842 91 R
874 65 899 91 n
930 63 945 90 1

161 157 225 189 lam
243 152 376 187 notabat
393 161 458 183 rem
476 149 636 190 pondere,
661 154 816 183 numet0,
839 151 891 175 aut
914 143 1036 176 mensu-

163 208 216 236 ra,
241 196 467 229 constantem,
500 191 562 222 live
586 188 663 219 ess'et
694 193 858 218 numerata
883 185 1037 226 pecunia,

164 238 228 271 five
251 239 308 268 alia
332 235 498 275 quantitas.
526 230 576 262 sed
602 229 790 268 justinianus
817 226 959 268 pecuniae
984 236 1037 267 ap-

167 279 374 321 pellationem
397 274 540 313 porrexit
565 272 604 302 ad
628 279 740 301 omnes
764 279 812 300 res
842 278 911 309 quae
931 268 989 299 lint
1006 270 1038 299 in

164 317 375 362 patrimonio:
399 314 460 346 five
479 313 538 345 sint
563 319 777 352 quantitates,
800 310 863 341 sive
889 309 947 341 sint
969 319 1039 341 cor-

167 370 246 402 pora
265 382 274 396 ‚
303 356 435 390 mobilia
452 378 462 394 ,
494 353 688 392 immobilia,
713 352 765 384 vel
789 351 851 383 sese
875 350 1041 383 moventia

169 403 188 433 l.
205 412 233 433 2.
252 401 284 431 C.
300 400 328 430 h.
345 404 367 429 t.

210 442 252 473 At
268 450 329 471 non
347 438 408 470 fuit
424 444 598 470 contentus
608 436 727 468 Praetor
739 434 927 476 ,pecuniam
945 434 1040 465 dixis-

166 483 208 514 se.
233 483 300 522 plus
318 481 489 519 desiderat,
512 480 636 509 debitam
654 476 763 513 fuiise,
790 485 860 516 quae
876 475 1039 507 constitui-

168 530 229 555 tur.
282 521 358 554 Non
386 521 479 560 vult,
511 520 650 551 debitam
685 527 813 550 manere
834 541 843 557 ,
875 517 1042 557 postquam

166 564 339 596 constituta
364 563 424 594 est:
448 562 500 593 sed
525 563 554 592 ei
575 560 713 597 sufficit,
738 567 804 591 tum
831 568 904 590 cum
928 558 1043 589 consti·

166 607 336 643 tuebatur,
360 603 450 636 fuisse
466 604 608 634 debitam
633 602 652 633 l.
674 605 717 635 18.
734 601 765 642 §.
787 610 813 632 1.
838 600 866 631 h.
884 605 905 631 t.
933 599 1043 638 estque

166 648 201 678 id
222 656 351 684 verum,
374 645 493 677 etiamsi
517 644 619 675 nullus
643 650 810 681 appareat,
835 642 886 682 qui
915 641 1042 672 interim

169 689 298 720 debeat.
323 688 374 719 Sic
398 688 429 719 in
453 688 471 719 l.
495 695 540 718 11.
567 686 595 716 h.
614 690 636 715 t.
661 683 831 724 Ulpianus:
856 683 885 713 &
908 682 972 712 hoc
989 691 1043 722 po-

172 731 223 761 nit
240 729 442 770 exemplum:
467 736 502 759 ut
519 734 610 768 puta,
634 725 655 757 si
672 725 739 765 quis
756 733 830 755 ante
849 724 966 754 aditam
992 724 1046 754 he-

169 772 338 804 reditatem
363 770 540 806 debitoris,
566 768 616 799 vel
645 774 742 807 capto
766 775 806 797 eo
824 766 862 796 ab
880 763 1044 804 hostibus,

171 813 345 844 constituat
363 811 392 842 se
412 811 595 842 soluturum.
614 818 651 840 ac
669 807 838 848 praefatus,
856 806 886 838 ἀ
905 806 1045 845 Pompo-

170 856 226 886 nio
251 852 371 891 videri,
395 852 500 883 valere
520 850 745 882 constitutum:
771 849 919 888 quoniam
938 847 1046 879 debita

169 896 307 936 pecunia
334 892 506 925 constituta
530 891 576 924 est
597 891 615 922 l.
639 900 685 923 11.
713 890 752 921 D.
779 891 806 920 l).
836 896 856 920 ε.
889 889 995 931 Quid,
1027 888 1048 920 si

167 937 239 978 plus
256 936 484 973 constituatur,
509 943 601 974 quain
629 931 792 964 debetur?
815 930 917 971 finge:
940 930 1047 970 (quod

170 978 216 1009 est
233 977 416 1017 exemplum
442 977 469 1006 d.
488 976 504 1007 l.
529 985 572 1006 11.
589 974 616 1016 §.
638 974 682 1014 1.)
707 973 818 1013 aliquis
837 973 956 1003 debens
973 981 1045 1002 cen-

171 1028 238 1050 tum
265 1028 396 1056 aureos,
421 1016 584 1048 constituit
609 1017 777 1046 ducentos.
801 1013 843 1044 ait
868 1012 1043 1052 Ulpianus,

170 1070 244 1092 eum
262 1061 292 1091 in
313 1068 448 1090 centumv
462 1058 686 1089 tantummodo
707 1056 827 1087 teneri:
845 1054 915 1094 quia
933 1063 968 1084 ea
991 1063 1043 1092 pe-

174 1103 267 1134 cunia
287 1101 394 1132 debita
411 1100 474 1132 est:
500 1100 578 1130 ultra
597 1108 659 1129 non
679 1097 733 1128 est.
759 1098 898 1134 indeque
916 1095 1045 1126 conclu-

173 1145 238 1182 dit3
262 1143 350 1183 quod
375 1152 452 1183 ergo
482 1142 510 1171 ὃ(
527 1142 551 1171 is
580 1141 631 1181 qui
649 1139 765 1170 sortem
791 1136 954 1168 constituit
972 1145 1045 1167 cum

172 1185 270 1215 usuris
289 1193 359 1224 quce
375 1193 438 1214 non
458 1183 674 1219 debebantur,
699 1181 729 1211 in
748 1179 861 1210 sortem
879 1179 1044 1208 dumtaxat

172 1225 342 1258 tenebitur.
371 1223 549 1260 Similiter,
581 1222 601 1254 si
635 1224 748 1252 decem
781 1221 982 1257 debeantur,
1014 1219 1045 1249 c&

173 1267 349 1308 (debitor)
389 1267 502 1296 decem
534 1265 563 1295 δι
596 1263 739 1295 Stichum
779 1261 972 1293 constituat:
1003 1259 1046 1290 ait

173 1309 308 1346 Paulus,
332 1317 403 1339 eum
420 1308 531 1337 decem
552 1304 776 1336 tantummodo
797 1303 926 1334 nomine
945 1301 1045 1332 teneri

171 1350 191 1381 l.
204 1360 250 1382 12.
263 1349 302 1380 D.
316 1349 343 1379 h.
359 1354 379 1379 t.
399 1348 463 1386 Ita,
480 1348 498 1379 ii
517 1347 645 1378 debitor
663 1345 834 1377 constituat
852 1344 939 1385 plus,
956 1351 1050 1383 quam

172 1391 238 1433 ipse
262 1390 379 1422 debet:
403 1399 474 1420 nam
500 1389 539 1420 de
563 1387 615 1419 tali
641 1387 709 1417 casu
726 1387 852 1417 adducti
875 1385 1050 1423 loquuntur

173 1432 249 1466 loci.
273 1430 349 1462 Non
375 1430 458 1461 idem
485 1429 551 1467 est;
574 1428 596 1460 si
620 1431 689 1468 quis
716 1437 774 1468 pro
800 1428 864 1458 alio
882 1426 952 1466 plus
971 1434 1047 1456 con-

175 1474 301 1511 stituat,
325 1481 417 1512 quam
443 1471 495 1502 ille
521 1470 646 1501 debeat.
672 1478 742 1500 nam
770 1470 847 1500 illud
874 1476 1046 1498 commune

175 1516 266 1547 estin
285 1512 434 1544 universis
453 1512 505 1551 qui
530 1519 589 1551 pro
611 1511 677 1541 aliis
696 1510 898 1551 obligantur:
924 1509 1009 1547 quod
1027 1507 1046 1538 fi

172 1557 292 1589 fuerint
308 1554 339 1585 in
357 1553 517 1584 duriorem
528 1551 649 1582 causam
668 1551 823 1589 adhibiti3
840 1549 975 1591 placuit,
992 1559 1047 1580 eos

174 1597 309 1629 omniuo
326 1604 389 1625 non
410 1593 564 1634 obligari:
581 1594 612 1624 id
622 1592 685 1632 cst,
702 1602 742 1624 ne
758 1594 796 1624 ad
817 1592 964 1623 summam
983 1591 1047 1630 qui-

177 1640 249 1670 deni
259 1644 516 1668 concurrentem.
530 1634 563 1666 In
582 1634 738 1666 leviorem
756 1635 849 1675 plane
866 1632 986 1664 causam
1002 1641 1050 1662 ac-

175 1680 237 1720 cipi
256 1677 392 1720 possunt.
407 1676 449 1709 fic
475 1676 626 1717 Ulpianus
643 1676 662 1707 l.
680 1680 709 1711 8.
729 1675 757 1717 ᾗ,
776 1685 804 1716 7.
823 1674 863 1706 D.
884 1674 1049 1714 defidejzis-

164 1722 255 1762 sorih.
278 1720 308 1752 &
332 1718 360 1750 ei
385 1717 739 1751 convenienterPaulus
757 1717 776 1748 l.
798 1725 841 1757 13.
856 1716 901 1747 D.
920 1717 947 1746 l).
966 1721 986 1745 t.
1008 1713 1051 1745 Ut

173 1763 269 1805 igitur
298 1761 403 1792 valeat
434 1759 662 1797 constitutum,
686 1758 753 1790 vult
785 1757 924 1794 Praetor,
955 1765 1049 1796 pecu-

176 1804 260 1838 niam
286 1812 357 1845 quae
382 1800 605 1839 constituitur,
630 1799 691 1831 effe
714 1799 865 1831 debitam.
901 1798 1008 1840 Quid,
1032 1796 1052 1828 ii

176 1846 263 1878 aliud
297 1843 529 1881 constituatur,
560 1850 654 1884 quam
690 1841 777 1881 quod
805 1840 965 1872 debetur?
1001 1839 1054 1870 Se-

174 1887 317 1920 cundum
342 1884 447 1917 Edicti
472 1884 570 1916 verba
593 1892 660 1916 non
684 1882 804 1914 valebit
842 1880 1051 1912 constitutum

175 1929 251 1969 quia
269 1928 358 1969 quod
384 1925 604 1964 constituitur,
628 1934 693 1956 non
717 1924 861 1955 debetur.
888 1922 930 1954 ait
945 1929 1051 1954 autem

174 1970 317 2007 Praetor,
343 1968 408 2011 Qui
426 1968 596 2007 pecuniam
614 1966 755 1998 debitam
772 1965 944 1996 constituit.
969 1963 1051 1994 Pati-

176 2019 227 2044 tur
244 2019 350 2042 tamen
367 2009 517 2050 Ulpianus
533 2008 552 2040 l.
566 2017 590 2040 1.
609 2007 637 2050 §.
649 2018 678 2049 5.
692 2007 732 2038 D.
743 2007 770 2037 h.
781 2013 801 2037 t.
820 2006 902 2037 aliud
919 2014 975 2046 pro
990 2005 1052 2036 alio

176 2052 326 2084 constitui
337 2061 389 2083 .ac
405 2059 517 2083 movet
534 2059 606 2081 eum
619 2060 627 2088 3
639 2049 794 2089 quodiam
804 2048 928 2088 placet,
941 2047 1050 2078 volen-

176 2095 200 2126 ti
218 2094 301 2126 aliud
319 2103 378 2134 pro
396 2093 459 2123 alio
475 2091 562 2129 posse
580 2090 667 2122 solvi.
680 2090 886 2121 constitutum
898 2098 974 2119 vero
986 2097 1050 2118 non

176 2137 217 2169 ad
232 2135 331 2168 debiti
353 2134 587 2174 promiffionern
602 2132 735 2171 spectat:
759 2130 809 2162 sed
829 2128 928 2161 debiti
945 2128 1052 2161 soluti-

179 2186 288 2209 onem.
314 2176 368 2217 qui
394 2176 478 2207 enim
496 2175 664 2214 pecuniam
691 2171 876 2209 constituit,
901 2180 965 2202 non
982 2180 1052 2210 pro-

176 2219 321 2252 miffione
339 2217 474 2258 primum
496 2216 620 2247 inducit
637 2215 802 2246 debitum:
821 2214 872 2244 sed
892 2212 1052 2253 promittit

178 2260 303 2292 solvere
321 2267 394 2290 ante
412 2259 565 2290 debitum.
592 2256 686 2297 igitur
704 2255 770 2286 hoc
788 2255 903 2286 utimur
916 2254 1001 2293 jure,
1020 2260 1054 2283 ut

179 2301 449 2341 quemadmodum
468 2298 573 2339 potest
583 2297 703 2329 volenti
716 2296 798 2329 aliud
811 2306 868 2336 pro
885 2297 946 2326 alio
958 2294 1054 2333 solvi3

178 2343 220 2374 fic
238 2343 327 2381 poffit
345 2342 469 2373 volenti
497 2339 579 2371 aliud
605 2348 662 2379 pro
680 2339 740 2370 alio
755 2336 914 2369 constitui.
939 2335 1053 2367 Similis

181 2383 337 2415 dubitatio
362 2383 425 2415 fuit
451 2383 480 2413 in
501 2382 520 2412 l.
546 2391 589 2420 14.
610 2380 637 2422 §.
661 2389 684 2411 1.
703 2379 742 2411 D.
761 2380 789 2411 cl.
805 2385 825 2410 t.
848 2378 867 2410 si
888 2379 956 2417 quis
977 2387 1052 2408 con-

181 2424 313 2456 stituerit
325 2449 334 2463 ‚
351 2424 381 2456 se
398 2425 543 2456 daturum
563 2423 675 2463 pignus
687 2445 694 2457 ,
712 2430 750 2452 an
767 2420 922 2459 probetur
939 2418 1054 2450 consti-

183 2467 310 2498 tutum?
335 2476 398 2497 non
417 2466 500 2496 enim
516 2464 670 2495 convenit
685 2462 786 2493 Edisti
809 2461 932 2492 verbis:
949 2462 1055 2492 dicen-

182 2508 241 2543 tis,
266 2508 317 2546 qui
345 2508 509 2546 pecuniam
538 2505 678 2536 debitam
696 2502 872 2535 constituit.
897 2503 927 2533 δε
943 2502 1055 2542 pignus

183 2548 300 2579 debitae
318 2550 462 2586 pecuniae
473 2547 581 2579 differt
595 2556 612 2577 a
628 2547 763 2586 pecunia
781 2544 896 2576 debita.
916 2543 1057 2575 admittit

185 2597 292 2621 tamen
320 2590 471 2629 Ulpianus
497 2588 726 2625 constitutum,
751 2586 915 2627 postquam
942 2584 1057 2616 utilitas

208 2630 353 2670 ignorum
391 2630 519 2670 irrepsit.
548 2629 704 2670 fignificat
734 2636 865 2665 autem,
897 2626 1062 2666 postquam

199 2671 300 2703 “dieto
320 2671 466 2702 Praeroris
483 2671 527 2703 est
553 2679 702 2710 receptus
718 2669 786 2701 usus
807 2668 995 2709 pignorum3
1020 2677 1063 2698 ra-

186 2713 281 2746 tionis
307 2711 368 2742 esse
386 2735 395 2750 ,
426 2721 459 2742 ut
488 2714 659 2753 recipiatur
690 2720 818 2752 quoque
850 2709 1061 2740 constitutum

183 2757 364 2797 pignorum.
390 2755 530 2797 optime:
555 2764 594 2784 ex
614 2763 679 2793 quo
703 2753 787 2784 enim
812 2752 951 2792 placuit,
978 2750 1061 2781 aliud

184 2806 245 2837 pro
263 2796 324 2826 alio
344 2793 514 2831 constitui,
538 2796 609 2834 quia
628 2793 789 2832 obtinuit,
814 2793 899 2824 aliud
924 2801 982 2832 pro
998 2792 1060 2822 alio

186 2838 360 2872 soiv1;cur
376 2845 440 2867 non
461 2844 550 2879 aeque
568 2836 778 2866 constituatur
796 2835 928 2876 pignus:
948 2834 978 2864 id
995 2832 1057 2870 est,

185 2878 319 2911 acceffio
335 2878 378 2908 rei
396 2876 596 2917 principalis,
620 2877 719 2907 veluti
738 2886 808 2915 pars
825 2885 922 2909 atoue
942 2884 1058 2914 appen-

185 2922 259 2958 dix,
284 2918 455 2959 praestitura
473 2916 638 2947 solutionis
654 2913 996 2949 secur-itatem.'Simile
1011 2916 1058 2956 jus

182 2962 242 2994 est:
268 2961 287 2992 si
306 2961 375 3000 quis
393 2958 612 2994 constituerit,
633 2965 751 2989 certam
770 2959 934 2998 personam
953 2967 1011 2996 pro
1029 2958 1059 2988 se

184 3002 396 3044 fidejuil‘uram
414 3003 441 3032 d.
459 3000 479 3031 l.
503 3009 547 3037 14.
563 2999 592 3040 §.
611 3008 640 3029 2.

229 3046 325 3084 igitur
352 3041 483 3083 requirit
508 3041 629 3071 Praetor
660 3037 824 3071 Debitum:
854 3040 908 3072 sed
932 3050 991 3079 qua
1016 3049 1057 3071 ex

185 3088 299 3117 causat?
323 3095 385 3115 non
413 3083 511 3114 addit.
536 3080 610 3121 quin
635 3079 817 3123 (impliciter
841 3082 902 3118 ait,
927 3081 990 3125 Qui
1011 3090 1060 3122 pe-

186 3130 302 3160 cuniam
326 3128 449 3157 debitam
475 3123 633 3163 constituit.
664 3119 769 3160 potest
802 3120 896 3160 igitur
923 3125 1059 3160 pecunia

185 3168 335 3201 constitui
356 3175 557 3208 quacumque
573 3174 615 3198 eit
633 3162 723 3196 causa
739 3161 867 3202 debita;
886 3162 919 3194 id
936 3162 1002 3202 est,
1018 3172 1060 3196 ex

1002 53 1267 90 Noonr
1324 54 1541 92 COMM-

1082 153 1287 185 quocumque
1310 146 1499 183 contrac'tu,
1523 145 1586 178 five
1609 153 1723 188 certo,
1746 149 1809 181 sive
1828 150 1950 185 incerto

1081 186 1101 216 l.
1121 194 1146 216 1.
1164 186 1194 227 §.
1209 190 1238 216 6.
1256 187 1303 232 D.
1321 190 1347 217 h.
1365 192 1385 218 t.
1411 189 1441 219 id
1458 187 1522 226 est,
1545 189 1731 226 nominato,
1749 199 1801 221 aut
1818 192 1952 225 innomi-

1082 234 1169 258 nato.
1195 226 1366 266 Similiter,
1390 227 1411 260 fi
1427 229 1511 269 quali
1537 239 1577 260 ex
1595 232 1760 262 contractu
1783 233 1935 265 debeatur

1083 277 1122 298 ex
1141 269 1257 306 tutela,
1282 270 1370 300 verbi
1394 272 1513 310 gratia,
1538 271 1668 303 dubium
1686 281 1762 305 ‘non
1788 274 1851 311 est,
1881 258 1953 314 quiri

1083 308 1147 339 hoc
1169 318 1299 356 quoque
1324 311 1470 343 constitui
1501 312 1593 352 poffit
1617 315 1646 343 d.
1665 313 1692 355 ἓ.
1708 317 1738 345 6.
1764 313 1849 345 idem
1879 316 1955 348 dicit

1083 349 1259 396 Paulus,'ii
1289 361 1330 382 ex
1353 354 1471 385 deliCto
1491 355 1661 386 debeatur:
1687 355 1868 396 utinjuria,
1891 356 1955 390 fur-

1085 399 1119 422 to
1132 401 1270 436 ‚rapina
1287 393 1306 424 l.
1329 403 1378 429 29-
1396 397 1423 426 d.
1447 401 1467 426 t.

1124 433 1213 463 Sicut
1233 442 1297 464 non
1325 435 1425 467 refert
1450 435 1617 475 Praetoris,
1641 446 1701 478 qua
1726 448 1766 469 ex
1789 438 1879 469 causa
1903 439 1955 470 de-

1086 472 1198 520 beatur
1220 477 1307 514 quod
1325 477 1553 510 constituitur?
1581 479 1623 510 ita
1646 489 1706 510 nec
1734 479 1852 518 refert,
1890 490 1953 521 quo

1083 524 1155 555 Jure
1173 514 1345 560 debeatur:
1369 527 1473 550 utrum
1491 520 1577 552 civili
1596 521 1625 551 ἃ
1643 521 1772 551 naturali
1791 521 1897 560 simul,
1917 531 1956 554 an

1086 556 1219 586 naturali
1236 563 1372 602 tantum.
1397 559 1452 591 etii
1475 562 1559 593 enim
1585 561 1713 602 proprie
1734 563 1876 594 debitum
1903 572 1957 604 pu·

1087 604 1190 634 tetur,
1214 597 1353 629 eiViliter
1377 600 1407 630 &
1432 602 1615 634 naturaliter
1639 604 1798 635 debitum:
1833 603 1904 644 quia
1926 604 1956 636 id

1085 639 1214 670 demum
1243 638 1348 684 potest
1369 642 1461 686 ‘peti3
1484 645 1667 676 naturaliter
1685 654 1789 676 autem
1813 647 1958 678 debitum

1087 689 1151 725 non
1171 679 1275 719 potest
1292 689 1395 725 exigi,
1409 692 1513 723 eoque
1533 684 1611 725 saepe
1629 696 1646 717 a
1662 687 1772 718 debito
1789 686 1957 727 separatur:

1087 729 1130 752 ait
1147 729 1251 766 tamen
1271 719 1425 762 Ulpianus
1450 724 1468 754 l.
1492 733 1517 755 1.
1535 725 1564 766 §.
1587 736 1613 765 7.
1635 727 1661 758 h.
1680 734 1700 757 t.
1731 728 1760 759 in
1783 728 1960 760 constituto

1088 763 1232 793 debitum
1252 763 1302 793 vel
1321 772 1429 795 natura
1453 764 1604 798 sufficere.
1628 777 1762 808 nempe,
1786 771 1860 809 quia
1878 770 1961 801 Prae-

1088 812 1140 834 tor
1157 803 1246 847 favet
1265 806 1397 849 naturali
1421 806 1581 846 aequitati,
1607 809 1636 839 ἂ
1663 809 1761 841 debet
1785 810 1839 842 fibi
1858 812 1962 851 impu·
1990 833 1991 838 η

1090 853 1155 892 tate
1175 854 1227 885 qui
1246 845 1412 877 constituit
1437 855 1545 879 natura
1570 849 1723 881 debiturn.
1768 850 1877 884 Multo
1895 861 1962 883 ma·
1986 881 1987 884 ,

1088 895 1134 926 gis
1154 887 1258 926 potest
1286 887 1456 927 constitui,
1483 890 1570 928 quod
1596 890 1750 922 Praetorio
1771 892 1840 931 jure
1863 893 1962 924 debe-

1090 936 1158 966 tur,
1179 926 1235 973 etsi
1261 937 1325 959 non
1352 930 1462 968 utique
1481 931 1552 971 jure
1577 932 1663 962 civili
1691 933 1864 971 debeatur3
1889 943 1961 966 nam
2000 942 2005 951 ‘

1090 969 1155 1018 boc
1175 977 1244 1007 jure
1271 968 1444 1015 honorario
1469 973 1563 1003 etiam
1591 974 1656 1012 peti
1682 973 1794 1012 potest.
1817 975 1959 1015 ideoque

1089 1011 1121 1056 bt·
1135 1019 1224 1049 pater
1246 1010 1274 1040 &
1293 1011 1440 1044 dominus
1457 1013 1497 1043 de
1515 1014 1641 1053 peculio
1660 1015 1821 1053 obstricti,
1845 1014 1866 1047 fi
1884 1025 1961 1047 con-

1088 1051 1264 1089 stituerint,
1288 1053 1502 1086 tenebuntur:
1527 1056 1757 1096 utique.usque
1781 1058 1820 1088 ad
1842 1055 1963 1098 quanti·
2012 1055 2014 1058 ’

1089 1101 1274 1138 tatemquae
1293 1101 1390 1133 tunc,
1415 1104 1487 1126 cum
1512 1097 1784 1136 constituebatur,
1808 1097 1838 1129 in
1868 1107 1960 1138 pecu-

1088 1134 1131 1179 lio
1148 1133 1219 1179 fuit.
1244 1135 1395 1175 idemque
1419 1136 1479 1167 est:
1501 1136 1522 1168 fi
1546 1138 1615 1177 plus
1641 1137 1696 1169 suo
1728 1140 1860 1171 nomine
1888 1149 1963 1170 con-

1089 1175 1187 1206 stituit
1204 1184 1310 1214 pater,
1336 1187 1406 1208 nam
1423 1188 1463 1208 ne
1480 1177 1521 1209 fic
1546 1178 1673 1218 quidem
1703 1181 1864 1211 tenebitur
1882 1179 1910 1211 in
1929 1181 1960 1212 id

1089 1217 1175 1262 quod
1194 1217 1262 1256 plus
1281 1217 1324 1263 est
1340 1219 1357 1249 l.
1378 1228 1404 1250 1.
1425 1219 1453 1260 §.
1472 1220 1524 1250 ult.
1548 1220 1587 1251 D.
1605 1221 1631 1250 h.
1648 1227 1668 1251 t,
1687 1223 1774 1261 quod
1791 1221 1810 1253 si
1830 1221 1885 1253 filii
1907 1230 1961 1256 no,-

1089 1267 1174 1304 mine
1197 1258 1416 1305 constituerit,
1440 1260 1470 1291 se
1495 1263 1607 1292 decem
1632 1261 1823 1301 soluturum,
1858 1272 1963 1303 quarn·

1095 1309 1141 1331 Vis
1162 1308 1191 1330 in
1212 1300 1338 1340 peculio
1362 1311 1502 1341 quinque
1518 1302 1655 1341 fuerint,
1681 1306 1720 1334 de
1739 1304 1913 1335 constituto
1931 1307 1962 1335 in

1094 1341 1206 1371 decem
1231 1342 1391 1372 tenebitur
1413 1343 1430 1372 ὶ.
1450 1353 1475 1373 2.
1499 1345 1526 1374 ci.
1545 1349 1565 1373 ε.
1604 1343 1684 1375 Vice
1710 1345 1795 1375 versa
1811 1368 1820 1382 ,
1845 1346 1864 1376 si
1893 1344 1962 1384 quis

1093 1381 1292 1427 constituerit
1319 1384 1406 1421 quod
1425 1384 1495 1424 jure
1513 1385 1596 1415 civili
1615 1386 1773 1424 debebat,
1794 1387 1863 1427 jure
1883 1387 1963 1418 Prae-

1092 1431 1266 1469 torio-non
1294 1425 1449 1462 debebat,
1475 1426 1505 1455 id
1534 1426 1598 1464 est,
1632 1436 1687 1465 per
1713 1428 1960 1468 exceptionem,

1092 1473 1258 1510 (jurentur,
1283 1475 1321 1496 an
1350 1467 1399 1497 vel
1428 1466 1479 1496 bic
1509 1466 1548 1497 de
1570 1467 1744 1499 constituto
1768 1468 1961 1499 teneantur?

1090 1506 1260 1537 Dubitatio
1288 1507 1435 1537 vertitur:
1458 1509 1544 1546 quod
1571 1509 1620 1539 vel
1647 1510 1677 1540 id
1708 1509 1850 1540 debitum
1882 1509 1964 1548 parit

1091 1548 1277 1593 astion-ems
1292 1548 1320 1578 ὅ(
1337 1549 1403 1586 peti
1421 1548 1533 1588 potest.
1558 1548 1618 1580 Sed
1636 1550 1787 1589 Ulpianus
1803 1550 1822 1580 l.
1841 1560 1870 1590 3.
1887 1550 1915 1590 §.
1936 1559 1962 1581 1.

1093 1590 1121 1619 h.
1134 1595 1155 1619 ι.
1169 1597 1211 1619 ait
1230 1589 1290 1619 cile
1309 1598 1418 1619 verum
1431 1589 1479 1627 ,ἃ
1496 1589 1707 1629 Pomponium
1727 1591 1964 1629 scribere,eum

1094 1639 1158 1661 non
1178 1631 1294 1661 teneri:
1320 1629 1488 1670 praefatus,
1509 1630 1629 1670 juribus
1655 1632 1793 1663 debitam
1820 1641 1883 1663 non
1902 1630 1964 1663 esse

1095 1673 1261 1717 pecuniam
1286 1681 1355 1711 quae
1381 1671 1550 1702 constituta
1568 1672 1629 1704 cst:
1654 1681 1752 1714 puto,
1776 1674 1847 1713 quia
1870 1673 1964 1714 respi-

1095 1713 1251 1744 cientibus
1276 1715 1313 1743 ad
1339 1714 1461 1744 exitum
1484 1713 1637 1753 oppofitae
1667 1715 1884 1755 exceptionis,
1909 1723 1964 1755 pe-

1094 1755 1188 1785 cunia
1206 1763 1320 1826 {teutro
1344 1755 1414 1796 jure
1431 1755 1584 1795 debetur,
1608 1765 1714 1797 neque
1730 1757 1835 1796 civili,
1859 1764 1963 1798 neque

1095 1805 1203 1827 natura
1219 1806 1235 1827 i.

1139 1836 1290 1869 Occurrit
1309 1837 1362 1868 hic
1380 1838 1410 1869 &
1427 1839 1485 1870 alia
1501 1837 1656 1879 inspectio
1671 1863 1680 1878 ,
1705 1839 1779 1880 quid
1797 1839 1965 1871 observan-

1096 1880 1170 1911 dum
1188 1878 1246 1911 fit:
1271 1879 1289 1910 si
1306 1880 1435 1920 quidem
1456 1880 1609 1912 debeatur
1627 1882 1655 1912 ἀ
1679 1880 1815 1913 civiliter
1833 1882 1860 1912 ὅ(
1879 1889 1966 1912 natu·

1095 1922 1354 1967 taliter-,verum
1379 1922 1410 1952 in
1436 1922 1529 1952 diem.
1553 1932 1617 1953 non
1642 1923 1726 1953 enim
1752 1923 1835 1964 exigi
1862 1920 1966 1962 potest

1095 1963 1137 1995 fic
1161 1963 1324 2001 debitum,
1354 1962 1503 2001 quamdiu
1527 1973 1590 1994 non
1619 1964 1707 1995 venit
1733 1964 1810 1995 dies.
1840 1962 1968 1995 interim

1096 2004 1184 2036 cessit
1204 2005 1289 2043 dies,
1315 2004 1343 2035 &
1358 2005 1417 2043 jam
1434 2004 1578 2035 debetur.
1604 2013 1715 2036 tenere
1738 2005 1834 2045 igitur
1852 2003 1970 2035 consti-

1096 2053 1218 2083 tutum,
1242 2046 1284 2076 ait
1301 2044 1411 2076 Labeo
1430 2047 1512 2085 apud
1531 2044 1699 2085 Ulpianum
1718 2046 1735 2076 l.
1754 2055 1781 2086 3.
1802 2045 1828 2086 §.
1848 2055 1876 2076 2.
1897 2045 1924 2076 h'.
1944 2051 1967 2076 t.

1095 2087 1125 2119 &
1144 2087 1329 2132 adjicit,vel
1350 2095 1482 2126 propter
1500 2087 1553 2119 lias
1571 2088 1718 2125 pecunias
1736 2096 1804 2126 quae
1825 2087 1969 2118 nondum

1095 2137 1161 2169 peti
1179 2128 1323 2168 poss'unt,
1348 2128 1473 2159 inducta
1492 2129 1683 2168 potiffimum
1702 2127 1763 2159 effe
1779 2126 1969 2159 constituta:

1096 2171 1125 2201 &
1147 2169 1321 2200 confitetur
1345 2167 1518 2209 Ulpianus,
1542 2179 1605 2201 non
1630 2169 1763 2200 invitum
1782 2169 1811 2200 se
1837 2169 1970 2210 probare

1097 2212 1179 2242 hanc
1197 2210 1404 2242 sententiam:
1430 2210 1547 2241 habere
1565 2212 1647 2242 enim
1666 2211 1833 2242 utilitatem
1847 2234 1855 2248 ,
1881 2218 1914 2240 ut
1930 2217 1970 2240 ex

1100 2254 1155 2284 die
1168 2253 1346 2293 obligatus,
1371 2250 1597 2283 constituendo
1613 2253 1641 2283 se
1657 2253 1766 2283 eadem
1787 2253 1838 2282 die
1855 2250 1970 2290 solutu„

1099 2304 1165 2326 rum
1186 2303 1342 2325 teneatur.
1366 2293 1432 2324 imo
1452 2301 1542 2331 putat
1567 2293 1702 2331 Paulus,
1726 2295 1754 2323 <St
1780 2292 1799 2324 fi
1819 2292 1967 2329 citeriore

1100 2335 1349 2407 diedconilituat
1373 2333 1403 2365 se
1429 2333 1603 2366 soluturum
1619 2358 1629 2375 ,
1661 2333 1799 2366 fimiliter
1822 2332 1925 2364 teneri
1948 2332 1968 2364 l.

1097 2387 1127 2417 4.
1176 2402 1181 2407 .
1210 2383 1230 2407 t.

1139 2418 1302 2449 Postremo
1329 2426 1394 2448 non
1413 2416 1561 2456 interest,
1585 2427 1601 2449 a
1625 2427 1691 2458 quo
1716 2424 1768 2448 aut
1792 2415 1840 2447 cui
1858 2414 1974 2445 debea-

1100 2468 1150 2491 tur
1168 2459 1313 2499 pecunia.
1338 2459 1426 2499 quod
1442 2459 1526 2490 enirn
1544 2460 1701 2499 exigitur,
1720 2467 1753 2488 ut
1772 2457 1878 2487 debita
1896 2465 1973 2487 con-

1099 2503 1260 2539 stituatur,
1284 2500 1316 2531 iii
1342 2510 1408 2531 rem
1437 2499 1540 2540 exigi,
1564 2500 1714 2540 Ulpianus
1737 2498 1884 2529 observat
1908 2497 1926 2527 l.
1941 2507 1972 2537 5.

1101 2543 1130 2584 §.
1151 2552 1178 2573 2.
1202 2541 1242 2572 D.
1258 2543 1284 2572 h.
1303 2547 1324 2571 t.
1347 2541 1390 2571 ait
1410 2548 1534 2577 autem,
1558 2543 1588 2571 in
1614 2550 1673 2571 rem
1698 2550 1757 2580 pro
1786 2539 1974 2580 generaliter
2016 2555 2018 2558 ·

1108 2586 1138 2615 (St
1155 2583 1217 2616 fine
1235 2582 1376 2624 personae
1393 2581 1606 2621 expreffione:
1630 2590 1664 2613 ut
1691 2581 1765 2613 alibi
1785 2579 1973 2613 demonstra-

1109 2635 1186 2657 tum.

1150 2666 1249 2697 Porro
1265 2665 1307 2696 ait
1323 2665 1462 2703 Praetor‚
1486 2662 1651 2704 Constituit.
1688 2662 1764 2695 Hoc
1781 2670 1886 2694 autem
1905 2670 1973 2693 ver-

1104 2710 1202 2746 bum,
1228 2715 1261 2737 ut
1288 2705 1412 2737 Nonius
1436 2707 1554 2742 docet,
1577 2705 1660 2736 inter
1685 2714 1799 2736 caetem
1822 2701 1976 2745 fignificat

1105 2750 1228 2782 firmare
1246 2748 1275 2778 &
1291 2750 1429 2778 retinere
1446 2748 1476 2777 id
1494 2747 1580 2787 quod
1597 2746 1698 2778 minus
1713 2745 1838 2777 firmum
1856 2745 1899 2777 iit.
1930 2743 1977 2775 In-

1106 2793 1145 2823 de
1162 2789 1265 2831 potest
1282 2788 1381 2819 videri
1400 2788 1597 2819 constituere
1623 2787 1788 2828 pecuniam
1816 2787 1975 2823 debitam,

1105 2833 1156 2874 qui
1177 2829 1319 2872 agnoscit
1339 2829 1476 2870 priorem
1502 2829 1752 2870 obligationem,
1778 2837 1912 2868 eamque
1929 2825 1977 2857 fir-

1103 2881 1185 2911 mat,
1200 2881 1236 2903 ac
1255 2873 1388 2908 retinet,
1409 2871 1474 2911 ejus
1497 2870 1685 2902 solutionem
1705 2871 1895 2911 promittens
1913 2876 1978 2898 cer-

1103 2924 1134 2947 ta
1151 2914 1211 2946 die.
1235 2911 1307 2944 Nec
1324 2913 1406 2943 male
1426 2911 1576 2951 Ulpianus
1594 2913 1614 2944 l.
1636 2921 1660 2944 1.
1681 2911 1709 2953 §.
1726 2922 1755 2950 4.
1772 2912 1798 2942 h.
1819 2917 1839 2941 t.
1858 2911 1978 2944 dicens,

1104 2966 1176 2988 eum
1202 2955 1253 2995 qui
1278 2954 1431 2985 'inutiliter
1454 2953 1618 2993 stipulatus
1643 2952 1712 2991 est,
1745 2961 1818 2983 cum
1841 2948 1978 2989 stipulari

1103 2996 1258 3033 voluerit,
1276 3005 1340 3027 non
1358 2994 1505 3026 constitui
1523 2994 1597 3033 sibi,
1622 3003 1686 3026 non
1706 2993 1792 3035 poffe
1810 2992 1849 3022 de
1866 2988 1980 3020 consti-

1104 3047 1176 3070 tuto
1193 3036 1346 3077 experiri:
1370 3037 1518 3076 quoniam
1537 3045 1600 3066 non
1618 3037 1724 3066 animo
1739 3031 1978 3068 constituentis,

1105 3081 1158 3112 sed
1176 3078 1416 3121 promittentis,
1447 3077 1565 3109 facturn
1583 3076 1629 3109 fit.
1652 3076 1697 3108 Ita
1713 3074 1774 3106 est:
1792 3073 1842 3113 qui
1864 3070 1980 3102 consti·

1108 3123 1189 3161 tuit,
1207 3119 1401 3153 noninducit
1410 3118 1639 3160 obligationem
1652 3125 1720 3157 quae
1734 3123 1806 3146 ante
1818 3122 1881 3144 non
1898 3111 1979 3144 fuit:

1107 3164 1162 3197 sed
1177 3162 1418 3206 praecedentem
1435 3160 1586 3202 sequente
1603 3156 1821 3191 conventione
1832 3153 1981 3225 firmata?

1934 3204 1948 3226 χ
1971 3209 1983 3217 .
