2108 3479
588 125 754 166 VITA
804 123 851 159 V.
905 121 942 156 C.
996 117 1298 155 GERARDI
1349 118 1597 155 NOODT.

206 213 371 252 Historias
387 209 564 246 docebant.
617 201 818 239 Honoribus
839 198 940 233 etiarn
963 193 1184 230 Academicis
1201 193 1263 229 rite
1286 202 1440 240 petentes
1464 196 1531 230 illic
1554 196 1778 237 ornabantur,
1805 203 1869 229 nec
1893 193 1987 242 quid..

207 274 305 310 quam
324 261 436 295 deerat
452 268 492 292 ex
509 256 569 296 iis,
597 263 671 297 quae
686 247 882 292 Academiae
898 255 1023 279 nomen
1039 243 1194 288 implent.
1246 243 1292 276 At
1315 255 1398 278 vero
1417 244 1450 279 id
1468 256 1555 290 aegre
1572 244 1723 285 serebant
1748 245 1888 278 duarum
1911 245 1989 282 alia-

208 323 280 346 rum
301 306 574 343 ‘l‘etrarclriarum
599 299 762 339 Ordines,
777 294 826 330 -ὅι
841 303 1026 339 numquam
1044 299 1230 337 potuerunt
1251 291 1393 335 adduci,
1431 302 1467 327 ut
1489 292 1685 328 desisterent
1712 293 1753 327 ab
1780 292 1989 327 interceden-

207 360 269 394 do:
297 368 363 392 non
377 355 452 389 satis
469 352 558 387 forte
578 355 752 394 putantes,
778 351 939 390 quantum
957 341 1038 375 boni
1054 340 1088 375 in
1104 350 1290 374 commune
1303 352 1347 376 ex
1365 341 1422 376 tali
1437 341 1642 383 Academia,
1670 353 1731 386 pro
1749 340 1808 375 sit-u
1826 339 1862 375 ἃ
1886 352 1989 375 amoe-

209 407 313 442 nitate
329 403 412 444 loci,
439 399 518 434 oriri
538 395 653 443 poffet.
705 391 798 442 Quin
823 390 924 426 etiam
948 388 1143 424 Provinciae
1166 387 1266 424 Curia
1289 389 1471 435 Suprema,
1508 390 1596 425 inter
1617 389 1817 425 Advocaros
1840 390 1992 424 admitte-

208 468 244 489 re
260 453 344 499 Juris
371 448 539 484 Douores
567 444 719 489 Neomagi
741 448 873 476 creatos
902 437 1083 473 abnuebat.
1126 437 1186 494 ,Ita
1213 437 1378 481 paulatim
1407 439 1530 475 cadens
1557 439 1727 474 Academia
1750 436 1989 485 Neomagerfis‚

209 502 348 538 solidum
364 499 526 533 honorem
544 493 580 527 <Sc
605 489 828 526 commodum
855 486 991 521 tandem
1017 486 1150 531 reliquit
1180 486 1461 533 Harderoraeicenae,
1495 488 1735 523 communibus
1758 487 1847 522 votis
1863 514 1872 530 ‚
1903 497 1993 521 anno

209 548 386 586 millesimo
405 540 648 580 sexcentesimo
665 534 920 585 quadragesimo
947 533 1092 578 οξὶεινο,
1119 533 1290 572 institutae.

258 597 323 633 Sed
342 596 414 629 haec
431 591 542 627 multis
565 588 638 636 post
655 584 978 627 annisacciderunt,
1007 594 1106 630 quam
1125 584 1275 619 Noodtius
1298 582 1413 620 noster
1436 584 1469 621 in
1496 596 1674 621 numerum
1699 582 1834 620 Civium
1860 582 1995 618 Acade-

209 647 288 684 miae
304 643 442 689 patriae,
471 648 552 674 tunc
574 636 708 678 stantis,
737 641 964 679 cooptaretur.
1016 631 1066 666 lbi
1082 632 1152 678 jam
1172 644 1231 679 per
1255 632 1430 668 biennium
1450 634 1680 670 Historiarum
1696 632 1814 673 Studio
1830 659 1839 675 ,
1865 631 1903 667 ἃ
1921 632 1994 667 aliis

211 695 330 741 quibus
351 688 579 726 Humaniores
599 687 734 720 Litterae
750 682 985 722 continentur,
998 691 1140 725 operam
1158 680 1327 716 adsiduam
1345 682 1457 718 dedit:
1475 693 1648 728 praeeunte
1670 683 1758 717 Viro
1770 680 1996 725 Eruditisfimo

209 744 335 788 suoque
350 740 521 785 Cognato,
549 732 746 781 JOANNE
764 729 1123 782 SCHULTINGIO,
1152 730 1364 776 Eloquentiae
1379 731 1416 767 δε
1434 731 1661 766 Historiarum
1684 728 1881 767 Professore.
1919 729 1997 764 Hu-

205 792 261 840 jus
282 787 434 825 doetrina
454 785 624 820 abundans
658 780 693 816 ἃ
724 778 905 826 exquisita,
936 778 1037 812 variis
1060 779 1091 812 in
1120 779 1292 824 publicum
1322 779 1418 815 editis
1450 782 1695 822 monumentis,
1732 777 1898 813 notissima
1924 776 1994 813 est:

210 851 309 888 quam
326 837 426 872 etiam
449 831 651 869 successione
666 829 807 876 quadarn
834 827 918 862 Filio
943 826 1186 869 transmiserat,
1222 827 1268 862 V.
1295 829 1342 862 Cl.
1370 828 1607 863 ANTONIO
1631 825 1996 869 SCHULTJNGIO,

207 885 404 924 Academiae
421 880 593 928 Lugduno·
608 880 739 914 Batava)
757 875 967 911 Anteceffori
984 875 1234 918 Celeberrimo‚
1261 875 1297 912 ἃ
1315 876 1348 911 in
1368 888 1408 912 ea
1427 876 1548 912 Nostri
1564 889 1624 923 per
1642 877 1770 925 aliquot
1787 886 1893 910 annos
1918 874 1998 909 Col-

208 937 314 983 ]egae,
343 943 376 968 at
393 942 521 976 nuper,
548 928 651 964 eheu!
680 937 814 973 quoque
837 926 933 960 rebus
951 924 1105 959 humanis
1121 935 1252 970 erepto,

258 985 350 1019 Dum
375 979 549 1025 Neomagt',
576 987 611 1012 ut
630 977 796 1018 diximus,
822 975 854 1009 in
882 973 1068 1007 Academia
1084 975 1240 1020 egregius
1268 973 1469 1009 Adolescens
1492 974 1606 1009 Musas
1631 974 1785 1018 coleret,
1818 976 1887 1008 non
1914 971 1999 1006 intra

210 1026 467 1069 Humaniorum
488 1028 693 1061 Litterarum
712 1024 875 1058 ambitum
893 1021 997 1056 stetit:
1025 1021 1249 1067 Philosophiae
1262 1023 1363 1057 etiarn
1378 1048 1389 1063 .,
1416 1022 1450 1057 ἃ
1474 1023 1641 1065 Matbess‚
1668 1022 1834 1058 strenuam
1860 1032 2002 1067 operam

209 1080 372 1122 navavit,
398 1079 613 1121 Praeceptore
629 1073 703 1108 usus
720 1071 999 1107 THEODORO
1021 1071 1245 1114 CRANEN,
1270 1071 1519 1117 disciplinarum
1549 1071 1680 1105 illarum
1706 1070 1859 1106 Doftore
1894 1068 2001 1115 publi-

209 1142 272 1170 co,
298 1140 340 1164 ex
360 1127 454 1172 cujus
470 1136 528 1159 ore
545 1123 681 1159 Euclidis
698 1120 962 1166 explicationem
983 1119 1097 1154 avidus
1119 1119 1235 1154 hausit.
1287 1120 1367 1154 Erat
1390 1118 1517 1154 Noster
1541 1120 1582 1154 ad
1612 1119 1709 1154 altius
1732 1118 2003 1164 perspiciendum

210 1178 249 1214 δι
269 1175 498 1212 meditandum
517 1184 536 1208 a
562 1182 679 1206 natura
699 1169 827 1204 fastus:
856 1168 910 1203 cui
924 1167 996 1203 doti
1024 1168 1226 1203 exercendae
1247 1179 1348 1215 quum
1369 1168 1539 1203 latiffimus
1560 1177 1672 1213 pateat
1691 1178 1832 1213 campus
1859 1166 1893 1200 in
1916 1166 2004 1212 ejus-

210 1227 305 1262 modi
323 1221 505 1269 disciplinis
523 1219 731 1257 addiscendis
746 1217 782 1254 δι
802 1216 999 1258 amandis,
1027 1215 1092 1251 illae
1112 1228 1259 1252 animum
1278 1217 1348 1264 ejus
1366 1228 1487 1264 magna
1503 1217 1538 1252 vi
1555 1217 1788 1251 illecebrarum
1815 1215 1856 1249 ad
1886 1214 1917 1250 se
1938 1224 2003 1249 tra-

211 1276 349 1312 hebant.
401 1273 524 1307 Parum
546 1268 673 1312 abfuit,
699 1267 778 1314 quin
798 1266 828 1301 se
848 1265 889 1300 iis
909 1274 1019 1300 toturn
1040 1265 1190 1300 dederet.
1243 1267 1308 1301 Sed
1333 1265 1494 1301 deterruit
1522 1276 1602 1301 eum
1627 1265 1732 1300 Patris
1758 1264 1909 1304 amicus,
1937 1262 2005 1298 Vir

209 1320 442 1371 Ampliffimus
458 1317 728 1353 ARNOLDUS
742 1314 1008 1356 COERMAN,
1038 1314 1191 1349 Ducatus
1218 1315 1329 1350 Gelriae
1352 1314 1388 1350 ἃ
1413 1313 1604 1349 Comitatus
1634 1311 1874 1360 Zutphaniensis
1903 1312 2006 1348 Sena·

212 1382 287 1408 tor:
315 1370 412 1417 gravi
437 1368 591 1404 sermone
616 1365 814 1408 ostendens,
843 1362 923 1398 tales
954 1362 1171 1409 Disciplinas‚
1199 1362 1233 1398 in
1258 1363 1551 1409 contemplatione
1574 1362 1720 1409 positas,
1757 1372 1904 1397 amoenas
1932 1361 2005 1407 qui-

210 1422 291 1457 dem
311 1417 527 1464 &jucundas
551 1414 636 1457 effe,
664 1424 727 1449 nec
755 1413 796 1448 ad
815 1411 937 1447 mentis
961 1411 1063 1446 decus
1088 1422 1187 1457 atque
1209 1422 1448 1448 ornamentum
1472 1423 1592 1457 parum
1620 1411 1756 1453 facere3
1797 1419 1830 1445 at
1855 1421 1940 1445 vero
1964 1412 2007 1444 de

209 1468 383 1506 brevitate
400 1466 481 1502 vitae
505 1464 663 1499 humanae
688 1460 923 1509 cogitandum,
950 1470 1024 1507 quae
1051 1471 1119 1495 non
1143 1459 1226 1496 sinat
1250 1462 1282 1496 in
1308 1461 1476 1507 ejusmodi
1501 1460 1632 1504 studiis,
1668 1460 1827 1505 improbo
1851 1458 2008 1505 quamvis

212 1518 349 1559 labore,
375 1515 519 1550 multum
539 1511 723 1559 proficere:
753 1519 916 1557 praeterea
935 1508 1037 1555 longe
1056 1509 1154 1543 satius
1170 1509 1254 1553 effe,
1282 1509 1315 1545 in
1335 1522 1386 1545 res
1403 1508 1622 1552 necessarias,
1649 1518 1704 1544 aut
1722 1509 1881 1543 humanae
1904 1507 1940 1543 δι
1959 1506 2008 1541 ci·

212 1566 276 1602 vili
300 1562 452 1600 societati
478 1561 646 1603 utiliores,
674 1570 815 1605 operam
837 1556 874 1593 &
902 1567 1035 1603 tempus
1057 1557 1266 1604 impendere.
1318 1558 1508 1605 Impetum,
1541 1556 1600 1593 etsi
1627 1568 1809 1604 magnum,
1844 1568 1911 1603 quo
1943 1565 2009 1591 tra-

212 1615 355 1650 hebatur
373 1611 579 1647 Adolescens
599 1610 640 1644 ad
659 1608 828 1643 sedandas
852 1605 1050 1651 Disciplinas
1070 1606 1296 1651 blandientes,
1325 1607 1470 1654 prudens
1488 1618 1527 1642 ac
1541 1608 1749 1643 benevolum
1769 1605 1848 1640 Viri
1863 1604 2011 1651 Amplis-

212 1663 285 1698 fimi
307 1661 475 1697 monitum
496 1657 701 1705 tempestive
718 1654 878 1702 repreffit.
931 1654 1066 1689 Exinde
1091 1655 1191 1702 igitur
1210 1656 1251 1690 ad
1274 1656 1339 1691 alia
1365 1656 1517 1692 animum
1543 1656 1736 1692 convertit:
1765 1653 1801 1690 δι
1827 1653 1899 1689 fato
1926 1663 2010 1700 quo-

214 1711 293 1746 dam
309 1708 522 1755 Reipublicae
542 1706 730 1741 Litterariae
749 1703 859 1740 fausto
876 1702 1059 1749 feliceque‚
1087 1706 1152 1739 Ars
1177 1704 1259 1739 boni
1278 1705 1315 1740 <Sc
1335 1705 1420 1751 aequi
1437 1716 1477 1740 ea
1507 1704 1590 1747 fuit,
1616 1705 1670 1740 cui
1692 1703 1837 1740 diceret:
1868 1699 1914 1738 Tu
1937 1702 2013 1737 mihi

206 1760 276 1809 sola
297 1759 413 1805 places.
466 1756 602 1790 Ducem
620 1752 654 1790 ‘in
671 1767 713 1789 eo
730 1752 847 1789 Studio
863 1751 922 1787 fibi
947 1751 1050 1799 elegit
1069 1752 1111 1788 V.
1129 1753 1178 1788 Cl.
1195 1753 1404 1789 PETRUM
1426 1754 1490 1789 DE
1516 1752 1704 1797 GREVE,
1733 1751 2012 1799 Jurisconsultum

213 1808 252 1844 ἃ
271 1802 714 1852 NeomagiAntecefforem:
741 1801 837 1847 cujus
853 1812 913 1846 per
937 1800 1121 1835 triennium
1149 1801 1292 1836 Auditor
1312 1802 1377 1837 fuit
1408 1801 1694 1849 diligentiffirnus,
1724 1802 1774 1836 bis
1798 1800 2011 1847 Institutioner

215 1852 518 1904 JUSTINtANJ,
546 1851 690 1884 totidem
708 1851 842 1882 vicibus
857 1848 1033 1899 Pandestas
1051 1849 1313 1893 interpretantis.
1365 1851 1458 1884 Intra
1475 1862 1601 1884 annum
1619 1850 1758 1885 tertium
1777 1847 1814 1883 &
1833 1847 1988 1883 ultimum
2000 1874 2012 1891 ,

215 1904 366 1953 primurn
385 1900 523 1947 quidem
541 1896 677 1943 publice
694 1895 845 1930 defendit
860 1895 1134 1946 Disputationem
1157 1897 1208 1929 De
1227 1895 1520 1939 Τναηςαᾶὶοηίὸας,
1549 1897 1784 1939 moderatore,
1812 1907 1867 1939 ac,
1894 1906 1927 1930 ut
1951 1894 2011 1931 fie-

216 1953 246 1989 ri
265 1953 366 1993 solet,
393 1947 532 1983 auttooe
547 1946 761 1989 Praeceptore
777 1943 852 1978 suo:
878 1941 999 1976 deinde
1015 1942 1133 1985 aliam,
1160 1954 1179 1977 a
1196 1941 1316 1987 seipso
1338 1944 1564 1987 elaboratam,
1593 1946 1646 1981 Do
1667 1946 1875 1990 adquirenda,
1902 1942 1943 1984 εξ
1964 1956 2012 1980 re.

218 2001 366 2041 sinenda,
393 1995 435 2037 E?
462 1994 633 2031 amittenda
658 1991 861 2040 Poffiffione,
889 2001 957 2025 non
980 1989 1118 2036 quidem
1143 1990 1230 2026 solus
1252 1992 1286 2026 in
1311 1992 1475 2028 Cathedra
1501 1993 1688 2040 adparens,
1724 1993 1778 2028 sed
1802 1994 1847 2028 ita
1869 2004 1904 2027 ut
1925 1993 2011 2027 solus

217 2050 405 2085 videretur.
458 2045 496 2079 Id
521 2043 611 2079 enim
636 2042 728 2077 dedit
754 2038 876 2076 honori
900 2038 1063 2085 Discipuli
1085 2039 1132 2074 sui
1156 2039 1207 2074 Cl.
1233 2040 1284 2075 De
1306 2041 1427 2084 Grave,
1453 2041 1614 2087 superiori
1638 2042 1718 2077 loco
1737 2041 1869 2084 sedens,
1899 2050 1935 2075 ut
1959 2052 2011 2076 re-

218 2096 453 2145 sponsionibus
473 2093 564 2139 ejus,
592 2101 693 2137 quem
715 2101 776 2136 per
799 2088 830 2124 se
854 2087 929 2123 satis
954 2086 1151 2123 instrue'tum
1171 2087 1209 2124 ἃ
1233 2090 1405 2125 munitum
1431 2091 1683 2136 comperiebat,
1709 2102 1752 2126 ne
1777 2092 1919 2131 verbum
1937 2090 2010 2136 qui-

219 2148 298 2183 dem
321 2145 477 2185 adderet,
505 2140 764 2186 certaminisque
783 2136 952 2183 speftator
967 2135 1005 2172 &
1023 2136 1158 2172 auditor
1176 2147 1330 2174 maneret
1348 2149 1541 2184 perpetuus.

269 2194 335 2230 His
353 2192 454 2229 initiis
468 2189 560 2226 re8te
581 2188 715 2233 positis,
741 2186 869 2222 Noster
888 2185 1083 2221 Themidos
1103 2185 1213 2233 mysta
1228 2187 1308 2222 alias
1331 2188 1364 2222 in
1384 2187 1452 2223 istis
1478 2188 1673 2235 regionibus
1696 2187 1899 2223 Academias
1921 2187 2010 2223 invi-

220 2245 291 2281 sere
309 2242 430 2278 voluit.
480 2239 522 2274 Et
541 2237 652 2273 statim
678 2237 863 2283 Lugdunum
890 2235 1106 2279 Batavorum,
1136 2235 1251 2271 mense
1279 2237 1451 2283 Septembri
1476 2237 1567 2272 Anni
1587 2236 1757 2272 millesimi
1779 2235 2009 2272 sexcentesimi

219 2290 415 2339 sexagefimi
433 2287 568 2330 oliiavi,
596 2285 712 2333 petiit:
741 2297 782 2320 eo
798 2283 925 2319 scilicet
942 2293 1117 2329 tempore,
1144 2296 1213 2331 quo
1237 2296 1385 2320 annuum
1409 2285 1527 2332 incipit
1549 2285 1804 2321 Praelestionum
1830 2285 2011 2320 Academi·

220 2352 338 2377 carum
362 2338 578 2374 curriculum.
630 2334 743 2370 Nullis
757 2344 870 2369 tamen
887 2333 1027 2377 privatis
1049 2333 1095 2368 ibi
1119 2343 1245 2368 nomen
1272 2334 1366 2368 suum
1390 2333 1500 2369 dedit:
1527 2344 1636 2377 ratus,
1662 2334 1814 2379 publicas
1837 2334 2007 2378 sufficere,

219 2391 302 2426 dum
322 2386 482 2436 quidquid
500 2385 665 2431 reliquum
681 2393 753 2419 erat
766 2381 931 2426 temporis
959 2381 992 2416 in
1018 2380 1133 2417 studiis
1153 2382 1211 2416 suo
1228 2382 1326 2428 ipsius
1348 2382 1461 2417 labore
1482 2381 1519 2418 &
1536 2382 1639 2418 dueta
1658 2383 1892 2429 persequendis
1917 2384 2010 2418 inde-

219 2437 321 2475 fessus
337 2445 492 2481 poneret.
544 2434 723 2468 Docebant
738 2442 818 2467 tunc
835 2431 870 2465 in
886 2431 1069 2466 Academia
1086 2431 1210 2466 celebri
1225 2431 1525 2477 Jurisprudentiam
1550 2432 1637 2466 VV.
1663 2432 1722 2467 Cll.
1748 2431 2008 2473 COLENIUS,

219 2485 476 2523 ADRIANUS
505 2482 748 2517 BEEKERTS
774 2478 884 2515 VAN
912 2479 1122 2522 TIENEN,
1160 2479 1404 2515 GEORGIUS
1430 2480 1697 2515 CONRADUS
1720 2480 1945 2521 CRUSIUS,
1973 2480 2010 2515 δε

219 2532 518 2572 MARCHAND.
571 2531 736 2565 Omnium
754 2528 885 2563 auditor
902 2525 984 2570 fuit,
1011 2527 1048 2563 ἃ
1075 2527 1144 2564 fine
1168 2528 1271 2563 dubio
1297 2529 1447 2575 inprimis
1475 2527 1591 2573 Crasti,
1619 2540 1720 2575 quem
1743 2530 1775 2564 in
1801 2528 1909 2575 prima
1934 2529 2011 2563 Edi-

219 2585 314 2620 tione
330 2581 429 2627 primi
454 2580 501 2615 sui
520 2580 663 2625 Operis,
691 2579 732 2614 de
755 2589 822 2624 quo
842 2576 946 2619 infra,
976 2576 1110 2621 laudat,
1139 2588 1175 2612 ut
1193 2578 1303 2613 Virum
1323 2578 1452 2624 impense
1467 2579 1601 2620 dacium,
1635 2584 1791 2623 rerumque
1813 2580 2011 2623 antiquarum

219 2633 404 2680 instructum
422 2630 556 2675 plurima
574 2636 664 2673 atque
683 2629 775 2661 varia
793 2625 941 2671 scientia.
995 2626 1097 2661 Unde
1122 2637 1232 2673 neque
1257 2626 1367 2662 omisit
1387 2627 1524 2672 publice
1547 2626 1701 2662 recitanti
1722 2627 1810 2661 Viro
1832 2624 2010 2660 Eruditiffi-

218 2692 278 2716 mo
295 2678 479 2726 JOANNI
497 2676 755 2711 FRIDERICO
779 2674 1070 2717 GRONOVIO,
1097 2675 1239 2722 Linguae
1256 2674 1293 2710 ἃ
1319 2675 1575 2710 Humaniorum
1604 2674 1807 2710 Litterarum
1833 2672 2010 2709 Profeffori

220 2727 475 2769 Celeberrimo,
503 2725 649 2760 sedulam
667 2735 806 2770 operam
824 2723 922 2758 dare:
952 2734 1073 2770 quanta
1087 2723 1226 2759 subsidia
1249 2734 1292 2759 ex
1309 2724 1358 2759 his
1377 2724 1512 2760 Litteris
1529 2724 1570 2759 ad
1591 2723 1895 2771 Jurisprudentiam
1920 2722 2012 2758 reae

221 2776 401 2814 colendam
419 2773 456 2810 δε
472 2773 681 2809 tractandam
706 2772 776 2818 peti
796 2781 940 2817 queant,
968 2783 1036 2807 non
1064 2784 1155 2808 nunc
1174 2773 1322 2818 primum
1342 2772 1542 2820 intelligens.

272 2825 398 2861 Hieme
415 2824 447 2858 in
465 2823 520 2859 illa
545 2821 641 2857 Urbe
663 2822 708 2857 sic
725 2819 910 2863 transaffia,
938 2822 1050 2865 paullo
1067 2821 1142 2868 post
1159 2822 1269 2857 Ferias
1289 2822 1463 2858 Paschales
1493 2822 1571 2858 inde
1597 2822 1771 2868 Trajetzum
1798 2819 1839 2856 ad
1863 2821 2009 2856 Rhenum

222 2875 257 2911 se
281 2873 441 2912 contulit,
470 2871 526 2907 ubi
544 2883 602 2917 per
619 2872 673 2907 sex
701 2879 832 2904 tantum
857 2878 914 2904 aut
936 2870 1064 2916 septem
1088 2870 1318 2906 hebdomadas
1341 2870 1483 2906 manfit:
1517 2872 1672 2907 eamdem
1702 2880 1819 2905 tenens
1842 2870 2007 2905 rationem

220 2923 429 2964 studiorum,
455 2930 556 2966 atque
576 2919 724 2964 Lugduni
743 2920 897 2964 sequutus
913 2928 1005 2959 erat;
1032 2928 1088 2962 ut,
1116 2930 1238 2965 praeter
1261 2919 1412 2966 publicas
1434 2920 1669 2956 Praeleffiones
1694 2919 1796 2954 trium
1816 2916 2008 2953 Antecess‘o-

221 2983 314 3014 rum,
343 2968 573 3005 CYPRIANI
595 2967 813 3003 REGNERI
839 2966 948 3001 VAN
971 2967 1255 3010 OOSTERGA,
1289 2968 1507 3003 ANTONII
1529 2968 1801 3011 MATTHAEI,
1836 2964 2008 3011 Nepotis,

222 3019 259 3054 δι
286 3018 424 3054 LUCAE
454 3016 566 3051 VAN
602 3016 665 3051 DE
693 3015 815 3050 POLL
836 3042 846 3058 ,
888 3014 953 3049 illis
983 3017 1086 3050 etiarn
1123 3017 1200 3052 Viri
1234 3015 1425 3052 Dofitiffimi
1452 3016 1488 3053 ἃ
1529 3017 1768 3052 Humaniffimi
1798 3012 2007 3061 JOANNIS

218 3066 421 3149 GEgRGH
447 3064 653 3107 GRAEVH,
693 3063 871 3106 Politices,
908 3062 1156 3110 Historiarum,
1192 3064 1230 3101 δε
1255 3066 1467 3113 Eloquentiae
1491 3064 1691 3102 Profefforis
1705 3093 1715 3110 ‚
1756 3065 1915 3110 frequens
1956 3061 2006 3096 in-

219 3124 290 3151 tere
317 3124 362 3149 et.

270 3162 408 3208 Trajesto
431 3161 622 3206 discedens,
651 3162 859 3197 Franekeram
884 3159 1049 3203 Frisiorum
1073 3161 1247 3208 profetfitus
1272 3162 1340 3206 est,
1378 3174 1452 3210 quae
1479 3164 1594 3200 ultima
1624 3171 1714 3198 meta
1736 3159 1799 3195 fuit
1821 3158 2007 3195 studiorum

219 3212 292 3258 ejus
314 3210 611 3248 Academicorum.
662 3211 822 3248 Summos
847 3209 938 3246 enim
959 3209 994 3246 in
1015 3209 1283 3259 Jurisprudentia
1304 3211 1451 3250 honores
1468 3240 1480 3258 ,
1511 3213 1662 3252 maxima
1683 3220 1762 3247 curn
1788 3209 1906 3254 laude,
1941 3207 2009 3261 illic

1942 3266 2004 3291 lm«
