2036 3495
338 117 368 155 A
379 128 403 154 1>
429 116 522 154 Lrn.
548 115 622 153 XII.
659 114 718 152 Tt
730 124 763 152 T.
800 113 866 152 IV.
904 115 957 153 De
973 117 1097 154 condid.
1114 118 1208 166 causa
1221 117 1284 154 dat.
1300 117 1396 166 causta
1414 130 1473 156 non
1479 119 1547 168 seq.

55 208 144 245 data,
168 208 257 240 causa
273 217 338 240 non
357 208 505 249 sequuta,
527 207 716 239 restituatur.
757 203 839 237 Illud
857 215 923 238 non

52 249 168 287 silebo,
191 259 260 282 eam
277 258 342 282 rem
360 260 423 281 non
441 251 523 281 nude
540 247 676 286 restitui;
700 245 750 278 sed
768 257 827 279 una
848 257 921 279 cum

54 290 209 323 fruCtibus
233 292 262 323 &
286 291 435 331 partubus
463 291 481 321 l.
502 300 529 331 3.
554 289 582 331 §.
602 299 624 320 1.
647 290 673 320 h.
691 294 712 318 ι.
737 288 767 319 &
792 288 812 320 fi
843 290 921 330 quid

53 340 206 373 praeterea
222 332 265 364 rei
280 333 422 364 adcrevit
438 332 458 362 l.
481 341 525 363 12.
542 336 568 361 ct.
586 336 607 361 t.
635 329 732 361 Forte
751 338 848 362 terret
867 339 918 369 te,

54 374 142 415 quod
165 375 233 405 haee
257 374 337 405 aetio
363 373 417 404 tibi
443 374 566 404 videtur
582 370 643 402 effe
660 371 754 403 stritu
771 372 866 411 juris,
890 372 920 404 &

53 425 71 446 a
87 414 185 447 Paulo
203 415 243 446 fic
261 416 392 446 traditur
412 414 430 445 l.
447 423 495 454 31-
520 412 558 443 D.
573 415 606 443 de
623 415 680 444 rel).
703 414 800 444 credit.
846 414 920 444 Cum

46 458 168 497 fundus
183 457 228 487 vel
243 457 319 487 homo
329 463 381 495 per
398 453 600 486 condictionem
623 456 731 494 petitus
745 453 828 495 effer,
849 461 919 495 pulo

52 499 102 530 hoc
123 508 171 529 nos
187 498 255 538 jure
277 498 339 535 uti,
364 502 398 526 ut
417 493 479 536 post
495 495 643 535 judicium
670 503 815 536 acceptum
831 497 919 536 causta

51 541 141 570 omnis
159 537 328 578 restituenda
342 536 402 576 fit:
423 539 453 567 id
474 535 532 577 est,
563 546 643 567 omne
667 541 740 584 quod
765 538 918 568 habiturus

51 579 114 620 effet
124 578 250 618 a&or,fi
265 579 323 610 liris
339 576 498 618 contestatae
515 584 637 618 tempore
647 579 765 619 solutus
779 578 850 619 effer.
875 580 917 610 At

50 621 265 663 distinguenda
291 619 360 653 sunt
377 619 494 660 judicia
515 618 610 652 stricti
634 621 726 661 Juris:
747 629 812 652 non
831 621 916 652 enim

709 699 1064 740 T1Tu³tus

1777 130 1846 168 231

964 207 1073 240 omma
1089 209 1206 241 eodem
1225 217 1373 252 pergunt.
1398 209 1474 251 quin
1492 207 1561 242 sunt
1585 207 1615 240 in
1633 208 1747 249 quibus
1762 210 1843 250 peti-

963 258 1031 280 mus
1051 251 1137 290 quod
1156 250 1296 284 nostrum
1313 251 1376 289 est,
1394 261 1446 282 aut
1462 251 1633 291 aliquando
1649 250 1720 282 fuit.
1743 261 1842 291 atque

962 290 993 321 in
1019 290 1065 322 his
1090 295 1185 323 etiarn
1212 292 1340 324 veniunt
1363 292 1538 324 fructus&
1564 292 1776 333 acceffiones:
1806 293 1840 325 in

964 332 1079 371 quibus
1103 342 1208 365 autem
1234 335 1371 373 petimus
1394 335 1482 374 quod
1512 334 1651 365 nostrum
1678 343 1739 365 non
1765 333 1838 372 est,

963 381 1023 403 nec
1042 381 1189 413 umquam
1206 374 1287 413 fuit,
1314 376 1413 406 veluti
1430 384 1502 406 cum
1520 376 1588 415 quis
1603 385 1644 407 ex
1661 374 1838 414 stipulatio-

962 422 1002 444 ne
1019 414 1102 454 agit3
1125 425 1188 446 non
1209 417 1341 447 veniunt
1361 415 1497 452 fruetus,
1522 417 1574 448 nisi
1591 426 1606 446 a
1628 426 1774 456 tempore
1798 417 1835 448 li-

962 454 1001 485 tis
1019 456 1212 487 contestatae.
1242 456 1282 487 fic
1297 466 1314 487 a
1333 456 1430 488 Paulo
1454 458 1701 489 ammadversum
1722 458 1750 489 δι
1774 467 1836 489 tra-

961 496 1062 527 ditum
1087 496 1104 527 l.
1121 502 1169 538 38.
1188 498 1215 539 §.
1239 506 1262 528 t.
1282 507 1311 529 2.
1330 507 1358 537 3.
1383 497 1494 537 junclto
1519 498 1548 540 §.
1568 509 1595 539 7.
1620 504 1660 530 ιζ).
1675 501 1707 530 de
1724 499 1832 534 usuris.

961 546 1058 577 porro
1075 540 1236 570 condietio
1256 539 1300 569 ob
1320 542 1442 569 caulam
1469 543 1551 577 dati,
1585 548 1664 579 petit
1689 542 1719 571 id
1743 540 1834 580 quod

960 577 1101 610 nostrum
1116 579 1288 622 aliquando
1310 579 1372 611 fuit
1386 602 1398 620 ,
1421 581 1564 621 quamvis
1581 590 1665 613 nunc
1681 591 1748 614 non
1764 581 1813 614 fit.

1122 705 1170 741 V.

523 782 572 818 De
587 781 768 816 corzdiftione
785 781 819 815 ob
835 788 951 826 turpem
970 781 1020 815 vel
1038 780 1187 827 injustam
1205 779 1343 827 causam.

90 879 108 902 n
128 870 187 902 hac
205 871 340 903 Rubrica
356 881 425 912 quae
443 871 488 903 est
504 871 544 902 de
560 870 765 902 condictione
788 869 832 900 ob
853 876 913 900 tur-

106 921 178 952 pem
204 913 254 944 vel
278 912 419 951 injustam
446 911 589 951 causam,
619 912 718 943 caul‘ae
739 911 912 951 appellatio

43 963 173 994 quoque
197 954 228 985 in
254 953 395 986 futurum
420 954 716 994 prol'picitx'eoque
733 952 845 984 Paulus
864 958 910 991 pr.

44 994 81 1029 ὅ)
97 994 124 1035 §.
143 1004 167 1026 1.
184 996 203 1025 l.
225 1004 249 1026 1.
266 995 292 1026 h.
312 1002 331 1026 t.
350 1006 465 1034 omne,
488 995 609 1035 inquit,
626 995 713 1034 quod
732 994 840 1032 datur,
857 1000 910 1024 aut

44 1037 87 1067 ob
106 1046 170 1067 rem
187 1037 271 1074 dari,
295 1045 347 1067 aut
365 1037 408 1068 ob
424 1036 563 1069 causam:
582 1036 610 1067 ὅ(
629 1036 672 1067 ob
690 1044 755 1066 rem
777 1043 829 1065 aut
848 1042 909 1065 tur·

44 1086 138 1118 pem,
161 1086 214 1108 aut
231 1077 406 1111 honestam.
431 1078 460 1109 ἃ
486 1077 612 1118 quidem
637 1077 680 1108 ob
698 1085 763 1107 rem
780 1074 910 1107 honeste

46 1120 173 1156 datum,
196 1119 238 1149 ita
262 1119 389 1151 demum
419 1120 538 1160 repeti,
561 1118 582 1150 fi
605 1128 653 1150 res
672 1125 802 1163 propter
819 1125 912 1157 quam

46 1160 153 1190 datum
178 1159 239 1196 est,
264 1159 368 1191 secuta
389 1170 451 1192 non
475 1160 527 1191 srt:
551 1161 590 1191 de
613 1169 677 1200 quo
703 1159 861 1198 superiore
884 1167 913 1188 a·

46 1200 130 1232 Ctum
147 1199 278 1233 Titulo:
301 1200 353 1232 sed
370 1201 390 1233 fi
406 1203 512 1233 datum
528 1200 562 1232 fit
579 1201 622 1232 ob
640 1209 762 1239 turpem
781 1198 913 1237 causam,

44 1243 146 1282 repeti
161 1241 392 1282 posse‚etiamfi
409 1252 457 1273 res
474 1242 577 1274 secuta
587 1241 631 1273 lit.
654 1241 706 1272 Est
717 1249 820 1272 tamen
831 1240 914 1270 circa

43 1282 109 1313 hoe
127 1283 212 1314 Pauli
231 1284 345 1323 triplex
366 1284 569 1315 deliberatio:
592 1291 645 1313 aut
663 1283 746 1313 enim
761 1305 771 1321 ,
792 1283 912 1325 inquit,

48 1324 149 1355 dantis
159 1323 203 1354 est
215 1325 397 1364 turpitudo,
408 1333 471 1355 non
481 1323 663 1363 accipientis
673 1333 682 1362 3
694 1330 746 1353 aut
755 1323 911 1363 accipien-

45 1366 87 1394 tis
98 1365 261 1395 dumtaxat
272 1388 281 1403 ‚
292 1375 356 1396 non
367 1367 460 1396 etiam
470 1365 571 1396 dantis
581 1375 590 1403 ;
601 1374 653 1395 aut
664 1365 836 1403 utriusque.
849 1363 910 1395 Pri‘

43 1414 95 1437 ma
111 1406 299 1437 deliberatio
315 1405 377 1444 est,
401 1406 421 1438 fi
439 1407 540 1438 dantis
557 1405 593 1437 fit
607 1406 705 1446 turpis
722 1403 830 1443 causa,
846 1413 910 1436 non

43 1447 238 1487 accipientis.
262 1448 298 1479 ad
317 1447 397 1478 hanc
415 1457 491 1478 vero
508 1454 628 1488 partem
653 1447 754 1488 palam
777 1456 842 1477 non
867 1456 910 1477 re-

47 1488 183 1528 spondet
200 1487 328 1520 Faulus:
352 1488 407 1520 ctfi
425 1498 488 1520 non
513 1489 646 1526 dubito;
677 1487 750 1527 quin
775 1487 913 1519 noluerit

44 1529 77 1560 in
93 1538 129 1560 ea
148 1528 209 1560 esse
233 1531 297 1560 dati
318 1530 554 1569 repetitionem.
578 1529 628 1561 sed
650 1529 733 1560 clare
757 1527 912 1569 Ulpianus

47 1569 107 1608 l.4.
124 1569 153 1611 §.
174 1579 198 1600 1.
221 1570 324 1602 verbis
348 1570 569 1610 sequentibus:
594 1572 649 1601 Sed
671 1571 745 1611 quod
773 1571 913 1601 meretrici

49 1611 157 1648 datur,
188 1611 276 1651 repeti
297 1621 354 1642 non
376 1610 484 1652 potest,
515 1618 549 1642 ut
574 1611 667 1642 Lateo
693 1611 728 1645 ἐξ
755 1611 914 1642 Marcellus

39 1651 186 1690 scribunt.
209 1653 260 1692 Jed
284 1661 358 1684 nova
381 1655 506 1691 ratione,
536 1662 593 1683 non
616 1662 648 1684 ea
671 1654 745 1693 quod
768 1655 915 1694 utriusque

51 1693 201 1732 turpitudo
219 1693 352 1730 versatur
363 1716 370 1731 ‚
381 1693 425 1730 fi’d
439 1694 527 1730 solius
547 1694 747 1725 dantistz'llam
764 1698 836 1725 enirn
854 1700 914 1724 cur-

43 1735 122 1774 piter
132 1734 250 1773 facere,
274 1736 347 1775 quod
363 1733 404 1772 fit
419 1736 571 1770 meretrix3
595 1744 651 1766 non
668 1737 789 1776 turpiter
808 1736 913 1776 accipe

48 1784 96 1811 re,
120 1774 233 1813 cumsti
252 1777 395 1807 meretrix.
420 1776 531 1808 Sermo
553 1775 681 1817 Ulpiani
698 1776 742 1808 est
759 1777 798 1808 de
816 1786 913 1808 mere-

49 1816 202 1855 tricibus,
225 1826 324 1847 artem
349 1818 560 1849 meretriciam
584 1826 692 1849 vetere
724 1827 813 1849 more
839 1828 909 1858 pro·

46 1856 133 1888 fcffis
150 1859 231 1897 apud
247 1857 378 1890 AEdiles.
403 1857 495 1890 Hanc
512 1867 609 1891 artem
635 1859 797 1899 profiteri,
821 1867 912 1900 turpe

46 1897 239 1930 habebatur:
268 1908 367 1939 usque
388 1901 486 1937 adeo,
511 1908 545 1931 ut
566 1901 596 1932 in
621 1910 690 1938 eaS,
717 1901 796 1942 quali
813 1902 900 1942 indig

44 1947 100 1970 nas
123 1939 209 1970 omni
233 1940 335 1979 legum
361 1950 452 1978 cura,
478 1942 593 1973 deinde
618 1943 746 1983 impune
770 1943 913 1974 admitte-

43 1988 131 2011 retur
147 1980 300 2021 struprum
318 1982 345 2012 ἀ
362 1983 558 2014 adulterium.
583 1982 717 2016 Tacitus
740 1983 785 2014 lib.
806 1993 832 2014 2.
850 1983 900 2015 An

46 2021 104 2052 nal.
128 2031 151 2052 c.
168 2025 216 2061 85.
250 2021 370 2061 Vestilicz
392 2025 524 2062 pretoria
544 2024 660 2059 familia
682 2026 801 2066 genita,
825 2025 910 2056 licen-

46 2063 118 2092 tiam
126 2060 225 2102 stupri
240 2065 317 2103 apud
333 2063 444 2095 AEdiles
462 2067 655 2105 vulgaverat.-
678 2076 751 2096 more
774 2068 851 2097 inter
867 2076 912 2097 ve-

50 2108 121 2133 teres
136 2109 242 2144 recepto
259 2106 393 2143 quisatis
412 2113 561 2145 prunarum
588 2108 740 2143 adversum
756 2109 914 2145 impudicas

45 2144 79 2174 in
95 2145 153 2184 ipsa
168 2144 334 2185 profeffione
343 2145 456 2186 flagitii
469 2149 627 2179 credebant.
675 2147 749 2179 Hoc
769 2147 910 2181 Tacitus.

46 2186 135 2224 plura
154 2185 185 2216 in
203 2185 299 2217 Notis
317 2187 446 2227 Lipsius.
483 2187 581 2220 Tales
602 2190 748 2221 mulieres
767 2191 844 2221 dicit
862 2191 913 2221 Ul-

46 2226 158 2265 pianus
185 2227 318 2266 turpiter
343 2227 448 2259 facere
473 2232 558 2267 quod
576 2230 632 2261 fint
657 2232 856 2263 meretrices„
881 2231 912 2262 id

45 2266 110 2305 est,
133 2267 358 2308 impudicitiam
377 2269 539 2309 profess'ae:
563 2279 593 2301 at
617 2281 680 2302 non
705 2273 838 2312 turpiter
863 2281 899 2303 ac

47 2309 173 2348 cipere,
198 2318 270 2340 cum
297 2309 365 2341 sunt
391 2312 591 2343 meretrices:
623 2313 737 2347 dueto.
765 2321 797 2343 ut
828 2314 911 2344 vide-

47 2357 115 2386 tur,
139 2358 327 2390 argumento
352 2360 368 2381 a
395 2353 515 2383 decoro
539 2354 611 2384 artis
636 2353 912 2394 profeffionisque.

47 2392 137 2429 quale
155 2391 222 2422 fieri
238 2391 306 2423 finit
324 2391 388 2424 hoc
404 2394 483 2425 lenae
505 2396 586 2434 apud
603 2394 768 2434 Plautum,
792 2394 911 2433 Afinar.

51 2439 77 2462 1.
101 2443 129 2473 3.
152 2442 200 2464 21.

89 2490 100 2496 -
125 2491 132 2495 -
155 2491 164 2498 ·
188 2473 269 2517 Quid
287 2484 329 2505 me
342 2475 474 2512 accusas,
492 2475 521 2514 si
532 2478 610 2516 facio
627 2475 751 2516 officium
774 2478 891 2510 meum?

85 2513 167 2545 Nam
184 2525 271 2555 mque
286 2526 406 2556 usquam
416 2516 540 2557 fitium,
563 2528 652 2560 neque
671 2517 802 2558 piatum,
826 2528 915 2561 neque

148 2554 281 2594 scripturn
298 2559 328 2587 in
343 2559 478 2596 poematis
489 2581 498 2597 ‚

92 2593 154 2625 Ubi
166 2596 227 2625 lena
243 2598 306 2627 benc
324 2605 393 2639 agat
406 2609 470 2630 cum
486 2601 625 2641 quiquam
640 2607 754 2632 amante
769 2610 832 2642 quae
841 2602 911 2642 fru·

151 2637 185 2676 gi
198 2636 247 2676 effe
261 2638 330 2669 volt.

46 2675 140 2721 Hanc
167 2685 319 2723 rationem
339 2678 492 2720 Ulpianus
518 2691 614 2713 vocat
645 2693 768 2714 novam:
791 2684 822 2715 id
847 2684 911 2723 est,

47 2716 216 2763 insuetam,
234 2718 405 2751 insolitam·
424 2730 458 2753 ut
474 2723 552 2764 saepe
571 2724 704 2756 Veteres
722 2726 830 2765 loqui,
846 2725 910 2764 ipse

47 2758 186 2797 pluribus
212 2760 396 2797 probarem:
422 2763 474 2794 nisi
492 2765 688 2803 praeveniffet
714 2765 750 2797 V.
778 2766 836 2798 CL.
855 2767 910 2797 rta-

44 2798 180 2834 dulphus
198 2799 384 2840 anerius,
412 2803 476 2834 Rer.
498 2806 605 2845 qtcozid.
623 2806 669 2837 lib.
684 2817 712 2847 3.
729 2818 751 2838 c.
770 2818 818 2847 24.

65 2880 70 2886 .
86 2841 192 2871 Altera
213 2840 294 2872 Pauli
312 2843 497 2874 deliberatio
513 2845 574 2884 est,
597 2846 616 2878 fi
635 2849 795 2879 dumtaxat
811 2847 846 2879 fic
861 2858 910 2879 ac-

42 2882 191 2919 cipientis
208 2882 391 2922 turpitudo,
415 2894 478 2915 non
505 2887 597 2918 etiam
627 2888 738 2921 dantis.
770 2890 808 2920 lic
834 2899 911 2920 vero

47 2922 90 2969 ait
110 2922 127 2954 l.
148 2932 171 2969 1'.
189 2923 207 2964 §
239 2933 265 2957 2-
289 2923 374 2968 Quod
393 2924 420 2962 fi
443 2929 534 2966 turpis
556 2929 642 2962 causa
664 2931 827 2970 accipientis
842 2931 911 2971 fue-

44 2969 103 3000 rit,
126 2963 235 3001 etiamsi
257 2974 298 2994 res
314 2972 410 3003 secuta
420 2966 479 3005 fic,
502 2971 586 3007 repeti
602 2969 697 3010 potest.
744 2971 781 3002 Et
805 2981 912 3002 exem-

43 3004 131 3044 plum
148 3005 177 3036 in
200 3005 304 3036 verbis
328 3006 528 3044 sequentibus
549 3010 566 3040 l.
582 3020 598 3041 2
650 3011 693 3042 Ut
707 3020 780 3052 puta
796 3014 860 3043 dedi
877 3015 912 3043 tz'-

46 3046 91 3083 hi,
116 3055 151 3076 rie
165 3047 353 3087 sacrilegium
367 3049 484 3088 facias,
507 3059 540 3079 ne
559 3052 696 3090 furtum,
720 3063 754 3083 ne
778 3056 914 3084 borninem

44 3087 164 3132 occidas.
188 3088 228 3119 Et
246 3089 422 3129 subjicitur:
446 3091 482 3121 In
502 3101 561 3131 qua
576 3090 666 3132 sperio
680 3094 826 3134 Julianus
848 3096 911 3130 scri·

44 3127 104 3172 brt,
121 3127 149 3165 si
167 3130 219 3160 tihi
233 3131 350 3169 dedero,
373 3141 407 3162 ne
421 3131 559 3163 hominem
573 3135 681 3165 occidus
693 3160 701 3172 ‚
726 3137 836 3166 cundici
849 3143 912 3176 pos-

35 3168 76 3208 se.
121 3168 174 3201 Sic
194 3171 264 3202 ille:
293 3172 323 3203 δι
347 3174 462 3203 merito
487 3174 626 3207 mireris:
650 3185 722 3207 cum
746 3176 912 3209 manifeste

41 3210 152 3251 detur,
175 3220 216 3245 ne
229 3221 361 3254 pecces:
383 3214 415 3247 id
432 3214 494 3255 est,
517 3224 558 3248 ne
574 3217 652 3259 quid
670 3218 817 3253 admittas
844 3226 910 3253 tur·

957 878 1008 910 pe.
1033 868 1095 900 Sed
1114 869 1236 900 idcirco
1253 869 1330 901 nihil
1349 868 1463 910 pacisci
1482 876 1535 902 aut
1557 871 1705 912 accipere
1721 869 1847 913 debes.)

956 918 1068 941 contra
1092 918 1225 950 oportet
1249 918 1281 941 te
1305 920 1322 941 a
1350 920 1506 952 peccato,
1531 921 1627 952 atque
1652 913 1733 942 adeo
1759 921 1774 942 a
1797 922 1834 944 re

957 952 1040 991 turpi
1065 952 1148 982 ultro
1179 952 1335 983 abstinere
1365 962 1473 983 amore
1503 955 1647 992 virtutis,
1669 962 1720 984 aut
1744 962 1833 984 metu

954 994 1069 1033 legum.
1094 994 1182 1033 quod
1198 992 1218 1023 fi
1242 993 1315 1024 ideo
1335 993 1483 1034 accepisti
1506 994 1670 1035 pecuniam
1719 1005 1756 1025 ne
1780 995 1833 1026 ad-

953 1035 1061 1066 mittas
1087 1034 1213 1065 scelus:
1246 1034 1310 1065 hoc
1344 1044 1422 1066 vero
1448 1035 1618 1068 Veteribus
1647 1046 1761 1068 merito
1786 1035 1832 1067 est

956 1075 1077 1114 semper
1096 1084 1187 1116 turpe
1208 1075 1315 1107 visum.
1341 1075 1429 1108 Idem
1451 1086 1548 1117 puta;
1573 1078 1592 1109 si
1616 1079 1671 1108 tibi
1689 1078 1830 1115 dedero,

956 1126 989 1148 ut
1006 1116 1082 1148 mihi
1113 1117 1224 1147 reddas
1251 1127 1315 1148 rem
1340 1119 1423 1157 apud
1447 1127 1478 1149 te
1502 1119 1697 1159 depotiram3
1721 1120 1769 1149 vel
1796 1126 1831 1149 ut:

957 1158 1164 1189 instrumenta
1190 1157 1266 1188 mihi
1294 1159 1444 1190 redderes
1470 1161 1524 1191 dl
1551 1172 1577 1192 ρ.
1595 1161 1623 1202 §.
1646 1171 1668 1192 1.
1690 1162 1785 1196 item,
1809 1159 1832 1191 fi

957 1198 1014 1230 tibi
1035 1200 1154 1230 dedero
1172 1208 1338 1239 pecuniam
1352 1223 1361 1238 ‚
1378 1209 1410 1230 ut
1429 1201 1503 1231 mihi
1523 1205 1634 1233 reddas
1652 1212 1716 1233 rem
1734 1210 1831 1241 quam

955 1240 1031 1271 mihi
1049 1240 1136 1271 furto
1159 1239 1307 1272 abstulisti
1332 1242 1351 1271 ι.
1365 1249 1430 1281 pen.
1457 1242 1489 1272 C.
1506 1244 1531 1273 h.
1550 1250 1570 1274 c.
1593 1252 1646 1274 aut
1663 1252 1695 1273 ut
1719 1244 1832 1275 reddas

956 1291 1073 1322 pecora
1094 1291 1162 1322 quae
1179 1282 1328 1322 abegeras
1345 1283 1362 1312 ί.
1380 1283 1433 1312 ult.
1454 1283 1486 1313 C.
1505 1284 1522 1314 b
1553 1290 1572 1314 t.

996 1322 1157 1355 Postrema
1177 1322 1259 1353 Pauli
1281 1322 1432 1363 inspectio
1449 1323 1512 1361 est,
1525 1324 1546 1356 fi
1564 1325 1832 1361 vertaturvutrius-

954 1373 1016 1403 que
1036 1365 1062 1395 t&
1082 1364 1184 1396 dantis
1201 1364 1230 1395 δι
1247 1365 1433 1403 accipientis
1452 1366 1626 1406 turpitudo.
1651 1375 1693 1397 ait
1711 1375 1833 1407 autern,

954 1406 996 1437 fic
1013 1407 1120 1437 datum
1138 1415 1201 1436 nou
1223 1405 1308 1445 posse
1332 1407 1433 1446 repeti
1461 1407 1479 1437 l.
1496 1417 1524 1447 3.
1547 1408 1586 1438 l).
1606 1410 1623 1438 h
1651 1414 1671 1438 t.
1699 1408 1757 1438 hac
1775 1417 1834 1448 op-

956 1448 1029 1479 tima
1050 1449 1192 1485 ratione,
1217 1456 1310 1487 quam
1335 1448 1389 1478 dat
1414 1447 1492 1485 Imp.
1519 1449 1698 1480 Antoninus
1716 1451 1732 1479 ί,
1753 1459 1779 1481 2.
1798 1449 1832 1481 C.

955 1489 984 1519 b.
1003 1495 1023 1519 t.
1050 1489 1135 1528 quod
1155 1489 1186 1518 in
1203 1489 1267 1526 pari
1289 1489 1376 1518 causa
1398 1488 1573 1526 possessoris
1596 1492 1742 1521 conditio
1769 1500 1834 1521 me-

957 1530 1016 1561 lior
1033 1530 1175 1560 habetur.
1203 1529 1242 1560 Et
1258 1529 1302 1560 est
1318 1531 1499 1569 exemplum
1521 1531 1616 1562 Paulo
1634 1533 1660 1562 d.
1678 1532 1697 1562 l.
1717 1531 1834 1573 3.Vel-

956 1573 1021 1610 uti,
1048 1571 1067 1602 si
1088 1570 1219 1610 pecunia
1240 1572 1349 1608 detur,
1377 1579 1409 1602 ut
1435 1574 1515 1601 male
1538 1572 1702 1611 judicetur.
1735 1573 1834 1613 idque

959 1613 1041 1644 ultro
1062 1613 1172 1652 liquet.
1199 1611 1248 1642 seu
1267 1611 1364 1651 quid,
1388 1612 1407 1643 ss
1427 1613 1519 1651 dedi,
1545 1622 1576 1643 ut
1593 1613 1697 1652 judex
1722 1612 1833 1646 secun·

958 1655 1032 1685 dum
1052 1663 1102 1684 me
1121 1654 1346 1693 pronunciaret
1371 1654 1400 1684 in
1419 1653 1501 1684 bona
1518 1655 1633 1686 caula?
1658 1656 1741 1686 hunc
1759 1655 1834 1687 arti-

957 1698 1062 1727 culum
1089 1695 1201 1725 traetat
1228 1694 1380 1734 Ulpianus
1410 1694 1428 1725 l.
1447 1705 1463 1727 2
1498 1695 1524 1737 §‚
1545 1706 1572 1727 2.
1597 1697 1624 1727 h.
1641 1703 1661 1727 t.
1695 1694 1746 1737 Est
1769 1697 1832 1737 qui-

957 1738 1035 1775 dem,
1060 1737 1223 1776 inquiens,
1254 1736 1396 1772 relatum,
1429 1737 1601 1768 covzrizczioni
1635 1738 1726 1768 locum
1758 1737 1830 1778 effe:

957 1780 1002 1814 led
1017 1779 1061 1808 hic
1077 1787 1187 1819 qumque
1206 1778 1312 1808 crimen
1337 1778 1496 1808 contrahit:
1519 1779 1656 1817 Juciicem
1679 1781 1752 1809 enim
1770 1789 1831 1810 cor-

954 1827 1083 1859 rumpere
1099 1820 1234 1853 υίαειανς
1259 1819 1294 1853 &
1311 1829 1366 1849 non
1384 1820 1425 1849 ita
1440 1820 1549 1858 pridem
1567 1827 1720 1857 ιηιρεναῑον
1738 1819 1830 1859 noster

955 1860 1121 1900 constituit,
1145 1861 1221 1891 litem
1246 1870 1310 1891 eum
1331 1863 1456 1900 perdere.
1496 1861 1547 1892 Sic
1565 1860 1738 1901 Ulpianus,
1761 1859 1834 1894 satis

957 1902 1089 1933 obscure
1124 1902 1173 1933 sed
1192 1902 1265 1933 mihi
1286 1902 1451 1941 probabile
1467 1902 1530 1939 est,
1548 1902 1735 1944 indigitare,
1754 1903 1833 1934 fuis-

958 1943 986 1974 se
1003 1944 1131 1984 quidem
1155 1944 1207 1981 qui
1229 1942 1405 1981 referrent,
1431 1944 1459 1973 id
1480 1943 1542 1981 est,
1568 1944 1743 1982 docerent,
1768 1943 1831 1975 effe

957 1985 1063 2016 locum
1088 1984 1304 2022 condietioni‚
1328 1984 1400 2014 data
1424 1986 1524 2022 *ludici
1548 1985 1700 2024 pecunia;
1726 1992 1759 2016 ut
1785 1984 1831 2017 se-

956 2030 1094 2057 cundum
1125 2026 1244 2056 causam
1265 2025 1380 2056 bonam
1397 2026 1639 2065 pronunciaret:
1665 2035 1832 2067 putanreS‚

954 2077 994 2098 eo
1018 2069 1047 2098 in
1076 2066 1145 2097 casu
1171 2067 1211 2097 nil
1227 2065 1310 2104 fieri,
1336 2066 1387 2098 nisi
1407 2067 1493 2106 quod
1512 2067 1598 2106 fieri,
1623 2069 1739 2107 ludit-,s
1759 2067 1831 2099 offi-

955 2109 1007 2140 cio
1033 2108 1197 2139 convenit.
1234 2107 1285 2138 sed
1312 2109 1423 2139 horum
1450 2108 1601 2139 sententia
1626 2111 1664 2140 ab
1691 2109 1829 2150 Ulpiano

956 2150 1113 2181 refutatur
1133 2159 1193 2188 eo;
1215 2154 1302 2188 quod
1319 2149 1414 2180 etiam
1434 2149 1485 2180 tali
1504 2153 1634 2181 datione
1652 2150 1830 2182 admittitur

957 2193 1096 2229 crimen,
1121 2191 1260 2230 ideoque
1285 2192 1395 2227 procul
1421 2191 1519 2222 dubio
1542 2191 1640 2229 turpis
1665 2191 1707 2223 est
1726 2193 1830 2222 dantis

956 2232 1061 2263 causa:
1085 2241 1118 2262 ut
1135 2232 1217 2262 enim
1239 2241 1300 2271 prae
1318 2231 1346 2262 le
1364 2231 1465 2268 ferat,
1489 2232 1603 2264 bonam
1623 2232 1683 2264 csse
1707 2232 1832 2264 causam

958 2273 1059 2311 suam3
1086 2273 1115 2304 &
1132 2272 1255 2304 idcirco
1274 2273 1355 2304 velle
1380 2273 1428 2310 se,
1453 2273 1623 2305 secundum
1651 2274 1730 2304 hanc
1757 2283 1830 2313 pro-

957 2315 1196 2346 nunciariztalis
1215 2323 1318 2345 tamen
1337 2323 1507 2355 praetextus
1526 2317 1662 2353 pertinet
1676 2320 1831 2346 attexem-

957 2357 1040 2395 plum
1077 2354 1182 2395 potest
1205 2357 1287 2386 enim
1314 2355 1421 2385 fallere
1445 2363 1499 2386 aut
1525 2355 1607 2386 falli:
1638 2357 1754 2396 utique·
1775 2365 1830 2388 vo·

955 2397 1031 2434 luit,
1055 2396 1198 2436 judicem
1215 2406 1440 2436 corrumpere,
1466 2398 1496 2427 id
1515 2396 1574 2431 est„
1602 2397 1631 2427 in
1655 2397 1735 2428 suam
1763 2396 1829 2430 sen-

956 2438 1086 2469 tentiam
1121 2438 1332 2469 transducere.
1362 2437 1471 2474 estque
1496 2438 1525 2469 id
1553 2448 1593 2468 eo
1624 2439 1828 2478 evidentius,

956 2482 1043 2518 quod
1060 2487 1155 2509 etiarn
1175 2479 1349 2518 lmperator
1367 2478 1488 2515 noster,
1516 2479 1567 2518 qui
1585 2479 1629 2511 est
1648 2480 1827 2511 Antoninus

958 2520 1137 2559 Caracalla,
1162 2529 1224 2550 non
1242 2522 1283 2550 ita
1303 2520 1423 2559 pridem
1443 2520 1624 2559 constituit,
1651 2530 1720 2552 eum
1740 2521 1828 2554 litem

955 2563 1099 2601 perdere.
1145 2561 1206 2591 Sed
1234 2570 1380 2601 apparet,
1408 2562 1437 2591 in
1462 2561 1628 2602 proposito
1659 2562 1768 2593 versari
1792 2573 1828 2594 u-

955 2604 1099 2643 triusque
1124 2602 1373 2642 turpitudinem,
1397 2603 1537 2641 ideoque
1560 2602 1676 2634 cessare
1703 2614 1741 2634 ex
1768 2607 1828 2635 hac
1864 2614 1870 2619 ·

955 2644 1043 2674 causa
1062 2643 1310 2674 condictionem.
1336 2642 1442 2681 Idem,
1466 2645 1568 2684 inquit
1586 2644 1741 2685 Ulpianus
1759 2646 1776 2676 l.
1796 2655 1828 2685 4.

954 2685 980 2715 l).
997 2691 1016 2714 t.
1048 2684 1066 2715 si
1091 2685 1134 2715 ob
1153 2683 1289 2723 stuprum
1314 2684 1419 2716 datum
1443 2683 1498 2723 fit,
1529 2685 1577 2716 vel
1601 2685 1620 2717 fi
1646 2687 1713 2724 uuis
1740 2687 1770 2717 in
1795 2696 1827 2717 a·

955 2726 1092 2756 dulterio
1110 2725 1324 2764 deprehensus
1342 2726 1510 2758 redemerit
1529 2726 1567 2757 se.
1592 2726 1669 2759 item
1679 2728 1698 2759 li
1710 2727 1761 2758 fur
1771 2728 1825 2758 de-

955 2768 1056 2804 derit,
1081 2776 1120 2797 ne
1146 2768 1333 2805 proderetur
1353 2768 1380 2797 d.
1399 2767 1417 2797 l.
1435 2777 1462 2807 4.
1482 2766 1509 2808 §.
1532 2777 1559 2800 1.
1582 2768 1634 2800 Est
1658 2769 1686 2800 in
1712 2769 1757 2799 liis
1779 2769 1826 2807 Ju-

954 2808 995 2839 sta
1015 2807 1044 2838 ἃ
1059 2808 1186 2846 elegans
1211 2808 1310 2846 ratio,
1335 2807 1354 2839 fi
1378 2809 1521 2849 exigatur
1543 2810 1580 2840 ad
1607 2811 1727 2849 regulas
1751 2808 1825 2846 iuris

955 2850 1072 2880 civilis:
1099 2847 1150 2879 sed
1173 2847 1202 2879 in
1230 2849 1389 2888 praesentia
1417 2858 1479 2880 uon
1503 2852 1663 2882 addenda:
1693 2858 1764 2879 cum
1789 2849 1825 2880 li-

955 2898 1025 2920 ceat
1046 2899 1113 2920 eam
1143 2898 1252 2929 petere
1276 2899 1315 2921 ex
1338 2890 1386 2922 his
1410 2900 1481 2931 quae
1507 2891 1607 2931 l‘cripfi
1643 2890 1760 2933 Dioclet.
1785 2888 1825 2924 ὃ)

958 2932 1090 2961 Maxim.
1115 2941 1135 2960 ci
1159 2942 1187 2971 5.

996 2971 1156 3003 Hactenus
1179 2973 1260 3010 dixi,
1284 2972 1359 3014 quid
1383 2974 1545 3011 obtineat,
1570 2972 1589 3003 si
1614 2972 1687 3009 qnid
1712 2972 1822 3003 datum

956 3012 991 3043 sit
1021 3013 1063 3044 ob
1089 3022 1211 3052 turpem
1237 3015 1367 3047 causam.
1398 3015 1528 3054 sequens
1554 3013 1686 3052 quaeltio
1712 3013 1776 3051 est,
1799 3012 1824 3045 ss

958 3053 999 3085 fic
1024 3055 1202 3094 promissum
1227 3055 1272 3087 fit.
1297 3065 1448 3097 proponit
1474 3056 1555 3086 hinc
1578 3054 1686 3085 l-'aulus
1710 3054 1726 3083 l.
1750 3059 1776 3089 8.
1792 3055 1823 3086 b.

956 3102 978 3126 t.
1003 3096 1031 3126 &
1050 3097 1112 3127 boc
1128 3097 1218 3128 solvit
1235 3098 1390 3129 mod023i
1408 3099 1450 3127 ob
1469 3104 1591 3135 turpem
1609 3096 1731 3127 causam
1748 3105 1824 3136 pro-

956 3137 1072 3168 miseris
1091 3136 1199 3176 Tmo,
1224 3142 1364 3180 quamvis
1381 3138 1401 3168 si
1420 3146 1522 3176 petat,
1547 3141 1742 3177 exceptione
1766 3141 1824 3169 do-

953 3177 973 3210 li
996 3180 1086 3218 mali,
1111 3181 1161 3211 vel
1185 3182 1215 3212 in
1248 3180 1364 3211 factum
1391 3182 1589 3209 lunimovere
1611 3189 1682 3210 eum
1709 3180 1825 3220 poffis,

953 3227 1077 3261 tamen,
1100 3219 1284 3261 fisolveris,
1309 3229 1373 3253 non
1392 3218 1480 3262 poffe
1505 3227 1537 3252 te
1558 3228 1722 3261 repetere:
1746 3230 1826 3266 quo-

1741 3272 1826 3299 niam
