2036 3495
136 142 184 185 98
557 131 590 166 G
621 140 641 164 E
673 140 695 163 11
728 138 749 162 A
782 134 805 157 11
840 135 864 159 1)
899 134 912 158 1

143 226 195 266 sa;
220 235 284 258 non
308 223 347 255 ad
371 228 443 253 eum
462 219 515 260 qui
532 224 637 250 metus
653 214 742 246 causa
760 211 847 244 absit.
872 210 901 254 ὅ(
919 208 1021 240 causa-

145 276 214 305 tur:
238 267 387 305 quoniam
405 262 507 293 nullus
525 267 631 291 metus
648 256 691 287 est
703 279 713 296 ,
736 254 756 286 fi
775 254 867 299 dolus¹
885 260 1020 282 interce-

146 309 202 345 dit.
226 313 377 341 caeterum
401 303 598 340 occupantia:
627 305 715 329 erant
734 295 952 326 cawillationes
969 301 1021 322 eo—

144 360 235 387 rum,
259 346 312 387 qui
337 344 379 376 sui
404 345 569 377 commodi
595 341 683 371 caula
700 337 862 374 absentes,
887 341 1022 377 praeten-

145 392 223 422 dunt
242 386 365 419 causam
385 383 577 429 reipublicae.
602 380 796 413 Callistratus
814 377 833 408 l.
851 377 925 420 4.-11.
942 382 963 405 ε.
992 374 1022 418 id

146 432 287 462 declarat
304 427 477 466 exemplis:
504 434 536 455 ut
554 423 655 454 solent
679 416 910 461 jurisconsulti.
937 456 942 460 ῃ
959 415 1020 448 Pri-

144 481 232 510 inum
250 469 310 508 ait,
335 469 365 500 se
382 466 557 507 accepisse,
583 464 704 498 Dolum
727 461 844 492 malum
865 465 1024 500 pertinere

148 523 209 552 eo;
227 520 261 543 ut
276 510 329 551 qui
346 509 450 551 potest
468 506 603 544 reverti,
621 513 725 545 neque
742 508 978 536 reverteretur,
995 507 1025 528 in

147 564 190 589 eo
208 554 294 596 quod
314 562 369 592 per
383 551 414 583 ici
433 559 556 589 tempus
575 547 720 579 adversus
738 552 810 574 cum
827 542 944 573 faetum
962 539 1026 577 est,

147 605 213 628 non
233 596 408 635 adjuvetur.
455 592 528 623 Hoc
545 589 680 630 primum
701 585 895 627 exemplum.
939 581 1026 611 Alte-

148 647 239 676 rum3
257 635 376 672 veluti,
393 634 413 665 11
432 632 559 666 alterius
577 629 702 672 grandis
719 625 885 658 commodi
901 630 1025 666 capt-an-

150 678 182 709 di
205 677 303 719 gratia
326 676 357 708 id
381 674 502 716 egerit,
529 682 562 703 ut
580 665 870 713 reipublicae-causa
891 662 1028 706 abeliet,

169 720 213 762 ἃ]
238 727 410 751 revocatur
436 718 475 747 ab
493 714 551 746 isto
569 712 748 753 privilegio,
772 718 838 740 imo
856 707 876 738 l.
894 716 923 745 5.
941 706 1029 735 addit

188 762 306 801 lpinnus
319 784 328 799 ,
347 760 373 792 ἃ
395 757 447 798 qui
469 758 538 789 data
554 764 650 795 opera
669 756 695 785 o}
714 751 777 782 sine
795 751 886 781 lucro
905 748 969 777 lioc
986 743 1029 789 af-

148 801 337 838 fect-iverit,
357 802 406 832 vel
425 798 478 840 qui
497 794 645 829 maturius
664 792 827 836 panetius
846 788 890 820 est
927 787 977 817 vel
996 788 1028 830 11-

150 845 191 877 tis
209 853 305 885 gratia
323 840 423 881 coepit
443 838 623 880 reipublicae
643 835 733 867 causa
750 831 862 863 abess'e.
900 812 950 872 ita,
966 828 1030 859 illi:

151 888 214 918 'nte
233 883 307 916 inihi
326 892 493 923 tempero,
518 890 557 912 ne
577 888 705 920 putem,
730 876 882 919 pleraque
900 871 1030 913 relpice-

151 938 186 962 re
203 929 240 960 ad
261 924 436 967 legationes
453 923 587 958 liberas,
610 930 626 951 a
649 921 767 961 Senatu
783 921 944 957 impetrari
966 912 1029 954 ioli-

153 979 199 1003 tas
218 976 270 999 aut
290 965 403 1007 privati
421 961 620 1000 ornamenti,
645 969 697 992 aut
739 965 846 989 rivatae
865 964 907 986 rei
922 960 1031 994 gratia.

151 1010 207 1047 De
228 1008 341 1042 talibus
359 1005 571 1040 levationibus
596 1012 685 1035 more
720 1001 763 1031 'uo
781 997 945 1036 complura
964 1002 1030 1023 eru-

155 1052 222 1088 dite
245 1049 351 1082 attulit
378 1047 559 1081 ouiieimus
587 1045 738 1079 Budaeus,
767 1039 806 1071 V.
837 1039 893 1070 CL.
924 1038 1033 1066 Anizut.

153 1094 234 1135 reliq.
253 1094 289 1123 aci
310 1093 402 1127 Pand.
419 1097 449 1131 p.
470 1098 537 1125 119.
556 1087 591 1122 δέ)
613 1096 683 1127 eqq.
716 1083 796 1115 Sane
814 1080 875 1111 huc
893 1084 1032 1118 pertinet

153 1136 220 1173 hoc
238 1132 365 1174 Ulpiani
381 1133 400 1164 l.
416 1141 451 1170 14
484 1130 523 1161 D.
544 1131 576 1161 de
593 1127 754 1169 legtiiionz‘b.
777 1123 839 1166 Qui
856 1122 942 1151 libera
958 1119 1029 1165 legar

154 1180 229 1214 ,tione
255 1173 349 1216 tibist,
372 1184 430 1207 iton
454 1173 573 1205 videtur
588 1169 747 1208 reipublicae
768 1174 854 1209 causa
874 1159 979 1208 ulitffe:
1004 1162 1032 1188 ot

155 1219 226 1252 haec
243 1216 387 1249 adfertur
406 1213 504 1246 ratio:
529 1212 590 1244 Hic
605 1213 680 1242 enim
698 1218 754 1238 non
768 1205 877 1248 publici
896 1202 1033 1232 commodi

155 1261 263 1297 caula,
279 1259 333 1298 sed
349 1258 395 1294 fui
412 1253 496 1295 abest.
521 1253 572 1285 Sic
594 1251 748 1283 veriffime
765 1249 841 1286 legit
862 1244 903 1275 D.
924 1242 1030 1273 Budae-

157 1312 203 1337 us.
237 1299 281 1332 Sit
298 1298 393 1341 igitur
411 1297 479 1328 liaec
500 1296 636 1330 summa,
654 1302 723 1332 quae
743 1288 786 1321 est
809 1286 934 1334 Ulpiani
951 1285 969 1313 l.
985 1286 1033 1322 36.

157 1343 176 1375 b
209 1349 221 1373 t
272 1340 444 1381 Reipublicae
468 1347 555 1371 causa
571 1334 658 1375 abegffe
676 1343 718 1364 eos
735 1330 809 1371 solos
827 1327 1034 1373 intelligimus,

159 1385 280 1426 quinon
298 1385 343 1420 sui
355 1381 490 1412 commodi
505 1380 591 1412 cirula
602 1377 672 1416 ,μά
686 1372 774 1417 concii
789 1372 905 1410 absunt.
939 1365 1023 1397 Nem

157 1436 216 1467 pe,
243 1423 296 1465 qui
321 1422 363 1454 sui
390 1418 554 1453 commodi
576 1418 666 1449 causa
687 1416 817 1456 ablunth,
840 1418 920 1454 utin
940 1407 1037 1438 libera

158 1466 321 1507 legatione
337 1488 349 1503 ‚
379 1464 527 1493 volentes
552 1459 682 1496 absunt3
706 1465 770 1500 non
796 1460 887 1484 invni
913 1453 1035 1480 ablunt.

158 1518 224 1541 non
253 1507 338 1537 enim
362 1511 513 1535 tenentur
538 1502 632 1532 talem
653 1502 845 1542 legationem
868 1498 1037 1531 impeti-are

158 1560 176 1581 a
202 1550 333 1580 Senatu:
359 1545 411 1576 l'ed
434 1544 455 1576 ii
473 1544 606 1581 volunt,
631 1547 763 1581 petunt:
786 1538 807 1581 li
825 1536 959 1571 nolunt,
985 1541 1038 1562 ne·

158 1600 212 1623 nio
229 1588 318 1629 cogit
334 1597 390 1618 eos
408 1594 530 1626 petere.
554 1592 584 1615 at
604 1581 655 1623 qui
676 1579 857 1620 reipublicae
878 1576 967 1620 caula
984 1574 1035 1603 ab·

157 1633 228 1668 sunt
247 1630 276 1663 iri
296 1628 478 1670 legatione,
501 1625 544 1658 1111
570 1622 671 1656 coacti
688 1622 815 1665 absunt:
839 1626 909 1657 quia
928 1623 1034 1646 neces-

158 1672 238 1712 sario
250 1671 380 1708 absunt,
397 1679 462 1702 non
480 1668 628 1699 volentes
645 1666 689 1696 ob
707 1665 791 1694 luum
808 1663 1037 1696 commo-inim

159 1714 213 1750 sed
225 1711 362 1746 adstriffi
378 1712 446 1751 jure
464 1707 601 1742 civitatis
618 1708 655 1739 ad
674 1706 820 1748 obeunda
838 1708 967 1732 munera
985 1707 1036 1744 pu-

159 1757 260 1792 blica:
283 1754 338 1786 etsi
364 1762 427 1785 non
457 1750 566 1791 utique
595 1748 654 1781 fint
678 1746 801 1782 coacti,
825 1751 898 1774 cum
918 1740 1038 1788 poliint

159 1797 235 1839 cogi
254 1795 367 1828 multia
387 1793 487 1832 dicta,
505 1794 534 1824 ot
555 1788 743 1832 pignoribus
760 1795 868 1827 captis.
900 1783 1040 1825 binium,

161 1840 183 1878 si
200 1839 349 1879 adjecero
369 1837 431 1867 hoc
448 1844 489 1866 ex
506 1834 526 1865 l.
543 1838 593 1874 38.
609 1832 638 1874 §.
662 1841 684 1862 1.
703 1832 730 1861 h.
747 1837 768 1860 ι.
812 1827 953 1859 Tamdiu
980 1832 1032 1853 rei*

159 1881 299 1925 publicae
318 1877 406 1910 causa
426 1875 528 1907 abesse
547 1873 616 1914 quis
635 1872 778 1909 videtur,
803 1863 1034 1913 quamdiu-offi-

160 1922 216 1955 cio
227 1921 319 1953 alicui
337 1917 457 1960 praeest.
477 1917 564 1957 quod
582 1915 601 1947 si
620 1913 742 1953 finitum
762 1913 856 1944 fuerit
875 1908 1038 1944 officium,

161 1965 223 2006 jam
241 1961 351 1995 definit
369 1959 471 1992 abeffe
490 1955 672 1997 reipublicae
690 1953 788 1986 causa.
808 1953 858 1985 sed
878 1956 915 1980 ati
936 1957 1037 1979 rever-

164 2006 295 2038 tendum
309 2003 353 2035 illi
372 2009 517 2041 tempora
527 1998 786 2037 computabimus
803 1994 902 2025 statim
915 2015 922 2028 ‚
942 1998 1038 2032 atque

164 2046 253 2083 desiit
279 2042 459 2084 reipublicae
484 2041 573 2072 causa
589 2039 692 2070 abesse
705 2062 713 2076 ,
737 2048 772 2068 ea
791 2037 902 2076 quibus
921 2040 1039 2062 reverti

164 2088 195 2126 in
224 2088 342 2118 Urbem
369 2083 490 2125 potnit:
515 2086 541 2113 (St
569 2081 629 2112 erit
651 2081 872 2121 moderatum,
896 2082 1043 2112 tempora

166 2128 196 2161 ei
213 2130 287 2160 dare
306 2137 376 2167 quae
402 2126 470 2156 Lex
498 2121 732 2155 revertentibus
749 2119 901 2160 praestitit.
926 2123 1042 2155 quare,

165 2170 188 2207 fi
208 2180 272 2208 quo
292 2168 460 2199 deflexerit
474 2165 532 2196 sna:
549 2167 592 2195 rei
606 2164 713 2200 causa,
733 2172 794 2192 non
807 2159 1040 2202 dubitabimus,

165 2213 334 2249 idtempus
353 2211 382 2240 ei
401 2218 465 2240 non
486 2205 662 2247 proficere:
681 2204 850 2242 habitaque
867 2206 1039 2231 dinumera-

167 2254 258 2288 tione
276 2251 432 2292 temporis
460 2257 525 2289 quo
552 2248 667 2278 reverti
697 2246 821 2285 potuit,
848 2242 948 2274 statim
968 2248 1040 2270 eum

168 2295 314 2326 dicemus
333 2291 439 2323 desisse
459 2289 641 2329 reipublicae
658 2286 747 2318 causa
773 2284 885 2316 abesse.
929 2283 1043 2318 Plane,

167 2336 189 2373 si
208 2334 391 2367 infirmitate
408 2331 599 2371 impeditus,
616 2330 804 2360 continuare
825 2328 884 2357 iter
904 2335 966 2356 non
987 2332 1039 2362 po·

169 2378 247 2414 tuit,
271 2376 440 2407 habebitur
466 2374 548 2404 ratio
575 2374 794 2403 humanitatis:
817 2369 904 2399 sicuti
935 2365 1043 2398 haberi

168 2417 250 2449 solet
274 2418 303 2449 &
330 2417 440 2447 hiemis
457 2438 466 2452 ‚
490 2414 519 2445 ὅ(
545 2412 754 2454 navigationis
770 2433 779 2448 ,
802 2410 831 2441 61
855 2414 1045 2441 caeterorum

170 2469 241 2500 quae
258 2458 328 2489 casu
346 2458 551 2496 contingunt.

211 2499 359 2531 Utinitio
370 2498 553 2534 dixi,etiam
572 2496 657 2537 eiqui
671 2496 701 2525 in
711 2491 963 2533 vinczclz'sfiizffet,
982 2490 1045 2521 hoc

170 2540 288 2578 EdiCto
307 2541 503 2571 succurritur.
547 2536 635 2581 Quid
652 2545 757 2567 autem
777 2534 829 2570 fit,
857 2544 885 2564 in
911 2533 1046 2563 vinculis

171 2582 255 2621 esse,
279 2583 418 2620 pluribus
441 2581 574 2619 exponit
600 2578 792 2609 Callistratus
814 2575 832 2605 l.
851 2586 878 2612 9.
900 2576 926 2604 b.
944 2582 964 2604 i.
985 2583 1045 2614 pri-

169 2633 257 2661 mum
271 2624 513 2659 animadvertit,
529 2631 544 2652 3
557 2621 696 2653 Praetore
714 2619 775 2650 dici
789 2643 796 2654 ,
813 2616 876 2661 Qui
892 2617 923 2646 i‘n
939 2618 1043 2646 vincu-

171 2666 204 2703 lis
230 2663 354 2701 fuiss'et3
380 2673 442 2694 noti
470 2673 499 2693 111
523 2661 676 2693 custodia.
701 2662 807 2698 itaque
830 2658 931 2691 edicti
950 2657 1047 2687 verba

174 2717 239 2744 non
259 2704 359 2736 solum
379 2705 536 2742 pertinere
555 2706 591 2734 ad
613 2712 685 2733 eum
713 2703 766 2741 qui
790 2702 918 2741 publica
941 2698 1046 2729 custo-

173 2749 243 2786 dia,
266 2754 359 2786 quani
381 2745 487 2775 Labeo
507 2753 595 2784 putat
613 2744 707 2775 solam
726 2745 833 2773 vocari
852 2740 1047 2778 custodiam,

171 2791 239 2831 jure
250 2789 439 2819 coercetur:
457 2786 506 2816 sed
525 2788 561 2817 ad
579 2796 650 2819 eum
670 2794 800 2824 quoque
817 2785 870 2824 qui
887 2793 903 2813 a
920 2782 1044 2812 latroni>

174 2834 232 2863 bus
250 2837 301 2860 aut
319 2827 522 2871 praedonibus
542 2827 590 2857 vel
611 2827 797 2864 potentiore
813 2827 842 2855 vi
862 2822 1046 2864 oppressus,

173 2873 238 2905 fine
261 2871 328 2912 jure
351 2868 486 2900 vinculis
513 2869 734 2899 coercebatur.
761 2876 797 2898 ac
813 2866 892 2898 facit
911 2865 985 2896 huic
1003 2874 1047 2896 111-

174 2911 413 2953 terpretationi:
438 2908 523 2948 quod
542 2909 611 2939 alibi
625 2908 815 2947 Venulejus,
836 2908 1048 2944 Viiiculoruin,

173 2954 297 2991 innuit,
316 2951 504 2992 appellatione
518 2950 563 2979 vel
577 2951 696 2988 privata
707 2974 715 2987 ‚
731 2951 776 2980 vel
789 2950 905 2989 publica
923 2948 1047 2979 vincula

167 2995 360 3039 significant:
375 2990 504 3033 czifliodiae
519 2999 585 3021 vero
601 2995 715 3020 lantum
728 2992 872 3029 publicam
891 2988 1048 3030 custodiam

175 3040 194 3070 l.
213 3038 283 3075 224.
311 3035 350 3066 D.
371 3036 403 3065 de
419 3033 497 3064 verb.
512 3031 617 3071 figitis.
665 3030 739 3061 Non
765 3035 802 3063 ad
828 3032 892 3063 hoc
915 3030 1048 3063 subsistit

175 3076 389 3115 Callistratus:
413 3082 564 3115 praeterea
590 3073 721 3111 quaerit,
745 3074 819 3111 quid
847 3074 1048 3104 vrncquruin

176 3120 392 3161 appellatione
409 3113 637 3148 contineatur?
661 3113 702 3142 ait
722 3121 825 3143 autem
837 3137 846 3150 ‚
864 3115 953 3145 latius
969 3115 1050 3145 acci-

176 3164 226 3203 pi:
246 3163 314 3192 nam
335 3160 479 3199 placere,
494 3156 587 3187 etiam
604 3153 740 3185 inclusos
758 3154 853 3184 veluti
870 3155 1049 3194 lautumiis,

176 3204 237 3244 (de
265 3201 378 3243 quibus
401 3199 481 3231 infra
504 3197 557 3228 sub
574 3195 689 3228 Titulo
709 3194 756 3225 De
770 3196 960 3234 aleatoribus)
984 3197 1048 3228 vin.

179 3245 304 3284 1810111111
326 3250 461 3275 numero
483 3239 611 3274 haberi:
634 3246 703 3271 non
719 3245 760 3269 ex
776 3236 978 3280 proprietate
993 3246 1051 3272 vo.

971 120 1233 158 Noona·
1294 121 1509 158 Compi,

1064 210 1167 256 cabuli
1176 233 1186 248 ,
1201 212 1315 251 (quam
1328 211 1358 242 in
1378 210 1647 252 interpretatione
1655 209 1753 252 Legis
1764 212 1856 244 AEliae
1866 213 1942 245 Sen-

1062 259 1115 289 1110
1140 252 1222 283 reete
1247 252 1397 294 sequutus
1416 254 1459 292 eil
1481 252 1633 293 Ulpianus
1658 254 1676 283 l.
1699 257 1769 284 216.
1795 254 1835 283 D.
1857 256 1943 296 (1.1.)

1065 292 1118 324 sed
1135 302 1173 338 ex
1191 302 1299 325 mente
1324 294 1484 325 Praetoris.
1510 295 1539 325 ἀ
1557 295 1638 325 hanc
1661 294 1763 325 adfert
1784 296 1944 328 rationem

1066 332 1276 380 Callistratus:
1302 344 1374 375 quia
1399 336 1478 367 nihil
1503 335 1632 367 interest
1649 359 1658 372 ‚
1684 336 1881 374 parictibus,
1904 347 1944 369 an

1067 377 1298 421 compedibus,
1324 385 1478 409 teneatur.
1502 379 1590 417 quod
1615 377 1706 408 unice
1729 377 1889 415 intendit,
1912 377 1946 412 &⁴

1066 425 1244 463 praevenire
1262 418 1364 450 voluit
1379 419 1511 451 Praetor.
1538 417 1693 459 Ulpianus
1711 418 1730 448 l.
1751 427 1796 450 10.
1812 422 1946 461 sequente

1071 457 1202 496 amplius
1219 465 1281 498 ait,
1304 461 1334 490 in
1355 465 1467 492 eadem
1484 460 1574 492 causa
1593 459 1654 491 ess'e
1672 461 1725 500 qui
1742 469 1759 490 a
1774 460 1947 498 militibus,

1071 498 1323 539 flatoribusque,
1342 502 1391 532 vel
1407 512 1421 531 a
1439 501 1683 542 municipalibus
1699 501 1877 532 ministeriis
1893 500 1946 540 (id

1071 540 1115 570 eil
1127 562 1135 577 ,
1154 538 1320 578 ministris,
1336 551 1369 572 ut
1385 543 1457 574 alibi
1477 543 1576 584 saepe)
1593 543 1814 574 adservantur:
1838 541 1857 573 fi
1874 552 1949 582 pro-

1073 581 1190 625 bentur
1212 590 1255 625 rei
1275 583 1508 628 luaelsupereffe
1531 594 1595 616 non
1612 583 1759 624 potuiss‘e.
1785 586 1851 615 imo
1878 585 1921 614 ait
1936 606 1949 622 ,

1073 631 1102 652 in
1123 622 1254 651 xinculls
1278 625 1377 664 accipi
1398 635 1454 656 eos
1478 626 1529 665 qui
1547 627 1588 656 ita
1605 626 1720 665 alligati
1739 625 1828 662 sunt,
1845 633 1900 663 ut,
1914 623 1950 657 fi-

1073 666 1295 712 nejdedecore
1311 673 1341 694 in
1361 666 1492 704 publico
1506 676 1617 708 parere
1636 677 1700 698 non
1719 667 1844 707 poflint.

1096 705 1177 751 ⁸bet]
1192 705 1292 749 redeo
1304 706 1347 752 'ad
1364 706 1522 753 edictum.
1552 719 1593 740 eo
1611 708 1801 739 succurritur
1818 716 1951 748 quoque

1074 756 1102 777 ei
1120 755 1168 787 qui
1185 754 1216 775 111
1230 752 1369 791 Jervtiute
1388 748 1491 785 fuerit.
1530 749 1572 780 Et
1588 750 1736 781 observat
1753 749 1950 781 Callistratus

1073 788 1092 818 l.
1110 797 1155 817 11.
1171 787 1197 816 Ι).
1212 793 1233 816 t.
1253 795 1294 816 ita
1307 796 1355 827 Jus
1373 788 1453 826 effe,
1469 789 1531 821 five
1542 791 1627 822 bona
1642 791 1705 822 fide
1721 791 1833 823 serviat
1850 792 1952 821 homo

1075 829 1173 866 liber,
1190 827 1254 858 sive
1270 830 1420 874 detentus
1436 828 1482 861 fit.
1501 833 1590 871 quod
1605 841 1639 863 ut
1654 833 1866 874 intelligatur,
1884 841 1953 863 mo·
1992 840 1994 843 ’

1075 876 1216 902 nentium
1233 867 1296 915 esi,
1320 871 1403 903 aliud
1420 870 1502 917 esse,
1525 873 1555 905 in
1578 873 1726 905 servitute
1747 874 1828 913 effe3
1851 873 1957 911 aliud,

1075 911 1204 956 sei-vum·
1219 909 1301 942 esse:
1325 910 1403 945 fient
1421 913 1505 944 aliud
1524 913 1587 952 est,
1604 915 1633 946 in
1655 915 1800 947 libertate
1821 915 1902 950 ess'e2
1926 923 1958 945 a-

1075 953 1161 990 liud,
1187 951 1320 997 liberum
1347 952 1426 985 elle:
1449 955 1526 985 item
1544 955 1646 994 aliud,
1670 956 1731 987 else
1747 959 1778 988 in
1794 956 1957 997 1101101110-

1077 1004 1137 1032 ne,
1161 994 1245 1024 aliud
1263 993 1430 1040 poffidere.
1461 994 1582 1027 Praetor
1599 1005 1706 1029 autern
1723 1007 1787 1029 non
1808 998 1955 1037 loquitur

1078 1033 1244 1081 deservo:
1265 1038 1310 1075 (is
1328 1035 1404 1066 1111111
1430 1036 1537 1076 potest
1562 1038 1698 1078 habere,
1720 1049 1781 1070 nec
1806 1040 1957 1070 amittere

1078 1078 1271 1121 quidquam)
1296 1075 1347 1106 sed
1365 1078 1405 1107 de
1422 1078 1552 1109 homine
1568 1079 1688 1118 libero,
1712 1082 1762 1120 qui
1783 1079 1888 1120 potest
1902 1079 1957 1110 ha-

1077 1119 1152 1163 bere
1164 1118 1302 1157 aliquid,
1321 1120 1347 1148 ἃ
1365 1120 1481 1150 durnin
1499 1119 1650 1152 servitute
1667 1121 1731 1158 est,
1748 1122 1833 1152 idem
1850 1119 1957 1162 potest

1076 1167 1245 1208 amittere,
1275 1161 1431 1205 eoquod
1449 1163 1489 1191 de
1505 1160 1592 1193 fufio
1616 1163 1789 1203 impeditur
1803 1163 1852 1203 jus
1870 1161 1958 1194 suum

1077 1210 1205 1239 exequi.
1228 1202 1451 1245 01118111111110
1468 1201 1635 1235 Callistrati
1653 1204 1772 1236 lenius:
1788 1205 1874 1244 quod
1890 1203 1957 1234 hoc

1077 1242 1194 1273 Edicto
1208 1250 1303 1273 etiam
1322 1243 1512 1274 luecurritur
1523 1244 1646 1277 homini
1663 1246 1764 1277 libero
1782 1248 1833 1285 qui
1853 1244 1959 1277 fuitin

1078 1284 1250 1329 lei‘vituteg,
1268 1282 1328 1314 sive
1347 1284 1395 1315 3111
1416 1283 1543 1316 servivit
1560 1287 1643 1318 bona
1659 1286 1742 1326 fide,
1758 1287 1822 1318 sive
1839 1287 1877 1317 ab
1894 1287 1958 1318 alio

1081 1326 1278 1370 videremus
1295 1323 1356 1355 fuit
1372 1324 1455 1364 quasi
1474 1325 1591 1358 servus.
1615 1337 1731 1368 nempe
1753 1336 1805 1367 ut,
1822 1330 1908 1367 quod
1926 1337 1958 1359 a·

1081 1366 1160 1398 milit
1178 1364 1345 1411 destitutus
1360 1367 1470 1406 agendi
1490 1367 1661 1407 facultate,
1686 1371 1760 1402 dum
1778 1370 1809 1400 in
1830 1369 1962 1401 servitu-

1083 1417 1112 1438 te
1126 1408 1207 1445 fuit,
1219 1416 1274 1447 per
1285 1416 1314 1437 in
1325 1416 1484 1452 integrum
1502 1409 1733 1442 restitutionem
1752 1410 1883 1451 recipiat
1894 1411 1960 1441 hoc

1080 1449 1207 1480 haicio.
1233 1450 1328 1479 l'lane
1344 1458 1386 1479 ait
1406 1448 1588 1489 Ulpianusl.
1607 1461 1652 1484 12.
1669 1453 1686 1482 b
1714 1459 1734 1483 t.
1757 1453 1844 1492 quod
1862 1452 1886 1483 is
1902 1451 1958 1490 qui

1082 1495 1120 1521 de
1138 1492 1216 1521 113111
1234 1490 1287 1519 1110
1305 1491 1423 1530 litigat,
1448 1492 1512 1521 1100
1530 1492 1646 1524 Edicit>
1671 1504 1733 1524 non
1752 1495 1962 1530 continetur,

1081 1543 1120 1565 ex
1149 1541 1213 1571 quo
1240 1532 1276 1562 lis
1300 1532 1448 1563 inchoata
1467 1532 1529 1570 est3
1553 1535 1582 1564 id
1608 1534 1652 1565 est
1668 1557 1679 1574 ,
1702 1545 1741 1566 cx
1767 1544 1832 1573 quo
1854 1534 1889 1565 lis
1913 1533 1961 1565 est

1081 1581 1244 1610 ordinata,
1270 1575 1341 1612 quia
1364 1577 1456 1612 inde,
1480 1573 1535 1605 etfi
1560 1574 1665 1606 servus
1688 1575 1747 1613 fit,
1771 1585 1830 1614 pro
1854 1575 1958 1606 libero

1081 1616 1234 1652 habetur,
1258 1623 1294 1645 ac
1321 1616 1426 1654 potest
1451 1624 1563 1656 agere,
1587 1625 1659 1650 cum
1688 1617 1833 1648 adversus
1857 1617 1957 1654 alios,

1082 1668 1147 1689 tum
1173 1660 1320 1687 amerius
1346 1656 1508 1687 dominum
1535 1657 1544 1689 l
1574 1668 1620 1697 24.
1644 1657 1682 1688 Ι).
1710 1657 1746 1692 &²
1769 1658 1786 1689 l.
1810 1668 1855 1697 14.
1876 1657 1909 1688 C.
1926 1658 1960 1689 de

1080 1699 1186 1730 liberal.
1218 1706 1293 1733 cau).
1317 1697 1350 1744 h&
1378 1697 1396 1729 11
1421 1708 1485 1729 11011
1503 1698 1564 1729 fuit
1588 1699 1636 1731 sua
1653 1700 1800 1730 libertate
1819 1698 1904 1737 ustis,
1929 1698 1960 1733 &

1083 1747 1230 1772 damnum
1256 1738 1382 1780 passus3
1405 1749 1470 1771 non
1499 1741 1625 1780 prodest
1653 1742 1680 1772 ei
1711 1742 1774 1773 noc
1800 1740 1957 1773 isarnum.

1082 1791 1251 1828 caeterum,
1269 1783 1417 1821 quamdiu
1437 1782 1471 1813 lis
1490 1791 1598 1821 coepta
1615 1793 1679 1814 non
1698 1782 1759 1820 est,
1779 1784 1897 1815 tamdiu
1913 1780 1959 1814 est

1082 1825 1112 1856 in
1142 1826 1311 1860 ierviiute,
1336 1825 1364 1854 <St
1381 1824 1444 1853 110(-
1468 1823 1583 1857 Edicto
1606 1833 1800 1856 continetur.
1849 1823 1900 1855 De
1916 1833 1958 1854 eo

1083 1866 1245 1906 quaesitum
1263 1864 1342 1902 suit,
1367 1863 1388 1896 fi
1413 1866 1482 1905 quis
1505 1867 1608 1897 servus
1627 1867 1748 1898 domini
1766 1865 1958 1897 testamento

1084 1907 1201 1940 liber&
1213 1908 1303 1937 lieres
1325 1906 1481 1938 institutus
1493 1931 1502 1945 ,
1519 1906 1636 1947 aliquid
1653 1907 1742 1949 geffit
1755 1908 1822 1947 poll
1840 1907 1960 1938 sactum

1083 1951 1211 1992 quidem
1231 1949 1472 1980 testamentum.
1500 1948 1550 1980 sed
1574 1956 1648 1980 ante
1667 1958 1804 1980 mortem
1825 1947 1959 1979 domini.

1085 1990 1304 2030 fflaecquaessio
1322 1991 1511 2029 proponitur
1527 1990 1681 2029 l.13.h.t.
1699 1991 1728 2021 in
1748 1999 1809 2030 qua
1828 1992 1867 2020 ait
1884 1989 1960 2019 Pau-

1085 2035 1151 2071 lus,
1176 2032 1361 2062 Labeonem
1382 2032 1465 2062 recte
1482 2030 1690 2070 existimasse,
1718 2040 1790 2062 eum
1809 2031 1861 2069 qui
1880 2031 1963 2061 liber

1086 2077 1115 2106 ἃ
1133 2075 1224 2105 heres
1242 2073 1400 2104 institutus
1418 2072 1474 2111 111,
1493 2072 1609 2103 Editio
1629 2082 1691 2102 tion
1711 2072 1890 2109 contineri,
1907 2080 1961 2102 an-

1086 2125 1213 2156 tequam
1238 2116 1329 2146 lieres
1354 2113 1419 2151 est,
1444 2116 1474 2145 id
1490 2113 1552 2151 est,
1578 2122 1650 2144 ante
1669 2115 1788 2145 domini
1810 2120 1960 2144 mortem.

1087 2166 1242 2198 primum,
1267 2158 1337 2197 quia
1361 2164 1434 2187 ante
1454 2156 1594 2186 nondum
1613 2156 1710 2194 liber,
1735 2163 1808 2186 ante
1825 2164 1890 2185 non
1909 2153 1962 2184 ha-

1087 2202 1152 2231 buit
1167 2200 1260 2230 bona.
1286 2199 1401 2229 deinde
1420 2198 1570 2236 loquutus
1589 2196 1709 2228 Praetor
1726 2196 1785 2227 fuit
1803 2197 1842 2227 de
1860 2195 1962 2227 horni-

1086 2243 1178 2273 nibus
1196 2241 1319 2271 liberis:
1343 2248 1407 2270 non
1423 2240 1518 2270 etiam
1537 2237 1698 2269 deservis.
1723 2237 1805 2269 aliud
1829 2239 1858 2268 in
1878 2236 1960 2267 filio-

1086 2283 1220 2314 familias
1241 2289 1329 2321 putat
1346 2280 1477 2318 Paulus,
1502 2282 1612 2320 utique
1631 2278 1650 2311 fi
1676 2279 1788 2310 habeat
1807 2276 1963 2310 castrense

1089 2326 1248 2364 peculium
1265 2325 1282 2354 d
1312 2323 1330 2352 l.
1354 2331 1396 2361 13.
1414 2321 1441 2363 ᾗ.
1463 2331 1488 2352 1.
1518 2321 1571 2352 sub
1591 2330 1655 2360 quo
1673 2321 1701 2352 &
1720 2319 1802 2360 quasi
1827 2319 1963 2350 castren-

1089 2369 1118 2396 ie
1137 2366 1266 2405 intelligi
1285 2364 1399 2404 potest.
1432 2373 1544 2403 praeter
1565 2365 1632 2392 liaec
1648 2363 1731 2392 enim
1750 2364 1817 2401 jure
1843 2361 1964 2392 Pande-

1090 2408 1206 2438 6111111111
1236 2415 1296 2437 nec
1322 2403 1543 2437 filiusfamilias
1569 2403 1667 2444 magis
1684 2403 1849 2443 proprium
1868 2401 1965 2432 habe-

1089 2450 1158 2484 bar,
1183 2457 1277 2487 quam
1297 2447 1411 2477 servus.

1130 2489 1173 2521 Ut
1194 2490 1282 2528 supra
1299 2489 1384 2524 dixi,
1411 2488 1467 2517 liae
1485 2493 1572 2527 parte
1589 2484 1691 2516 Edisti
1709 2484 1804 2516 etiam
1820 2483 1968 2515 subveni·

1090 2541 1138 2564 tur
1156 2541 1179 2561 ez
1198 2532 1249 2571 qui
1271 2531 1303 2560 in
1328 2526 1598 2569 bostiumpoiestaie
1622 2526 1694 2564 fuit.
1741 2524 1856 2557 Talem
1885 2534 1965 2556 vero

1091 2572 1286 2606 Callistratus
1311 2571 1328 2601 l,
1354 2571 1443 2610 11111.
1465 2574 1486 2600 t.
1509 2577 1735 2608 interpretatur
1760 2567 1798 2598 ab
1824 2567 1966 2598 hostibus

1089 2623 1227 2656 captum.
1254 2622 1290 2643 an
1310 2612 1339 2643 &
1358 2609 1560 2650 transfugas?
1585 2610 1723 2641 minime.
1755 2607 1967 2648 Transfugis,

1090 2658 1191 2695 inquit
1211 2653 1424 2689 Callistratus,
1450 2652 1568 2683 nullum
1590 2651 1785 2682 credendum
1805 2649 1848 2680 est
1868 2650 1966 2681 bene-

1091 2698 1197 2729 ficium
1223 2695 1341 2733 tribui,
1364 2694 1479 2733 quibus
1499 2701 1646 2734 negatum
1664 2691 1707 2722 est
1725 2691 1965 2731 postliminium.

1090 2747 1240 2770 caeterum
1259 2745 1346 2776 putat
1363 2735 1577 2771 Callistratus,
1598 2743 1662 2765 non
1681 2733 1772 2763 valde
1789 2742 1870 2773 opus
1888 2730 1966 2762 fuis·

1092 2781 1121 2812 se
1147 2780 1204 2811 hac
1232 2777 1334 2811 Edisti
1361 2775 1514 2809 clausula:
1538 2775 1612 2815 quin
1633 2773 1768 2815 potuisse
1791 2783 1846 2805 eos
1864 2773 1965 2813 quiin

1091 2822 1225 2853 hostium
1237 2818 1395 2860 potestate
1410 2818 1509 2849 ess'ent
1520 2841 1527 2855 ‚
1538 2818 1588 2848 illa
1606 2816 1764 2847 contineri
1775 2814 1876 2846 Edicti
1894 2822 1966 2854 pai·-

1091 2871 1122 2894 te
1133 2858 1323 2903 qua'Praetor
1342 2861 1482 2900 loquitur
1500 2860 1539 2890 de
1557 2859 1603 2890 his
1615 2859 1668 2898 qui
1686 2859 1716 2888 in
1729 2856 1879 2888 servitute
1895 2855 1965 2886 fue-

1090 2906 1162 2936 rint.
1187 2904 1239 2934 Sic
1250 2902 1454 2934 Callistratus.
1471 2911 1507 2931 an
1528 2910 1622 2938 vere,
1640 2898 1757 2930 nescio.
1777 2897 1829 2929 11111
1848 2897 1964 2937 placet,

1091 2955 1161 2977 eum
1179 2945 1229 2985 qui
1250 2946 1278 2975 in
1299 2944 1448 2975 servitute
1463 2942 1526 2980 est,
1543 2951 1606 2973 non
1624 2941 1733 2981 utique
1752 2938 1813 2970 ess'e
1830 2938 1967 2969 servum.

1091 2996 1121 3018 31
1140 2987 1261 3018 servum
1272 2986 1367 3018 etiam
1386 2986 1414 3015 in
1434 2983 1585 3015 servitute
1606 2981 1687 3020 effe,
1705 2982 1757 3012 vix
1767 2979 1873 3019 negari
1892 2986 1966 3018 pos-

1091 3029 1132 3060 se.
1149 3037 1324 3068 utcumque
1345 3027 1418 3057 erit:
1438 3026 1512 3064 quid
1528 3033 1646 3056 novum
1658 3047 1665 3058 ,
1683 3019 1887 3063 dubitationis
1903 3016 1966 3062 ‘91‘

1092 3071 1191 3102 lendae
1216 3070 1334 3111 gratia,
1360 3067 1530 3107 aliquando
1549 3067 1577 3096 in
1598 3063 1712 3096 Edie'tis
1732 3064 1806 3106 poni
1824 3060 1967 3105 alioquin

1092 3122 1156 3144 non
1176 3109 1370 3142 necessaria?
1394 3109 1413 3139 l.
1434 3117 1458 3139 1.
1479 3107 1507 3149 §.
1528 3116 1555 3146 7.
1578 3106 1615 3136 D.
1635 3106 1667 3135 de
1681 3101 1797 3133 AEdi'lzt.
1816 3099 1914 3130 Edici-

1134 3152 1263 3184 Deinde
1286 3152 1316 3183 in
1348 3149 1463 3181 Edicto
1492 3147 1622 3187 subjecit
1646 3144 1762 3176 Praetor
1778 3165 1799 3187 ³.
1814 3138 1965 3181 POstfflve·

1093 3194 1175 3226 Haec
1192 3203 1256 3225 vox
1272 3191 1359 3226 deest
1374 3192 1406 3223 in
1421 3190 1610 3222 Florentino
1630 3183 1818 3222 exemplari:
1839 3183 1888 3212 led
1907 3180 1967 3211 ser⁴

1093 3244 1205 3269 varunt
1217 3244 1287 3269 eam
1302 3233 1462 3268 editiones
1475 3231 1637 3272 pleraeque
1650 3226 1716 3259 aliae
1725 3234 1736 3264 3
1751 3232 1848 3266 atque
1864 3230 1968 3297 epig:
