2036 3495
460 109 525 144 Ar,
552 87 644 141 [12.
673 105 805 140 xviii.
841 104 936 143 Tm.

52 199 133 237 ditio
154 198 323 236 afferatur,
348 198 409 230 effe
432 196 630 240 emptionem
655 194 918 240 conditionalem.

49 240 124 274 Nec
141 240 251 273 frustra
271 240 336 271 iiaec
353 240 534 270 observatur
552 235 749 268 differentia:
775 245 844 282 iiam
866 236 917 266 ubi

47 292 127 324 pura
144 283 264 323 emptio
285 281 349 319 est,
372 281 421 311 sed
448 280 500 311 sub
525 277 711 322 conditione¹
732 277 918 322 resolvitur-z

51 332 120 356 tum
137 323 156 356 fi
181 321 307 363 quidem
333 321 482 353 venditor
506 321 649 351 dominus
668 316 747 363 fuitss
773 319 917 362 retradi-

50 373 100 404 ta,
123 373 249 405 emptor
266 362 436 394 confestim
455 362 599 393 dominus
617 360 670 397 fit,
694 360 833 405 alioquin
852 358 917 405 usu⁴

50 406 197 446 capiendi
213 404 430 437 conditionem
455 402 578 448 accipit,
606 409 758 448 preterea
778 401 916 447 vindica-

51 457 87 479 1e
102 457 167 478 rem
186 448 304 486 poterit
325 447 344 478 l,
362 455 411 483 41.
429 444 467 479 D.
483 445 515 473 (le
538 451 577 472 rel
594 444 704 472 vinclis.
724 442 754 473 ἃ
774 451 917 488 pignora-⁴

50 498 86 520 re
103 489 120 519 ι,
137 498 166 528 4,
183 489 212 530 §,
229 498 258 528 3,
285 487 323 518 D.
348 486 376 518 h.
403 492 424 515 t.
441 482 545 524 potest
564 485 659 513 etiam
681 482 801 514 fructus
820 492 918 520 perci·

48 539 144 569 perc,
170 531 199 561 δε
214 528 384 569 periculum
401 526 439 557 ad
455 535 525 556 eum
545 524 761 571 pertinen-,ii
781 534 829 556 res
849 533 918 564 per-

51 570 124 602 ierit
147 571 166 601 l.
192 581 219 601 2.
247 569 273 610 δ.
301 577 325 600 1.
352 569 378 598 d.
406 572 426 597 t.
456 567 514 597 liae
537 567 657 604 optimi
677 575 799 597 ratione
825 575 917 610 quam

49 611 172 650 subjicit
197 610 305 642 Paulus
330 608 350 640 l.
375 618 402 649 3.
423 607 568 648 quoniam
592 607 659 647 post
683 609 848 638 interitum
874 616 917 637 rei

49 652 112 692 jam
127 660 187 684 nec
210 649 311 691 potest
338 650 450 681 melior
475 650 618 693 conditio
639 648 774 681 adferri:
798 649 836 694 id*
854 647 918 685 est,

51 694 173 734 emptio
191 702 253 723 non
274 691 378 731 potest
398 690 534 728 resolvi,
553 691 582 721 δι
597 693 672 721 ideo
691 697 798 721 manet
818 693 918 721 nriiia.

49 734 146 766 Plane
172 734 258 773 quod
285 734 403 764 dictum
428 731 491 768 est,
516 731 635 764 fructus
662 733 781 763 interea
807 739 918 771 captos

49 783 225 815 emptorem
248 774 398 813 priorem
435 773 546 813 sequi:
581 773 699 804 totiens
732 773 838 813 placet
864 771 918 817 Ul·-

45 817 141 857 piano
169 817 188 847 l.
218 820 246 848 6.
277 817 304 847 d.
329 821 351 848 t.
391 816 541 853 quotiens
567 815 670 845 nulius
699 823 826 855 emptor
855 823 919 844 exi-

45 857 97 889 stit
113 866 163 897 qui
182 857 348 888 meliorem
376 857 598 888 conditionem
622 854 838 901 adferam-vel
864 854 918 885 fal·

44 899 91 930 sus
111 897 234 930 existit:
253 906 364 929 neutro
382 898 464 929 enim
483 898 551 929 casu
569 897 673 929 existit
687 899 851 943 conditio,
867 897 920 927 ad-

47 940 179 972 dictioni
199 939 344 972 finiendae
360 940 530 978 atiieripta:
552 939 594 970 sin
619 949 697 970 vero
723 938 830 970 existit
857 947 920 969 em-

45 989 122 1022 ptor
141 980 314 1021 posterior,
342 981 406 1021 jam
424 982 497 1019 quia
523 981 627 1012 existit
647 979 864 1026 condition&
886 977 918 1009 fi-

46 1023 114 1055 nita
142 1030 226 1054 reti-o
249 1022 393 1053 venditio
419 1021 476 1053 est:
509 1023 551 1053 ait
579 1022 748 1062 Ulpianus,
780 1030 919 1061 priorem

49 1073 228 1104 emptorem
251 1062 372 1095 fruetus
399 1064 517 1095 debere
544 1062 739 1102 refundere,
772 1063 823 1094 sed
849 1072 922 1108 ven-

51 1106 167 1144 ditori3
189 1113 368 1144 emptorem
393 1114 470 1136 vero
494 1104 702 1149 posteriorem
728 1105 781 1145 qui
810 1104 921 1148 melio·

48 1156 117 1178 rem
144 1146 364 1178 conditionem
387 1147 545 1184 attulerit,
580 1154 694 1186 praeter
716 1155 850 1186 corpus.
878 1154 923 1175 m-

48 1187 94 1219 hil
108 1188 192 1227 sequi
211 1188 298 1227 quod
320 1188 474 1225 venierit,
501 1187 612 1219 Paulus
630 1189 727 1219 docet
745 1188 764 1218 l.
786 1197 831 1226 14.
849 1186 878 1227 §.
895 1195 924 1225 4.

51 1229 80 1261 b.
106 1235 125 1259 t.
153 1229 273 1260 Adliaec
297 1238 452 1260 memorat
479 1227 631 1269 Ulpianus
655 1229 674 1260 l.
701 1239 730 1267 4.
757 1229 784 1270 §.
809 1239 838 1270 3.
853 1229 879 1257 cl.
901 1233 923 1257 t.

51 1269 309 1302 Marcellumlib.
322 1281 352 1310 5.
365 1269 568 1311 Digestorum
585 1270 860 1309 sci-ipfiffe,fund0
870 1277 924 1307 pti-

48 1321 84 1343 re
100 1312 231 1342 vendito
247 1311 276 1341 ἃ
292 1314 321 1341 in
339 1311 421 1342 diem
440 1311 586 1349 additto,
612 1310 632 1341 si
649 1312 741 1342 allata
757 1311 793 1342 fit
809 1310 923 1342 melior

49 1353 217 1389 conditio,
243 1352 368 1392 pignori
394 1351 455 1382 ess'e
480 1351 639 1389 definere,
663 1351 683 1383 fi
703 1361 828 1392 emptor
846 1359 919 1382 eum

49 1394 177 1433 pignori
195 1393 345 1424 dedisset:
361 1392 438 1430 hac,
463 1401 496 1423 ut
514 1393 659 1430 videtur,
676 1396 820 1430 i-atiorie;
835 1392 922 1440 quod

47 1435 248 1473 sublatojure
258 1433 499 1473 constituentis,
516 1434 610 1465 etiam
628 1434 781 1466 sublatum
799 1435 859 1466 effe
871 1441 923 1475 με

50 1475 259 1508 constitutum
278 1476 463 1515 intelligitur
479 1476 496 1506 l.
515 1485 565 1516 31.
586 1474 625 1505 D.
642 1477 674 1506 de
691 1478 869 1518 pignoribus.

94 1515 194 1555 Haec3
218 1515 238 1548 fi
261 1515 398 1547 addictio
413 1517 444 1547 in
460 1516 544 1547 diem
559 1515 641 1547 faeta
661 1517 695 1547 sit
710 1527 807 1558 pure,
825 1519 854 1550 &
871 1526 918 1549 ac-

52 1563 139 1595 tum,
165 1565 198 1587 ut
220 1557 312 1588 allata
335 1557 468 1588 meliore
492 1557 700 1596 conditione,
725 1559 764 1590 ab
781 1561 918 1601 emptio-

52 1607 96 1631 ne
117 1597 304 1630 discedatur.
328 1597 416 1640 Quid
438 1597 457 1628 fi
481 1598 645 1630 commeta
667 1599 702 1631 fit
718 1603 860 1642 emptio,
885 1607 920 1632 ut

53 1638 257 1681 perficiatur,
280 1638 334 1670 nifi
353 1638 466 1670 melior
488 1639 647 1671 adferatur
665 1642 834 1674 conditio?
854 1643 920 1684 jam

54 1681 306 1712 conditionalem
323 1680 362 1710 ab
378 1678 468 1711 initio
493 1679 554 1712 effe
573 1682 788 1722 emptionem,
814 1683 923 1725 Ulpia·

52 1730 112 1754 nus
128 1720 228 1760 dixit;
250 1721 419 1762 placetque
436 1720 483 1760 ei,
507 1723 725 1765 venditorem,
743 1727 796 1758 etsi
813 1737 847 1759 re
865 1733 924 1757 tra-

55 1763 142 1801 dita,
174 1762 281 1793 medio
309 1770 452 1802 tempore
478 1763 640 1796 dominum
665 1776 811 1807 manere,
842 1768 924 1808 'quasi

55 1813 118 1836 non
138 1804 268 1844 impleta
284 1804 470 1836 conditione
488 1806 683 1843 contrafflis,
708 1808 848 1850 ideoque
864 1818 925 1841 nec

55 1845 249 1877 acceffiones
268 1853 446 1886 emptorem
464 1845 566 1887 sequi,
583 1857 643 1879 nec
658 1848 777 1881 fruetus
797 1852 835 1883 ad
852 1861 925 1883 eum

54 1888 218 1928 pertinere
243 1887 262 1917 l.
286 1897 314 1925 4.
343 1886 382 1919 D.
407 1889 435 1919 h.
460 1894 480 1919 t.
506 1888 671 1927 nimirum,
702 1892 774 1932 quia
797 1893 924 1926 interim

55 1928 140 1959 nuda
165 1927 227 1958 fuit
247 1926 376 1959 traditio
401 1929 465 1960 fine
488 1928 597 1967 causa,
621 1940 726 1973 neque
749 1934 925 1967 dominium

54 1968 249 2000 transferens
259 1991 268 2007 ,
285 1977 390 2009 neque
401 1970 633 2011 usucapionem.
647 1972 691 2005 Ut
703 1983 808 2008 tamen
817 1977 926 2018 (quod

53 2009 101 2042 est
124 2018 411 2050 temperamentum
436 2011 639 2052 Imperatoris
657 2014 764 2048 Severi
780 2018 798 2049 l.
819 2022 864 2050 16.
885 2018 926 2050 D.

53 2051 83 2083 h.
97 2052 139 2091 τ.)
157 2050 243 2082 Sicut
262 2050 381 2084 fructus
398 2053 428 2084 iti
446 2054 531 2085 diem
547 2055 677 2087 addictae
700 2059 812 2091 domus
824 2083 834 2099 ,
858 2070 926 2092 ver.

53 2092 86 2124 bi
104 2091 218 2132 gratia,
234 2102 307 2124 cum
325 2094 436 2125 melior
451 2095 597 2127 conditio
610 2096 708 2131 fuerit
722 2101 832 2141 allata,
849 2112 925 2134 ven-

55 2133 152 2164 ditori
179 2134 296 2165 restitui
316 2135 440 2167 necesse
465 2136 528 2175 est,
552 2137 595 2168 ita
619 2139 720 2174 rui-sus
743 2151 813 2182 quae
839 2144 926 2184 prior

55 2182 186 2215 emptor
214 2176 323 2206 medio
356 2184 503 2216 tempore
534 2180 706 2218 neceffario
738 2185 925 2224 probaverit

56 2225 207 2257 erogata.
227 2217 266 2247 de
283 2217 387 2248 reditu
404 2219 551 2259 retineri,
576 2221 627 2252 vel
653 2222 674 2254 fi
690 2233 756 2257 non
772 2225 922 2266 sufficiat,

54 2257 136 2289 solvi
154 2266 279 2297 aequum
296 2257 341 2289 fit.

93 2298 149 2330 Est
177 2299 270 2339 igitur
286 2299 474 2332 addictionis
491 2301 521 2332 in
546 2302 630 2334 diem
661 2305 731 2336 haec
753 2308 897 2341 conditio
915 2333 925 2348 ‚

53 2339 122 2372 Nifi
148 2340 239 2371 allata
264 2340 301 2371 fit
324 2341 439 2373 melior
462 2342 618 2377 conditio.
642 2345 688 2377 Ea
714 2357 793 2379 vero
808 2350 926 2383 adferri

54 2382 181 2414 demum
199 2381 340 2413 creditur
352 2406 357 2415 .
370 2381 390 2413 si
408 2393 482 2415 vera
498 2384 534 2415 fit
553 2384 684 2426 sequens
702 2391 832 2429 emptio.
857 2402 927 2425 iiam

54 2422 78 2454 fi
94 2423 248 2464 subJectus
266 2424 300 2454 sit
315 2433 442 2462 emptor
460 2426 570 2457 falsus:
588 2428 692 2466 placet
710 2429 851 2471 Ulpiano
865 2434 925 2471 l.4‚

54 2463 82 2504 §.
97 2474 124 2504 5.
141 2465 168 2495 h.
184 2470 203 2495 t.
221 2465 327 2496 Sabini
353 2465 522 2498 sententia:
539 2468 762 2510 existimantis,
779 2482 845 2505 reni
865 2476 925 2514 pri-

56 2506 103 2536 ori
126 2504 188 2535 esse
224 2514 382 2547 emptam:
416 2508 446 2538 ἃ
472 2508 574 2548 recte3
606 2512 678 2551 quia
705 2523 770 2544 non
800 2514 925 2548 videtur

56 2544 172 2577 melior
186 2546 277 2577 allata
302 2547 362 2579 esse
387 2549 550 2589 conditio,
575 2561 639 2584 non
665 2555 819 2587 existente
844 2567 924 2589 vero

57 2593 215 2626 emptore.
238 2587 299 2619 Sed
321 2589 351 2620 &
378 2590 397 2621 si
424 2589 499 2623 alius
516 2592 628 2624 existat
646 2603 791 2636 emptor,
814 2599 923 2630 melio-

55 2636 124 2659 rem
142 2635 247 2659 tamen
272 2629 489 2664 conditionem
516 2643 581 2665 non
603 2636 743 2676 adferat,
768 2648 858 2680 aeque
878 2641 922 2672 di-

57 2669 195 2700 cendum
215 2668 296 2707 effe,
319 2671 438 2711 inquit,
462 2676 593 2714 perinde
619 2677 819 2720 habendum,
842 2690 878 2713 ac
903 2683 921 2713 si

56 2718 122 2741 non
139 2709 295 2741 existeret*
307 2711 334 2741 d.
351 2712 369 2742 1.
384 2722 411 2751 4.
427 2713 457 2755 §.
473 2724 500 2752 5.

102 2751 224 2783 Melior
241 2761 337 2790 porro
354 2755 514 2795 conditio,
531 2758 638 2792 uthoc
654 2762 784 2800 addam,
801 2763 919 2795 adferri

57 2792 184 2824 videtur
202 2791 344 2832 Ulpiano
368 2796 397 2825 d.
425 2795 443 2826 l.
461 2806 490 2836 4.
506 2798 536 2839 ς).
557 2801 610 2831 ult.
629 2803 647 2833 fi
667 2803 771 2844 pretio
789 2804 826 2836 fit
841 2805 926 2837 addi-

59 2841 136 2865 tum.
162 2833 212 2865 sed
235 2834 265 2865 ὅ(
289 2834 310 2865 fi
334 2835 411 2867 nihil
435 2845 538 2876 pretio
554 2842 686 2876 addatur
703 2869 712 2884 ,
741 2845 857 2877 solutio
882 2856 925 2878 ta-

59 2885 135 2908 men
146 2874 300 2907 offeratur
314 2875 437 2908 facilior
455 2882 546 2919 pretii
564 2884 615 2915 vel
632 2888 926 2926 maturior‚melior

59 2917 208 2948 conditio
232 2916 347 2949 adferri
374 2920 509 2963 Vidtetur-
533 2922 636 2965 idem³
661 2928 679 2958 fi
696 2929 786 2960 locus
811 2939 928 2970 oppor-

57 2959 165 2991 tunior
182 2958 334 2990 solvendo
353 2968 457 2999 pretio
475 2962 612 3004 dicatur,
626 2976 679 2999 aut
701 2970 720 3001 fi
752 2970 882 3011 persona
907 2971 928 3002 i-

57 3000 194 3033 doneior
213 3001 344 3032 accedat
361 3003 399 3047 ad
423 3007 701 3047 emptionem,aut
717 3011 735 3041 fi
750 3012 818 3050 quis
837 3021 926 3043 acce·

57 3042 112 3074 dat
141 3042 281 3082 ejusdem
304 3044 396 3088 pretii
421 3053 565 3085 emptor,
594 3047 646 3082 sed
672 3051 725 3091 qui
750 3052 926 3086 levioribus

58 3090 143 3117 emat
167 3084 427 3125 conditionibus,
450 3087 502 3120 vel
526 3089 580 3129 qui
596 3089 833 3127 satisdationem
857 3096 926 3127 nul-

964 105 1006 140 Η.
1042 106 1093 140 De
1109 107 1139 140 iii
1157 106 1233 142 (liam
1250 108 1429 144 addit-“cimici
1774 122 1842 160 311

962 194 1022 225 lain
1041 197 1157 236 exigat.
1181 197 1276 235 item,
1308 198 1326 229 ii
1348 198 1459 231 viliore
1479 198 1586 239 pretio
1604 209 1713 232 emere
1731 202 1766 234 fit
1788 212 1842 244 pa-

962 245 1066 274 ratus,
1092 247 1128 268 ea
1154 245 1259 269 tamen
1286 241 1427 271 remittat
1451 250 1519 281 quae
1545 243 1704 274 venditori
1733 246 1842 284 gravia

961 285 1060 308 erant.
1079 279 1234 318 quidquid
1247 281 1329 311 enim
1341 281 1378 312 ad
1392 283 1562 314 utilitatem
1575 284 1750 316 venditoris
1771 295 1841 326 per-

963 319 1063 356 tinet,
1076 328 1134 358 pro
1149 320 1278 350 meliore
1289 323 1473 354 conditione
1485 324 1591 355 haberi
1603 325 1729 357 debetl.
1739 337 1767 366 5.
1779 328 1805 357 h.
1817 333 1842 360 t.

1004 358 1190 398 Intellestm
1207 369 1278 400 quae
1294 362 1456 405 fitumelior
1466 366 1635 404 conditio,
1653 367 1838 406 videamus,

962 408 1000 430 au
1021 409 1056 430 ea
1074 402 1166 432 allata
1185 401 1467 442 venditorilieeat‚
1484 406 1647 443 posteriori
1665 409 1842 441 addicere?

963 441 994 472 ὃς
1013 450 1110 479 puto.
1135 443 1249 474 licere:
1275 443 1328 473 nifi
1354 444 1439 482 prior
1465 455 1587 484 paratus
1613 448 1647 480 fit
1675 450 1744 490 plus
1765 452 1842 491 adji-

962 491 1047 513 cere.
1071 483 1181 521 utique
1199 483 1241 514 fic
1260 483 1367 515 censet
1396 485 1505 517 Paulus
1523 488 1542 518 l.
1562 498 1589 528 7.
1605 491 1632 521 d.
1653 496 1676 523 t.
1696 491 1836 533 ideoque

961 524 1049 554 addit
1067 524 1085 553 l.
1103 528 1129 557 8.
1152 524 1275 556 necess'e
1294 525 1412 558 habere
1430 528 1632 562 venditorem
1644 555 1654 568 ,
1667 533 1759 564 allata
1775 543 1842 565 me-

963 564 1043 595 liore
1068 565 1255 597 conditione
1281 566 1420 606 priorem
1445 577 1627 607 emptorem
1644 572 1753 605 facere
1771 585 1842 607 cer-

963 605 1094 637 tiorem:
1119 615 1152 637 ut
1166 606 1188 638 fi
1208 607 1284 647 quid
1302 609 1378 641 alius
1400 609 1510 651 adjicit
1523 634 1532 648 ,
1556 612 1619 651 ipsc
1637 622 1769 653 quoque
1785 618 1841 649 ad·

957 646 1057 686 jicere
1075 648 1177 688 possit.
1201 650 1266 680 imo
1284 648 1304 680 si
1329 651 1422 682 allata
1445 651 1483 682 ab
1501 653 1563 684 alio
1583 655 1696 686 melior
1711 657 1747 688 fit
1763 667 1841 690 con-

963 689 1063 725 ditio,
1087 689 1185 721 visum
1204 689 1365 730 Ulpianol
1393 702 1423 729 90
1450 695 1538 734 quod
1562 693 1696 727 Sabinus
1713 698 1839 738 scribit,

962 730 1060 761 licere
1078 730 1236 762 venditori
1262 734 1674 768 melioremconditionern
1697 739 1839 773 oblatam

963 771 1117 810 abjicere,
1151 772 1304 812 sequique
1331 774 1472 814 primam.
1508 776 1584 809 Non
1618 777 1682 810 fuit
1708 781 1841 820 quidem

965 812 1035 842 liaee
1057 814 1201 845 omnium
1225 815 1402 847 sententia:
1434 817 1486 849 sed
1511 817 1553 850 ita
1573 819 1735 859 obtinuit,
1766 831 1840 855 cum

963 853 1052 884 forte
1076 855 1172 893 aliqui
1195 856 1402 889 diisentirent.
1442 860 1558 899 idque,
1592 870 1666 892 meo
1688 863 1812 903 judicio
1829 888 1842 903 ,

964 894 1106 926 indicant
1122 895 1190 926 haec
1210 897 1334 936 Ulpiani
1355 900 1469 939 verba,
1494 901 1534 932 Er
1549 904 1591 933 ica
1607 905 1738 935 utimur:
1762 915 1842 946 quo-

936 976 941 983 ,
963 945 1031 967 rum
1050 937 1132 968 lianc
1149 937 1211 969 vim
1229 938 1311 978 esse,
1335 939 1417 972 evici
1435 942 1480 973 lib.
1501 952 1525 974 Ι.
1544 943 1692 976 Prubcihz'l.
1708 956 1733 977 c.
1755 954 1781 977 Ξ.
1801 946 1838 981 {5⁹

963 987 992 1018 3.
1013 978 1053 1009 At
1069 980 1341 1018 quemadmodum
1359 983 1516 1014 venditori
1536 985 1582 1024 jus
1599 985 1840 1028 est,negligere

964 1020 1131 1051 meliorem
1155 1021 1378 1054 conditionem
1402 1024 1456 1055 fibi
1482 1025 1651 1067 oblatam3
1670 1032 1788 1061 nonita
1804 1030 1839 1061 li-

965 1068 1018 1091 cet
1034 1063 1192 1102 emptori,
1218 1072 1253 1094 ea
1281 1064 1408 1103 oblata,
1432 1066 1471 1097 ab
1489 1070 1840 1108 emptionerecedere:

966 1111 1103 1142 nempe,
1128 1104 1199 1142 quia
1225 1113 1289 1135 non
1314 1111 1354 1137 ad
1370 1110 1543 1147 emptoris,
1569 1110 1619 1141 sed
1643 1115 1681 1143 ad
1696 1113 1841 1144 vendito·

966 1143 1026 1181 ris,
1050 1143 1196 1176 favorem
1214 1146 1372 1184 :petr-itin
1391 1149 1475 1180 diem
1491 1151 1648 1184 addictio:
1665 1154 1694 1184 δὲ
1711 1155 1790 1185 licet
1807 1163 1841 1185 u-

970 1184 1121 1224 nicuique
1139 1185 1192 1217 suo
1209 1189 1384 1220 commodo
1402 1189 1447 1220 uti
1464 1200 1516 1222 aut
1533 1202 1597 1224 non
1617 1196 1681 1233 uti,
1705 1195 1726 1227 fi
1745 1195 1845 1227 velit:

968 1226 1096 1257 alterius
1113 1230 1308 1267 commodO,
1333 1240 1374 1261 eo
1390 1230 1514 1270 invito,
1539 1234 1626 1266 abuti
1651 1238 1727 1269 nulli
1751 1237 1840 1269 licet.

967 1267 1077 1307 plane,
1096 1267 1117 1300 si
1135 1269 1197 1300 hoc
1218 1279 1286 1301 erat
1302 1272 1490 1304 nominatim
1509 1275 1612 1306 atium
1631 1300 1640 1315 ,
1671 1285 1705 1308 ut
1727 1278 1841 1310 liceret

966 1309 1105 1348 emptori
1131 1310 1266 1351 refilii·e;
1290 1314 1394 1345 adliuc
1418 1323 1509 1354 putat
1535 1316 1688 1357 Ulpianus
1710 1321 1738 1350 d.
1764 1320 1781 1350 b.
1808 1329 1840 1356 9.

966 1350 1144 1383 diffloratam
1162 1351 1224 1383 effe
1243 1354 1384 1394 priorem
1394 1357 1612 1396 emptionem,
1629 1360 1748 1392 etiamn
1767 1370 1842 1392 ven-

966 1392 1051 1423 ditor
1067 1392 1335 1432 sequentemnon
1359 1397 1524 1429 admittat:
1547 1400 1628 1432 clara
1646 1403 1779 1435 ratione.
1804 1411 1844 1433 ea

966 1435 1047 1464 ratio
1064 1433 1128 1472 est3
1159 1437 1242 1473 quod
1266 1435 1363 1468 fidem
1388 1438 1468 1477 patu
1497 1439 1632 1481 servari,
1658 1443 1749 1475 bonae
1764 1442 1843 1475 fidei

963 1474 1160 1516 consequens
1184 1476 1239 1508 est.
1273 1477 1426 1511 Similiter
1457 1479 1477 1511 fi
1505 1481 1618 1522 pignus
1641 1493 1658 1515 a
1679 1486 1843 1524 creditore

962 1516 993 1546 in
1013 1516 1097 1548 diem
1118 1518 1277 1550 addictum
1289 1529 1505 1561 proponatur:
1520 1522 1668 1556 observat
1680 1526 1845 1566 Juliaan

963 1556 1019 1589 nifi
1041 1559 1176 1598 adjectio
1202 1561 1396 1601 recipiatur,
1419 1571 1486 1594 non
1511 1565 1610 1597 videri
1637 1568 1802 1609 negotium
1825 1577 1845 1599 a

963 1600 1128 1632 creditore
1150 1602 1201 1641 agi
1224 1602 1306 1634 bona
1329 1602 1392 1635 fide
1416 1605 1467 1636 cui
1486 1615 1558 1637 eum
1585 1608 1615 1639 in
1641 1608 1785 1650 pignoris
1800 1609 1845 1640 di-

965 1639 1134 1673 stractione
1159 1643 1273 1674 servire
1299 1652 1450 1685 oportet:
1473 1655 1686 1690 praeterquam
1710 1651 1730 1682 fi
1749 1652 1844 1692 inops

965 1681 1003 1714 fit
1019 1691 1148 1723 emptor
1164 1706 1174 1723 ,
1199 1684 1229 1715 &
1245 1685 1458 1726 impediendae
1483 1693 1709 1724 tantummodo
1731 1693 1847 1733 empti-

967 1724 1037 1756 onis
1055 1724 1144 1756 causa
1165 1726 1374 1760 interveniat:
1399 1736 1467 1760 tum
1493 1732 1577 1764 enim
1598 1733 1686 1773 poss'e
1705 1735 1847 1766 credito-

967 1774 1033 1797 rem
1050 1766 1112 1798 fine
1130 1768 1276 1808 periculo
1290 1770 1391 1810 priori
1406 1772 1545 1812 emptori
1568 1775 1739 1816 addicere,
1761 1776 1846 1808 arbi-

968 1814 1069 1839 tratur
1083 1810 1110 1840 d.
1130 1810 1148 1840 l.
1169 1819 1198 1846 9.

1006 1847 1108 1889 Haec3
1131 1850 1152 1882 fi
1170 1861 1249 1883 unus
1264 1851 1300 1883 fit
1317 1854 1475 1887 venditor.
1491 1855 1587 1895 quid,
1604 1857 1625 1889 fi
1642 1857 1748 1898 plures
1765 1856 1844 1897 fint,

967 1890 1088 1931 ipsique
1104 1894 1186 1924 inter
1204 1894 1232 1924 se
1243 1893 1441 1929 dissentiant:
1460 1897 1525 1929 aliis
1539 1898 1750 1938 posteriorem
1770 1909 1846 1931 con-

970 1933 1129 1965 ditionem
1146 1935 1376 1975 probantibus,
1400 1939 1468 1970 aliis
1486 1940 1732 1979 abjicientibus?
1759 1940 1848 1981 Ulpi-

970 1983 1046 2006 anus
1069 1975 1086 2005 l.
1115 1985 1162 2007 11.
1190 1975 1218 2017 §.
1247 1976 1301 2008 ult.
1325 1977 1362 2012 ὅ)
1385 1979 1403 2010 l.
1424 1989 1468 2020 13.
1489 1979 1654 2023 interjecta
1677 1983 1848 2023 Pomponii

970 2016 1125 2048 sententia
1148 2016 1188 2048 fic
1214 2026 1280 2049 rem
1305 2021 1448 2060 expedit.
1488 2021 1576 2055 Idem
1602 2025 1689 2063 quod
1711 2024 1846 2056 Sabinus

969 2059 1031 2096 ait,
1055 2057 1076 2089 fi
1095 2059 1194 2090 tribus
1220 2060 1454 2102 vendentibus,
1478 2065 1541 2095 duo
1569 2065 1738 2105 posteriori
1756 2066 1847 2097 addi-

969 2100 1095 2138 xerint,
1119 2110 1198 2132 unus
1222 2110 1286 2133 non
1310 2103 1470 2136 admiserit
1497 2106 1725 2146 adjectionem,
1752 2107 1843 2148 huj'us

968 2148 1091 2180 partem
1115 2143 1233 2182 priori,
1257 2143 1393 2177 duorum
1420 2146 1587 2185 posteriori
1610 2156 1771 2189 emptam,
1801 2150 1845 2181 ita

969 2184 1098 2214 demum
1116 2194 1226 2215 verum
1242 2184 1307 2224 est,
1319 2185 1339 2217 fi
1359 2187 1451 2219 variis
1467 2190 1577 2229 pretiis
1590 2197 1694 2229 partes
1715 2190 1779 2222 suas
1798 2191 1842 2223 di-

969 2223 1165 2256 straxerunt:
1196 2225 1251 2257 etfi
1267 2227 1402 2268 dispares
1425 2239 1528 2270 partes
1545 2232 1751 2263 vendentium
1771 2232 1842 2265 fue-

969 2266 1040 2296 rint.
1051 2268 1138 2306 quod
1149 2267 1169 2298 fi
1179 2277 1243 2298 uno
1253 2270 1358 2309 pretio
1371 2270 1585 2311 vendiderint,
1597 2273 1768 2306 dicendum
1780 2274 1837 2312 est,

972 2314 1072 2339 totam
1089 2308 1186 2348 priori
1203 2318 1343 2350 emptam
1363 2321 1506 2344 manere:
1531 2315 1797 2353 quemadmodum
1816 2315 1838 2348 ii

972 2348 1040 2388 quis
1057 2349 1134 2381 mihi
1151 2357 1254 2382 totum
1271 2351 1405 2384 fundum
1416 2354 1452 2385 ad
1471 2355 1554 2386 diem
1566 2356 1730 2388 addixiss'et
1742 2381 1751 2396 ‚
1767 2356 1838 2398 pos-v

972 2397 1022 2420 tca
1047 2400 1124 2422 vero
1147 2393 1252 2431 pretio
1277 2394 1400 2434 adjecto
1421 2394 1582 2427 dimidiam
1599 2397 1649 2428 alii
1669 2399 1839 2433 addixerit.

972 2430 1081 2462 Celsus
1097 2442 1226 2472 quoque
1246 2433 1299 2465 lib.
1316 2440 1344 2469 8.
1370 2434 1571 2476 Digestorum
1589 2438 1707 2478 refert,
1734 2440 1839 2472 Muci-

968 2481 1019 2503 um
1031 2496 1040 2511 ‚
1063 2473 1195 2505 Brutum
1206 2498 1215 2513 ‚
1240 2474 1425 2508 Labeonem
1438 2501 1448 2516 ,
1465 2480 1552 2519 quod
1567 2479 1716 2512 Sabinum
1732 2483 1839 2513 existi-

967 2523 1064 2545 mare.
1089 2514 1155 2554 ipse
1179 2525 1307 2557 quoque
1339 2517 1446 2550 Celsus
1464 2520 1548 2552 idem
1566 2522 1694 2561 probat:
1717 2523 1746 2554 ὅ(
1764 2524 1839 2564 adji-

967 2555 1029 2593 cit,
1053 2555 1156 2587 mirai·i
1176 2556 1223 2595 se,
1247 2567 1264 2588 a
1281 2560 1408 2590 nemine
1425 2561 1688 2603 animadversum,
1713 2567 1800 2604 quod
1819 2564 1839 2597 fi

967 2598 1056 2637 prior
1074 2607 1180 2629 emtor
1206 2600 1249 2629 ita
1273 2602 1454 2641 contraxit,
1478 2611 1513 2634 ut
1537 2603 1557 2634 fi
1578 2611 1680 2636 totum
1700 2605 1836 2637 fundum

967 2646 1110 2678 emptum
1127 2640 1228 2671 nollet
1239 2641 1377 2681 habere,
1395 2653 1458 2675 non
1470 2645 1585 2676 habere
1602 2655 1674 2678 eum
1690 2657 1758 2679 eam
1769 2656 1837 2687 par-

966 2688 1030 2711 tem
1044 2689 1306 2722 emptam,quam
1324 2693 1403 2715 unus
1421 2695 1461 2716 ex
1477 2685 1567 2717 sociis
1586 2688 1753 2727 posteriori
1771 2696 1836 2717 em-

965 2723 1050 2763 ptori
1067 2724 1216 2754 addicere
1232 2724 1344 2756 noluit.
1372 2725 1488 2758 Verum
1507 2727 1552 2759 est
1561 2738 1667 2760 autem
1679 2729 1727 2759 vel
1739 2737 1835 2773 unum

969 2774 1009 2795 ex
1026 2764 1250 2797 venditoribus
1269 2767 1356 2806 poffe
1375 2767 1538 2801 meliorem
1555 2771 1678 2802 adferre
1697 2771 1835 2813 Con-difl-

969 2815 1077 2841 onem.
1102 2814 1210 2837 emere
1236 2808 1321 2840 enim
1347 2818 1419 2841 cum
1444 2818 1513 2842 tota
1539 2821 1573 2842 re
1590 2811 1681 2843 ctiam
1699 2811 1836 2842 noitreiii

968 2856 1091 2888 pai-tem
1109 2847 1278 2887 poss'umus.
1650 2892 1655 2897 ,
1689 2892 1695 2897 ,
1762 2893 1766 2897 ,

1009 2886 1151 2920 Tantum
1170 2890 1210 2920 de
1228 2889 1330 2923 forma
1342 2892 1372 2924 Gt
1389 2892 1477 2924 exitu
1487 2893 1672 2924 addiCtionis
1689 2901 1718 2937 in
1737 2893 1834 2939 diem.

970 2929 1062 2961 restat
1079 2929 1158 2962 actio
1176 2940 1237 2972 qua
1254 2932 1388 2965 resoluta
1406 2935 1468 2966 hoc
1486 2935 1578 2975 pasto
1595 2941 1717 2978 emptio
1730 2957 1739 2971 ‚
1754 2943 1836 2965 acci-

971 2972 1037 3011 piat
1075 2975 1310 3006 executionem.
1335 2985 1407 3008 cuin
1425 2985 1501 3007 vero
1520 2975 1622 3005 fimilis
1635 2975 1702 3019 ⁴liae
1718 2975 1749 3020 in
1766 2984 1835 3021 pii·-

971 3021 1002 3044 te
1033 3012 1128 3045 fuerit
1151 3015 1332 3049 observatio
1355 3018 1434 3059 legis
1452 3014 1685 3047 ceminissoi-iae:
1710 3015 1835 3048 diflera-

969 3063 1037 3087 mus
1068 3064 1135 3088 eam
1148 3079 1158 3096 ,
1191 3057 1296 3091 donec
1332 3069 1374 3090 eo
1414 3066 1632 3097 perveniamus
1677 3057 1831 3098 sequente

969 3095 1094 3129 Titulo.

1665 3267 1832 3299 TiTI‘-
