2036 3495
141 147 210 181 108

575 131 1238 173 Ganan’niNoonr
1296 134 1508 168 Coum.

145 233 219 265 bitri
239 230 410 263 sententiae.
427 233 550 258 tantum
567 225 651 256 enim
662 224 803 264 loquitur
820 223 860 254 de
872 231 1025 262 comptor
1064 222 1098 253 lis
1111 223 1312 262 controverfiz's
1322 223 1361 263 fit
1372 221 1596 265 compromz‘ffitm
1607 245 1615 260 ,
1633 220 1711 256 &de
1728 227 1873 263 tepoeimm
1882 224 1940 262 fim

146 273 234 307 missa
249 274 400 312 pecunia:
418 270 457 300 de
474 268 531 299 alia
548 276 581 297 re
598 264 823 306 compi-omissa
838 274 903 295 non
920 263 1021 304 loqui»
1057 261 1236 304 stipulatus:
1250 268 1427 304 videntium,
1444 275 1478 295 ne
1495 262 1603 301 nonsit
1620 264 1854 304 coiizpromzffiim.
1884 266 1940 297 Sed

149 311 209 348 t'ur.
234 314 284 344 sed
307 311 433 351 longius
459 310 516 340 ivit
532 307 687 342 Praetoris
711 306 882 337 sententia:
908 315 979 337 nam
1002 304 1024 336 si

148 356 208 387 alia
227 353 345 394 quaevis
361 361 411 383 res
430 350 465 382 fit
483 348 707 389 compi-omissa
727 349 798 379 vice
822 357 943 387 poenae,
968 345 1024 378 etsi

145 394 295 438 proiniss'a
310 403 375 425 non
393 392 428 424 sit
443 391 619 424 nummaria
629 400 744 431 poena,
760 398 819 420 nec
831 388 1024 421 satisfactum

146 437 297 469 Praetoris
315 435 441 474 verbis3
458 432 651 464 satisfattum
668 433 780 472 utique
795 430 839 461 est
858 431 922 471 ejus
939 439 1025 461 men-

148 479 191 510 ti:
216 478 267 518 qui
284 477 397 517 jubens
421 474 643 514 compromitti
668 473 856 513 pecuniam,
879 472 911 504 ni
926 470 1026 503 stetur

148 520 315 551 sententia:
339 518 467 556 arbitri,
491 516 588 547 solum
605 515 760 553 iiitendit;
785 521 819 544 ut
836 521 924 545 metu
941 522 1026 544 com-

148 560 308 602 promissae
327 570 431 601 poente
447 559 486 590 ab
503 566 643 597 utro-que
661 557 822 597 litigatore
837 555 945 586 arbitri
963 554 1029 584 sen-

149 604 260 634 tcntiae
280 611 435 641 pareatur.
453 600 483 632 id
501 609 580 630 vero
599 607 748 638 peraeque
767 596 948 634 obtinebit,
965 594 1030 626 five

149 647 325 675 nummaria
337 667 345 682 ,
362 643 424 675 sive
445 643 520 680 alia,
538 650 632 681 poena
649 639 940 679 compromittatur.
963 636 1031 667 Cae-

150 693 253 717 terum
271 694 305 716 ut
322 685 400 716 niliil
412 683 530 721 refert,
548 682 647 722 qualis
664 680 699 712 sit
717 689 832 720 poena3
848 681 889 710 ita
905 688 964 710 nec
984 687 1031 708 re-

148 727 233 766 fei-t,
259 735 374 765 quatita
386 749 395 765 ,
418 726 448 756 id
466 724 509 755 est
521 747 530 763 ‚
553 723 652 763 major
669 732 702 753 re
719 721 905 762 principali,
922 730 959 751 an
975 720 1028 751 mi-

149 779 230 808 tior,
254 769 299 800 fit.
330 778 399 800 nain
419 777 459 798 ne
479 766 561 797 lianc
582 765 710 805 quidem
731 763 894 803 distinguit
911 761 1031 792 Praetor

151 812 170 842 l.
192 821 241 852 32.
261 811 288 841 h.
306 816 326 840 t.
347 819 406 841 nec
424 808 541 849 magia,
566 814 670 837 utrum
688 805 723 836 sit
741 812 848 843 certa,
873 813 910 834 an
928 804 1030 834 inccr-

149 862 200 891 ta,
219 862 250 882 ut
270 860 364 891 puta,
382 851 492 891 quanti
511 859 547 879 ea
566 857 614 879 res
633 847 693 878 erit
713 846 732 877 l.
750 850 798 879 28.
818 846 849 878 h.
866 851 886 876 t,
906 846 1034 875 tantum?

150 896 235 926 cuim
250 894 340 934 jubet
351 892 490 930 Praetor,
508 888 730 930 compromitti
748 887 933 927 pecuniam:
950 895 1031 916 eam-

150 946 213 976 que
231 945 294 966 non
311 935 412 966 minus
428 933 590 974 promittit
606 931 659 970 qui
677 929 1031 972 incertam‘promittit,

152 987 246 1014 quam
261 977 313 1017 qui
332 984 463 1007 certam.
487 971 857 1009 Est&hucdeventum;
873 977 927 1007 ut,
942 968 962 1000 si
976 977 1033 1008 qur

151 1020 205 1051 iim
213 1020 338 1059 pliciter
351 1014 648 1058 compromiserint,
661 1013 738 1044 stare
751 1011 933 1050 sententiae,
947 1010 1032 1053 idem

150 1068 300 1101 putetur:
325 1069 364 1091 co
383 1059 471 1100 quod
490 1058 541 1098 qui
560 1056 677 1087 factum
703 1054 883 1094 promittit,
909 1053 937 1083 ni
955 1051 1033 1082 facit

150 1104 238 1142 quod
259 1100 419 1143 promisit,
437 1100 475 1131 ad
493 1100 524 1130 id
544 1098 633 1138 quod
648 1095 800 1133 interest3
816 1101 952 1125 tenetur.
986 1092 1033 1122 lta

151 1145 296 1185 quamvis
321 1152 424 1184 poenae
448 1151 512 1173 non
539 1138 720 1171 meminerit
747 1137 872 1176 palam:
904 1143 1034 1178 tamen,

153 1196 227 1225 quia
245 1186 372 1216 videtur
388 1193 458 1215 eam
475 1183 572 1214 tacite
589 1177 782 1221 promisisse,
805 1178 866 1209 erit
882 1176 1036 1207 adversus.

152 1237 225 1259 eum
243 1229 356 1258 incerti
374 1227 456 1257 aetio
474 1225 492 1255 Ζ.
510 1234 558 1264 27.
574 1222 601 1264 §.
613 1221 670 1260 fin.
689 1220 716 1250 h.
735 1226 755 1265 t.

163 1287 165 1292 ν
192 1269 270 1302 Vult
288 1269 384 1310 igitur
408 1267 548 1304 Praetor,
573 1260 830 1302 compromissam
856 1258 917 1289 effe
937 1267 1031 1298 pecu-

153 1311 247 1343 niam.
274 1311 304 1341 &
330 1311 388 1341 erit
415 1308 551 1349 pretium
579 1313 705 1345 operae,
730 1300 937 1348 investigare,
961 1308 1031 1338 quae

153 1354 276 1384 dicatur
294 1348 543 1391 compi-omitia?
569 1346 730 1383 Verbum,
746 1350 929 1384 promittere,
952 1340 1032 1372 solet

152 1394 264 1425 referii
283 1395 313 1424 t&
331 1394 368 1423 ad
387 1390 532 1433 sponsum
549 1389 576 1419 ὅ(
595 1387 633 1418 ad
652 1385 768 1431 nudam
793 1383 1031 1424 promiffionem

153 1435 207 1467 seu
225 1435 512 1475 pollicitationem:
536 1430 666 1461 auctore
691 1425 831 1467 Ulpiano
848 1426 866 1456 l.
887 1434 929 1461 19.
954 1423 982 1465 §.
1003 1433 1030 1455 2.

154 1478 199 1509 D.
217 1478 251 1508 a'e
265 1476 402 1507 AEdilitio
421 1473 533 1505 Editio.
571 1470 624 1502 De
641 1469 845 1507 stipulatione
863 1477 912 1498 res
929 1473 1032 1496 certa:

154 1528 228 1551 nain
246 1518 403 1549 actionem
423 1516 506 1555 parit
521 1513 594 1553 Jure
609 1510 716 1541 Civili.
740 1508 962 1548 Aii&paftum
981 1517 1037 1538 nu·

153 1561 229 1593 dum
250 1559 356 1590 veniat
376 1556 515 1597 promissi
534 1552 769 1594 appellatione,
797 1552 892 1590 quaeri
912 1547 1032 1588 potest:

154 1602 228 1642 quia
248 1600 395 1632 inefficax
412 1598 456 1629 est
472 1597 546 1638 Jure
571 1594 688 1632 Civili,
711 1592 765 1624 etfi
790 1592 863 1638 jure
881 1590 1037 1622 Praetorio

153 1642 252 1684 prosit
269 1643 307 1673 ad
325 1637 580 1680 exceptionem?
598 1635 660 1667 Sed
676 1643 777 1672 pum,
795 1642 891 1665 etiarn
911 1632 1035 1677 paftum

155 1694 197 1716 eo
222 1685 353 1715 nomine
376 1683 507 1723 venire,
533 1678 661 1719 quoties
682 1675 726 1707 est
749 1675 857 1706 eadem
883 1674 963 1714 paCti
989 1683 1037 1703 vis

156 1735 228 1761 duae
248 1725 292 1756 est
309 1723 531 1764 stipulationis.
555 1719 638 1751 Fieri
658 1717 724 1749 hoc
741 1717 929 1756 aliquando,
947 1722 1039 1746 notat

155 1767 312 1809 Ulpianus
330 1767 360 1797 cl.
375 1765 393 1796 l.
413 1775 460 1797 x1.
482 1763 512 1805 §.
536 1771 565 1801 3.
591 1761 621 1792 δι
646 1759 740 1799 ponit
758 1759 819 1790 tale
836 1759 1040 1797 exemplum:

154 1809 203 1841 Ut
219 1817 293 1851 puta
310 1807 331 1839 si
348 1808 443 1838 ambo
461 1804 625 1837 debitores
640 1801 790 1838 fuerunt,
807 1801 837 1831 ἃ
854 1801 933 1838 paeti
947 1798 1035 1836 sunt,

156 1851 211 1884 Ne
227 1857 318 1892 petat
331 1849 420 1890 quod
431 1847 484 1879 sibi
503 1845 661 1883 debetur,
675 1843 728 1883 qui
748 1842 909 1872 sententiae
926 1841 1033 1871 arbitri

153 1903 221 1926 tion
239 1891 356 1934 paruit.
379 1889 481 1922 sensus
498 1886 651 1926 exempli.
693 1883 769 1915 Duo
793 1884 916 1924 litigant
942 1883 981 1913 de
1001 1890 1034 1911 re

157 1943 256 1967 eei-ta.
282 1933 406 1974 placet,
429 1931 463 1962 iri
491 1930 530 1961 ad
553 1924 1037 1971 arbitrum.*compi-omittenda

154 1975 293 2018 pecunia
311 1975 425 2006 incidit
446 1972 592 2010 utrique,
617 1969 645 1999 se
669 1969 807 1999 invicem
826 1967 879 1998 sibi
899 1966 1035 2002 debere,

155 2019 247 2050 aliam
266 2026 370 2048 tamen
387 2024 464 2053 rem,
476 2021 569 2053 quain
582 2009 765 2051 litigiosam:
782 2009 869 2047 quod
880 2007 962 2052 bene
978 2007 1035 2036 ob-

156 2059 261 2091 servat
288 2057 461 2088 Accursius.
489 2056 570 2086 hanc
595 2053 636 2084 illi
662 2051 774 2082 volunt
792 2050 908 2081 habere
932 2057 1037 2079 vrcem

158 2110 281 2142 poenae.
294 2101 390 2140 igitur
405 2096 626 2139 paciscuntur,
643 2092 695 2124 Ne
706 2092 759 2131 qui
775 2101 839 2123 non
857 2089 1039 2131 pareatien-

159 2143 270 2174 tentiae
289 2141 417 2177 arbitri,
443 2146 531 2177 petat
549 2137 636 2176 quod
653 2135 707 2165 sibi
725 2133 869 2164 debetur.
899 2141 937 2163 an
954 2132 1039 2162 valet

159 2181 446 2223 compromissum?
464 2181 506 2211 ait
518 2180 535 2210 t
547 2179 677 2217 lpiaiius.
694 2184 779 2215 atqui
793 2174 910 2206 fastum
921 2172 965 2204 est
983 2183 1035 2203 nu-

162 2228 206 2258 do
225 2227 325 2266 pacto.
353 2223 437 2253 ello:
462 2222 513 2252 sed
531 2230 594 2251 nor*¹
612 2218 656 2249 eit
673 2217 735 2249 sine
752 2215 868 2248 effectu
880 2239 889 2254 ‚
906 2223 1041 2255 propter

161 2266 392 2305 exceptionem
405 2264 485 2303 pacti
496 2286 504 2300 ,
521 2261 541 2293 si
553 2260 651 2291 vitius
668 2269 732 2289 noii
748 2266 856 2299 pai-eat
867 2257 1042 2288 i'ententiae.

160 2311 204 2341 ita
217 2318 279 2338 non
298 2305 428 2338 interest
441 2304 589 2341 visto-ris,
608 2310 710 2332 utrum
726 2302 754 2331 ei
767 2300 903 2331 i'olvatui·
922 2307 1017 2338 poena
1030 2321 1040 2334 ,

162 2361 199 2382 an
217 2351 396 2382 remittatur
409 2348 495 2387 quod
513 2345 621 2376 debet.
645 2341 721 2374 Non
739 2342 840 2373 minus
858 2342 985 2379 elegans
996 2339 1042 2370 est

161 2391 347 2431 exemplum
367 2390 499 2427 ‘sentiens
518 2396 556 2417 ex
574 2387 602 2416 d.
621 2386 640 2415 l.
659 2393 710 2415 XI.
728 2383 874 2425 §.avers
899 2382 981 2424 Quid
999 2391 1041 2412 er-

161 2443 207 2475 ga.
227 2430 495 2472 Coiiiproiiiill‘um
507 2428 550 2459 est
561 2425 713 2467 aduobus
725 2449 734 2463 ‚
752 2435 785 2456 re
796 2426 880 2464 apud
891 2425 1042 2454 arbitrum

164 2474 325 2513 deposita:
350 2472 414 2503 lioc
432 2471 544 2511 pasto,
563 2476 597 2500 ut
614 2476 683 2499 eain
702 2471 756 2498 det
778 2467 850 2503 uni3
871 2464 890 2497 si
910 2465 949 2495 ab
968 2465 1043 2495 alte-

163 2525 202 2547 ro
222 2525 284 2546 non
304 2514 399 2545 stetur
417 2514 481 2553 ejus
500 2511 674 2542 sententiae.
699 2507 789 2540 Dicit
803 2506 977 2546 Ulpianus,
991 2515 1045 2536 co-

164 2557 305 2597 gendum
330 2555 391 2586 effe
412 2555 583 2590 arbitrum,
608 2550 794 2582 sententiam
815 2550 931 2580 dicere.
957 2557 1040 2578 nem-

163 2608 225 2638 pe,
242 2598 315 2634 quia
328 2607 389 2627 non
405 2597 508 2627 minor
524 2594 566 2625 est
580 2592 713 2624 effecius
731 2592 811 2633 pacti
823 2590 931 2630 hujus,
949 2598 1043 2629 quain

162 2639 212 2674 est
236 2638 462 2677 stipulationis,
479 2637 557 2677 quid
581 2637 611 2666 ni
638 2644 729 2674 poena
756 2642 846 2674 aeque
870 2631 964 2672 paeto
982 2640 1043 2669 eo,

167 2690 205 2712 ac
225 2679 449 2720 stipulatione,
473 2675 781 2717 compromittatur‘?

176 2734 178 2736 ·
208 2720 255 2752 Ut
270 2721 363 2761 igitur
380 2720 497 2749 arbiter
513 2727 647 2759 cogatur
663 2717 850 2748 sententiam
868 2715 994 2752 dicere,
1012 2713 1045 2744 id

169 2762 235 2801 est,
259 2770 293 2793 ut
312 2762 414 2791 va¹eat
438 2759 716 2800 Compromiffum,
741 2764 874 2798 oportet
898 2756 1043 2794 promitti

168 2813 321 2847 poenani,
345 2801 396 2833 sed
415 2809 583 2839 utrimque.
606 2801 759 2839 Ulpianus
778 2800 797 2830 l.
816 2809 865 2839 32.
885 2798 913 2839 §.
936 2802 981 2831 18.
1000 2798 1045 2827 in-

169 2848 258 2887 quit,
282 2843 435 2875 invicem.
473 2841 551 2873 Noti
574 2844 658 2872 enim
675 2843 717 2872 ait
740 2842 886 2878 Praetor,
912 2839 1046 2874 pecunia

166 2886 338 2929 promissa3
363 2885 414 2915 sed
432 2882 666 2921 compromiss'a.
697 2884 740 2915 ita
754 2884 886 2923 plenum
902 2880 938 2912 fit
957 2888 1047 2913 com-

167 2927 365 2971 promissum.
392 2925 440 2963 ἃ,
468 2925 554 2964 quod
573 2924 773 2962 addendum,
799 2931 988 2964 quamquam
1006 2921 1046 2952 nl·

169 2980 220 3002 tei·
245 2979 331 3007 rein,
355 2968 434 3000 alter
458 2966 644 3005 pecuniam,
669 2965 826 3004 stipulanti
850 2964 991 3005 promisit
1016 2964 1045 2995 d.

168 3012 247 3044 in.
262 3011 289 3053 ᾗ.
302 3022 329 3043 2.
348 3008 440 3048 infin.
459 3007 545 3047 quod
562 3005 582 3036 fi
594 3006 672 3036 alter
688 3006 848 3045 promisit,
866 3006 946 3037 alter
962 3014 1046 3036 iion:

169 3062 266 3091 negat
287 3052 426 3092 Julianus
438 3073 447 3087 ,
471 3047 652 3086 cogendum
669 3047 819 3078 arbitrum
832 3071 840 3083 ,
858 3047 1046 3078 sententiam

171 3086 290 3126 differe.
317 3095 345 3125 ot
363 3091 480 3133 probat
497 3088 651 3130 Ufpianus
669 3089 696 3117 d.
713 3088 731 3117 l.
751 3098 803 3118 xi.
820 3088 848 3130 ᾗ.
869 3099 897 3126 4.
915 3090 1009 3128 quid,
1026 3086 1047 3118 si

173 3146 214 3167 ex
239 3137 336 3166 altera
362 3141 449 3174 parte
474 3130 651 3172 stipulatio,
676 3137 716 3158 cx
739 3129 834 3159 altera
861 3130 978 3160 nudum
996 3138 1045 3169 pa-

174 3178 277 3212 etum,
304 3174 503 3206 intervenit?
529 3174 554 3204 is
577 3171 664 3202 casus
682 3170 816 3200 obscure
830 3178 846 3199 a
862 3170 1046 3209 Pomponio

169 3217 371 3259 propositus,
392 3217 430 3247 ab
448 3214 587 3256 Ulpiano
604 3213 622 3244 l.
644 3221 688 3252 13.
707 3212 734 3251 ᾗ,
753 3220 777 3241 1.
797 3211 823 3241 h.
846 3217 868 3239 t.
884 3210 966 3240 bene
988 3219 1046 3241 tra-

172 3264 274 3292 ctatur
291 3259 339 3291 liis
357 3258 474 3290 vei-bis.
504 3255 678 3296 Pomponius
686 3253 812 3294 scribit,
828 3250 857 3289 fi
876 3253 910 3282 <le
925 3252 1049 3291 meisso-

1067 308 1114 337 cui
1129 308 1169 338 rei
1184 314 1352 347 moveatur,
1371 317 1427 338 non
1443 307 1532 337 video.
1556 315 1625 336 nam
1637 304 1664 341 fi
1680 306 1738 336 ideo
1749 329 1757 342 ,
1773 307 1842 346 qaia
1858 307 1889 336 de
1905 317 1939 337 u-

1066 349 1134 378 nius
1151 348 1347 388 controversiis
1357 349 1451 389 solunt
1474 347 1698 388 compromiffmn
1718 345 1777 387 est:
1801 348 1881 378 milla
1899 358 1944 378 ra-

1068 390 1106 420 zio
1121 387 1177 431 est:
1198 389 1263 421 licet
1283 393 1358 422 enim
1375 390 1411 425 ὅ)
1427 392 1459 420 de
1476 399 1536 420 una
1554 398 1583 420 re
1599 390 1831 429 coiizpromittere.
1853 388 1881 426 fi
1896 399 1944 420 ‘ee-

1068 441 1098 462 ro
1125 433 1201 469 ideo,
1225 433 1292 472 quia
1317 442 1353 464 ex
1375 432 1464 463 altera
1479 434 1626 462 duntaxat
1639 436 1723 470 parte
1733 428 1884 470 stipulatio
1901 432 1944 461 in-

1071 472 1214 504 tervenit:
1229 472 1267 512 est
1285 475 1368 505 ratio.
1391 483 1566 515 quamquam
1579 471 1608 509 fi
1621 472 1726 512 petitor
1743 473 1806 513 quis
1817 469 1945 512 stipula-

1072 520 1119 544 tus
1136 512 1192 554 est,
1215 513 1296 554 poffit
1320 516 1377 546 clici
1391 515 1508 556 plenum
1534 514 1583 555 effe
1606 512 1828 554 cottiproiiiiffutiz
1843 524 1852 543 .·
1874 514 1945 554 quia

1073 557 1114 593 is,
1131 557 1183 596 qni
1199 557 1388 592 convenitur,
1407 562 1489 588 tatus
1505 555 1543 596 est
1560 555 1653 586 veluti
1667 553 1747 595 ,1)αὲἶὶ
1764 556 1944 595 exceptione,-

1072 598 1097 628 is
1115 598 1167 638 qai
1191 598 1342 634 convenit,
1358 596 1387 635 fi
1409 599 1526 629 arbitrio
1545 607 1602 628 non
1617 602 1773 637 pareatur,
1798 593 1949 636 habetftz'e.

1066 638 1257 679 palacionem.
1283 638 1338 668 Sed
1346 640 1375 669 td
1390 649 1491 670 verum
1506 638 1574 680 effe,
1593 648 1649 669 non
1661 644 1752 678 puto:
1767 647 1856 679 neque
1871 640 1949 668 enim

1063 678 1177 720 sufficit
1193 680 1382 719 exceptionem
1401 681 1516 718 hahere,
1540 687 1572 711 ut
1590 681 1698 710 arbiter
1716 680 1886 715 sententiam
1902 680 1947 709 cli-¹

1073 731 1132 752 cere
1150 728 1278 761 cogatur.
1303 720 1354 751 Sic
1367 719 1536 761 Ulpianus:
1555 722 1583 753 &
1603 721 1647 752 est
1665 720 1791 762 egregia
1809 720 1874 758 ejus
1892 721 1949 751 ob-·

1074 762 1229 798 sci-vatio3
1255 763 1344 800 quod
1368 763 1539 794 intentioni
1568 763 1716 794 Praetoris
1734 764 1764 793 in
1781 762 1952 803 propositor

1074 804 1206 836 minime
1232 802 1344 839 sufficit
1371 803 1452 841 pafti
1477 805 1646 842 exceptio:
1669 805 1752 835 nulla
1779 813 1873 844 poena
1891 812 1952 834 tei·-

1075 855 1147 877 rcns
1165 845 1331 875 volentem
1343 854 1438 885 agere
1454 845 1600 876 adversus
1618 844 1725 876 arbitri
1742 845 1953 877 sententiam:

1076 886 1131 918 etsi
1150 885 1259 918 elisura
1277 886 1307 916 in
1323 885 1443 926 judicio
1462 886 1497 917 sit
1513 885 1685 917 institutam
1701 887 1870 917 astionem.
1887 896 1953 917 non

1076 930 1162 960 enim
1176 929 1296 960 Praetor
1312 927 1342 958 in
1361 926 1476 958 Edicto
1495 927 1613 967 speciae
1632 929 1671 959 ad
1694 929 1815 959 exitum
1834 926 1955 959 institu-

1076 972 1166 1001 eritiae
1183 970 1336 1007 astionis,
1353 970 1600 1008 opponendaeve
1616 968 1645 999 ei
1663 970 1882 1009 exceptionis:
1901 969 1954 1000 sed

1076 1013 1115 1043 ad
1133 1020 1261 1051 poenam
1285 1019 1344 1048 qua
1365 1010 1491 1041 asturus
1508 1009 1657 1047 adversus
1674 1011 1783 1041 arbitri
1802 1012 1954 1041 sententi-

1076 1061 1126 1083 am
1143 1053 1324 1083 inliibeatur
1336 1076 1343 1089 ,
1362 1061 1402 1082 ne
1419 1060 1512 1092 agat3
1528 1061 1635 1092 eoque
1652 1061 1712 1083 nec
1728 1052 1802 1091 lite,
1822 1060 1882 1083 nec
1899 1060 1955 1083 ex-

1077 1095 1250 1133 ceptione,
1276 1103 1358 1132 opus
1375 1092 1421 1124 sit.

1118 1135 1218 1176 igitur
1235 1144 1267 1165 ut
1285 1143 1420 1175 cogatur
1437 1133 1554 1165 arbiter
1570 1133 1759 1166 sententiam
1777 1135 1902 1175 dicere,
1926 1145 1960 1167 o·

1075 1185 1185 1217 portet
1203 1175 1462 1216 compromissam
1480 1174 1541 1206 effe
1558 1177 1738 1216 pecuniam.
1762 1175 1877 1208 Utrum
1898 1186 1957 1218 pu-

1075 1229 1128 1257 re,
1152 1228 1190 1250 an
1211 1220 1240 1248 in
1262 1217 1376 1249 diem?
1402 1227 1466 1248 non
1484 1216 1644 1258 distinguit
1663 1218 1802 1249 Praetor:
1827 1218 1856 1249 ἃ
1872 1219 1903 1250 in
1920 1228 1956 1250 u-

1076 1268 1192 1298 troque
1209 1259 1281 1289 casu
1298 1268 1389 1297 aeque
1409 1258 1540 1289 efficace
1562 1259 1713 1298 promiss'o
1725 1283 1735 1297 ‚
1759 1259 1953 1291 satisfactum

1075 1301 1120 1332 est
1137 1302 1201 1337 eius
1221 1300 1393 1331 sententiae.
1418 1298 1494 1330 Non
1517 1302 1559 1330 ita
1575 1300 1638 1336 est,
1656 1300 1881 1341 compromissa
1899 1301 1957 1333 sub

1075 1341 1266 1373 conditione
1287 1340 1419 1381 pecunia
1463 1350 1527 1372 non
1545 1344 1628 1373 enirn
1646 1351 1712 1373 tum
1731 1343 1850 1374 arbiter
1867 1344 1958 1383 cogi-

1076 1393 1127 1415 tur
1142 1383 1327 1415 sententiam
1349 1383 1456 1413 dicere
1472 1382 1574 1421 prius,
1599 1392 1692 1423 quani
1710 1383 1855 1415 conditio
1875 1383 1957 1415 exti-

1077 1426 1148 1457 terit
1167 1426 1176 1455 l
1208 1434 1239 1455 11
1271 1424 1299 1465 ἓ,
1320 1428 1372 1454 ult.
1392 1425 1419 1455 h.
1439 1431 1460 1454 t.
1478 1432 1538 1454 nec
1556 1424 1704 1462 interest,
1720 1433 1823 1456 uti-um
1842 1426 1882 1456 ab
1896 1425 1954 1456 ini-

1077 1469 1123 1498 tio
1147 1467 1267 1498 nullum
1292 1465 1327 1496 sit
1352 1465 1634 1506 compromissum,
1658 1476 1697 1497 an
1719 1467 1877 1507 pendeat,
1901 1474 1956 1498 aut

1078 1508 1186 1548 postea
1205 1507 1333 1538 deficiat
1351 1517 1456 1546 poena.
1487 1508 1573 1545 atqui
1592 1508 1624 1538 id
1644 1507 1700 1545 fit,
1725 1507 1958 1547 compromisso

1078 1550 1183 1580 soluto
1201 1550 1271 1586 die,
1297 1558 1422 1586 morte,
1446 1549 1719 1588 acceptilatione,
1739 1548 1881 1589 judicio,
1903 1558 1959 1589 pa-

1080 1591 1132 1623 cto
1146 1591 1165 1621 l.
1186 1601 1231 1631 32.
1252 1589 1281 1631 §.
1301 1600 1329 1631 3.
1349 1590 1375 1620 b.
1398 1595 1418 1621 t.

1091 1630 1097 1639 '
1123 1631 1252 1663 Deinde
1262 1634 1304 1662 ait
1316 1631 1456 1669 Praetor,
1472 1631 1550 1662 Eum
1566 1632 1736 1666 sententiam
1751 1632 1843 1663 dicere
1852 1641 1959 1673 cogam.

1082 1677 1204 1715 optima
1223 1672 1347 1703 ratione
1360 1682 1453 1713 quatri
1471 1673 1524 1704 dat
1541 1671 1696 1712 Ulpianus
1714 1674 1732 1704 l.
1749 1683 1776 1714 3.
1796 1673 1825 1715 §.
1845 1683 1869 1705 1.
1889 1675 1915 1704 h.
1934 1680 1960 1707 t.

1083 1725 1196 1773 quam,
1221 1714 1240 1746 li
1264 1715 1372 1752 lubet,
1398 1716 1480 1746 vide.
1529 1714 1656 1746 Interim
1683 1715 1844 1747 monebo:
1869 1715 1959 1755 quod

1083 1758 1092 1789 1
1111 1767 1207 1789 raetor
1224 1757 1286 1795 ait,
1311 1756 1427 1796 Cogam.
1450 1766 1514 1787 non
1532 1758 1594 1793 ait,
1609 1756 1768 1795 judiciuin
1789 1758 1884 1788 dabO.
1910 1758 1958 1797 ip-

1085 1800 1113 1830 se
1131 1798 1226 1839 igitur
1243 1805 1340 1839 coget
1358 1797 1421 1829 fine
1439 1798 1563 1829 actione
1582 1798 1611 1829 ἀ
1628 1797 1757 1838 Judicc,
1775 1798 1896 1830 muletae
1914 1798 1960 1830 di-

1080 1841 1187 1872 ctione
1214 1840 1242 1871 δε
1270 1849 1440 1879 pignorum
1466 1841 1627 1878 captione.
1655 1840 1699 1871 est
1727 1841 1810 1871 enim
1830 1839 1898 1870 haec
1917 1848 1960 1872 cx

1078 1883 1225 1914 remediis
1247 1882 1395 1912 Praetoris
1414 1882 1431 1912 l.
1455 1891 1479 1912 1.
1497 1881 1525 1923 §.
1542 1892 1569 1922 3.
1592 1880 1631 1911 D.
1650 1883 1683 1912 de
1699 1884 1798 1922 inspic.
1816 1888 1911 1912 ventr.
1928 1881 1959 1913 δε

1078 1925 1267 1956 nominatim
1284 1922 1468 1961 indigitatur
1488 1923 1565 1962 ²·32>
1581 1922 1608 1964 ἓ,
1629 1932 1674 1954 12.
1700 1923 1738 1953 I).
1756 1925 1782 1954 h.
1803 1929 1823 1954 t.
1850 1923 1959 1954 Edicit

1080 1974 1187 1997 autem
1204 1964 1325 1995 Praetor
1338 1988 1346 2001 ,
1370 1965 1497 2005 cogam,
1522 1964 1669 1995 aiitricie.
1705 1964 1755 1995 sed
1773 1974 1838 1995 reiii
1862 1963 1960 1994 Vete-

1081 2017 1130 2039 res
1155 2007 1285 2047 perinde
1314 2013 1528 2045 acceperunt,
1552 2015 1589 2036 ac
1612 2005 1632 2037 fi
1661 2005 1845 2043 addidisset,
1867 2005 1958 2036 causa

1082 2050 1212 2089 cognita
1249 2049 1413 2086 nimirum,
1438 2046 1508 2087 quia
1535 2056 1599 2078 non
1624 2046 1808 2086 simpliciter
1835 2047 1959 2078 Praetor

1083 2092 1182 2127 dixu,
1209 2088 1285 2120 Eum
1308 2090 1360 2129 qui
1380 2090 1542 2120 arbitrium
1561 2089 1741 2126 receperit,
1767 2087 1960 2120 sententiam

1083 2133 1189 2164 dicere
1208 2140 1340 2172 cogam:
1367 2129 1416 2161 sed
1435 2131 1496 2169 ait,
1514 2129 1597 2160 Eum
1615 2131 1667 2170 qui
1688 2128 1850 2161 arbitrium
1872 2138 1960 2161 rece-

1082 2172 1185 2214 perit,
1211 2171 1434 2212 compi-omitia
1460 2172 1614 2211 pecunia,
1639 2180 1752 2212 cogam
1772 2170 1962 2203 sententiam

1084 2216 1208 2246 dicere:
1227 2215 1257 2244 id
1280 2214 1343 2250 est,
1363 2222 1449 2251 tum,
1466 2212 1485 2244 si
1507 2212 1730 2252 compromissa
1742 2213 1961 2253 eritpecunia.

1084 2267 1124 2288 ex
1144 2265 1207 2286 uno
1226 2263 1331 2286 autem
1351 2255 1503 2295 exemplo
1519 2255 1728 2294 conjecerunt
1742 2253 1878 2285 Veteres
1890 2277 1899 2293 ‚
1914 2263 1962 2285 es-

1085 2297 1114 2329 se
1131 2297 1280 2328 Praetoris
1299 2297 1436 2328 animum
1448 2321 1455 2333 ,
1480 2305 1544 2328 non
1566 2296 1639 2327 alias
1656 2305 1773 2335 cogere
1788 2295 1961 2333 arbitrum,

1086 2348 1177 2380 quam
1195 2338 1216 2370 si
1233 2338 1352 2378 sitiusta
1363 2338 1499 2378 cogendi
1519 2336 1628 2368 causa:
1644 2338 1743 2376 qualis
1753 2336 1797 2368 est
1809 2359 1818 2375 ,
1836 2336 1857 2368 fi
1875 2345 1964 2368 corn-

1087 2379 1234 2422 promissa
1260 2379 1295 2411 sit
1320 2381 1471 2420 pecunia:
1494 2378 1579 2410 inani
1605 2377 1776 2416 sententia,
1802 2387 1872 2418 quae
1895 2387 1962 2409 non

1085 2422 1121 2454 1it
1142 2422 1287 2453 habitura
1305 2421 1464 2453 effectum.
1490 2420 1648 2457 Proinde,
1668 2419 1731 2451 ssve
1747 2421 1962 2459 compromis-

1086 2464 1115 2495 sa
1134 2473 1199 2496 non
1216 2462 1251 2494 sit
1275 2463 1428 2503 pecunia,
1451 2462 1514 2493 sive
1537 2462 1594 2492 alia
1613 2460 1649 2492 sit
1665 2460 1834 2492 confimilis
1852 2460 1962 2500 causa,

1087 2515 1142 2536 cur
1167 2513 1292 2545 aequum
1314 2503 1369 2542 sit,
1391 2504 1541 2535 arbitrum
1569 2512 1632 2533 non
1658 2503 1761 2533 teneri
1781 2503 1965 2534 necestitate

1088 2547 1233 2578 dicendae
1259 2545 1441 2577 sententiae:
1465 2545 1638 2576 noluerunt
1661 2544 1798 2575 Veteres
1816 2553 1922 2582 ,eum
1946 2553 1964 2574 a

1089 2588 1230 2620 Praetore
1246 2586 1338 2627 cogi,
1355 2587 1544 2617 sententiam
1564 2586 1688 2617 dicere:
1705 2593 1816 2623 certo,
1836 2587 1965 2625 quoties

1091 2632 1176 2671 Lege
1194 2629 1313 2668 aliquid
1331 2637 1426 2659 unum
1445 2628 1497 2659 vel
1515 2628 1649 2658 alterum
1666 2627 1881 2659 introductum
1900 2626 1964 2665 est,

1088 2672 1207 2703 bonam
1224 2669 1286 2701 effe
1305 2669 1525 2705 occasionem,
1549 2678 1665 2700 caetera
1683 2678 1752 2709 quae
1773 2669 1909 2700 tendunt
1924 2669 1964 2699 ad

1088 2714 1233 2744 eamdem
1253 2710 1444 2748 utilitatem,
1469 2710 1520 2742 vel
1537 2710 1804 2750 interpretatione
1816 2733 1824 2748 ,
1849 2710 1899 2740 vel
1915 2710 1963 2749 ju-

1089 2754 1271 2786 ristiittione
1289 2752 1422 2793 suppleri
1439 2753 1459 2783 l.
1481 2762 1527 2784 12.
1547 2751 1583 2786 δέ’
1602 2761 1647 2792 13.
1666 2751 1708 2783 D.
1727 2752 1760 2782 de
1778 2752 1893 2793 legibus.
1919 2750 1964 2781 Ea

1090 2805 1214 2828 ratione
1232 2802 1335 2826 motus
1353 2793 1509 2833 Ulpianus
1527 2794 1546 2825 l.
1568 2803 1612 2833 15.
1632 2793 1659 2824 h.
1677 2799 1699 2824 t.
1723 2791 1965 2832 interpretatio·

1090 2848 1130 2869 ne
1144 2836 1245 2868 Ediffi
1256 2859 1265 2874 ,
1282 2835 1323 2867 iic
1335 2835 1469 2874 scripsit:
1488 2835 1570 2866 Licet
1582 2835 1693 2866 Praetor
1712 2832 1838 2875 districte
1852 2835 1966 2871 edicat,

1091 2879 1268 2910 Sententiam
1284 2877 1317 2918 J&
1340 2880 1483 2908 arbitrum
1503 2878 1594 2908 dicere
1618 2876 1784 2907 constarunt
1803 2900 1812 2915 ‚
1836 2882 1965 2907 attamen

1090 2922 1234 2951 interdum
1253 2921 1391 2950 rationem
1407 2919 1469 2960 ejus
1478 2917 1578 2949 hahere
1594 2919 1687 2955 debet,
1703 2917 1739 2952 δέ)
1755 2916 1965 2957 excusationem

1089 2964 1225 3002 recipere,
1250 2962 1337 2995 caula
1355 2963 1480 3001 cognita.
1524 2958 1632 2991 Utitur
1649 2969 1726 2990 vero
1745 2958 1896 2999 Ulpianus
1912 2965 1965 2987 ex·

1092 3004 1206 3043 emplis
1232 3002 1372 3042 pluribus
1398 3011 1494 3042 atque
1517 3000 1737 3042 eleg‘intibus3
1767 3008 1801 3030 ut
1827 3007 1919 3041 puta,
1942 2995 1965 3027 fi

1090 3045 1187 3076 suerit
1203 3044 1372 3076 infamatus
1391 3053 1407 3074 a
1424 3043 1655 3084 litigatoribus3
1679 3049 1731 3072 aut
1749 3040 1768 3071 si
1790 3038 1964 3069 inimiCitiae

1091 3086 1242 3125 capitales
1261 3087 1342 3118 inter
1359 3094 1430 3116 eum
1450 3085 1478 3115 ἂ
1496 3085 1686 3125 litigatores,
1704 3089 1756 3112 aut
1773 3081 1905 3111 alterum
1923 3086 1965 3109 ex

1091 3128 1302 3168 litigatoribus
1332 3124 1585 3164 intei·cefferint;
1609 3132 1662 3154 aut
1678 3122 1697 3153 fi
1716 3130 1789 3151 aetas
1812 3120 1966 3166 autyale-

1091 3171 1170 3201 tudo
1190 3178 1261 3209 qum
1280 3168 1388 3209 postea
1406 3167 1561 3206 contigit,
1585 3166 1616 3197 id
1627 3164 1654 3195 ei
1672 3170 1782 3194 munus
1802 3170 1964 3198 remittat,

1092 3221 1146 3241 aut
1157 3209 1328 3250 occupatio
1345 3204 1551 3250 negotiorum
1569 3203 1769 3245 propriorum
1788 3202 1839 3233 vel
1857 3202 1966 3243 profe-

1094 3252 1158 3283 ‹S'tio
1178 3261 1310 3293 urgens,
1324 3258 1379 3284 aut
1394 3258 1508 3284 munus
1522 3246 1651 3289 aliquod
1664 3243 1858 3286 reipublicae.
1875 3243 1969 3315 &dagi-

1893 3303 1896 3305 “
1923 3302 1929 3313 Ᾰ
1952 3304 1965 3321 2
