2036 3495
185 129 252 164 118
614 122 647 157 G
681 132 702 155 E
734 132 756 156 n
790 131 810 155 A
845 130 866 154 R
899 130 923 154 D
956 128 969 152 1

183 224 249 252 vo,
273 214 377 253 deque
395 210 612 247 filiofamilias,
645 209 675 240 &
700 206 925 248 patrefamilias
949 207 1058 247 quaeri.

184 256 318 294 primum
336 254 422 292 quod
435 252 472 282 ad
490 250 611 281 servum
632 251 766 281 attinet:
788 249 812 280 is
830 249 899 288 quia
920 256 978 287 pro
995 248 1061 279 nul-

186 297 219 326 lo
242 296 375 325 liabetur
397 293 466 332 jure
491 291 576 322 civili
602 292 622 321 l.
648 300 698 332 32.
727 291 772 321 D.
792 291 823 320 de
841 298 898 329 reg.
917 290 975 328 jur.
1001 298 1060 319 nec

187 337 300 366 mirum
312 357 320 371 ,
334 334 397 364 boc
407 333 490 364 nulla
507 332 594 363 illum
612 331 711 363 teneri
723 331 922 371 obligatione
934 340 971 361 ex
984 339 1058 361 con·

187 376 285 406 tractu
303 382 355 405 aut
372 384 412 405 ex
428 372 604 405 maleficio:
629 373 657 404 &
675 373 763 413 quod
780 372 824 403 est
841 370 1059 411 consequens,

184 416 387 447 nullaminde
398 424 471 446 cum
484 424 523 445 eo
541 414 602 445 effe
619 414 805 445 actioneml.
828 422 891 453 ¹07·
912 412 951 444 D.
963 414 991 443 d.
1011 413 1057 443 iic.

184 466 215 488 at
232 466 292 487 nec
302 457 367 497 ejus
385 456 483 487 videri
502 455 666 496 personam
684 464 754 495 quae
771 456 801 485 in
817 455 864 494 jus
882 453 1058 494 vocaril.3.

185 499 231 529 D.
249 498 299 529 Ne
314 498 378 538 quis
393 507 458 528 eum
473 498 524 538 qui
539 498 570 527 in
581 498 633 538 jus
649 503 745 528 vocat.
758 496 785 526 ἃ
800 494 920 535 judicio
938 504 1056 525 conve-

183 540 242 570 niri
262 539 354 579 poffit
377 540 396 570 l.
415 544 444 570 6.
465 538 501 573 δέ’
526 547 553 578 7.
579 538 611 569 C.
632 539 659 568 b.
677 545 698 568 t.
725 537 847 568 Contra
867 546 975 567 verum
992 535 1055 573 est,

185 589 224 611 ex
243 580 320 611 servi
338 581 428 621 gesto
445 588 498 610 aut
522 589 606 610 noxa
631 579 730 610 solum
747 578 911 609 dominum
930 577 1055 608 actione

185 623 225 652 de
242 623 369 662 peculio
385 629 437 652 aut
460 621 565 652 noxali
592 620 706 651 teneri.
731 621 817 660 quod
835 618 856 650 si
872 628 936 649 non
956 618 1056 648 dorni·

182 672 240 694 nus
264 662 299 694 fit
315 670 494 694 conventus
522 663 838 701 condeinnatusque‚
864 659 915 690 sed
933 658 1057 691 servus:

182 705 332 736 traditum
362 703 424 742 cst,
449 703 636 734 sententiam
661 712 719 743 pro
740 703 823 733 nulla
845 701 971 738 haberl3
995 709 1055 731 nec

182 755 268 776 exea
281 747 320 776 de
336 746 463 785 peculio
474 744 621 775 adversus
638 744 802 775 dominum
817 743 944 783 judicati
961 741 1054 773 aCtio·

181 796 255 818 nem
276 788 353 818 dari.
379 787 526 826 Aliquem
545 785 672 817 turbet:
697 786 783 825 quod
799 785 829 815 in
847 783 963 815 Edicto
983 793 1058 824 prae·

181 838 233 860 tor
252 827 398 859 adversus
415 828 580 859 dominum
594 828 765 867 pollicetur
777 827 935 857 actionem
948 825 986 856 de
1005 835 1057 864 pe-

181 870 287 901 culio:
303 869 322 900 ii
335 870 420 908 quod
432 878 504 900 cum
516 878 555 899 eo
566 869 658 908 quiin
671 869 799 899 alterius
816 867 973 908 potestate
990 865 1034 897 est
1045 889 1054 904 ,

178 912 345 952 negotium
357 909 477 951 gestum
495 911 552 941 erit
570 911 589 940 l.
614 919 636 941 1.
656 909 683 951 §.
697 919 725 941 2.
743 911 776 939 de
787 908 914 949 peculio:
931 917 991 939 nec
1010 907 1054 938 est

180 953 312 993 dubium
325 976 335 991 ‚
359 952 432 992 quin
449 952 506 982 lite
523 951 716 988 contestata,
738 951 859 990 judicio
877 948 960 988 quasi
978 958 1053 979 con-

180 995 260 1024 trabi
277 994 405 1032 judicati
424 993 579 1034 obligatio
598 993 793 1033 intelligatur
808 992 826 1022 l.
845 1002 873 1032 3.
888 991 914 1033 §.
930 1000 974 1022 11.
992 991 1019 1021 d.
1031 995 1053 1021 t.

179 1035 241 1066 Sed
267 1035 334 1065 baec
352 1035 492 1074 objectio
510 1035 564 1065 vix
589 1042 663 1074 eget
689 1032 908 1072 responsione:
932 1040 1004 1062 nam
1023 1038 1056 1062 ut

176 1077 296 1117 judicio
324 1076 534 1107 contrahatur
556 1075 688 1116 judicati
714 1075 870 1115 obligatio
887 1097 897 1111 ,
923 1081 1055 1113 oportet

177 1118 238 1149 else
261 1118 425 1157 judicium.
451 1118 618 1157 quomodo
653 1127 693 1147 ex
717 1116 920 1156 stipulatione
954 1115 1056 1145 valida

177 1159 376 1190 contrabitur
394 1169 434 1190 ex
460 1158 607 1198 stipulatu
628 1157 807 1198 obligatio:
831 1156 950 1188 inutilis
977 1165 1055 1186 vero

177 1200 335 1240 stipulatio
360 1210 464 1241 neque
489 1200 650 1239 stipulatio
675 1199 740 1237 cll,
766 1208 870 1238 neque
887 1197 1054 1237 obligatio-

177 1251 251 1273 nem
277 1244 368 1282 pai-it.
423 1241 548 1272 Eodem
573 1242 672 1272 modo
703 1239 733 1271 se
758 1240 856 1270 habet
880 1239 1053 1279 judicium:

178 1292 250 1314 nam
278 1285 352 1323 quia
377 1292 448 1314 cum
476 1282 566 1314 servo
592 1283 712 1313 nullum
738 1281 802 1313 est:
826 1290 886 1312 nec
909 1290 949 1310 co
973 1281 1054 1320 geri-

177 1332 316 1356 turcum
337 1324 427 1356 servo
446 1324 630 1365 negotium3
654 1333 757 1363 neque
776 1333 816 1353 eo
835 1323 985 1354 damnato
1004 1322 1054 1352 ad-

179 1365 285 1397 versus
311 1367 474 1397 dominum
493 1367 532 1396 de
558 1365 686 1402 peculio
703 1366 793 1395 datur
807 1363 939 1404 judicati
958 1362 1052 1393 aCtio.

178 1407 230 1439 Sic
250 1409 399 1447 Ulpianus
414 1410 441 1438 d.
459 1407 477 1437 l.
496 1417 524 1447 3.
543 1407 571 1447 §.
590 1412 616 1440 8.
642 1407 671 1436 ὅ(
695 1406 802 1443 addit,
827 1404 887 1436 effe
903 1404 998 1435 simile
1023 1405 1054 1434 in

179 1449 408 1489 compromisso
438 1449 523 1486 quod
545 1448 696 1487 judicium
723 1447 873 1478 imitatur.
903 1444 1055 1486 idque&

179 1490 278 1521 Paulo
298 1491 401 1529 placet
419 1489 494 1529 l.32.
509 1488 536 1531 §
549 1494 575 1522 8.
597 1489 641 1519 D.
662 1490 695 1518 de
712 1493 813 1527 recept.
832 1487 868 1522 &²
885 1488 937 1528 qui
952 1487 1055 1518 arbitr.

178 1538 264 1571 recep.
301 1531 401 1573 Quod
426 1532 508 1567 dixi,
536 1538 611 1569 puta
634 1529 696 1561 ell'e
719 1529 867 1560 ordinarii
888 1528 981 1569 juris,
1008 1535 1053 1558 at-

179 1582 240 1612 que
257 1582 297 1603 eo
313 1572 374 1603 csse
392 1572 508 1602 nullam
533 1572 563 1602 in
583 1570 704 1602 servum
723 1571 890 1602 actionem.
915 1570 966 1600 sed
990 1569 1054 1600 hoc

177 1624 242 1645 non
265 1623 368 1652 vetat,
390 1623 454 1653 quo
468 1616 570 1644 minus
591 1612 684 1653 possit
702 1620 790 1643 extra
807 1613 952 1643 ordinem
970 1610 1053 1641 aflio

178 1657 243 1686 dari
268 1656 297 1686 in
322 1664 438 1695 corpus
468 1654 578 1685 servile
603 1656 640 1684 ad
664 1663 786 1692 poenam
812 1653 838 1683 ei
863 1652 1053 1684 afflielivam.

176 1696 333 1736 Exempla
358 1697 430 1730 dedi
450 1694 536 1736 supra
563 1695 614 1726 sub
633 1693 750 1725 Titulo
770 1695 819 1725 De
830 1693 1051 1735 jurisdic'lione,

176 1738 311 1778 pulchre
336 1737 502 1768 observata
518 1746 535 1767 a
553 1736 593 1769 V.
613 1736 672 1768 CL.
696 1736 820 1776 Jacobo
845 1735 978 1776 Cujacio
1003 1735 1050 1766 lib.

177 1789 225 1812 21.
245 1780 365 1814 Observ.
386 1789 407 1809 c.
429 1788 480 1817 κιο.

217 1820 323 1853 Venio
339 1821 377 1850 ad
397 1819 640 1851 filiumfamilias.
655 1819 731 1857 quid
748 1818 826 1850 hic‘?
844 1819 881 1850 ad
896 1817 1053 1859 agendum

177 1863 307 1901 quidem
325 1869 535 1902 praeterquam
557 1862 586 1891 in
606 1861 752 1899 exceptis
769 1859 888 1891 casibus
901 1869 983 1898 ,non
1000 1859 1052 1889 ad-

176 1905 332 1935 mittitur:
357 1903 406 1934 sed
433 1910 632 1941 conventus,
656 1903 693 1932 ad
711 1901 950 1934 defendendum
970 1901 1053 1938 opti-

176 1954 231 1976 mo
244 1945 311 1984 jure
327 1945 514 1975 admittitur.
534 1942 648 1983 Gajum
663 1944 733 1975 audi
751 1943 769 1974 l.
790 1952 839 1984 39.
858 1943 902 1973 l).
921 1944 953 1972 cle
969 1942 1051 1982 oblig.

178 1985 278 2021 &acl
300 1985 404 2016 Verba
416 1984 505 2025 Gaji:
526 1984 746 2024 Filiusfcimilz'as
763 1992 799 2015 ex
816 1985 945 2014 omnibus
962 1983 1055 2022 causis

180 2034 330 2068 tanlquam
342 2027 556 2068 paterfamilias
571 2026 734 2067 obligatur:
753 2025 830 2059 &oli
846 2027 933 2066 idagi
952 2035 1015 2055 cum
1026 2034 1054 2056 eo

178 2075 326 2110 tamquam
339 2068 551 2109 patrefamilias
564 2066 662 2108 potest.
680 2066 777 2107 Gajus
790 2067 874 2103 vult,
895 2067 981 2106 quod
997 2066 1057 2098 fili-

178 2110 368 2145 usfamilias,
393 2111 465 2150 quia
489 2110 560 2149 jure
581 2108 675 2140 Civili
701 2109 797 2139 babet
823 2107 1008 2139 facultatem
1025 2107 1053 2139 se

179 2152 339 2192 obligandi
358 2150 411 2182 suo
428 2152 577 2188 arbitrio,
596 2160 660 2182 non
677 2152 780 2181 minus
791 2158 884 2189 quam
897 2149 915 2180 fi
933 2159 948 2180 a
965 2158 1053 2190 patre

179 2193 254 2224 ell'et
268 2193 363 2230 liber,
376 2192 479 2231 potest
492 2202 531 2223 ex
543 2191 591 2223 sua
601 2191 801 2233 obligatione
811 2215 820 2229 ‚
832 2191 983 2230 exemplo
999 2200 1051 2221 cu-

174 2236 288 2275 jusque
299 2233 528 2275 patrisfamilias
541 2257 549 2270 ‚
567 2234 683 2264 invitus
701 2233 774 2273 cogi
793 2233 830 2263 ad
842 2231 1052 2270 solutionem,

178 2285 316 2314 eumque
335 2276 363 2306 in
389 2275 484 2306 finem
500 2275 620 2315 judicio
645 2275 828 2311 conveniri,
854 2282 942 2314 patre
957 2275 1053 2305 etiam

179 2319 302 2349 invito:
322 2327 361 2348 eo
379 2318 467 2356 quod
485 2316 640 2356 obligatio
659 2324 751 2356 quam
774 2315 828 2346 suo
843 2315 912 2355 jure
929 2322 1052 2346 contra-

177 2360 241 2396 xit,
262 2367 421 2398 tamquam
439 2357 663 2398 paterfamilias
675 2381 683 2394 ,
701 2366 774 2388 eum
790 2365 949 2392 tamquam
968 2356 1053 2387 debi-

180 2409 283 2431 torem
303 2401 571 2439 qualemcumque
589 2399 752 2438 adstringit
774 2398 958 2428 neceffitate
975 2407 1052 2438 prae-

180 2442 277 2472 ssundi
295 2443 324 2473 id
343 2441 586 2481 quoddebetpr.
601 2438 803 2481 lrrsl.deoolig.
822 2440 962 2478 ideoque
980 2449 1052 2470 exe·

180 2492 291 2513 cutura
323 2483 407 2514 illam
431 2482 514 2513 actio
537 2482 664 2513 obtinet
693 2479 840 2512 adversus
862 2479 1052 2512 filiumfami-

177 2525 234 2556 lias
251 2524 385 2555 invitum
402 2524 418 2554 l.
436 2528 484 2564 83.
502 2523 530 2565 §.
552 2533 576 2555 1.
596 2524 640 2554 D.
658 2524 689 2553 de
705 2524 783 2552 verb.
802 2522 885 2563 oblig.
905 2521 949 2552 est
968 2522 1052 2553 enim

180 2567 284 2596 omnis
309 2566 390 2596 actio
414 2564 560 2595 adversus
586 2573 658 2595 eum
682 2564 734 2604 qui
756 2563 853 2594 debet
864 2570 911 2603 pr.
931 2561 1001 2602 Irzft.
1020 2564 1053 2594 de

179 2606 311 2638 afflonz'b.
336 2605 365 2636 id
389 2606 452 2644 est,
477 2616 492 2636 a
509 2616 574 2646 quo
597 2606 701 2636 invito
724 2605 861 2645 exigitur
876 2605 895 2634 l.
919 2609 985 2638 108.
1007 2605 1052 2635 D.

178 2650 211 2680 cle
224 2649 300 2678 verb.
313 2645 411 2687 signif.
435 2649 515 2678 adeo
536 2656 596 2679 nec
612 2646 712 2678 refert
725 2670 733 2684 ,
758 2654 863 2677 utrum
880 2654 968 2682 patei·
990 2645 1053 2676 boc

179 2689 343 2729 permittat
364 2687 429 2718 fieri
442 2712 450 2724 ,
470 2698 508 2719 an
521 2697 618 2719 vetet.
639 2690 774 2727 primum
792 2688 864 2726 quia
880 2686 1054 2718 filiusfami-

179 2732 235 2763 lias
252 2739 315 2760 non
334 2729 436 2760 minus
453 2729 547 2760 babet
561 2730 609 2769 jus
637 2729 667 2759 se
685 2728 865 2769 obligandi,
891 2737 984 2768 quam
1001 2737 1054 2768 pa-

180 2770 377 2803 terfamilias.
402 2770 516 2801 deinde
532 2780 596 2801 non
608 2769 709 2810 poffet
729 2779 800 2801 cum
819 2779 860 2800 eo
876 2770 944 2810 agi,
964 2777 1053 2810 patre

177 2815 245 2855 jure
258 2812 450 2852 impedituro
465 2812 572 2849 judicii
591 2811 831 2851 susceptionem.
857 2811 908 2842 Sic
922 2818 1053 2851 apparet

183 2856 229 2886 vis
246 2852 471 2894 disputationis
482 2849 551 2891 Gaji
566 2853 737 2889 :dicentis,
754 2853 841 2891 quod
853 2852 1051 2884 filiusfamili-

180 2906 233 2933 as,
256 2902 415 2934 tamquam
443 2892 666 2932 paterfamilias
686 2894 862 2934 obligatur,
887 2894 916 2924 ὃς
931 2894 1052 2924 idcirco

180 2947 254 2969 cum
280 2946 320 2968 eo
345 2935 393 2976 agi
420 2941 579 2973 tamquam
603 2943 673 2965 cum
691 2935 917 2974 patrefamilias
935 2934 1051 2974 potest.

179 2978 254 3011 Nec
271 2975 594 3016 praetermittendum,
619 2977 705 3014 quod
723 2977 830 3014 addit,
849 2975 890 3007 fic
906 2976 1053 3007 obtinere

181 3030 222 3052 ex
239 3019 386 3050 omnibus
402 3016 514 3048 caulis:
531 3016 562 3046 id
578 3015 640 3046 est.
658 3015 720 3046 [ine
735 3017 931 3054 discrimine,
947 3025 1054 3048 utrum

180 3071 222 3093 ex
246 3059 413 3092 conti-actu
431 3066 503 3089 cum
517 3066 557 3087 eo
574 3063 682 3097 agatur
694 3079 702 3094 ,
725 3066 762 3087 an
778 3067 817 3088 ex
833 3059 960 3089 delieto.
984 3067 1054 3089 nam

184 3103 293 3139 causa,
319 3110 351 3132 ut
367 3101 440 3131 alibi
458 3098 593 3130 observo
605 3121 613 3136 ‚
637 3107 701 3142 non
718 3098 818 3128 inodo
835 3099 1054 3137 contractum,

183 3144 236 3175 scd
263 3143 412 3174 delicium
435 3149 564 3180 quoque
588 3140 742 3179 indigitat.
773 3139 905 3177 proinde
927 3140 991 3171 sive
1015 3150 1056 3171 ex

184 3184 369 3221 conti-actu,
385 3182 448 3214 five
464 3192 504 3213 ex
520 3181 638 3213 delicto
650 3204 658 3218 ‚
682 3187 862 3210 conventus
879 3179 914 3209 sit.
930 3181 1055 3212 filiusfa-

187 3228 305 3266 milias,
317 3224 462 3258 adversus
479 3230 602 3265 patrem
619 3222 659 3255 de
678 3220 806 3262 peculio
824 3220 914 3251 datur
927 3221 1056 3260 judicati

1027 118 1290 153 Noonr
1348 119 1564 156 CoMM.

1103 207 1201 239 aelio:
1220 216 1410 248 quamquam
1426 209 1465 241 ab
1477 208 1570 240 initio
1587 208 1626 240 de
1644 209 1772 247 peculio
1788 217 1852 242 non
1870 211 1975 250 perin-¹

1105 249 1143 279 de
1160 258 1200 280 ex
1211 248 1267 281 filii
1280 250 1415 290 delicto,
1433 259 1528 290 atque
1544 259 1582 281 ex
1599 250 1666 289 ejus
1682 251 1846 282 contractu
1858 275 1866 290 ‚
1885 259 1973 283 tene-

1103 298 1200 321 retur.
1239 290 1300 322 Sed
1317 292 1422 330 placet
1439 292 1502 322 hoc
1521 290 1605 322 Pauli
1625 291 1644 321 l.
1661 301 1690 331 3.
1709 291 1736 332 §.
1757 300 1802 322 11.
1823 293 1867 323 D.
1882 294 1976 333 depe-

1102 330 1185 361 culio.
1207 331 1289 362 Sicut
1297 331 1487 374 stipulatione
1503 332 1686 363 contrabitur
1701 333 1856 371 currifiliO,
1873 334 1973 374 itaju-

1102 372 1172 402 dicio
1194 375 1342 404 contrabi:
1361 375 1480 415 proinde
1505 383 1562 404 non
1581 375 1716 413 originem
1727 374 1835 415 judicii
1848 374 1984 413 speclari?

1102 413 1186 451 darn,
1199 415 1251 452 sed
1268 415 1355 454 ipstzm
1370 416 1496 456 judicati
1510 415 1590 445 velut
1606 415 1813 455 obligationem.
1838 414 1918 446 Haec
1934 417 1976 448 de

1102 454 1279 500 actionibus
1303 458 1334 487 in
1360 456 1523 496 personam
1550 465 1590 487 ex
1606 456 1771 487 contraCtu
1787 464 1840 487 aut
1857 457 1975 488 malefi-

1102 504 1154 525 cio
1173 494 1373 529 filiifamilias.
1399 497 1474 529 Non
1492 499 1576 528 idem
1595 499 1634 528 de
1653 498 1762 529 iurem
1780 497 1978 537 aetionibus,

1100 535 1120 567 fi
1139 537 1266 582 quando
1278 537 1313 569 lis
1328 537 1364 569 fit
1380 539 1419 569 de
1436 539 1631 579 proprietate
1646 548 1749 570 rerum
1767 539 1883 577 peculii
1901 549 1975 580 pro—

1098 576 1212 608 fectitii
1234 585 1286 608 aut
1301 579 1478 611 adventitii.
1503 589 1572 611 narn
1589 580 1650 612 illae
1668 579 1742 619 jure
1761 580 1858 612 Civili
1876 582 1973 618 patris

1099 618 1187 664 sunt:
1206 618 1252 648 hae
1269 619 1306 664 acl
1318 620 1382 658 ejus
1397 630 1503 652 curam
1518 621 1746 659 Principalibus
1763 621 1975 653 Constitutio-

1099 660 1201 690 nibus.
1215 668 1385 698 pertinent.
1419 662 1540 693 idcirco
1559 663 1683 702 placet,
1707 671 1828 703 patrem
1847 664 1887 694 de
1907 663 1974 702 his,

1098 701 1162 732 five
1179 700 1236 731 sint
1253 700 1461 741 profecturae,
1489 702 1553 735 five
1569 704 1752 735 adventitiae
1767 727 1776 742 ‚
1799 705 1828 736 ἀ
1844 704 1888 735 est
1907 705 1973 743 eius

1099 741 1310 779 ususfructus,
1334 743 1491 775 actionem
1511 743 1679 784 suscipere:
1705 747 1803 777 modo
1825 745 1975 778 adhibeat

1101 782 1157 814 filii
1183 783 1368 815 consensum
1390 785 1409 815 l.
1429 785 1482 816 ult.
1502 785 1530 827 §.
1549 795 1579 826 3.
1596 786 1628 816 C.
1647 788 1680 817 de
1697 788 1775 817 honis
1793 797 1855 822 αμα]
1869 787 1977 818 liberis.

1103 824 1199 856 Plane
1214 824 1234 855 fi
1250 823 1329 856 filius
1348 826 1462 856 habeat
1481 829 1606 866 plenam
1616 826 1865 867 proprietatem,
1884 836 1976 868 pater

1101 876 1165 897 non
1191 865 1286 896 babet
1312 864 1557 898 usumfructum:
1578 868 1638 906 jam
1663 878 1794 909 oportet
1816 870 1915 901 filium
1934 870 1976 901 de

1098 906 1145 939 his
1164 908 1348 945 conveniri,
1368 908 1517 940 adhibito
1535 916 1637 940 tamen
1655 911 1751 950 patris
1768 911 1929 942 consensu.

1137 947 1303 994 Superest,
1320 957 1353 979 ut
1364 949 1403 980 de
1416 949 1746 990 patribusfamiliarum
1763 951 1975 993 subjiciamus.

1098 999 1168 1021 nam
1187 1000 1226 1021 ex
1249 989 1296 1020 liis
1344 1000 1450 1031 uoque
1474 991 1542 1031 jure
1567 1000 1631 1022 non
1650 993 1815 1024 conveniri
1832 994 1976 1032 aliquos,

1098 1032 1210 1071 partim
1230 1040 1304 1062 aetas
1334 1033 1447 1069 uadet‚
1467 1033 1579 1072 partim
1593 1033 1760 1074 imperium
1773 1033 1974 1074 Magistratus

1098 1073 1235 1113 majoris.
1263 1071 1362 1115 Quod
1381 1075 1420 1104 de
1435 1081 1530 1104 aetate
1547 1074 1631 1113 dixi,
1648 1074 1734 1106 usum
1753 1075 1850 1106 habet
1868 1077 1899 1107 in
1917 1084 1980 1116 pu-

1099 1115 1182 1153 pillis
1201 1115 1230 1145 &
1247 1115 1441 1146 minoribus:
1465 1124 1601 1155 nempe,
1626 1125 1665 1146 ne
1688 1115 1751 1147 fine
1770 1117 1930 1148 tutoribus
1947 1117 1977 1149 δι

1099 1156 1318 1193 curatoribus,
1345 1165 1480 1195 quorum
1505 1156 1579 1187 fidei
1608 1156 1636 1188 ὅ(
1664 1158 1771 1188 tutelae
1793 1159 1862 1198 J'ure
1888 1168 1977 1190 com--

1098 1198 1174 1228 miffi
1202 1197 1280 1235 lint,
1305 1196 1459 1229 indefenfi
1477 1200 1735 1229 condemnentur
1751 1199 1769 1230 l.
1792 1209 1816 1231 1.
1837 1199 1874 1234 δ’
1891 1209 1919 1232 2.
1939 1200 1975 1232 C.

1099 1237 1161 1281 Qui
1178 1238 1295 1279 legitimi.
1310 1242 1421 1279 person.
1433 1237 1534 1280 stand.
1554 1240 1585 1270 in
1597 1240 1692 1280 judic.
1710 1241 1775 1272 hab.
1793 1239 1835 1272 Et
1853 1239 1897 1272 est
1915 1241 1974 1272 ob-

1098 1280 1282 1310 servandum
1294 1303 1302 1318 ,
1324 1281 1412 1320 quod
1441 1291 1480 1311 ne
1497 1284 1722 1312 momentanea
1739 1282 1868 1322 quidem
1883 1281 1974 1314 causa

1097 1321 1156 1352 bac
1174 1323 1203 1352 in
1223 1329 1311 1360 parte
1329 1322 1498 1361 excipitur.
1520 1323 1602 1353 adeo
1621 1331 1714 1363 agere
1731 1324 1760 1354 in
1779 1333 1815 1354 ea
1830 1325 1971 1356 minores

1097 1362 1241 1403 poffunt3
1266 1363 1432 1394 conveniri
1461 1371 1624 1403 nequeunt
1650 1364 1668 1395 l.
1692 1363 1747 1395 uli.
1767 1364 1799 1397 C.
1818 1366 1846 1396 (ἰ.
1864 1370 1888 1395 t.
1920 1364 1976 1396 De

1098 1403 1286 1444 Magistratu
1307 1404 1424 1444 majore
1440 1403 1485 1435 est
1501 1405 1519 1435 l.
1536 1409 1587 1442 48.
1606 1403 1648 1435 D.
1664 1405 1691 1435 b.
1711 1410 1732 1436 t.
1762 1406 1902 1438 minores
1918 1416 1973 1437 ve-

1098 1455 1134 1476 ro
1153 1446 1204 1486 qui
1225 1444 1293 1476 sunt
1309 1444 1371 1476 fine
1391 1445 1526 1485 imperio
1549 1446 1578 1477 ἃ.
1602 1445 1780 1485 potestate,
1804 1447 1833 1478 ἀ
1853 1448 1883 1478 in
1903 1447 1971 1488 ipso

1099 1485 1269 1527 Magistatu
1294 1485 1379 1526 pofl'e
1403 1488 1589 1527 conveniri,
1613 1485 1768 1528 Ulpianus
1794 1488 1904 1520 auetor
1926 1487 1973 1520 est

1094 1529 1114 1559 l.
1130 1537 1180 1568 32.
1199 1529 1244 1558 D.
1258 1529 1290 1558 rie
1306 1528 1434 1569 injuriis.

1135 1569 1185 1600 Ex
1212 1569 1311 1600 tribus
1336 1569 1476 1609 personis
1499 1569 1653 1609 judicium
1681 1569 1970 1610 constituentibus,

1085 1611 1231 1642 indicavi
1249 1611 1342 1647 duas,
1359 1610 1497 1642 at‘ltorem
1516 1611 1545 1642 ἃ
1564 1620 1669 1643 reum:
1687 1611 1780 1643 restat
1796 1613 1887 1644 tertia
1899 1636 1908 1651 ,
1923 1613 1973 1652 Ju-

1096 1653 1169 1682 dex.
1194 1661 1257 1682 non
1283 1652 1306 1681 is
1332 1652 1430 1691 qualis
1450 1653 1571 1692 qualis,
1597 1652 1648 1684 sed
1673 1654 1757 1684 inter
1775 1653 1894 1686 invitos
1918 1664 1975 1685 co-

1095 1693 1239 1733 gniturus
1252 1717 1259 1730 ,
1274 1692 1533 1732 judicatur-usque
1551 1694 1611 1732 ita,
1628 1702 1662 1725 ut
1679 1695 1765 1734 quod
1783 1694 1904 1732 statuit,
1922 1695 1976 1726 ha-

1097 1735 1170 1765 beat
1195 1735 1238 1765 rei
1262 1734 1407 1774 judicatae.
1434 1735 1678 1768 auetoritatem:
1703 1745 1810 1775 eoque
1833 1738 1975 1768 inveniat.

1097 1777 1336 1807 executionem.
1364 1777 1457 1807 talem
1486 1776 1548 1807 else
1574 1776 1720 1816 judicem
1748 1779 1875 1817 publice
1899 1788 1975 1810 con-

1097 1817 1239 1848 stitutum
1252 1841 1260 1855 ,
1278 1817 1418 1848 indicant
1436 1816 1649 1857 Imperatores
1663 1819 1682 1849 l.
1702 1829 1730 1859 3.
1753 1819 1784 1849 C.
1802 1821 1835 1850 de
1845 1821 1974 1861 jurisdi-

1097 1858 1195 1889 trione.
1212 1858 1325 1897 Judaeae
1346 1860 1469 1890 cuidam
1486 1859 1526 1890 sic
1543 1859 1768 1891 rescribentes:
1784 1860 1972 1892 privatorum

1098 1901 1246 1940 consensus
1258 1900 1386 1941 judicem
1402 1910 1459 1930 riori
1470 1902 1545 1938 facit
1559 1910 1642 1938 eum,
1656 1903 1708 1943 qui
1724 1902 1798 1932 milli
1813 1901 1911 1943 praeeft
1923 1903 1974 1944 ju-

1099 1942 1191 1973 dicio:
1212 1950 1281 1980 nec,
1301 1944 1374 1982 quod
1394 1943 1418 1973 is
1426 1940 1535 1982 statuit
1547 1965 1555 1980 ,
1572 1944 1613 1973 rei
1623 1943 1765 1984 judicazae
1782 1945 1906 1974 continet
1922 1953 1975 1974 au-

1099 1982 1268 2014 &ornarem
1296 1983 1394 2024 lgitur
1411 1993 1474 2015 tion
1491 1983 1535 2013 est
1553 1983 1670 2022 judex,
1697 1983 1750 2015 nifi
1770 1983 1876 2015 sedeat
1891 1986 1974 2016 intet

1098 2025 1274 2064 litigatores
1294 2048 1302 2062 ‚
1334 2025 1459 2064 publica
1489 2023 1679 2056 auctoritate
1705 2024 1908 2056 constitutus.
1942 2026 1974 2058 (Sc

1099 2065 1167 2097 sunt
1184 2066 1330 2106 exempla
1347 2066 1376 2096 in
1396 2066 1489 2105 Lpen.
1502 2066 1547 2096 D.
1561 2066 1617 2096 Lm.
1637 2066 1679 2097 At
1696 2066 1761 2098 illic
1777 2067 1872 2098 etiarn
1893 2067 1974 2098 arbi-

1098 2115 1147 2138 ter
1172 2106 1460 2147 compromissarius
1479 2106 1580 2146 Judex
1598 2107 1783 2146 appellatur.
1824 2108 1890 2139 Sed
1907 2117 1974 2140 non

1096 2148 1280 2190 simpliciter
1297 2171 1306 2185 ‚
1339 2157 1448 2179 verum
1474 2157 1546 2179 cum
1569 2148 1748 2188 adjectione
1766 2172 1775 2187 ,
1804 2149 1907 2189 Judex
1933 2158 1976 2182 ex

1098 2189 1326 2230 compromisso
1352 2188 1500 2230 sumptus.
1531 2198 1630 2230 eaque
1654 2190 1789 2230 adjectio
1807 2191 1971 2232 indigitat,

1098 2241 1170 2262 eum
1188 2231 1270 2262 inter
1293 2231 1440 2262 volentes
1459 2231 1614 2270 iudicare,
1639 2240 1704 2263 non
1730 2232 1813 2263 inter
1838 2232 1973 2264 invitos:

1098 2274 1236 2311 ideoque
1254 2281 1318 2303 uon
1337 2273 1410 2303 dare
1426 2271 1575 2304 effectum
1594 2273 1637 2303 rei
1653 2282 1668 2303 a
1681 2272 1710 2303 se
1723 2273 1891 2313 judicatae,
1907 2273 1974 2304 nul-

1096 2315 1124 2345 la
1142 2313 1289 2345 nascente
1307 2314 1438 2353 judicati
1462 2314 1604 2345 actione:
1628 2314 1657 2344 ὃ(
1683 2314 1725 2345 ob
1751 2314 1815 2345 hoc
1834 2315 1974 2346 invicem
2007 2333 2009 2336 ⁴

1097 2356 1239 2396 promitti
1260 2364 1401 2395 poenam3
1427 2362 1460 2385 ut
1483 2356 1547 2395 ejus
1565 2362 1651 2386 metu
1669 2364 1684 2385 a
1703 2356 1826 2394 placitis
1846 2365 1910 2387 non
1927 2365 1974 2387 re-

1096 2398 1212 2428 cedant
1228 2396 1246 2427 l.
1269 2406 1292 2428 1.
1313 2396 1345 2427 C.
1363 2398 1396 2427 de
1410 2403 1508 2437 recept.
1524 2397 1626 2427 arbitr.
1659 2395 1755 2436 Igitur
1772 2405 1905 2436 oportet
1921 2396 1973 2436 Ju-

1096 2439 1200 2469 dicem
1211 2438 1264 2477 qui
1282 2447 1374 2469 verus
1391 2437 1426 2468 sit
1443 2437 1601 2477 publicam
1622 2437 1739 2468 habere
1752 2437 1913 2477 judicandi
1926 2439 1973 2468 fa-

1097 2480 1266 2510 cultatem:
1291 2488 1359 2519 quae
1378 2478 1511 2510 facultas
1535 2479 1626 2509 notio
1643 2478 1836 2517 appellatur:
1861 2479 1972 2518 estque

1096 2521 1146 2551 vel
1166 2522 1257 2552 notio
1279 2521 1309 2551 in
1330 2520 1452 2560 specie,
1477 2519 1526 2549 vel
1549 2519 1726 2558 jurisdictio
1742 2519 1760 2550 l.
1779 2530 1807 2559 5.
1827 2520 1871 2550 D.
1889 2522 1922 2551 de
1938 2529 1970 2550 re

1090 2563 1181 2603 judic.
1201 2560 1237 2596 ὅ)
1251 2561 1269 2592 ἰ.
1289 2570 1338 2597 99.
1354 2562 1400 2592 D.
1418 2562 1451 2592 de
1466 2561 1542 2591 verb.
1554 2558 1661 2601 fignif.
1699 2559 1777 2591 Inde
1793 2560 1895 2600 Judcx
1914 2562 1971 2592 du-

1097 2604 1187 2643 plex:
1204 2612 1280 2634 unus
1294 2602 1389 2633 babet
1403 2601 1653 2642 Ju1·isdistione1n
1666 2625 1674 2640 ‚
1691 2602 1771 2633 alter
1780 2604 1895 2634 nudam
1913 2612 1969 2634 no-

1098 2645 1229 2675 tionem.
1276 2643 1340 2685 Qui
1354 2643 1607 2683 jurisdictionem
1626 2643 1741 2682 habet,
1766 2643 1969 2684 Magistratus

1096 2686 1211 2716 dicitur
1228 2685 1247 2715 l.
1266 2695 1293 2716 2.
1318 2684 1344 2725 §.
1364 2694 1410 2725 13.
1438 2685 1485 2715 D.
1509 2685 1542 2714 de
1568 2685 1639 2725 orig.
1657 2684 1718 2725 jur.
1744 2685 1837 2716 etiam
1855 2686 1970 2716 dicitur

1097 2726 1316 2767 Magistratum
1334 2734 1386 2756 aut
1404 2724 1594 2766 potestatem
1614 2727 1731 2757 babere
1749 2726 1766 2757 l.
1787 2735 1810 2758 1.
1828 2726 1855 2767 §.
1876 2736 1901 2758 1.
1920 2726 1969 2758 D.

1097 2769 1184 2810 Quod
1194 2769 1313 2809 quisque
1323 2767 1420 2808 juris,
1436 2768 1511 2798 item
1528 2767 1736 2807 jurisdictioni
1754 2767 1882 2807 praeesse
1898 2767 1925 2809 §.
1937 2777 1967 2798 2.

1095 2814 1120 2840 α.
1139 2810 1158 2840 l.
1181 2818 1207 2840 1.
1226 2808 1290 2850 Qui
1310 2809 1426 2840 nudam
1443 2809 1632 2847 notionem,
1649 2809 1679 2839 id
1696 2808 1758 2846 est,
1776 2816 1896 2840 tantum
1914 2817 1970 2839 no-

1096 2851 1217 2882 tionem
1236 2850 1348 2887 habet,
1369 2850 1394 2880 is
1411 2850 1440 2880 in
1459 2849 1562 2890 specie
1578 2849 1680 2889 Judex
1696 2857 1847 2889 vocatur,
1872 2849 1968 2881 etiam

1095 2892 1198 2932 judex
1215 2893 1305 2922 datus
1317 2914 1325 2928 ‚
1342 2891 1504 2930 addictus,
1519 2891 1682 2932 delegatus
1692 2890 1832 2930 specialis
1845 2914 1853 2928 ‚
1871 2891 1900 2922 ὅ(
1915 2899 1969 2930 pe-

1097 2935 1233 2965 daneus:
1251 2932 1377 2971 scilcet,
1393 2933 1465 2973 quia
1475 2933 1578 2964 omnis
1592 2933 1658 2971 ejus
1669 2930 1967 2972 facultasjudicandi

1097 2984 1246 3011 munere,
1264 2974 1295 3004 id
1311 2973 1374 3012 est,
1392 2974 1580 3015 cognitione
1600 2974 1629 3004 ὅ(
1647 2972 1807 3004 sententiae
1828 2972 1968 3003 dissione

1097 3015 1274 3047 finiebatur.
1290 3023 1321 3046 at
1337 3024 1397 3046 nec
1413 3015 1534 3046 directo
1552 3015 1720 3045 adibatura
1736 3013 1967 3053 litigatoribus3

1098 3056 1150 3087 sed
1166 3057 1293 3088 demum
1313 3055 1440 3087 sedebat
1454 3065 1470 3087 a
1487 3055 1626 3087 Praetore
1643 3057 1731 3087 datus
1742 3053 1966 3091 addictusque,

1098 3098 1266 3138 &quidem
1286 3099 1315 3128 in
1334 3106 1394 3128 una
1416 3098 1539 3137 specie,
1562 3096 1624 3128 five
1647 3098 1677 3127 in
1705 3103 1762 3125 una
1779 3094 1968 3125 nominatim

1099 3138 1188 3170 causa
1213 3138 1437 3179 cognoscenda
1457 3138 1687 3178 judicandaque
1705 3157 1714 3172 ‚
1743 3143 1806 3164 non
1830 3142 1889 3172 pro
1915 3133 1969 3165 tri-

1099 3181 1223 3219 bunali,
1249 3182 1299 3211 sed
1316 3181 1345 3210 in
1362 3178 1510 3211 subselliis
1528 3180 1569 3209 de
1586 3179 1688 3217 plano.
1707 3174 1811 3214 Atque
1828 3174 1917 3213 haec,
1933 3174 1968 3205 fi-

1100 3223 1165 3254 mul
1190 3221 1484 3263 quemadmodum,
1517 3219 1546 3250 &
1569 3218 1601 3250 in
1624 3216 1737 3258 quibus
1761 3214 1858 3248 caufis
1884 3214 1971 3286 stf'iiig
