2036 3495
194 116 264 152 340

191 194 295 232 bitur,
314 191 428 230 lapides.
455 194 550 226 quam
569 184 754 230 scripturam
771 184 862 224 supra
878 184 975 225 magis
995 193 1068 224 pro-

193 235 284 267 bavi:
301 232 355 264 etsi
372 238 433 261 nec
447 228 664 260 Florentinum
675 226 867 256 damnarem.
893 234 1068 265 utcumque

195 277 272 308 erit:
288 274 308 305 si
326 273 356 303 in
374 270 477 301 fundo
494 268 553 300 fint
568 275 663 306 apeS,
682 266 712 298 δε
726 267 816 298 tundi
835 266 954 298 reditus
971 267 1068 298 etiam

196 326 237 348 ex
252 314 347 346 melle
364 310 509 348 constet3
534 309 634 349 inagis
659 306 725 346 est,
748 317 820 338 eum
838 317 969 348 quoque
985 308 1066 339 redi·

198 366 265 388 tum
279 356 318 386 ad
334 352 538 384 fructuarium
563 349 745 390 pertinere:
769 350 843 389 quia
867 359 977 381 verum
1001 348 1067 388 est,

193 399 255 438 jam
271 405 345 432 apes
364 393 418 424 sub
436 392 526 423 fundi
543 390 756 423 insti-umento
773 390 933 422 contineri
949 391 969 424 l.
984 390 1068 432 12.§.

198 447 245 479 13.
264 436 300 470 δέ)
318 436 337 466 l.
358 444 403 467 10.
423 433 466 465 D.
484 435 518 464 de
533 430 672 473 instructo
690 432 736 463 vel
751 429 941 472 instrumento
962 433 1065 475 legato.

237 478 347 509 Simile
369 483 519 516 putemus
536 474 576 506 de
595 473 783 511 seminario,
807 472 933 513 sancto,
957 474 1069 505 harun-

198 520 311 551 dineto
322 541 331 557 ,
347 517 422 549 silva
439 517 546 557 palari.
570 515 615 547 est
632 524 710 546 vero
726 514 768 545 de
784 514 832 546 his
848 515 1001 556 diligenS,
1017 514 1070 547 sed

197 561 347 598 obscura,
371 558 542 599 disputatio
570 555 715 596 Ulpiani,
739 555 769 587 &
789 555 980 596 Pomponii,
1004 556 1023 588 l.
1041 565 1070 593 9.

196 601 226 643 §.
244 605 274 633 6.
292 600 329 637 ὅ)
348 610 376 642 7.
394 601 462 631 item
477 599 497 631 l.
522 608 569 630 10.
593 598 630 629 l).
650 599 684 628 de
701 596 880 636 usufruftu:
904 607 964 629 nec
983 597 1071 638 pige·

197 645 244 674 bit
267 653 318 674 me
335 665 345 680 ,
373 650 484 673 eorum
510 640 607 671 verba
633 648 709 670 ineo
734 647 824 669 more
849 639 1071 680 interpretari:

197 685 292 716 initio
311 683 398 715 facto
410 683 449 714 ab
467 681 620 722 Ulpiano.
644 680 739 711 verba
755 679 785 721 ᾗ.
803 683 834 711 6.
851 680 1008 712 seminarii
1020 690 1072 711 au-

200 733 256 758 tem
269 726 408 766 fructum
425 730 497 764 puto
515 723 552 753 ad
561 721 770 762 fruiiuarium
789 722 949 760 pertinere.-
972 723 1015 752 ita
1030 728 1073 752 ta-

199 778 264 800 men
275 790 285 807 ,
310 773 343 798 nt
361 765 398 800 ὃ)
421 766 545 795 vendere
563 765 589 794 ei
603 763 638 797 δ’
647 763 795 803 sentinare
811 762 906 794 liceat.
932 765 1010 794 debet
1027 770 1072 794 ta·

198 819 261 840 men
279 807 445 847 conserendi
467 806 534 846 agri
549 806 638 841 caula
653 805 840 841 seininarium
855 810 990 845 paratum
1003 805 1073 841 fem-

191 857 246 892 per
263 857 419 886 renovare,
443 845 526 888 quafi
540 843 764 887 instrumentum
779 846 862 887 agri;
886 853 921 877 ut
930 845 1019 887 finito
1036 855 1070 877 u—

189 890 335 933 Jicfrukiu
351 890 463 920 domino
480 887 665 929 restituatur.
681 886 710 929 ὃ.
729 896 757 926 7.
773 885 960 927 instrumenti
976 893 1073 919 autem

191 932 331 974 frustum
340 932 441 962 habere
451 931 528 960 debet
538 940 548 960 .·
561 929 707 960 vendendi
717 935 812 959 tamen
822 929 1001 969 facultatem
1015 938 1073 960 non

201 975 293 1006 habet.
336 972 420 1004 Nam
436 970 473 1006 δέ)
482 969 511 1009 si
519 971 615 1010 fundi
633 968 926 1009 ususfrzttfiztsfuerit
943 971 1074 1012 legatus,

201 1016 238 1050 ἑὸ)
247 1014 287 1054 sit
304 1023 393 1057 ager,
410 1014 488 1045 uncle
500 1013 566 1053 palo
583 1013 614 1042 in
630 1012 758 1049 fundum
770 1034 779 1049 ‚
790 1012 874 1054 cujus
887 1011 1075 1051 ulusfruftus

201 1058 314 1099 legatus
332 1053 389 1097 est,
401 1055 510 1096 solebat
523 1053 737 1094 paterfamilias
750 1054 812 1092 uti,
825 1053 872 1084 vel
879 1053 970 1094 salice
984 1053 1030 1084 vet
1044 1062 1074 1084 a·

201 1100 347 1131 runcline:
362 1103 432 1139 puto
448 1095 650 1132 frudinarium
665 1093 803 1126 haetenus
820 1096 863 1126 uti
876 1094 969 1135 poffe‚
987 1104 1023 1126 ne
1038 1103 1076 1125 ex

199 1150 228 1171 eo
244 1140 364 1171 vendat.
401 1135 458 1175 nisi
478 1138 554 1175 forte
566 1135 668 1177 Jalz'ffl
682 1136 727 1173 ei,
748 1135 794 1166 vel
805 1134 888 1173 filvae
900 1137 1013 1177 palaris
1028 1135 1075 1166 vel

199 1180 370 1213 arundineti
386 1177 619 1220 usnsfrubiusfit
633 1178 762 1217 legatus.-
778 1181 848 1208 tunc
865 1179 940 1208 enim
958 1176 1075 1211 &ven-

200 1225 264 1254 dere
280 1219 385 1263 potest.
435 1220 519 1252 Nam
541 1218 579 1253 ἐξ
600 1218 750 1250 Trebatius
769 1219 884 1258 scribit,
901 1218 1011 1256 filvam
1027 1228 1076 1249 cae-

203 1266 292 1296 duam
308 1263 344 1298 &⁹
360 1262 570 1293 arundinetum
590 1259 663 1301 poffe
674 1258 882 1299 frutiuarium
896 1261 1019 1297 caedere,
1035 1257 1076 1296 fi·

203 1314 252 1337 cut
262 1303 475 1346 paterfamilias
494 1304 633 1333 caedebat:
657 1300 693 1336 ἐπ”
708 1302 848 1340 vendere,
865 1302 930 1332 licet
943 1301 1077 1342 paterfa‘

202 1347 299 1378 mittas
318 1355 377 1377 non
387 1344 493 1383 solebat
507 1345 651 1382 vendere,
673 1342 727 1382 sed
741 1343 797 1383 ipse
814 1343 878 1379 uti;
910 1344 947 1374 ad
963 1344 1077 1373 modum

204 1390 281 1419 enim
297 1387 481 1427 referendum
496 1383 534 1426 efl
545 1407 555 1423 ‚
569 1394 627 1415 non
642 1386 679 1414 ad
693 1383 864 1424 qualitatem
879 1385 988 1415 utendi.
1013 1383 1079 1414 Pri-

206 1439 291 1461 mum
311 1428 377 1470 agit
395 1426 549 1467 Ulpianus
575 1426 615 1457 de
630 1425 782 1463 s'ernz'nario
798 1448 807 1461 ‚
838 1426 927 1464 quod
944 1425 1007 1456 alio
1023 1433 1078 1470 no-

203 1472 290 1503 mine
306 1476 440 1500 vocatur
453 1468 654 1507 plantarium:
668 1465 778 1505 estque
796 1467 886 1497 locus
903 1468 933 1498 in
952 1476 1017 1506 quo
1035 1474 1079 1496 vi·

204 1513 283 1543 tium
309 1511 503 1541 arborumve
527 1507 662 1547 plantae,
686 1515 764 1545 quas
782 1507 918 1539 Veteres
940 1506 1078 1547 appella-

203 1554 282 1584 bant
306 1551 439 1587 semina,
461 1548 500 1580 ad
523 1548 589 1579 hoc
613 1547 791 1586 habentur,
815 1556 850 1579 ut
874 1549 989 1580 adultae
1006 1556 1078 1579 cum

204 1592 362 1626 radicibus
387 1591 463 1622 inde
489 1588 720 1621 transferantur
741 1589 772 1620 in
796 1590 937 1630 pomaria
956 1590 1078 1621 vineas-

205 1645 255 1666 ve.
279 1633 310 1664 id
337 1638 397 1673 (ne
422 1631 576 1663 adducam
594 1631 673 1661 alios
689 1631 753 1670 jam
771 1631 887 1663 citatos
903 1641 919 1662 a
937 1631 1078 1669 Budceo,

205 1677 244 1707 V.
264 1674 323 1707 CL.
340 1673 487 1705 Annotat.
505 1674 543 1704 ad
560 1672 656 1704 Pana.
671 1678 741 1713 pag.
759 1673 851 1713 207.)
868 1672 1006 1704 ostendit
1025 1671 1080 1702 Ul-

202 1717 313 1758 pianus
328 1715 348 1746 l.
365 1725 394 1756 3.
412 1715 441 1757 §.
458 1724 488 1753 4.
509 1713 552 1744 D.
576 1714 725 1744 Arborum
740 1713 850 1751 fartim
871 1714 1025 1754 casarum:
1047 1712 1082 1744 Si

203 1760 268 1800 quis
280 1782 289 1795 ,
312 1757 477 1797 inquiens,
493 1752 632 1796 stirpitus
645 1764 660 1785 e
669 1755 827 1794 seminario
842 1757 968 1787 arborem
985 1761 1079 1785 trans-

203 1801 303 1831 tulerit
321 1822 330 1838 ,
352 1804 509 1839 antequam
531 1802 638 1827 terram
658 1796 897 1835 comprehenderit
916 1820 926 1833 ,
956 1798 1082 1827 arborem

205 1842 310 1873 videri.
356 1839 457 1881 Igitur
484 1839 512 1870 le
537 1846 591 1869 ato
617 1835 778 1868 usufructu
793 1836 885 1869 fundi
909 1838 940 1869 in
958 1846 1023 1877 quo
1043 1836 1080 1868 sit

204 1882 425 1915 seminarium:
450 1880 493 1911 ait
543 1880 665 1919 lpianns
677 1901 686 1915 ,
704 1879 732 1909 d.
751 1877 779 1918 §.
796 1882 826 1910 6.
844 1878 1001 1921 seminarii
1014 1877 1079 1909 fru-

207 1925 293 1956 tium
309 1924 347 1955 ad
371 1922 578 1954 fructuarium
595 1920 774 1960 pertinere:
798 1920 909 1960 utique
925 1919 986 1957 (fic
1012 1921 1080 1960 opi·

206 1967 286 2005 nor)
306 1965 327 1997 si
351 1966 383 1996 in
407 1963 497 1995 fundi
523 1962 627 1994 reditu
644 1960 819 1999 habeatur,
844 1971 935 1993 more
952 1969 1082 1993 caetera-

205 2017 276 2039 rum
291 2008 428 2048 partium
446 2004 550 2036 fundi.
573 2011 645 2035 nam
663 2002 772 2040 legato
790 2001 880 2034 fundi
898 2002 1078 2040 usufiuftu,

207 2049 331 2090 legatus
356 2047 543 2088 intelligitur
563 2043 757 2076 ususfrufitus
780 2045 922 2075 omnium
945 2045 1082 2084 partium

206 2090 307 2122 fundi.
350 2089 472 2129 legatus
496 2088 592 2129 igitur
614 2085 739 2117 videtur
762 2084 918 2117 seminarii
943 2084 1080 2130 ususfru-

210 2131 297 2170 tius,
321 2138 483 2170 tamquam
507 2128 616 2169 partis.
649 2136 716 2166 quo
739 2127 839 2158 modo
856 2127 874 2158 ‘2
896 2127 947 2173 ‘ait
971 2124 1082 2166 Ulpia-

208 2182 286 2211 nuS,
305 2172 347 2203 ita
363 2180 397 2203 ut
414 2172 442 2202 ei
461 2171 490 2202 ἃ.
510 2171 650 2202 vendere
667 2168 697 2199 ἃ
714 2167 866 2199 seminare
882 2169 987 2200 liceat.
1010 2176 1083 2199 nam

208 2214 240 2245 δε
259 2212 464 2253 proprietatis
482 2212 630 2242 dominus
650 2219 691 2241 eo
710 2209 877 2241 seminario
894 2209 963 2241 usus
983 2208 1028 2241 est
1045 2209 1084 2240 ad

208 2254 458 2295 compendium:
481 2253 513 2284 id
535 2251 581 2283 est
596 2252 635 2281 ad
652 2252 735 2288 boc,
759 2259 794 2282 ut
813 2252 930 2282 vendat
948 2251 978 2282 ἃ
994 2249 1084 2282 semi-

209 2304 275 2328 net.
301 2294 421 2335 quodss
438 2301 581 2334 paratum
592 2293 909 2324 babuitleminarium
926 2292 990 2332 agri
1009 2301 1085 2323 con-

209 2336 333 2369 serendi
353 2334 461 2368 causa:
486 2336 541 2375 (ut
558 2343 712 2375 oportere
727 2333 847 2365 bonuiii
864 2332 1082 2374 patremfami-

209 2380 287 2418 lias,
311 2379 354 2410 ait
379 2376 561 2409 Columella
577 2398 587 2414 ‚
612 2375 659 2406 De
680 2384 710 2406 re
736 2373 844 2416 rustica
866 2376 914 2407 lib.
933 2386 962 2415 5.
987 2385 1011 2406 c.
1033 2375 1084 2414 6.)

212 2428 327 2451 conti-a
349 2417 458 2450 censet
478 2416 632 2459 Ulpianus
648 2416 675 2457 §.
697 2419 725 2447 6.
745 2417 774 2447 d.
794 2417 814 2448 l.
834 2427 871 2456 9,
894 2419 940 2448 ita
956 2417 1086 2448 demum

208 2461 372 2492 fi⁴u6tuarii
400 2459 473 2492 fore
497 2459 561 2499 ejus
589 2457 755 2489 fructum:
788 2458 809 2489 si
834 2468 875 2489 co
899 2466 1004 2489 utatur
1025 2467 1086 2504 pro

210 2502 300 2533 fundi
321 2501 553 2533 instrumento:
579 2500 610 2531 id
627 2500 692 2537 est,
717 2507 751 2530 ut
769 2499 885 2531 habeat
900 2509 940 2531 ex
956 2508 1022 2540 quo
1041 2508 1088 2530 Vl-

213 2550 261 2574 tes
292 2544 454 2583 plantasve
481 2542 644 2574 substituat
666 2541 695 2572 in
722 2542 828 2572 iocum
848 2542 1086 2572 demortuarum

213 2585 362 2616 arborum
382 2585 559 2615 vitiumve:
577 2592 642 2614 non
662 2584 759 2620 item,
777 2591 810 2613 ut
822 2583 903 2614 vites
920 2582 1086 2623 plantasve

212 2626 342 2656 vendat.
366 2634 427 2665 qua
442 2624 593 2656 ratione?
616 2624 659 2655 ait
677 2623 831 2663 Ulpianus
848 2625 876 2654 d.
900 2624 919 2655 l.
944 2633 973 2660 9.
998 2623 1027 2665 §.
1057 2632 1085 2662 7.

214 2667 287 2706 quia
299 2666 394 2696 babet
412 2666 610 2697 insti-umenti
629 2664 789 2704 fruetuum
807 2665 967 2696 vendendi
985 2664 1087 2696 facul-

213 2716 313 2739 tatem
330 2716 395 2738 noti
416 2707 521 2738 haber.
554 2705 660 2747 potest
682 2708 779 2747 igitur
794 2705 984 2738 fructuarius
1001 2706 1090 2738 semi-

215 2750 305 2780 nario
316 2771 324 2785 ‚
340 2749 404 2788 agri
420 2748 606 2779 conserendi
625 2748 714 2779 causa
727 2757 853 2787 parato,
867 2748 912 2779 uti
928 2756 1090 2788 tamquam

216 2789 425 2822 instrumento
440 2789 479 2819 ad
495 2789 559 2828 agri
576 2788 683 2829 iisum3
699 2799 764 2821 non
783 2790 821 2820 ad
839 2789 925 2821 suum
935 2798 1089 2829 compen-

215 2831 310 2863 dium.
338 2829 408 2861 satis
424 2830 464 2860 de
480 2828 658 2861 seminario.
681 2831 844 2862 videamus
861 2832 901 2862 de
919 2830 993 2862 filva
1008 2831 1090 2872 pala-

214 2873 259 2912 ri,
283 2871 409 2909 saliCto,
430 2871 458 2900 ἁ
478 2871 688 2909 arundinem,
711 2873 743 2903 in
766 2872 879 2911 quibus
896 2872 988 2913 plane
1006 2871 1086 2903 fimi-

214 2914 265 2946 lia.
309 2912 442 2953 Optime
458 2909 529 2942 sane
547 2910 725 2944 Columella
749 2913 797 2945 lib.
818 2924 848 2955 3.
873 2924 897 2946 c.
923 2924 954 2956 3.
986 2912 1088 2945 solere

216 2956 300 2987 hanc
315 2962 446 2994 quoque
461 2953 569 2989 dotem,
589 2954 618 2983 id
637 2951 675 2992 est
687 2977 697 2988 ,
721 2962 755 2985 ut
772 2955 895 2995 inquit,
916 2952 1089 2996 instrumen-

216 3004 280 3029 tum
300 2996 395 3027 vineis
406 2994 576 3035 preparari.
609 2992 651 3024 Et
668 2995 754 3026 addit
773 2996 820 3026 lib.
840 3006 868 3035 4.
888 3007 912 3029 c.
932 3006 981 3038 30.
1016 2996 1089 3028 Haec

214 3038 299 3081 quasi
314 3038 444 3079 quadam
460 3036 535 3066 dotes
552 3035 646 3065 vineis
663 3042 730 3066 ante
741 3042 966 3078 preparantur,
982 3040 1088 3080 quibus

210 3081 241 3120 fi
253 3078 387 3119 deficitur
402 3077 546 3120 agricola,
569 3077 684 3114 causam
695 3077 829 3116 faciendi
849 3081 949 3109 vineta
967 3089 1024 3110 non
1040 3079 1089 3110 ha-

219 3125 282 3158 bet,
306 3130 370 3151 cum
394 3120 489 3149 omnia
510 3127 572 3159 qnae
584 3119 659 3157 sitnt
686 3116 837 3155 nectffciria
860 3126 944 3150 extra
953 3121 1090 3158 fundum

218 3163 369 3204 quaerenda
377 3160 459 3199 sint,
475 3169 528 3190 nec
544 3160 691 3199 emptionis
708 3163 822 3188 tantum
839 3157 931 3198 (ficut
948 3163 989 3191 ait
1007 3162 1090 3192 Atti-

218 3207 288 3245 cus)
306 3204 434 3244 pretium
458 3208 557 3234 onerat
579 3198 679 3241 rustici
702 3200 858 3238 rationem,
872 3200 927 3241 sed
942 3200 981 3241 esi
1000 3204 1089 3235 etiam

802 95 1115 131 GERARDI
1167 91 1399 127 Noonr

1110 183 1281 222 comparatio
1289 179 1486 223 molestiffinza.
1510 181 1692 214 convehenda
1701 181 1772 222 sunt
1787 185 1862 216 enim
1874 189 1978 228 tempo-

1110 232 1141 254 re
1156 222 1327 264 iniquiffimo
1341 224 1470 265 hyberni.
1494 221 1570 255 Hoc
1587 233 1629 254 eo
1641 224 1801 256 lubentius
1816 225 1978 267 adscripsit

1111 264 1185 304 quia
1207 274 1271 296 non
1297 264 1343 296 est
1366 265 1406 296 ab
1432 264 1500 296 aliis
1522 264 1714 304 adductum
1736 272 1832 306 atque
1853 267 1980 300 interim

1110 305 1256 346 proderit
1271 304 1418 346 praesent'i
1433 307 1508 337 loco
1518 316 1527 345 3
1538 305 1634 337 etiam
1646 316 1687 337 eo
1702 306 1819 338 clarior
1834 305 1980 342 fieti-atio

1112 347 1206 387 legati
1223 348 1315 378 annui
1332 357 1372 379 ex
1393 347 1466 379 filva
1482 347 1597 388 palari,
1621 349 1672 380 vel
1690 347 1805 387 salicti,
1828 348 1881 380 vel
1895 358 1983 384 arun-

1113 387 1234 427 dineti,
1252 388 1352 420 reliffi
1372 389 1512 429 praedio,
1529 390 1773 429 opportunitate
1788 390 1855 430 eius
1873 389 1982 423 instru-

1102 429 1211 460 menti
1230 428 1402 469 destituto,
1425 431 1456 462 in
1473 430 1492 461 l.
1515 439 1562 462 12.
1580 429 1623 463 D.
1641 432 1675 461 (le
1690 431 1799 462 annuis
1815 431 1932 478 legatis,
1950 433 1981 465 &

1113 470 1145 501 in
1170 469 1323 506 sequente
1346 474 1452 512 capite
1477 471 1657 504 testamenti
1681 471 1730 505 M.
1755 471 1906 514 Megonii
1921 496 1932 512 ,
1954 483 1985 505 aa

1113 512 1179 584 ppd
1196 510 1389 551 Gruterum,
1414 513 1498 554 Corp.
1516 513 1652 554 Inscript.
1667 519 1739 555 pag.
1756 522 1826 555 215.
1844 513 1935 552 Inscr.
1953 525 1982 548 2.

1159 561 1454 587 oc.AMPL1US.
1483 563 1545 588 ΛΒ.
1568 564 1845 588 HEREDIBUS.
1868 564 1982 589 Meis.

1114 602 1506 628 v0L0.PRAEsTAR1.
1525 604 1633 628 REIP.
1656 605 1984 631 PETELINORUM.
2033 618 2034 626 π

1286 645 1374 666 REP.
1407 646 1743 669 PETELINORUM.
1779 648 1984 671 CORPORI.
2033 651 2034 658 ¹

1114 644 1177 666 ET.
1212 645 1244 665 A.

1114 685 1453 710 AUCUSTALIUM.
1475 688 1537 710 EX.
1560 679 1762 711 PRAEDls.
1788 689 1984 712 CETERIS.

1115 726 1229 749 MEls.
1270 725 1425 750 PALUM.
1464 729 1636 754 DICARE.
1676 730 1881 753 OMNIBUS.
1921 731 1985 754 AN-

1116 768 1193 791 Nis.
1217 767 1485 792 SUFFICIENS.
1509 769 1782 794 PEDATURAE.
1806 771 1985 795 viNEAE.
2034 769 2035 778 ¹

1117 809 1251 840 QUAM.
1288 809 1632 835 AUGUSTALIBUS.
1669 812 1845 836 Litorivr.
1888 804 1987 845 Igitur
2035 803 2036 844 j

1114 841 1218 882 finge,
1243 841 1381 882 legatum
1408 842 1470 874 ess'e
1495 842 1720 875 usumfructum
1745 844 1859 884 fundi;
1882 847 1914 877 in
1934 854 2008 877 eo-·
2035 861 2036 868 κ

1116 892 1178 923 que
1202 881 1264 913 effe
1290 892 1418 923 agrum,
1441 885 1527 916 unde
1549 885 1625 925 palo
1641 885 1673 916 in
1689 884 1825 917 fundum
1841 886 1928 926 quus
1946 887 1988 918 le·
2035 895 2036 916 i

1115 932 1206 964 gatus
1223 922 1267 954 est
1283 924 1496 964 ususfructus,
1513 927 1559 957 uti
1576 925 1657 958 solet
1671 926 1915 966 paterfamilias:
1931 926 1988 960 fin-

1115 975 1176 1006 ge,
1199 964 1324 996 salicem
1342 965 1421 999 effe:
1445 966 1553 1008 finge,
1573 966 1793 1000 harundinem.
1817 969 1861 999 ait
1879 967 1988 1010 Ulpia-

1117 1015 1175 1038 nus
1191 1007 1220 1038 d.
1240 1005 1268 1048 ἓ.
1286 1016 1316 1048 7.
1337 1006 1356 1038 l.
1372 1017 1394 1044 9
1407 1031 1417 1046 ,
1434 1016 1557 1040 tantum
1574 1007 1700 1041 usurum
1717 1009 1766 1041 his
1783 1009 1989 1043 fructuarium

1117 1057 1176 1088 pro
1193 1047 1284 1079 fundi
1299 1047 1529 1082 instrumento:
1545 1059 1610 1082 iion
1628 1051 1725 1083 etiam
1743 1060 1778 1083 ut
1794 1052 1921 1084 vendat.
1936 1050 1990 1084 sci·

1118 1090 1215 1128 licet,
1238 1089 1312 1130 quia
1329 1090 1359 1121 ἅ
1380 1090 1606 1131 patei-familias
1622 1091 1660 1123 iis
1676 1101 1741 1124 non
1761 1092 1873 1132 aliter,
1896 1102 1990 1134 quam

1117 1139 1177 1171 pro
1193 1130 1284 1162 fundi
1301 1130 1514 1164 instrumento
1531 1133 1698 1165 utebatur:
1727 1143 1789 1165 nec
1806 1134 1912 1175 potest
1926 1134 1990 1166 fru-

1119 1172 1256 1203 &uarius
1273 1181 1306 1203 re
1321 1171 1512 1213 fructuaria,
1530 1174 1637 1214 eJ'usve
1653 1174 1864 1208 instrumento
1880 1176 1991 1216 aliter,

1119 1221 1214 1252 quam
1239 1213 1278 1244 ad
1299 1214 1433 1246 modum
1459 1214 1694 1255 patrisfamilias
1711 1219 1767 1248 uti.
1809 1216 1887 1249 Non
1905 1217 1991 1249 idem

1119 1252 1184 1285 est:
1207 1252 1228 1285 si
1253 1256 1284 1284 in
1309 1255 1356 1287 liis
1374 1264 1504 1296 quoque
1517 1255 1608 1288 fundi
1627 1257 1762 1298 vectigal
1780 1257 1842 1290 ess‘e
1858 1257 1992 1290 consue-

1119 1296 1183 1327 vit:
1209 1304 1281 1326 nam
1307 1304 1375 1327 tum
1396 1297 1485 1328 caesae
1508 1298 1672 1330 arundinis
1687 1301 1739 1330 vel
1757 1299 1818 1340 pali
1835 1309 1992 1341 compen-

1120 1336 1209 1368 dium
1224 1336 1264 1368 ad
1283 1335 1491 1370 fructuarium
1508 1339 1688 1380 pertinere,
1713 1339 1828 1373 Paulus
1845 1340 1953 1373 scribit
1969 1341 1991 1374 l.

1119 1387 1169 1418 59.
1189 1377 1219 1418 §.
1237 1387 1266 1409 2.
1290 1377 1331 1409 D.
1356 1380 1389 1409 de
1403 1380 1577 1420 usufructu:
1601 1380 1673 1413 satis
1690 1382 1924 1415 convenienter
1942 1382 1993 1414 his

1122 1428 1193 1463 quae
1210 1419 1274 1450 dixi
1292 1421 1332 1450 de
1350 1419 1515 1453 seminario
1532 1445 1542 1458 ,
1566 1422 1604 1454 ad
1621 1423 1850 1463 compendium
1869 1431 1992 1465 parato.

1121 1460 1226 1491 Mitto
1244 1460 1386 1494 Paulum.
1410 1465 1485 1503 quid
1503 1462 1685 1505 Ulpianus?
1708 1465 1793 1496 idem
1808 1465 1877 1506 d.§.
1890 1465 1949 1505 7.l.
1962 1475 1993 1502 9.

1123 1501 1170 1532 liis
1191 1502 1313 1541 verbis,
1337 1502 1409 1541 Nisi
1416 1505 1498 1544 forte
1509 1504 1642 1543 salifflez'
1656 1505 1703 1535 vel
1712 1504 1796 1542 filvae
1809 1508 1937 1546 palaris,
1948 1506 1993 1538 vet

1120 1544 1291 1574 arundineti
1307 1545 1494 1584 ususfructus
1501 1544 1544 1584 sit
1560 1547 1687 1587 legatus:
1704 1552 1775 1577 tunc
1791 1547 1992 1582 enim&ven-

1121 1586 1185 1615 dere
1203 1582 1303 1625 potest.
1342 1585 1456 1619 Sensus
1475 1587 1538 1626 est,
1562 1587 1591 1619 Si
1612 1586 1700 1619 forte
1716 1588 1843 1620 relictus
1857 1588 1893 1620 fit
1912 1588 1994 1621 usus·

1121 1626 1243 1656 fruetus
1267 1625 1361 1658 i'aiitn
1376 1650 1387 1666 ‚
1411 1628 1462 1659 vel
1487 1628 1570 1659 filvae
1593 1629 1707 1669 palaris
1729 1631 1780 1661 vel
1795 1630 1994 1670 arundineti,

1123 1676 1188 1698 non
1214 1676 1373 1706 tamquam
1401 1668 1600 1701 instrumenti
1616 1669 1726 1709 fundi,
1750 1670 1802 1702 sed
1820 1679 1856 1703 ut
1878 1671 1993 1710 saneti,

1125 1708 1176 1739 vel
1194 1707 1276 1739 filvae
1292 1710 1421 1748 palaris,
1446 1711 1496 1742 vel
1515 1711 1714 1752 arundineti,
1738 1713 1817 1744 caedi
1840 1712 1871 1745 ἃ
1897 1713 1995 1745 vendi

1124 1748 1228 1785 soliti,
1253 1758 1319 1780 tum
1337 1750 1543 1784 fruetuarium
1564 1753 1688 1784 caedere
1705 1762 1742 1784 ac
1759 1754 1900 1785 vendere
1919 1763 1994 1794 pos-

1124 1790 1165 1822 se.
1197 1789 1241 1821 Et
1257 1791 1362 1822 adfert
1376 1791 1528 1833 Ulpianus
1542 1793 1623 1825 hanc
1638 1792 1784 1826 Trebatii
1796 1794 1993 1828 sententiam.

1124 1832 1209 1864 Nam
1234 1831 1271 1867 {5⁹
1288 1831 1399 1870 stivam
1419 1835 1546 1866 caeduam
1570 1835 1607 1870 δέ)
1622 1837 1831 1867 arundinetum
1841 1835 1915 1877 poffe
1924 1837 1996 1877 fru-

1123 1874 1270 1905 &uarium
1293 1875 1395 1906 caedere
1411 1899 1421 1914 ‚
1446 1874 1526 1914 ficut
1547 1877 1762 1918 paterfamilias
1787 1879 1929 1917 credebat,
1959 1877 2013 1919 &-

1123 1916 1264 1954 vendere,
1289 1915 1353 1946 licet
1372 1917 1586 1958 paterfamilias
1600 1928 1657 1949 non
1666 1918 1774 1958 Jblebat
1787 1921 1927 1958 vendere,
1943 1919 1995 1959 sed

1124 1960 1181 1996 ipse
1198 1958 1252 1987 uti.
1284 1956 1463 1996 Nimirum,
1480 1960 1552 1999 quia
1568 1969 1633 1991 non
1650 1959 1789 2000 spectant
1806 1961 1886 1998 alio,
1902 1970 1996 2001 quam

1125 2000 1164 2028 ad
1180 1997 1330 2030 fructum.
1355 2000 1424 2030 vult
1441 2001 1537 2040 igitur
1555 1999 1710 2040 Ulpianus
1726 2002 1754 2032 d.
1770 2001 1790 2033 l.
1805 2011 1835 2038 9.
1852 2001 1880 2042 §.
1897 2011 1934 2041 7,
1950 2011 1998 2033 re-

1125 2039 1201 2071 licto
1228 2039 1389 2071 usufructu
1409 2042 1527 2072 caeduae
1552 2041 1653 2080 illvm,
1677 2051 1767 2080 eam,
1791 2044 1933 2082 quamvis
1952 2042 1997 2073 so-

1125 2082 1188 2112 leat
1206 2079 1311 2112 saltem
1331 2081 1362 2112 in
1385 2081 1472 2113 usum
1488 2082 1722 2123 patrisfamilias
1738 2084 1817 2115 caedi
1829 2107 1838 2122 ,
1861 2093 1926 2115 non
1944 2083 1997 2114 ha-

1127 2121 1236 2153 crenus
1257 2131 1406 2162 quoque,
1423 2132 1458 2154 ut
1476 2123 1551 2154 caesa
1570 2125 1740 2156 vendatur:
1764 2132 1869 2156 tamen
1888 2133 1997 2165 quate-

1127 2172 1183 2194 nus
1200 2172 1215 2193 a
1235 2162 1460 2204 patrefamilias
1476 2165 1556 2196 caedi
1574 2164 1670 2203 solet,
1688 2164 1777 2206 poffe
1792 2175 1809 2197 a
1824 2165 1997 2198 fructuario

1126 2205 1205 2235 caedi
1218 2227 1227 2243 ,
1245 2204 1274 2235 &
1290 2203 1401 2236 caesam
1416 2206 1525 2238 vendi.
1549 2206 1579 2237 &
1590 2205 1998 2247 praefatui·U1pianus‚effe

1128 2247 1159 2277 id
1177 2246 1215 2276 ad
1232 2246 1363 2278 moduni
1380 2245 1605 2286 referendum,
1629 2258 1695 2280 non
1710 2249 1750 2279 ad
1769 2249 1880 2280 utendi
1902 2249 1996 2289 quali-

1128 2296 1238 2319 tatem.
1257 2288 1361 2319 hocin
1372 2296 1514 2328 tanturn,
1530 2297 1564 2320 ut
1579 2288 1769 2321 fructuarius
1778 2289 1872 2321 etiam
1888 2290 1998 2323 intem-

1128 2328 1249 2369 pestive
1267 2330 1392 2361 caedere
1411 2330 1523 2370 poffit3
1543 2331 1695 2370 perinde,
1714 2338 1749 2362 ut
1764 2331 1796 2363 in
1812 2330 1905 2371 foeno
1919 2332 1948 2363 ἀ
1964 2340 1996 2362 o·

1128 2371 1190 2403 Iiva
1205 2372 1372 2402 immatura
1389 2371 1508 2402 dietum
1527 2370 1626 2412 supra.
1659 2372 1744 2403 Dedi
1762 2381 1856 2413 quam
1872 2371 1995 2413 promifi

1128 2413 1232 2445 lucem
1252 2411 1392 2452 Ulpiano
1409 2414 1437 2444 d.
1455 2413 1474 2443 l.
1483 2422 1513 2450 9.
1532 2412 1601 2454 §.6.
1622 2412 1659 2448 ὅ)
1673 2422 1702 2454 7.
1721 2413 1764 2445 D.
1782 2415 1815 2445 de
1831 2413 1994 2455 usufrueiu.

1171 2454 1255 2486 Petit
1273 2453 1366 2485 &sibi
1385 2453 1526 2494 praeferri
1541 2454 1677 2495 aliquam
1693 2455 1890 2496 Pomponius
1908 2456 1927 2486 l.
1948 2464 1993 2487 10.

1130 2496 1173 2527 D.
1192 2497 1251 2527 eod.
1271 2496 1317 2525 tit.
1339 2496 1400 2536 ait,
1424 2495 1475 2526 Ex
1491 2495 1572 2534 filva
1596 2497 1695 2527 caedua
1711 2498 1884 2536 pedamenta
1900 2496 1937 2532 &⁹
1949 2506 1994 2528 ra-

1128 2548 1186 2569 mos
1210 2547 1246 2568 ex
1274 2538 1370 2567 arbore
1392 2536 1647 2577 usufruftuarium
1666 2538 1868 2578 sumpturum:
1891 2547 1926 2569 ex
1941 2547 1995 2568 non

1129 2581 1226 2610 caedua
1244 2579 1275 2610 in
1293 2579 1409 2609 vineam
1419 2580 1626 2619 sumpturum,
1646 2580 1714 2610 dum
1731 2589 1766 2610 ne
1779 2580 1907 2619 fundum
1922 2580 1995 2610 dete-

1128 2620 1348 2658 rioremfaciat.
1375 2619 1459 2651 Silva
1477 2620 1603 2657 caedua,
1623 2619 1706 2661 Gajo
1724 2620 1743 2651 l.
1760 2631 1810 2662 30.
1826 2620 1868 2652 D.
1885 2622 1917 2652 de
1932 2629 1994 2651 ver-

1129 2664 1227 2694 borum
1241 2659 1457 2702 fignificatione
1479 2660 1525 2692 est
1549 2670 1618 2701 quae
1643 2662 1674 2693 in
1700 2662 1764 2694 boc
1789 2662 1939 2701 babetur,
1962 2668 1996 2692 ut

1131 2704 1287 2734 credatur:
1305 2703 1407 2733 modo
1420 2700 1537 2733 succisa
1553 2701 1655 2735 rursus
1669 2713 1710 2735 ex
1725 2703 1869 2744 stirpibus
1884 2712 1936 2735 aut
1952 2711 1993 2734 ra-

1133 2745 1258 2776 dicibus
1280 2742 1467 2775 renascatur.
1498 2743 1540 2775 fic
1564 2744 1651 2776 enim
1675 2746 1832 2784 exaudio,
1857 2745 1942 2781 quod
1958 2751 1998 2775 ex

1134 2786 1246 2818 Sei-vio
1261 2786 1348 2815 addit
1363 2783 1474 2826 Gajus.
1495 2785 1592 2817 etiam
1609 2793 1710 2824 noto,
1735 2787 1823 2826 quod
1845 2784 1941 2826 Gajus
1957 2784 2000 2815 se-

1133 2836 1221 2868 parat
1239 2825 1350 2866 stirpes
1369 2835 1385 2857 a
1401 2826 1576 2859 radicibus:
1595 2827 1763 2868 quomodo
1774 2827 1890 2859 Cicero
1906 2827 1952 2857 lib.
1966 2835 1996 2857 2.

1132 2869 1180 2901 De
1196 2873 1305 2900 natura
1321 2867 1449 2899 Deorum
1464 2875 1527 2908 cap.
1545 2877 1592 2909 15.
1615 2868 1674 2908 Ec,
1690 2869 1852 2908 inquiens,
1866 2868 1998 2898 arborum

1131 2912 1313 2950 omniumque
1327 2919 1422 2940 rerum
1437 2918 1499 2950 quoe
1507 2909 1571 2940 altae
1587 2916 1641 2941 aut
1655 2910 1825 2941 radicibusa
1837 2914 1929 2945 terra,
1945 2912 1999 2939 aut

1124 2951 1266 2994 stirpibus
1279 2951 1505 2982 continerentur.
1538 2950 1637 2992 Igitur
1652 2950 1865 2991 Pomponius,
1885 2947 1948 2978 huc
1965 2958 1998 2979 e-

1131 3003 1196 3026 nim
1219 2993 1336 3031 venio,
1361 2994 1503 3024 caeduam
1526 2991 1633 3024 {ilvam
1651 2992 1839 3035 distinguit-a
1854 2998 1917 3020 non
1938 2998 1998 3019 σεε-

1133 3038 1205 3067 dua.
1227 3033 1256 3065 ἀ
1272 3033 1293 3065 fi
1308 3034 1417 3065 caedua
1435 3032 1492 3072 fit3
1515 3034 1651 3074 patitur,
1672 3030 1998 3075 fructuarium-quod

1133 3076 1213 3108 solet
1230 3075 1310 3107 caedi
1321 3084 1383 3115 ‚ex
1397 3083 1433 3106 ea
1447 3074 1574 3107 auferre
1589 3075 1620 3107 &
1636 3074 1789 3105 vendere:
1806 3071 1835 3101 &
1851 3071 1999 3117 quidem,

1134 3118 1154 3150 fi
1178 3117 1219 3149 fic
1239 3117 1349 3148 caedua
1370 3115 1424 3155 fit,
1450 3125 1485 3147 ut
1507 3125 1549 3147 ex
1572 3115 1726 3147 radicibus
1748 3110 1941 3158 renascatur,
1966 3121 1998 3143 in

1133 3158 1240 3191 fructu
1257 3158 1319 3190 ess'e
1335 3158 1546 3198 pedamenta:
1560 3156 1603 3188 fin
1619 3165 1659 3187 ex
1675 3153 1820 3193 stirpibus
1839 3152 1995 3193 resurgat,

1133 3201 1233 3242 magis
1243 3207 1500 3240 ramoszeosque
1509 3197 1628 3232 fructus
1645 3202 1781 3234 utroque
1801 3194 1830 3226 in
1848 3194 1998 3266 casugffis
