<?xml version="1.0" encoding="UTF-8"?>
<!DOCTYPE html PUBLIC "-//W3C//DTD XHTML 1.0 Transitional//EN"
    "http://www.w3.org/TR/xhtml1/DTD/xhtml1-transitional.dtd">
<html xmlns="http://www.w3.org/1999/xhtml" xml:lang="en" lang="en">
 <head>
  <title>
</title>
<meta http-equiv="Content-Type" content="text/html;charset=utf-8" />
  <meta name='ocr-system' content='tesseract 3.04.00' />
  <meta name='ocr-capabilities' content='ocr_page ocr_carea ocr_par ocr_line ocrx_word'/>
</head>
<body>
  <div class='ocr_page' id='page_1' title='image "./gerardinoodtnovi00nood_0486.png"; bbox 0 0 2036 3495; ppageno 0'>
   <div class='ocr_carea' id='block_1_1' title="bbox 145 127 217 172">
    <p class='ocr_par' dir='ltr' id='par_1_1' title="bbox 145 127 217 172">
     <span class='ocr_line' id='line_1_1' title="bbox 145 127 217 172; baseline -0.028 -8"><span class='ocrx_word' id='word_1_1' title='bbox 145 127 217 172; x_wconf 81' lang='lat'>460</span> 
     </span>
    </p>
   </div>
   <div class='ocr_carea' id='block_1_2' title="bbox 140 203 1032 3262">
    <p class='ocr_par' dir='ltr' id='par_1_2' title="bbox 146 203 1017 378">
     <span class='ocr_line' id='line_1_2' title="bbox 146 203 1015 259; baseline -0.017 -11"><span class='ocrx_word' id='word_1_2' title='bbox 146 222 262 259; x_wconf 77' lang='lat' dir='ltr'>propter</span> <span class='ocrx_word' id='word_1_3' title='bbox 276 215 317 246; x_wconf 84' lang='lat' dir='ltr'>rei</span> <span class='ocrx_word' id='word_1_4' title='bbox 326 211 473 254; x_wconf 67' lang='lat' dir='ltr'>peissmam</span> <span class='ocrx_word' id='word_1_5' title='bbox 482 207 595 249; x_wconf 66' lang='lat' dir='ltr'>plassuit</span> <span class='ocrx_word' id='word_1_6' title='bbox 605 227 615 244; x_wconf 88' lang='lat'>,</span> <span class='ocrx_word' id='word_1_7' title='bbox 636 214 671 236; x_wconf 85' lang='lat' dir='ltr'>ne</span> <span class='ocrx_word' id='word_1_8' title='bbox 685 205 816 236; x_wconf 78' lang='lat' dir='ltr'>mandati</span> <span class='ocrx_word' id='word_1_9' title='bbox 824 203 935 245; x_wconf 81' lang='lat' dir='ltr'>judicio</span> <span class='ocrx_word' id='word_1_10' title='bbox 950 212 1015 234; x_wconf 86' lang='lat' dir='ltr'>con-</span> 
     </span>
     <span class='ocr_line' id='line_1_3' title="bbox 148 242 1017 294; baseline -0.018 -4"><span class='ocrx_word' id='word_1_11' title='bbox 148 259 296 290; x_wconf 74' lang='lat' dir='ltr'>veniatur.</span> <span class='ocrx_word' id='word_1_12' title='bbox 327 254 419 294; x_wconf 79' lang='lat' dir='ltr'>igitur</span> <span class='ocrx_word' id='word_1_13' title='bbox 433 248 463 287; x_wconf 91' lang='lat' dir='ltr'><em>fi</em></span> <span class='ocrx_word' id='word_1_14' title='bbox 487 248 618 279; x_wconf 79' lang='lat' dir='ltr'>mandati</span> <span class='ocrx_word' id='word_1_15' title='bbox 639 245 711 276; x_wconf 60' lang='lat' dir='ltr'>acrio</span> <span class='ocrx_word' id='word_1_16' title='bbox 728 244 811 276; x_wconf 81' lang='lat' dir='ltr'>nulla</span> <span class='ocrx_word' id='word_1_17' title='bbox 821 243 882 282; x_wconf 73' lang='lat' dir='ltr'>fic,</span> <span class='ocrx_word' id='word_1_18' title='bbox 895 243 976 283; x_wconf 77' lang='lat' dir='ltr'>forte</span> <span class='ocrx_word' id='word_1_19' title='bbox 987 242 1017 281; x_wconf 85' lang='lat' dir='ltr'><em>fi</em></span> 
     </span>
     <span class='ocr_line' id='line_1_4' title="bbox 150 284 1014 331; baseline -0.017 -1"><span class='ocrx_word' id='word_1_20' title='bbox 150 298 277 330; x_wconf 73' lang='lat' dir='ltr'>donandi</span> <span class='ocrx_word' id='word_1_21' title='bbox 299 297 393 325; x_wconf 76' lang='lat' dir='ltr'>animo</span> <span class='ocrx_word' id='word_1_22' title='bbox 411 288 602 331; x_wconf 79' lang='lat' dir='ltr'>fidejufferit:</span> <span class='ocrx_word' id='word_1_23' title='bbox 621 287 772 319; x_wconf 82' lang='lat' dir='ltr'>dicendum</span> <span class='ocrx_word' id='word_1_24' title='bbox 795 284 851 326; x_wconf 75' lang='lat' dir='ltr'>er,</span> <span class='ocrx_word' id='word_1_25' title='bbox 873 294 930 316; x_wconf 85' lang='lat' dir='ltr'>non</span> <span class='ocrx_word' id='word_1_26' title='bbox 949 292 1014 326; x_wconf 85' lang='lat' dir='ltr'>pro-</span> 
     </span>
     <span class='ocr_line' id='line_1_5' title="bbox 149 328 604 378; baseline -0.022 -9"><span class='ocrx_word' id='word_1_27' title='bbox 149 338 219 378; x_wconf 82' lang='lat' dir='ltr'>deffe</span> <span class='ocrx_word' id='word_1_28' title='bbox 237 336 423 375; x_wconf 82' lang='lat' dir='ltr'><strong><em>exceptionem</em></strong></span> <span class='ocrx_word' id='word_1_29' title='bbox 433 328 604 372; x_wconf 74' lang='lat' dir='ltr'>fidejuffori.</span> 
     </span>
    </p>

    <p class='ocr_par' dir='ltr' id='par_1_3' title="bbox 140 367 1020 2068">
     <span class='ocr_line' id='line_1_6' title="bbox 191 367 1017 419; baseline -0.011 -11"><span class='ocrx_word' id='word_1_30' title='bbox 191 377 289 419; x_wconf 88' lang='lat' dir='ltr'>Quod</span> <span class='ocrx_word' id='word_1_31' title='bbox 299 375 382 412; x_wconf 86' lang='lat' dir='ltr'>dixi,</span> <span class='ocrx_word' id='word_1_32' title='bbox 399 372 535 404; x_wconf 83' lang='lat' dir='ltr'>maxime</span> <span class='ocrx_word' id='word_1_33' title='bbox 547 379 655 401; x_wconf 88' lang='lat' dir='ltr'>verum</span> <span class='ocrx_word' id='word_1_34' title='bbox 667 368 728 400; x_wconf 88' lang='lat' dir='ltr'>est:</span> <span class='ocrx_word' id='word_1_35' title='bbox 745 367 766 400; x_wconf 89' lang='lat' dir='ltr'>s1</span> <span class='ocrx_word' id='word_1_36' title='bbox 777 375 965 409; x_wconf 85' lang='lat' dir='ltr'>perpetuum</span> <span class='ocrx_word' id='word_1_37' title='bbox 980 367 1017 399; x_wconf 84' lang='lat' dir='ltr'>sit</span> 
     </span>
     <span class='ocr_line' id='line_1_7' title="bbox 147 408 1016 458; baseline -0.013 -8"><span class='ocrx_word' id='word_1_38' title='bbox 147 420 192 450; x_wconf 91' lang='lat' dir='ltr'>rei</span> <span class='ocrx_word' id='word_1_39' title='bbox 209 417 344 458; x_wconf 70' lang='lat' dir='ltr'>pastum.</span> <span class='ocrx_word' id='word_1_40' title='bbox 375 415 462 452; x_wconf 86' lang='lat' dir='ltr'>imo,</span> <span class='ocrx_word' id='word_1_41' title='bbox 486 413 515 443; x_wconf 70' lang='grc' dir='ltr'>ὁ(</span> <span class='ocrx_word' id='word_1_42' title='bbox 531 411 554 442; x_wconf 91' lang='lat' dir='ltr'>fi</span> <span class='ocrx_word' id='word_1_43' title='bbox 571 410 606 443; x_wconf 89' lang='lat' dir='ltr'>fit</span> <span class='ocrx_word' id='word_1_44' title='bbox 623 411 820 450; x_wconf 84' lang='lat' dir='ltr'>temporale3</span> <span class='ocrx_word' id='word_1_45' title='bbox 843 409 935 449; x_wconf 88' lang='lat' dir='ltr'>quale</span> <span class='ocrx_word' id='word_1_46' title='bbox 952 408 1016 448; x_wconf 89' lang='lat' dir='ltr'>est,</span> 
     </span>
     <span class='ocr_line' id='line_1_8' title="bbox 146 451 1016 494; baseline -0.013 -3"><span class='ocrx_word' id='word_1_47' title='bbox 146 459 200 492; x_wconf 90' lang='lat' dir='ltr'>Ne</span> <span class='ocrx_word' id='word_1_48' title='bbox 217 460 296 489; x_wconf 88' lang='lat' dir='ltr'>intra</span> <span class='ocrx_word' id='word_1_49' title='bbox 309 464 425 487; x_wconf 87' lang='lat' dir='ltr'>annum</span> <span class='ocrx_word' id='word_1_50' title='bbox 440 461 576 494; x_wconf 86' lang='lat' dir='ltr'>petatur.</span> <span class='ocrx_word' id='word_1_51' title='bbox 595 461 667 483; x_wconf 84' lang='lat' dir='ltr'>nam</span> <span class='ocrx_word' id='word_1_52' title='bbox 681 451 745 482; x_wconf 89' lang='lat' dir='ltr'>hoc</span> <span class='ocrx_word' id='word_1_53' title='bbox 760 452 886 490; x_wconf 89' lang='lat' dir='ltr'>utrique</span> <span class='ocrx_word' id='word_1_54' title='bbox 901 451 1016 490; x_wconf 84' lang='lat' dir='ltr'>prode-</span> 
     </span>
     <span class='ocr_line' id='line_1_9' title="bbox 147 491 1015 533; baseline -0.012 -2"><span class='ocrx_word' id='word_1_55' title='bbox 147 500 187 532; x_wconf 83' lang='lat' dir='ltr'>rit</span> <span class='ocrx_word' id='word_1_56' title='bbox 203 500 285 530; x_wconf 86' lang='lat' dir='ltr'>intra</span> <span class='ocrx_word' id='word_1_57' title='bbox 300 506 435 528; x_wconf 89' lang='lat' dir='ltr'>annum:</span> <span class='ocrx_word' id='word_1_58' title='bbox 459 495 540 526; x_wconf 90' lang='lat' dir='ltr'>ultra</span> <span class='ocrx_word' id='word_1_59' title='bbox 560 495 675 525; x_wconf 80' lang='lat' dir='ltr'><strong>neutri.</strong></span> <span class='ocrx_word' id='word_1_60' title='bbox 711 492 753 523; x_wconf 86' lang='lat' dir='ltr'>fic</span> <span class='ocrx_word' id='word_1_61' title='bbox 772 492 883 524; x_wconf 86' lang='lat' dir='ltr'>Paulus</span> <span class='ocrx_word' id='word_1_62' title='bbox 902 491 931 533; x_wconf 83' lang='lat'>§.</span> <span class='ocrx_word' id='word_1_63' title='bbox 952 499 979 522; x_wconf 83' lang='lat'>1.</span> <span class='ocrx_word' id='word_1_64' title='bbox 995 492 1015 522; x_wconf 91' lang='lat' dir='ltr'>l.</span> 
     </span>
     <span class='ocr_line' id='line_1_10' title="bbox 146 532 1018 580; baseline -0.01 -7"><span class='ocrx_word' id='word_1_65' title='bbox 146 549 194 580; x_wconf 68' lang='lat'>22.</span> <span class='ocrx_word' id='word_1_66' title='bbox 218 539 255 572; x_wconf 94' lang='lat' dir='ltr'>D.</span> <span class='ocrx_word' id='word_1_67' title='bbox 271 541 304 570; x_wconf 84' lang='lat' dir='ltr'>de</span> <span class='ocrx_word' id='word_1_68' title='bbox 318 538 426 580; x_wconf 72' lang='grc' dir='ltr'><em>ραὲἲίςτ</em></span> <span class='ocrx_word' id='word_1_69' title='bbox 442 537 570 576; x_wconf 88' lang='lat' dir='ltr'>utique,</span> <span class='ocrx_word' id='word_1_70' title='bbox 586 533 608 566; x_wconf 86' lang='lat' dir='ltr'><strong>fi</strong></span> <span class='ocrx_word' id='word_1_71' title='bbox 624 543 696 565; x_wconf 89' lang='lat' dir='ltr'>reus</span> <span class='ocrx_word' id='word_1_72' title='bbox 712 543 802 573; x_wconf 86' lang='lat' dir='ltr'>aeque</span> <span class='ocrx_word' id='word_1_73' title='bbox 814 534 854 564; x_wconf 89' lang='lat' dir='ltr'>de</span> <span class='ocrx_word' id='word_1_74' title='bbox 869 532 899 564; x_wconf 90' lang='lat' dir='ltr'>se</span> <span class='ocrx_word' id='word_1_75' title='bbox 910 532 1018 573; x_wconf 71' lang='lat' dir='ltr'>pactus</span> 
     </span>
     <span class='ocr_line' id='line_1_11' title="bbox 144 572 1017 619; baseline -0.01 -6"><span class='ocrx_word' id='word_1_76' title='bbox 144 581 199 619; x_wconf 90' lang='lat' dir='ltr'>fit,</span> <span class='ocrx_word' id='word_1_77' title='bbox 222 590 260 611; x_wconf 89' lang='lat' dir='ltr'>ac</span> <span class='ocrx_word' id='word_1_78' title='bbox 275 581 314 612; x_wconf 87' lang='lat' dir='ltr'>de</span> <span class='ocrx_word' id='word_1_79' title='bbox 329 578 517 619; x_wconf 76' lang='lat' dir='ltr'>fidejuffore.</span> <span class='ocrx_word' id='word_1_80' title='bbox 554 576 617 607; x_wconf 87' lang='lat' dir='ltr'>Sed</span> <span class='ocrx_word' id='word_1_81' title='bbox 632 574 702 613; x_wconf 83' lang='lat' dir='ltr'>fac,</span> <span class='ocrx_word' id='word_1_82' title='bbox 727 573 854 611; x_wconf 74' lang='lat' dir='ltr'>dixisse,</span> <span class='ocrx_word' id='word_1_83' title='bbox 877 572 928 604; x_wconf 89' lang='lat' dir='ltr'>Ne</span> <span class='ocrx_word' id='word_1_84' title='bbox 946 584 962 605; x_wconf 88' lang='lat' dir='ltr'>a</span> <span class='ocrx_word' id='word_1_85' title='bbox 983 572 1017 604; x_wconf 90' lang='lat' dir='ltr'>fi-</span> 
     </span>
     <span class='ocr_line' id='line_1_12' title="bbox 144 613 1017 663; baseline -0.011 -8"><span class='ocrx_word' id='word_1_86' title='bbox 144 621 300 663; x_wconf 74' lang='lat' dir='ltr'>dejuss&#39;ore</span> <span class='ocrx_word' id='word_1_87' title='bbox 315 629 458 661; x_wconf 78' lang='lat' dir='ltr'>petatur:</span> <span class='ocrx_word' id='word_1_88' title='bbox 476 619 515 650; x_wconf 82' lang='lat' dir='ltr'>de</span> <span class='ocrx_word' id='word_1_89' title='bbox 531 617 580 648; x_wconf 84' lang='lat' dir='ltr'>sua</span> <span class='ocrx_word' id='word_1_90' title='bbox 597 616 728 657; x_wconf 88' lang='lat' dir='ltr'>persona</span> <span class='ocrx_word' id='word_1_91' title='bbox 741 615 819 647; x_wconf 87' lang='lat' dir='ltr'>nihil</span> <span class='ocrx_word' id='word_1_92' title='bbox 834 613 954 646; x_wconf 85' lang='lat' dir='ltr'>dixisse.</span> <span class='ocrx_word' id='word_1_93' title='bbox 973 615 1017 645; x_wconf 90' lang='lat' dir='ltr'>ait</span> 
     </span>
     <span class='ocr_line' id='line_1_13' title="bbox 144 652 1017 701; baseline -0.011 -5"><span class='ocrx_word' id='word_1_94' title='bbox 144 664 259 696; x_wconf 89' lang='lat' dir='ltr'>Paulus</span> <span class='ocrx_word' id='word_1_95' title='bbox 271 687 280 701; x_wconf 89' lang='lat'>,</span> <span class='ocrx_word' id='word_1_96' title='bbox 303 661 394 694; x_wconf 87' lang='lat' dir='ltr'>fuisse</span> <span class='ocrx_word' id='word_1_97' title='bbox 418 662 470 701; x_wconf 88' lang='lat' dir='ltr'>qui</span> <span class='ocrx_word' id='word_1_98' title='bbox 486 666 653 700; x_wconf 82' lang='lat' dir='ltr'>putarent,</span> <span class='ocrx_word' id='word_1_99' title='bbox 677 657 754 688; x_wconf 90' lang='lat' dir='ltr'>nihil</span> <span class='ocrx_word' id='word_1_100' title='bbox 773 657 805 688; x_wconf 91' lang='lat' dir='ltr'>id</span> <span class='ocrx_word' id='word_1_101' title='bbox 821 655 965 696; x_wconf 81' lang='lat' dir='ltr'><strong>prodesse</strong></span> <span class='ocrx_word' id='word_1_102' title='bbox 982 652 1017 686; x_wconf 87' lang='lat' dir='ltr'>fi·</span> 
     </span>
     <span class='ocr_line' id='line_1_14' title="bbox 145 696 1016 746; baseline -0.011 -9"><span class='ocrx_word' id='word_1_103' title='bbox 145 705 310 746; x_wconf 76' lang='lat' dir='ltr'>dejussbri3</span> <span class='ocrx_word' id='word_1_104' title='bbox 334 711 524 744; x_wconf 81' lang='lat' dir='ltr'>quamquam</span> <span class='ocrx_word' id='word_1_105' title='bbox 545 701 577 731; x_wconf 90' lang='lat' dir='ltr'>id</span> <span class='ocrx_word' id='word_1_106' title='bbox 601 700 644 730; x_wconf 84' lang='lat' dir='ltr'>rei</span> <span class='ocrx_word' id='word_1_107' title='bbox 668 697 799 730; x_wconf 86' lang='lat' dir='ltr'>interfit.</span> <span class='ocrx_word' id='word_1_108' title='bbox 831 707 868 728; x_wconf 87' lang='lat' dir='ltr'>ac</span> <span class='ocrx_word' id='word_1_109' title='bbox 883 696 1016 728; x_wconf 86' lang='lat' dir='ltr'>movisse</span> 
     </span>
     <span class='ocr_line' id='line_1_15' title="bbox 145 738 1017 786; baseline -0.011 -7"><span class='ocrx_word' id='word_1_110' title='bbox 145 756 221 779; x_wconf 86' lang='lat' dir='ltr'>eos:</span> <span class='ocrx_word' id='word_1_111' title='bbox 237 746 323 786; x_wconf 86' lang='lat' dir='ltr'>quod</span> <span class='ocrx_word' id='word_1_112' title='bbox 340 755 376 776; x_wconf 87' lang='lat' dir='ltr'>ea</span> <span class='ocrx_word' id='word_1_113' title='bbox 392 745 520 775; x_wconf 87' lang='lat' dir='ltr'>demum</span> <span class='ocrx_word' id='word_1_114' title='bbox 535 747 721 780; x_wconf 83' lang='lat' dir='ltr'>competere</span> <span class='ocrx_word' id='word_1_115' title='bbox 736 738 904 779; x_wconf 82' lang='lat' dir='ltr'>fidejussori</span> <span class='ocrx_word' id='word_1_116' title='bbox 920 738 1017 770; x_wconf 89' lang='lat' dir='ltr'>debe·</span> 
     </span>
     <span class='ocr_line' id='line_1_16' title="bbox 146 779 1017 826; baseline -0.011 -6"><span class='ocrx_word' id='word_1_117' title='bbox 146 792 178 820; x_wconf 85' lang='lat' dir='ltr'>at</span> <span class='ocrx_word' id='word_1_118' title='bbox 195 787 345 825; x_wconf 80' lang='lat' dir='ltr'>exceptio</span> <span class='ocrx_word' id='word_1_119' title='bbox 362 794 431 826; x_wconf 77' lang='lat' dir='ltr'>quae</span> <span class='ocrx_word' id='word_1_120' title='bbox 451 784 479 815; x_wconf 86' lang='lat'>&amp;</span> <span class='ocrx_word' id='word_1_121' title='bbox 496 792 562 815; x_wconf 86' lang='lat' dir='ltr'>reo.</span> <span class='ocrx_word' id='word_1_122' title='bbox 596 781 696 813; x_wconf 86' lang='lat' dir='ltr'>sensus</span> <span class='ocrx_word' id='word_1_123' title='bbox 714 781 818 812; x_wconf 86' lang='lat' dir='ltr'>Pauli:</span> <span class='ocrx_word' id='word_1_124' title='bbox 843 779 1017 820; x_wconf 89' lang='lat' dir='ltr'>Unusquis-</span> 
     </span>
     <span class='ocr_line' id='line_1_17' title="bbox 145 820 1015 870; baseline -0.011 -9"><span class='ocrx_word' id='word_1_125' title='bbox 145 839 209 870; x_wconf 85' lang='lat' dir='ltr'>que</span> <span class='ocrx_word' id='word_1_126' title='bbox 227 828 324 860; x_wconf 90' lang='lat' dir='ltr'>debet</span> <span class='ocrx_word' id='word_1_127' title='bbox 339 826 393 858; x_wconf 84' lang='lat' dir='ltr'>fibi</span> <span class='ocrx_word' id='word_1_128' title='bbox 409 825 539 866; x_wconf 83' lang='lat' dir='ltr'>pacisci:</span> <span class='ocrx_word' id='word_1_129' title='bbox 556 833 587 855; x_wconf 89' lang='lat' dir='ltr'>at</span> <span class='ocrx_word' id='word_1_130' title='bbox 605 832 675 855; x_wconf 86' lang='lat' dir='ltr'>reus</span> <span class='ocrx_word' id='word_1_131' title='bbox 692 822 746 853; x_wconf 88' lang='lat' dir='ltr'>soli</span> <span class='ocrx_word' id='word_1_132' title='bbox 761 820 920 862; x_wconf 86' lang='lat' dir='ltr'>paciscens</span> <span class='ocrx_word' id='word_1_133' title='bbox 939 821 1015 852; x_wconf 86' lang='lat' dir='ltr'>fide·</span> 
     </span>
     <span class='ocr_line' id='line_1_18' title="bbox 145 861 1016 911; baseline -0.011 -9"><span class='ocrx_word' id='word_1_134' title='bbox 145 870 251 911; x_wconf 80' lang='lat' dir='ltr'>jussori</span> <span class='ocrx_word' id='word_1_135' title='bbox 263 892 272 908; x_wconf 88' lang='lat'>‚</span> <span class='ocrx_word' id='word_1_136' title='bbox 287 868 375 901; x_wconf 84' lang='lat' dir='ltr'>alteri</span> <span class='ocrx_word' id='word_1_137' title='bbox 391 863 576 909; x_wconf 66' lang='lat' dir='ltr'>paciscitur:</span> <span class='ocrx_word' id='word_1_138' title='bbox 593 864 680 906; x_wconf 87' lang='lat' dir='ltr'>quod</span> <span class='ocrx_word' id='word_1_139' title='bbox 697 873 752 904; x_wconf 88' lang='lat' dir='ltr'>per</span> <span class='ocrx_word' id='word_1_140' title='bbox 767 863 897 894; x_wconf 84' lang='lat' dir='ltr'>liberam</span> <span class='ocrx_word' id='word_1_141' title='bbox 913 861 1016 903; x_wconf 88' lang='lat' dir='ltr'>perso-</span> 
     </span>
     <span class='ocr_line' id='line_1_19' title="bbox 145 904 1015 951; baseline -0.011 -7"><span class='ocrx_word' id='word_1_142' title='bbox 145 921 217 944; x_wconf 89' lang='lat' dir='ltr'>nam</span> <span class='ocrx_word' id='word_1_143' title='bbox 242 910 308 942; x_wconf 86' lang='lat' dir='ltr'>ficri</span> <span class='ocrx_word' id='word_1_144' title='bbox 334 910 454 951; x_wconf 84' lang='lat' dir='ltr'>nequit.</span> <span class='ocrx_word' id='word_1_145' title='bbox 487 916 548 939; x_wconf 92' lang='lat' dir='ltr'>nec</span> <span class='ocrx_word' id='word_1_146' title='bbox 565 913 683 942; x_wconf 83' lang='lat' dir='ltr'>mutat,</span> <span class='ocrx_word' id='word_1_147' title='bbox 707 905 794 944; x_wconf 90' lang='lat' dir='ltr'>quod</span> <span class='ocrx_word' id='word_1_148' title='bbox 810 905 853 936; x_wconf 87' lang='lat' dir='ltr'>rei</span> <span class='ocrx_word' id='word_1_149' title='bbox 870 904 1015 943; x_wconf 84' lang='lat' dir='ltr'>interest,</span> 
     </span>
     <span class='ocr_line' id='line_1_20' title="bbox 145 945 1016 992; baseline -0.011 -7"><span class='ocrx_word' id='word_1_150' title='bbox 145 963 211 986; x_wconf 89' lang='lat' dir='ltr'>nea</span> <span class='ocrx_word' id='word_1_151' title='bbox 223 951 398 992; x_wconf 78' lang='lat' dir='ltr'>fidejussore</span> <span class='ocrx_word' id='word_1_152' title='bbox 414 957 548 990; x_wconf 86' lang='lat' dir='ltr'>petatur.</span> <span class='ocrx_word' id='word_1_153' title='bbox 571 956 642 979; x_wconf 89' lang='lat' dir='ltr'>nam</span> <span class='ocrx_word' id='word_1_154' title='bbox 653 947 684 978; x_wconf 87' lang='lat' dir='ltr'>id</span> <span class='ocrx_word' id='word_1_155' title='bbox 700 946 735 977; x_wconf 86' lang='lat' dir='ltr'>fit</span> <span class='ocrx_word' id='word_1_156' title='bbox 750 955 806 986; x_wconf 89' lang='lat' dir='ltr'>per</span> <span class='ocrx_word' id='word_1_157' title='bbox 822 945 1016 985; x_wconf 86' lang='lat' dir='ltr'>consequen-</span> 
     </span>
     <span class='ocr_line' id='line_1_21' title="bbox 146 986 1015 1031; baseline -0.012 -4"><span class='ocrx_word' id='word_1_158' title='bbox 146 996 239 1026; x_wconf 82' lang='lat' dir='ltr'>tiam:</span> <span class='ocrx_word' id='word_1_159' title='bbox 264 1002 336 1025; x_wconf 90' lang='lat' dir='ltr'>cum</span> <span class='ocrx_word' id='word_1_160' title='bbox 355 991 506 1031; x_wconf 81' lang='lat' dir='ltr'>exceptio</span> <span class='ocrx_word' id='word_1_161' title='bbox 528 989 644 1021; x_wconf 88' lang='lat' dir='ltr'>debeat</span> <span class='ocrx_word' id='word_1_162' title='bbox 661 997 717 1019; x_wconf 88' lang='lat' dir='ltr'>reo</span> <span class='ocrx_word' id='word_1_163' title='bbox 737 986 882 1028; x_wconf 76' lang='lat' dir='ltr'>prodesse</span> <span class='ocrx_word' id='word_1_164' title='bbox 902 987 1015 1027; x_wconf 87' lang='lat' dir='ltr'>princi-</span> 
     </span>
     <span class='ocr_line' id='line_1_22' title="bbox 146 1032 1018 1079; baseline -0.011 -11"><span class='ocrx_word' id='word_1_165' title='bbox 146 1038 279 1079; x_wconf 81' lang='lat' dir='ltr'>paliter3</span> <span class='ocrx_word' id='word_1_166' title='bbox 302 1035 331 1066; x_wconf 85' lang='lat'><strong>&amp;</strong></span> <span class='ocrx_word' id='word_1_167' title='bbox 354 1032 522 1074; x_wconf 75' lang='lat' dir='ltr'>fidejussori</span> <span class='ocrx_word' id='word_1_168' title='bbox 543 1032 670 1062; x_wconf 87' lang='lat' dir='ltr'>demum</span> <span class='ocrx_word' id='word_1_169' title='bbox 695 1036 827 1069; x_wconf 85' lang='lat' dir='ltr'>propter</span> <span class='ocrx_word' id='word_1_170' title='bbox 851 1037 937 1059; x_wconf 87' lang='lat' dir='ltr'>reum</span> <span class='ocrx_word' id='word_1_171' title='bbox 960 1037 1018 1068; x_wconf 85' lang='lat' dir='ltr'>per</span> 
     </span>
     <span class='ocr_line' id='line_1_23' title="bbox 143 1068 1017 1117; baseline -0.011 -8"><span class='ocrx_word' id='word_1_172' title='bbox 143 1076 405 1117; x_wconf 79' lang='lat' dir='ltr'>consequentiam</span> <span class='ocrx_word' id='word_1_173' title='bbox 421 1076 448 1106; x_wconf 81' lang='lat' dir='ltr'>d.</span> <span class='ocrx_word' id='word_1_174' title='bbox 466 1075 487 1104; x_wconf 86' lang='lat' dir='ltr'>l.</span> <span class='ocrx_word' id='word_1_175' title='bbox 504 1083 553 1114; x_wconf 81' lang='lat'>32.</span> <span class='ocrx_word' id='word_1_176' title='bbox 577 1080 694 1111; x_wconf 85' lang='lat' dir='ltr'>nempe</span> <span class='ocrx_word' id='word_1_177' title='bbox 711 1070 808 1101; x_wconf 87' lang='lat' dir='ltr'>debet</span> <span class='ocrx_word' id='word_1_178' title='bbox 830 1070 872 1100; x_wconf 90' lang='lat' dir='ltr'>rei</span> <span class='ocrx_word' id='word_1_179' title='bbox 893 1068 1017 1109; x_wconf 61' lang='lat' dir='ltr'>paetum</span> 
     </span>
     <span class='ocr_line' id='line_1_24' title="bbox 144 1109 1018 1160; baseline -0.011 -9"><span class='ocrx_word' id='word_1_180' title='bbox 144 1119 299 1160; x_wconf 81' lang='lat' dir='ltr'>originem</span> <span class='ocrx_word' id='word_1_181' title='bbox 324 1116 446 1148; x_wconf 88' lang='lat' dir='ltr'>sumere</span> <span class='ocrx_word' id='word_1_182' title='bbox 468 1124 484 1146; x_wconf 87' lang='lat' dir='ltr'>a</span> <span class='ocrx_word' id='word_1_183' title='bbox 502 1123 578 1152; x_wconf 81' lang='lat' dir='ltr'>re03</span> <span class='ocrx_word' id='word_1_184' title='bbox 602 1112 632 1144; x_wconf 70' lang='grc' dir='ltr'>ἃ</span> <span class='ocrx_word' id='word_1_185' title='bbox 649 1121 706 1153; x_wconf 84' lang='lat' dir='ltr'>per</span> <span class='ocrx_word' id='word_1_186' title='bbox 721 1120 793 1142; x_wconf 85' lang='lat' dir='ltr'>eum</span> <span class='ocrx_word' id='word_1_187' title='bbox 810 1112 847 1141; x_wconf 91' lang='lat' dir='ltr'>ad</span> <span class='ocrx_word' id='word_1_188' title='bbox 863 1109 1018 1150; x_wconf 83' lang='lat' dir='ltr'>fidejusso-</span> 
     </span>
     <span class='ocr_line' id='line_1_25' title="bbox 141 1152 1016 1201; baseline -0.009 -9"><span class='ocrx_word' id='word_1_189' title='bbox 141 1170 207 1192; x_wconf 89' lang='lat' dir='ltr'>rem</span> <span class='ocrx_word' id='word_1_190' title='bbox 217 1160 410 1201; x_wconf 81' lang='lat' dir='ltr'>pertingere.</span> <span class='ocrx_word' id='word_1_191' title='bbox 427 1157 514 1197; x_wconf 89' lang='lat' dir='ltr'>quod</span> <span class='ocrx_word' id='word_1_192' title='bbox 527 1154 545 1186; x_wconf 84' lang='lat' dir='ltr'>fi</span> <span class='ocrx_word' id='word_1_193' title='bbox 558 1164 573 1185; x_wconf 89' lang='lat' dir='ltr'>a</span> <span class='ocrx_word' id='word_1_194' title='bbox 583 1163 639 1185; x_wconf 90' lang='lat' dir='ltr'>reo</span> <span class='ocrx_word' id='word_1_195' title='bbox 655 1162 718 1184; x_wconf 91' lang='lat' dir='ltr'>non</span> <span class='ocrx_word' id='word_1_196' title='bbox 732 1152 1016 1193; x_wconf 81' lang='lat' dir='ltr'>sumatoriginem:</span> 
     </span>
     <span class='ocr_line' id='line_1_26' title="bbox 141 1192 1016 1242; baseline -0.013 -8"><span class='ocrx_word' id='word_1_197' title='bbox 141 1211 208 1234; x_wconf 89' lang='lat' dir='ltr'>non</span> <span class='ocrx_word' id='word_1_198' title='bbox 227 1201 369 1242; x_wconf 88' lang='lat' dir='ltr'>pertinet</span> <span class='ocrx_word' id='word_1_199' title='bbox 385 1199 424 1230; x_wconf 91' lang='lat' dir='ltr'>ad</span> <span class='ocrx_word' id='word_1_200' title='bbox 442 1196 664 1237; x_wconf 78' lang='lat' dir='ltr'>fideJussorem.</span> <span class='ocrx_word' id='word_1_201' title='bbox 703 1194 756 1225; x_wconf 88' lang='lat' dir='ltr'>Sic</span> <span class='ocrx_word' id='word_1_202' title='bbox 776 1194 914 1234; x_wconf 89' lang='lat' dir='ltr'>quidam.</span> <span class='ocrx_word' id='word_1_203' title='bbox 953 1192 1016 1224; x_wconf 88' lang='lat' dir='ltr'>Sed</span> 
     </span>
     <span class='ocr_line' id='line_1_27' title="bbox 141 1233 1015 1275; baseline -0.013 -1"><span class='ocrx_word' id='word_1_204' title='bbox 141 1242 241 1275; x_wconf 89' lang='lat' dir='ltr'>Paulo</span> <span class='ocrx_word' id='word_1_205' title='bbox 255 1242 339 1273; x_wconf 87' lang='lat' dir='ltr'>aliud</span> <span class='ocrx_word' id='word_1_206' title='bbox 355 1241 452 1271; x_wconf 85' lang='lat' dir='ltr'>sedet.</span> <span class='ocrx_word' id='word_1_207' title='bbox 477 1239 519 1269; x_wconf 89' lang='lat' dir='ltr'>ait</span> <span class='ocrx_word' id='word_1_208' title='bbox 536 1237 620 1268; x_wconf 89' lang='lat' dir='ltr'>enim</span> <span class='ocrx_word' id='word_1_209' title='bbox 632 1260 642 1275; x_wconf 87' lang='lat'>,</span> <span class='ocrx_word' id='word_1_210' title='bbox 665 1235 728 1275; x_wconf 77' lang='lat' dir='ltr'>Ego</span> <span class='ocrx_word' id='word_1_211' title='bbox 745 1236 833 1266; x_wconf 79' lang='lat' dir='ltr'>didici</span> <span class='ocrx_word' id='word_1_212' title='bbox 842 1233 967 1275; x_wconf 77' lang='lat' dir='ltr'>prodeffe</span> <span class='ocrx_word' id='word_1_213' title='bbox 977 1233 1015 1274; x_wconf 88' lang='lat' dir='ltr'>fi-</span> 
     </span>
     <span class='ocr_line' id='line_1_28' title="bbox 142 1275 1016 1326; baseline -0.011 -11"><span class='ocrx_word' id='word_1_214' title='bbox 142 1283 277 1326; x_wconf 82' lang='lat' dir='ltr'>dejuffori</span> <span class='ocrx_word' id='word_1_215' title='bbox 293 1283 501 1322; x_wconf 75' lang='lat' dir='ltr'>exceptionem:</span> <span class='ocrx_word' id='word_1_216' title='bbox 519 1279 548 1310; x_wconf 72' lang='grc' dir='ltr'>ἂ</span> <span class='ocrx_word' id='word_1_217' title='bbox 564 1278 670 1315; x_wconf 82' lang='lat' dir='ltr'>addit,</span> <span class='ocrx_word' id='word_1_218' title='bbox 686 1276 757 1309; x_wconf 83' lang='lat' dir='ltr'>Non</span> <span class='ocrx_word' id='word_1_219' title='bbox 767 1275 812 1314; x_wconf 83' lang='lat' dir='ltr'>stc</span> <span class='ocrx_word' id='word_1_220' title='bbox 830 1278 902 1307; x_wconf 77' lang='lat' dir='ltr'>enim</span> <span class='ocrx_word' id='word_1_221' title='bbox 913 1276 956 1306; x_wconf 75' lang='lat' dir='ltr'>illi</span> <span class='ocrx_word' id='word_1_222' title='bbox 963 1281 1016 1315; x_wconf 88' lang='lat' dir='ltr'>per</span> 
     </span>
     <span class='ocr_line' id='line_1_29' title="bbox 142 1314 1015 1364; baseline -0.013 -7"><span class='ocrx_word' id='word_1_223' title='bbox 142 1325 260 1357; x_wconf 82' lang='lat' dir='ltr'>liberam</span> <span class='ocrx_word' id='word_1_224' title='bbox 271 1323 423 1364; x_wconf 84' lang='lat' dir='ltr'>personam</span> <span class='ocrx_word' id='word_1_225' title='bbox 443 1320 579 1362; x_wconf 73' lang='lat' dir='ltr'>adquiri,</span> <span class='ocrx_word' id='word_1_226' title='bbox 602 1329 690 1361; x_wconf 73' lang='lat' dir='ltr'>qnam</span> <span class='ocrx_word' id='word_1_227' title='bbox 708 1316 760 1359; x_wconf 79' lang='lat' dir='ltr'>ipfi</span> <span class='ocrx_word' id='word_1_228' title='bbox 775 1319 826 1359; x_wconf 83' lang='lat' dir='ltr'>qui</span> <span class='ocrx_word' id='word_1_229' title='bbox 840 1316 944 1358; x_wconf 67' lang='lat' dir='ltr'>pastus</span> <span class='ocrx_word' id='word_1_230' title='bbox 955 1314 1015 1355; x_wconf 79' lang='lat' dir='ltr'>fit,</span> 
     </span>
     <span class='ocr_line' id='line_1_30' title="bbox 142 1357 1015 1405; baseline -0.013 -7"><span class='ocrx_word' id='word_1_231' title='bbox 142 1365 249 1405; x_wconf 84' lang='lat' dir='ltr'>consuli</span> <span class='ocrx_word' id='word_1_232' title='bbox 264 1365 392 1396; x_wconf 82' lang='lat' dir='ltr'>videtur.</span> <span class='ocrx_word' id='word_1_233' title='bbox 421 1361 641 1394; x_wconf 86' lang='lat' dir='ltr'>Subaudienda</span> <span class='ocrx_word' id='word_1_234' title='bbox 657 1359 769 1391; x_wconf 84' lang='lat' dir='ltr'>vocula</span> <span class='ocrx_word' id='word_1_235' title='bbox 786 1365 864 1396; x_wconf 76' lang='lat' dir='ltr'>tani,</span> <span class='ocrx_word' id='word_1_236' title='bbox 890 1357 940 1388; x_wconf 91' lang='lat' dir='ltr'>vel</span> <span class='ocrx_word' id='word_1_237' title='bbox 956 1367 1015 1388; x_wconf 84' lang='lat' dir='ltr'>ma-</span> 
     </span>
     <span class='ocr_line' id='line_1_31' title="bbox 140 1399 1018 1450; baseline -0.013 -11"><span class='ocrx_word' id='word_1_238' title='bbox 140 1409 207 1450; x_wconf 69' lang='lat' dir='ltr'>gis,</span> <span class='ocrx_word' id='word_1_239' title='bbox 225 1413 259 1438; x_wconf 88' lang='lat' dir='ltr'>ut</span> <span class='ocrx_word' id='word_1_240' title='bbox 273 1405 353 1446; x_wconf 83' lang='lat' dir='ltr'>saepe</span> <span class='ocrx_word' id='word_1_241' title='bbox 369 1405 453 1436; x_wconf 89' lang='lat' dir='ltr'>alibi.</span> <span class='ocrx_word' id='word_1_242' title='bbox 479 1400 580 1434; x_wconf 84' lang='lat' dir='ltr'>sensus</span> <span class='ocrx_word' id='word_1_243' title='bbox 596 1401 681 1433; x_wconf 87' lang='lat' dir='ltr'>Pauli</span> <span class='ocrx_word' id='word_1_244' title='bbox 698 1399 761 1432; x_wconf 84' lang='lat' dir='ltr'>est:</span> <span class='ocrx_word' id='word_1_245' title='bbox 780 1400 861 1432; x_wconf 83' lang='lat' dir='ltr'>Cum</span> <span class='ocrx_word' id='word_1_246' title='bbox 880 1408 950 1430; x_wconf 83' lang='lat' dir='ltr'>reus</span> <span class='ocrx_word' id='word_1_247' title='bbox 967 1407 1018 1437; x_wconf 91' lang='lat' dir='ltr'>pa-</span> 
     </span>
     <span class='ocr_line' id='line_1_32' title="bbox 148 1438 1018 1485; baseline -0.013 -5"><span class='ocrx_word' id='word_1_248' title='bbox 148 1450 215 1480; x_wconf 75' lang='lat' dir='ltr'>c‘lus</span> <span class='ocrx_word' id='word_1_249' title='bbox 234 1447 296 1485; x_wconf 90' lang='lat' dir='ltr'>est,</span> <span class='ocrx_word' id='word_1_250' title='bbox 319 1445 372 1478; x_wconf 88' lang='lat' dir='ltr'>Ne</span> <span class='ocrx_word' id='word_1_251' title='bbox 388 1455 404 1476; x_wconf 91' lang='lat' dir='ltr'>a</span> <span class='ocrx_word' id='word_1_252' title='bbox 421 1442 597 1484; x_wconf 81' lang='lat' dir='ltr'>fidejussore</span> <span class='ocrx_word' id='word_1_253' title='bbox 615 1449 759 1482; x_wconf 85' lang='lat' dir='ltr'>petatur,</span> <span class='ocrx_word' id='word_1_254' title='bbox 782 1441 810 1472; x_wconf 74' lang='grc' dir='ltr'><strong>ἃ</strong></span> <span class='ocrx_word' id='word_1_255' title='bbox 836 1440 875 1471; x_wconf 88' lang='lat' dir='ltr'>de</span> <span class='ocrx_word' id='word_1_256' title='bbox 894 1439 923 1471; x_wconf 89' lang='lat' dir='ltr'>se</span> <span class='ocrx_word' id='word_1_257' title='bbox 940 1438 1018 1470; x_wconf 85' lang='lat' dir='ltr'>nihil</span> 
     </span>
     <span class='ocr_line' id='line_1_33' title="bbox 146 1480 1019 1528; baseline -0.013 -7"><span class='ocrx_word' id='word_1_258' title='bbox 146 1491 246 1528; x_wconf 86' lang='lat' dir='ltr'>dixit;</span> <span class='ocrx_word' id='word_1_259' title='bbox 268 1487 498 1526; x_wconf 84' lang='lat' dir='ltr'>exceptionem</span> <span class='ocrx_word' id='word_1_260' title='bbox 522 1482 693 1522; x_wconf 77' lang='lat' dir='ltr'>fidejussori</span> <span class='ocrx_word' id='word_1_261' title='bbox 716 1480 861 1521; x_wconf 86' lang='lat' dir='ltr'>prodesse</span> <span class='ocrx_word' id='word_1_262' title='bbox 885 1488 1019 1521; x_wconf 84' lang='lat' dir='ltr'>propter</span> 
     </span>
     <span class='ocr_line' id='line_1_34' title="bbox 149 1522 1019 1566; baseline -0.013 -4"><span class='ocrx_word' id='word_1_263' title='bbox 149 1539 258 1562; x_wconf 87' lang='lat' dir='ltr'>reum:</span> <span class='ocrx_word' id='word_1_264' title='bbox 276 1538 338 1559; x_wconf 91' lang='lat' dir='ltr'>non</span> <span class='ocrx_word' id='word_1_265' title='bbox 355 1528 442 1566; x_wconf 90' lang='lat' dir='ltr'>quod</span> <span class='ocrx_word' id='word_1_266' title='bbox 452 1536 487 1557; x_wconf 90' lang='lat' dir='ltr'>ea</span> <span class='ocrx_word' id='word_1_267' title='bbox 498 1525 540 1556; x_wconf 84' lang='lat' dir='ltr'>fic</span> <span class='ocrx_word' id='word_1_268' title='bbox 553 1522 723 1563; x_wconf 73' lang='lat' dir='ltr'>fidejussori</span> <span class='ocrx_word' id='word_1_269' title='bbox 735 1531 791 1563; x_wconf 90' lang='lat' dir='ltr'>per</span> <span class='ocrx_word' id='word_1_270' title='bbox 803 1522 932 1553; x_wconf 75' lang='lat' dir='ltr'>liberam</span> <span class='ocrx_word' id='word_1_271' title='bbox 950 1530 1019 1562; x_wconf 86' lang='lat' dir='ltr'>per-</span> 
     </span>
     <span class='ocr_line' id='line_1_35' title="bbox 144 1563 1020 1608; baseline -0.01 -6"><span class='ocrx_word' id='word_1_272' title='bbox 144 1571 251 1602; x_wconf 86' lang='lat' dir='ltr'>sonam</span> <span class='ocrx_word' id='word_1_273' title='bbox 266 1569 459 1608; x_wconf 80' lang='lat' dir='ltr'>adquiritur:</span> <span class='ocrx_word' id='word_1_274' title='bbox 480 1566 530 1598; x_wconf 86' lang='lat' dir='ltr'>sed</span> <span class='ocrx_word' id='word_1_275' title='bbox 546 1566 644 1606; x_wconf 85' lang='lat' dir='ltr'>quiaa</span> <span class='ocrx_word' id='word_1_276' title='bbox 661 1573 717 1596; x_wconf 89' lang='lat' dir='ltr'>reo</span> <span class='ocrx_word' id='word_1_277' title='bbox 732 1564 829 1595; x_wconf 85' lang='lat' dir='ltr'>tacite</span> <span class='ocrx_word' id='word_1_278' title='bbox 838 1564 939 1604; x_wconf 86' lang='lat' dir='ltr'>agitur</span> <span class='ocrx_word' id='word_1_279' title='bbox 955 1563 1020 1594; x_wconf 88' lang='lat' dir='ltr'>hoc</span> 
     </span>
     <span class='ocr_line' id='line_1_36' title="bbox 144 1603 1019 1654; baseline -0.009 -11"><span class='ocrx_word' id='word_1_280' title='bbox 144 1612 256 1654; x_wconf 59' lang='lat' dir='ltr'>paftm</span> <span class='ocrx_word' id='word_1_281' title='bbox 273 1618 306 1641; x_wconf 90' lang='lat' dir='ltr'>ut</span> <span class='ocrx_word' id='word_1_282' title='bbox 324 1609 377 1641; x_wconf 85' lang='lat' dir='ltr'>fibi</span> <span class='ocrx_word' id='word_1_283' title='bbox 393 1607 554 1639; x_wconf 86' lang='lat' dir='ltr'>consulat:</span> <span class='ocrx_word' id='word_1_284' title='bbox 572 1606 700 1646; x_wconf 85' lang='lat' dir='ltr'>quando</span> <span class='ocrx_word' id='word_1_285' title='bbox 718 1606 783 1646; x_wconf 84' lang='lat' dir='ltr'>ejus</span> <span class='ocrx_word' id='word_1_286' title='bbox 799 1603 947 1641; x_wconf 84' lang='lat' dir='ltr'>interest,</span> <span class='ocrx_word' id='word_1_287' title='bbox 965 1614 1019 1636; x_wconf 86' lang='lat' dir='ltr'>ex-</span> 
     </span>
     <span class='ocr_line' id='line_1_37' title="bbox 143 1643 1019 1694; baseline -0.009 -10"><span class='ocrx_word' id='word_1_288' title='bbox 143 1653 329 1694; x_wconf 79' lang='lat' dir='ltr'>ceptionem</span> <span class='ocrx_word' id='word_1_289' title='bbox 355 1648 525 1689; x_wconf 84' lang='lat' dir='ltr'>fidejussori</span> <span class='ocrx_word' id='word_1_290' title='bbox 549 1647 634 1684; x_wconf 87' lang='lat' dir='ltr'>dari,</span> <span class='ocrx_word' id='word_1_291' title='bbox 658 1643 714 1678; x_wconf 85' lang='lat' dir='ltr'>etfi</span> <span class='ocrx_word' id='word_1_292' title='bbox 734 1647 774 1677; x_wconf 88' lang='lat' dir='ltr'>de</span> <span class='ocrx_word' id='word_1_293' title='bbox 792 1646 821 1677; x_wconf 92' lang='lat' dir='ltr'>se</span> <span class='ocrx_word' id='word_1_294' title='bbox 839 1655 903 1678; x_wconf 90' lang='lat' dir='ltr'>non</span> <span class='ocrx_word' id='word_1_295' title='bbox 921 1645 1019 1677; x_wconf 89' lang='lat' dir='ltr'>fuerit</span> 
     </span>
     <span class='ocr_line' id='line_1_38' title="bbox 144 1686 1020 1734; baseline -0.01 -8"><span class='ocrx_word' id='word_1_296' title='bbox 144 1695 309 1734; x_wconf 86' lang='lat' dir='ltr'>loquutus.</span> <span class='ocrx_word' id='word_1_297' title='bbox 336 1701 433 1733; x_wconf 91' lang='lat' dir='ltr'>porro</span> <span class='ocrx_word' id='word_1_298' title='bbox 450 1690 539 1722; x_wconf 88' lang='lat' dir='ltr'>alteri</span> <span class='ocrx_word' id='word_1_299' title='bbox 558 1687 745 1730; x_wconf 82' lang='lat' dir='ltr'>paciscimur</span> <span class='ocrx_word' id='word_1_300' title='bbox 760 1687 865 1727; x_wconf 69' lang='lat' dir='ltr'>recte3</span> <span class='ocrx_word' id='word_1_301' title='bbox 880 1686 901 1718; x_wconf 90' lang='lat' dir='ltr'>fi</span> <span class='ocrx_word' id='word_1_302' title='bbox 916 1687 1020 1718; x_wconf 87' lang='lat' dir='ltr'>nostra</span> 
     </span>
     <span class='ocr_line' id='line_1_39' title="bbox 144 1727 1019 1773; baseline -0.009 -6"><span class='ocrx_word' id='word_1_303' title='bbox 144 1734 282 1768; x_wconf 80' lang='lat' dir='ltr'>intersit:</span> <span class='ocrx_word' id='word_1_304' title='bbox 308 1742 363 1772; x_wconf 85' lang='lat' dir='ltr'>ut,</span> <span class='ocrx_word' id='word_1_305' title='bbox 385 1731 406 1764; x_wconf 88' lang='lat' dir='ltr'>fi</span> <span class='ocrx_word' id='word_1_306' title='bbox 425 1741 570 1773; x_wconf 81' lang='lat' dir='ltr'>agamus,</span> <span class='ocrx_word' id='word_1_307' title='bbox 595 1739 660 1770; x_wconf 92' lang='lat' dir='ltr'>quo</span> <span class='ocrx_word' id='word_1_308' title='bbox 683 1729 777 1760; x_wconf 88' lang='lat' dir='ltr'>nobis</span> <span class='ocrx_word' id='word_1_309' title='bbox 801 1727 1019 1760; x_wconf 81' lang='lat' dir='ltr'>consulamus:</span> 
     </span>
     <span class='ocr_line' id='line_1_40' title="bbox 143 1768 1018 1811; baseline -0.009 -2"><span class='ocrx_word' id='word_1_310' title='bbox 143 1786 210 1809; x_wconf 90' lang='lat' dir='ltr'>non</span> <span class='ocrx_word' id='word_1_311' title='bbox 227 1783 262 1808; x_wconf 90' lang='lat' dir='ltr'>ut</span> <span class='ocrx_word' id='word_1_312' title='bbox 273 1776 327 1807; x_wconf 92' lang='lat' dir='ltr'>uni</span> <span class='ocrx_word' id='word_1_313' title='bbox 347 1773 544 1806; x_wconf 74' lang='lat' dir='ltr'>consulamus</span> <span class='ocrx_word' id='word_1_314' title='bbox 561 1772 588 1803; x_wconf 94' lang='lat' dir='ltr'>ei</span> <span class='ocrx_word' id='word_1_315' title='bbox 605 1771 655 1803; x_wconf 91' lang='lat' dir='ltr'>cui</span> <span class='ocrx_word' id='word_1_316' title='bbox 673 1769 868 1811; x_wconf 87' lang='lat' dir='ltr'>paciscimur.</span> <span class='ocrx_word' id='word_1_317' title='bbox 891 1770 979 1811; x_wconf 88' lang='lat' dir='ltr'>quod</span> <span class='ocrx_word' id='word_1_318' title='bbox 997 1768 1018 1801; x_wconf 85' lang='lat' dir='ltr'>fi</span> 
     </span>
     <span class='ocr_line' id='line_1_41' title="bbox 146 1810 1018 1859; baseline -0.01 -9"><span class='ocrx_word' id='word_1_319' title='bbox 146 1818 211 1850; x_wconf 87' lang='lat' dir='ltr'>est:</span> <span class='ocrx_word' id='word_1_320' title='bbox 234 1824 365 1859; x_wconf 83' lang='lat' dir='ltr'>apparet</span> <span class='ocrx_word' id='word_1_321' title='bbox 380 1838 390 1853; x_wconf 95' lang='lat'>‚</span> <span class='ocrx_word' id='word_1_322' title='bbox 413 1815 501 1847; x_wconf 80' lang='lat' dir='ltr'>reut&#39;n</span> <span class='ocrx_word' id='word_1_323' title='bbox 523 1811 713 1853; x_wconf 84' lang='lat' dir='ltr'>paciscendo</span> <span class='ocrx_word' id='word_1_324' title='bbox 737 1810 929 1852; x_wconf 73' lang='lat' dir='ltr'>fidejussori,</span> <span class='ocrx_word' id='word_1_325' title='bbox 952 1820 1018 1842; x_wconf 89' lang='lat' dir='ltr'>non</span> 
     </span>
     <span class='ocr_line' id='line_1_42' title="bbox 146 1852 1018 1900; baseline -0.01 -8"><span class='ocrx_word' id='word_1_326' title='bbox 146 1867 212 1892; x_wconf 88' lang='lat' dir='ltr'>tam</span> <span class='ocrx_word' id='word_1_327' title='bbox 232 1868 325 1900; x_wconf 81' lang='lat' dir='ltr'>agere</span> <span class='ocrx_word' id='word_1_328' title='bbox 342 1866 409 1889; x_wconf 87' lang='lat' dir='ltr'>rem</span> <span class='ocrx_word' id='word_1_329' title='bbox 424 1854 630 1897; x_wconf 68' lang='lat' dir='ltr'>fidejussoris,</span> <span class='ocrx_word' id='word_1_330' title='bbox 646 1862 740 1895; x_wconf 86' lang='lat' dir='ltr'>quam</span> <span class='ocrx_word' id='word_1_331' title='bbox 755 1852 855 1885; x_wconf 88' lang='lat' dir='ltr'>suam:</span> <span class='ocrx_word' id='word_1_332' title='bbox 878 1853 1018 1891; x_wconf 89' lang='lat' dir='ltr'>ideoque</span> 
     </span>
     <span class='ocr_line' id='line_1_43' title="bbox 146 1893 1019 1942; baseline -0.011 -8"><span class='ocrx_word' id='word_1_333' title='bbox 146 1901 379 1942; x_wconf 83' lang='lat' dir='ltr'>fidejufforem,</span> <span class='ocrx_word' id='word_1_334' title='bbox 402 1899 490 1939; x_wconf 91' lang='lat' dir='ltr'>quod</span> <span class='ocrx_word' id='word_1_335' title='bbox 513 1905 570 1937; x_wconf 90' lang='lat' dir='ltr'>per</span> <span class='ocrx_word' id='word_1_336' title='bbox 597 1894 627 1927; x_wconf 91' lang='lat' dir='ltr'>se</span> <span class='ocrx_word' id='word_1_337' title='bbox 653 1903 717 1926; x_wconf 90' lang='lat' dir='ltr'>non</span> <span class='ocrx_word' id='word_1_338' title='bbox 741 1894 838 1926; x_wconf 89' lang='lat' dir='ltr'>habet</span> <span class='ocrx_word' id='word_1_339' title='bbox 858 1903 898 1925; x_wconf 87' lang='lat' dir='ltr'>ex</span> <span class='ocrx_word' id='word_1_340' title='bbox 914 1893 1019 1925; x_wconf 86' lang='lat' dir='ltr'>alieno</span> 
     </span>
     <span class='ocr_line' id='line_1_44' title="bbox 147 1935 1020 1984; baseline -0.011 -9"><span class='ocrx_word' id='word_1_341' title='bbox 147 1942 262 1984; x_wconf 60' lang='lat' dir='ltr'>pacm,</span> <span class='ocrx_word' id='word_1_342' title='bbox 285 1942 318 1973; x_wconf 91' lang='lat' dir='ltr'>id</span> <span class='ocrx_word' id='word_1_343' title='bbox 340 1938 616 1979; x_wconf 87' lang='lat' dir='ltr'>contemplatione</span> <span class='ocrx_word' id='word_1_344' title='bbox 633 1936 815 1977; x_wconf 81' lang='lat' dir='ltr'>principalis</span> <span class='ocrx_word' id='word_1_345' title='bbox 832 1935 878 1967; x_wconf 90' lang='lat' dir='ltr'>rei</span> <span class='ocrx_word' id='word_1_346' title='bbox 895 1937 1020 1975; x_wconf 87' lang='lat' dir='ltr'>accipe-</span> 
     </span>
     <span class='ocr_line' id='line_1_45' title="bbox 145 1976 1019 2021; baseline -0.011 -5"><span class='ocrx_word' id='word_1_347' title='bbox 145 1994 191 2016; x_wconf 87' lang='lat' dir='ltr'>re.</span> <span class='ocrx_word' id='word_1_348' title='bbox 221 1983 263 2016; x_wconf 89' lang='lat' dir='ltr'>fic</span> <span class='ocrx_word' id='word_1_349' title='bbox 289 1983 424 2021; x_wconf 80' lang='lat' dir='ltr'>Paulus;</span> <span class='ocrx_word' id='word_1_350' title='bbox 447 1989 543 2021; x_wconf 90' lang='lat' dir='ltr'>atque</span> <span class='ocrx_word' id='word_1_351' title='bbox 568 1978 757 2010; x_wconf 75' lang='lat' dir='ltr'>‹zo-verius:</span> <span class='ocrx_word' id='word_1_352' title='bbox 779 1977 852 2018; x_wconf 86' lang='lat' dir='ltr'>quia</span> <span class='ocrx_word' id='word_1_353' title='bbox 877 1976 1019 2017; x_wconf 86' lang='lat' dir='ltr'>subjicit,</span> 
     </span>
     <span class='ocr_line' id='line_1_46' title="bbox 148 2025 429 2068; baseline -0.007 -13"><span class='ocrx_word' id='word_1_354' title='bbox 148 2025 214 2068; x_wconf 62' lang='lat' dir='ltr'>Quo</span> <span class='ocrx_word' id='word_1_355' title='bbox 225 2026 293 2067; x_wconf 82' lang='lat' dir='ltr'>jure</span> <span class='ocrx_word' id='word_1_356' title='bbox 308 2025 429 2055; x_wconf 78' lang='lat' dir='ltr'>utimur.</span> 
     </span>
    </p>

    <p class='ocr_par' dir='ltr' id='par_1_4' title="bbox 146 2057 1025 2894">
     <span class='ocr_line' id='line_1_47' title="bbox 190 2057 1020 2106; baseline -0.012 -8"><span class='ocrx_word' id='word_1_357' title='bbox 190 2065 243 2097; x_wconf 91' lang='lat' dir='ltr'>Ne</span> <span class='ocrx_word' id='word_1_358' title='bbox 259 2067 336 2097; x_wconf 90' lang='lat' dir='ltr'>illud</span> <span class='ocrx_word' id='word_1_359' title='bbox 353 2065 482 2106; x_wconf 83' lang='lat' dir='ltr'>quidem</span> <span class='ocrx_word' id='word_1_360' title='bbox 498 2062 552 2094; x_wconf 89' lang='lat' dir='ltr'>hic</span> <span class='ocrx_word' id='word_1_361' title='bbox 568 2072 608 2094; x_wconf 87' lang='lat' dir='ltr'>nc</span> <span class='ocrx_word' id='word_1_362' title='bbox 633 2060 812 2102; x_wconf 84' lang='lat' dir='ltr'>ligendum,</span> <span class='ocrx_word' id='word_1_363' title='bbox 829 2058 917 2100; x_wconf 87' lang='lat' dir='ltr'>quod</span> <span class='ocrx_word' id='word_1_364' title='bbox 933 2057 1020 2089; x_wconf 89' lang='lat' dir='ltr'>Furi·</span> 
     </span>
     <span class='ocr_line' id='line_1_48' title="bbox 146 2099 1022 2144; baseline -0.01 -5"><span class='ocrx_word' id='word_1_365' title='bbox 146 2117 182 2140; x_wconf 91' lang='lat' dir='ltr'>us</span> <span class='ocrx_word' id='word_1_366' title='bbox 198 2107 373 2138; x_wconf 85' lang='lat' dir='ltr'>Anthianus</span> <span class='ocrx_word' id='word_1_367' title='bbox 383 2106 402 2137; x_wconf 87' lang='lat' dir='ltr'>l.</span> <span class='ocrx_word' id='word_1_368' title='bbox 413 2106 467 2137; x_wconf 73' lang='lat' dir='ltr'>ult.</span> <span class='ocrx_word' id='word_1_369' title='bbox 477 2104 518 2136; x_wconf 92' lang='lat' dir='ltr'>D.</span> <span class='ocrx_word' id='word_1_370' title='bbox 535 2105 613 2144; x_wconf 76' lang='lat' dir='ltr'>clepa</span> <span class='ocrx_word' id='word_1_371' title='bbox 643 2104 667 2134; x_wconf 84' lang='lat' dir='ltr'>is</span> <span class='ocrx_word' id='word_1_372' title='bbox 683 2100 801 2140; x_wconf 88' lang='lat' dir='ltr'>refert,</span> <span class='ocrx_word' id='word_1_373' title='bbox 815 2100 836 2132; x_wconf 85' lang='lat' dir='ltr'>si</span> <span class='ocrx_word' id='word_1_374' title='bbox 851 2110 922 2132; x_wconf 88' lang='lat' dir='ltr'>reus</span> <span class='ocrx_word' id='word_1_375' title='bbox 939 2099 1022 2139; x_wconf 85' lang='lat' dir='ltr'>post-</span> 
     </span>
     <span class='ocr_line' id='line_1_49' title="bbox 149 2142 1021 2190; baseline -0.011 -10"><span class='ocrx_word' id='word_1_376' title='bbox 149 2157 243 2190; x_wconf 89' lang='lat' dir='ltr'>quam</span> <span class='ocrx_word' id='word_1_377' title='bbox 259 2148 367 2188; x_wconf 68' lang='lat' dir='ltr'>paetus</span> <span class='ocrx_word' id='word_1_378' title='bbox 391 2147 444 2185; x_wconf 85' lang='lat' dir='ltr'>fit,</span> <span class='ocrx_word' id='word_1_379' title='bbox 467 2156 483 2177; x_wconf 90' lang='lat' dir='ltr'>a</span> <span class='ocrx_word' id='word_1_380' title='bbox 499 2145 529 2177; x_wconf 89' lang='lat' dir='ltr'>se</span> <span class='ocrx_word' id='word_1_381' title='bbox 552 2154 616 2176; x_wconf 91' lang='lat' dir='ltr'>non</span> <span class='ocrx_word' id='word_1_382' title='bbox 634 2144 701 2185; x_wconf 90' lang='lat' dir='ltr'>peti</span> <span class='ocrx_word' id='word_1_383' title='bbox 724 2142 910 2183; x_wconf 86' lang='lat' dir='ltr'>pecuniam,</span> <span class='ocrx_word' id='word_1_384' title='bbox 932 2144 1021 2173; x_wconf 87' lang='lat' dir='ltr'>ideo·</span> 
     </span>
     <span class='ocr_line' id='line_1_50' title="bbox 150 2181 1021 2231; baseline -0.009 -10"><span class='ocrx_word' id='word_1_385' title='bbox 150 2200 213 2231; x_wconf 90' lang='lat' dir='ltr'>que</span> <span class='ocrx_word' id='word_1_386' title='bbox 230 2190 333 2229; x_wconf 90' lang='lat' dir='ltr'>coepit</span> <span class='ocrx_word' id='word_1_387' title='bbox 349 2188 380 2219; x_wconf 89' lang='lat' dir='ltr'>id</span> <span class='ocrx_word' id='word_1_388' title='bbox 402 2188 525 2228; x_wconf 65' lang='lat' dir='ltr'>patrum</span> <span class='ocrx_word' id='word_1_389' title='bbox 543 2184 714 2226; x_wconf 85' lang='lat' dir='ltr'>fidejussori</span> <span class='ocrx_word' id='word_1_390' title='bbox 732 2182 898 2225; x_wconf 80' lang='lat' dir='ltr'>prodesse,</span> <span class='ocrx_word' id='word_1_391' title='bbox 921 2181 1021 2214; x_wconf 87' lang='lat' dir='ltr'>rursus</span> 
     </span>
     <span class='ocr_line' id='line_1_51' title="bbox 149 2224 1021 2273; baseline -0.011 -9"><span class='ocrx_word' id='word_1_392' title='bbox 149 2231 261 2273; x_wconf 68' lang='lat' dir='ltr'>pastus</span> <span class='ocrx_word' id='word_1_393' title='bbox 278 2230 332 2268; x_wconf 77' lang='lat' dir='ltr'>iit,</span> <span class='ocrx_word' id='word_1_394' title='bbox 353 2235 388 2260; x_wconf 86' lang='lat' dir='ltr'>ut</span> <span class='ocrx_word' id='word_1_395' title='bbox 403 2238 420 2259; x_wconf 90' lang='lat' dir='ltr'>a</span> <span class='ocrx_word' id='word_1_396' title='bbox 437 2227 465 2259; x_wconf 89' lang='lat' dir='ltr'>se</span> <span class='ocrx_word' id='word_1_397' title='bbox 480 2228 546 2267; x_wconf 87' lang='lat' dir='ltr'>peti</span> <span class='ocrx_word' id='word_1_398' title='bbox 562 2228 674 2259; x_wconf 84' lang='lat' dir='ltr'>liceat:</span> <span class='ocrx_word' id='word_1_399' title='bbox 697 2225 860 2267; x_wconf 82' lang='lat' dir='ltr'>quaefitum</span> <span class='ocrx_word' id='word_1_400' title='bbox 876 2224 957 2262; x_wconf 84' lang='lat' dir='ltr'>ess&#39;e,</span> <span class='ocrx_word' id='word_1_401' title='bbox 983 2232 1021 2255; x_wconf 89' lang='lat' dir='ltr'>an</span> 
     </span>
     <span class='ocr_line' id='line_1_52' title="bbox 149 2265 1022 2312; baseline -0.01 -7"><span class='ocrx_word' id='word_1_402' title='bbox 149 2273 267 2305; x_wconf 83' lang='lat' dir='ltr'>utilitas</span> <span class='ocrx_word' id='word_1_403' title='bbox 291 2271 404 2312; x_wconf 87' lang='lat' dir='ltr'>prioris</span> <span class='ocrx_word' id='word_1_404' title='bbox 435 2269 517 2310; x_wconf 68' lang='lat' dir='ltr'>pacti</span> <span class='ocrx_word' id='word_1_405' title='bbox 538 2267 706 2308; x_wconf 76' lang='lat' dir='ltr'>fidejussori</span> <span class='ocrx_word' id='word_1_406' title='bbox 729 2266 905 2307; x_wconf 88' lang='lat' dir='ltr'>posteriore</span> <span class='ocrx_word' id='word_1_407' title='bbox 927 2265 1022 2306; x_wconf 70' lang='lat' dir='ltr'>paCto</span> 
     </span>
     <span class='ocr_line' id='line_1_53' title="bbox 149 2307 1020 2352; baseline -0.01 -6"><span class='ocrx_word' id='word_1_408' title='bbox 149 2314 270 2346; x_wconf 86' lang='lat' dir='ltr'>sublata</span> <span class='ocrx_word' id='word_1_409' title='bbox 282 2311 344 2344; x_wconf 80' lang='lat' dir='ltr'>effe</span> <span class='ocrx_word' id='word_1_410' title='bbox 359 2311 563 2352; x_wconf 83' lang='lat' dir='ltr'>intelligatur.</span> <span class='ocrx_word' id='word_1_411' title='bbox 580 2309 632 2340; x_wconf 90' lang='lat' dir='ltr'>sed</span> <span class='ocrx_word' id='word_1_412' title='bbox 648 2318 720 2340; x_wconf 88' lang='lat' dir='ltr'>cum</span> <span class='ocrx_word' id='word_1_413' title='bbox 738 2308 919 2339; x_wconf 85' lang='lat' dir='ltr'>Marcianus</span> <span class='ocrx_word' id='word_1_414' title='bbox 933 2307 951 2339; x_wconf 85' lang='lat' dir='ltr'>l.</span> <span class='ocrx_word' id='word_1_415' title='bbox 975 2315 1020 2341; x_wconf 89' lang='lat'>19.</span> 
     </span>
     <span class='ocr_line' id='line_1_54' title="bbox 151 2349 1024 2394; baseline -0.01 -6"><span class='ocrx_word' id='word_1_416' title='bbox 151 2356 195 2388; x_wconf 83' lang='lat' dir='ltr'>D.</span> <span class='ocrx_word' id='word_1_417' title='bbox 221 2356 254 2386; x_wconf 78' lang='lat' dir='ltr'>de</span> <span class='ocrx_word' id='word_1_418' title='bbox 271 2353 481 2394; x_wconf 78' lang='lat' dir='ltr'>exceptionibus</span> <span class='ocrx_word' id='word_1_419' title='bbox 503 2351 637 2388; x_wconf 84' lang='lat' dir='ltr'>scribat,</span> <span class='ocrx_word' id='word_1_420' title='bbox 662 2349 785 2381; x_wconf 87' lang='lat' dir='ltr'>Omnes</span> <span class='ocrx_word' id='word_1_421' title='bbox 811 2350 1024 2388; x_wconf 83' lang='lat' dir='ltr'>exceptiones</span> 
     </span>
     <span class='ocr_line' id='line_1_55' title="bbox 151 2390 1022 2438; baseline -0.011 -9"><span class='ocrx_word' id='word_1_422' title='bbox 151 2406 221 2438; x_wconf 84' lang='lat' dir='ltr'>quae</span> <span class='ocrx_word' id='word_1_423' title='bbox 233 2405 289 2428; x_wconf 90' lang='lat' dir='ltr'>reo</span> <span class='ocrx_word' id='word_1_424' title='bbox 302 2400 510 2434; x_wconf 89' lang='lat' dir='ltr'>competunt,</span> <span class='ocrx_word' id='word_1_425' title='bbox 525 2390 694 2432; x_wconf 79' lang='lat' dir='ltr'>fidejuffori</span> <span class='ocrx_word' id='word_1_426' title='bbox 704 2414 713 2430; x_wconf 93' lang='lat'>,</span> <span class='ocrx_word' id='word_1_427' title='bbox 728 2392 822 2422; x_wconf 88' lang='lat' dir='ltr'>etiam</span> <span class='ocrx_word' id='word_1_428' title='bbox 834 2391 937 2421; x_wconf 77' lang='lat' dir='ltr'>invito</span> <span class='ocrx_word' id='word_1_429' title='bbox 946 2398 1002 2420; x_wconf 92' lang='lat' dir='ltr'>reo</span> <span class='ocrx_word' id='word_1_430' title='bbox 1012 2411 1022 2426; x_wconf 85' lang='lat'>,</span> 
     </span>
     <span class='ocr_line' id='line_1_56' title="bbox 153 2430 1023 2478; baseline -0.009 -9"><span class='ocrx_word' id='word_1_431' title='bbox 153 2445 359 2478; x_wconf 77' lang='lat' dir='ltr'>competere3</span> <span class='ocrx_word' id='word_1_432' title='bbox 382 2434 486 2467; x_wconf 85' lang='lat' dir='ltr'>forsan</span> <span class='ocrx_word' id='word_1_433' title='bbox 510 2434 613 2465; x_wconf 88' lang='lat' dir='ltr'>verius</span> <span class='ocrx_word' id='word_1_434' title='bbox 628 2432 745 2471; x_wconf 86' lang='lat' dir='ltr'>fuerit,</span> <span class='ocrx_word' id='word_1_435' title='bbox 761 2431 928 2472; x_wconf 84' lang='lat' dir='ltr'>fidejussori</span> <span class='ocrx_word' id='word_1_436' title='bbox 946 2430 1023 2462; x_wconf 90' lang='lat' dir='ltr'>invi-</span> 
     </span>
     <span class='ocr_line' id='line_1_57' title="bbox 155 2472 1024 2519; baseline -0.01 -8"><span class='ocrx_word' id='word_1_437' title='bbox 155 2488 190 2511; x_wconf 90' lang='lat' dir='ltr'>to</span> <span class='ocrx_word' id='word_1_438' title='bbox 207 2488 262 2519; x_wconf 88' lang='lat' dir='ltr'>per</span> <span class='ocrx_word' id='word_1_439' title='bbox 279 2477 433 2518; x_wconf 83' lang='lat' dir='ltr'>posterius</span> <span class='ocrx_word' id='word_1_440' title='bbox 448 2475 572 2517; x_wconf 57' lang='lat' dir='ltr'>paetum</span> <span class='ocrx_word' id='word_1_441' title='bbox 590 2484 654 2506; x_wconf 88' lang='lat' dir='ltr'>non</span> <span class='ocrx_word' id='word_1_442' title='bbox 669 2474 853 2514; x_wconf 82' lang='lat' dir='ltr'>extorqueri</span> <span class='ocrx_word' id='word_1_443' title='bbox 874 2472 953 2513; x_wconf 64' lang='lat' dir='ltr'>paeli</span> <span class='ocrx_word' id='word_1_444' title='bbox 971 2481 1024 2502; x_wconf 84' lang='lat' dir='ltr'>ex-</span> 
     </span>
     <span class='ocr_line' id='line_1_58' title="bbox 154 2512 1024 2561; baseline -0.008 -10"><span class='ocrx_word' id='word_1_445' title='bbox 154 2520 338 2561; x_wconf 85' lang='lat' dir='ltr'>ceptionem</span> <span class='ocrx_word' id='word_1_446' title='bbox 354 2519 383 2550; x_wconf 84' lang='lat' dir='ltr'>ei</span> <span class='ocrx_word' id='word_1_447' title='bbox 401 2519 508 2558; x_wconf 84' lang='lat' dir='ltr'>priore</span> <span class='ocrx_word' id='word_1_448' title='bbox 525 2516 618 2557; x_wconf 74' lang='lat' dir='ltr'>pacto</span> <span class='ocrx_word' id='word_1_449' title='bbox 634 2514 729 2547; x_wconf 89' lang='lat' dir='ltr'>semel</span> <span class='ocrx_word' id='word_1_450' title='bbox 751 2514 946 2556; x_wconf 75' lang='lat' dir='ltr'>adquisitam.</span> <span class='ocrx_word' id='word_1_451' title='bbox 982 2512 1024 2544; x_wconf 88' lang='lat' dir='ltr'>fic</span> 
     </span>
     <span class='ocr_line' id='line_1_59' title="bbox 152 2554 1023 2593; baseline -0.009 0"><span class='ocrx_word' id='word_1_452' title='bbox 152 2561 264 2593; x_wconf 83' lang='lat' dir='ltr'>Furius</span> <span class='ocrx_word' id='word_1_453' title='bbox 281 2560 455 2591; x_wconf 85' lang='lat' dir='ltr'>Anthianus</span> <span class='ocrx_word' id='word_1_454' title='bbox 471 2561 499 2590; x_wconf 83' lang='lat' dir='ltr'>d.</span> <span class='ocrx_word' id='word_1_455' title='bbox 516 2559 535 2589; x_wconf 78' lang='lat' dir='ltr'>l.</span> <span class='ocrx_word' id='word_1_456' title='bbox 552 2558 605 2590; x_wconf 72' lang='lat' dir='ltr'>ult.</span> <span class='ocrx_word' id='word_1_457' title='bbox 630 2558 692 2589; x_wconf 86' lang='lat' dir='ltr'>Sed</span> <span class='ocrx_word' id='word_1_458' title='bbox 709 2556 799 2588; x_wconf 86' lang='lat' dir='ltr'>aliter</span> <span class='ocrx_word' id='word_1_459' title='bbox 811 2555 908 2587; x_wconf 88' lang='lat' dir='ltr'>visum</span> <span class='ocrx_word' id='word_1_460' title='bbox 924 2554 1023 2588; x_wconf 88' lang='lat' dir='ltr'>Paulo</span> 
     </span>
     <span class='ocr_line' id='line_1_60' title="bbox 153 2597 1025 2642; baseline -0.01 -8"><span class='ocrx_word' id='word_1_461' title='bbox 153 2604 172 2634; x_wconf 90' lang='lat' dir='ltr'>l.</span> <span class='ocrx_word' id='word_1_462' title='bbox 193 2612 239 2642; x_wconf 82' lang='lat'>27.</span> <span class='ocrx_word' id='word_1_463' title='bbox 258 2602 288 2642; x_wconf 85' lang='lat'>§.</span> <span class='ocrx_word' id='word_1_464' title='bbox 308 2611 335 2642; x_wconf 84' lang='lat'>3.</span> <span class='ocrx_word' id='word_1_465' title='bbox 358 2600 395 2631; x_wconf 93' lang='lat' dir='ltr'>D.</span> <span class='ocrx_word' id='word_1_466' title='bbox 413 2603 444 2632; x_wconf 86' lang='lat' dir='ltr'>cle</span> <span class='ocrx_word' id='word_1_467' title='bbox 460 2600 571 2640; x_wconf 61' lang='lat' dir='ltr'>pastis.-</span> <span class='ocrx_word' id='word_1_468' title='bbox 586 2599 634 2630; x_wconf 88' lang='lat' dir='ltr'>his</span> <span class='ocrx_word' id='word_1_469' title='bbox 652 2598 774 2630; x_wconf 85' lang='lat' dir='ltr'>verbis:</span> <span class='ocrx_word' id='word_1_470' title='bbox 792 2597 900 2629; x_wconf 71' lang='lat' dir='ltr'>Eadem</span> <span class='ocrx_word' id='word_1_471' title='bbox 914 2597 1025 2628; x_wconf 76' lang='lat' dir='ltr'>ratione</span> 
     </span>
     <span class='ocr_line' id='line_1_61' title="bbox 154 2636 1023 2683; baseline -0.009 -7"><span class='ocrx_word' id='word_1_472' title='bbox 154 2645 310 2682; x_wconf 70' lang='lat' dir='ltr'>contingit,</span> <span class='ocrx_word' id='word_1_473' title='bbox 335 2651 369 2672; x_wconf 82' lang='lat' dir='ltr'>ne</span> <span class='ocrx_word' id='word_1_474' title='bbox 380 2642 593 2683; x_wconf 59' lang='lat' dir='ltr'>fidejussoribus</span> <span class='ocrx_word' id='word_1_475' title='bbox 604 2643 688 2682; x_wconf 86' lang='lat' dir='ltr'>prius</span> <span class='ocrx_word' id='word_1_476' title='bbox 703 2639 820 2680; x_wconf 57' lang='lat' dir='ltr'>paetum</span> <span class='ocrx_word' id='word_1_477' title='bbox 833 2637 931 2679; x_wconf 78' lang='lat' dir='ltr'>prosit.</span> <span class='ocrx_word' id='word_1_478' title='bbox 956 2636 1023 2669; x_wconf 70' lang='lat' dir='ltr'>Nisi</span> 
     </span>
     <span class='ocr_line' id='line_1_62' title="bbox 154 2680 1024 2727; baseline -0.008 -10"><span class='ocrx_word' id='word_1_479' title='bbox 154 2686 224 2727; x_wconf 91' lang='lat' dir='ltr'>quis</span> <span class='ocrx_word' id='word_1_480' title='bbox 245 2683 375 2716; x_wconf 86' lang='lat' dir='ltr'>Paulum</span> <span class='ocrx_word' id='word_1_481' title='bbox 398 2683 438 2714; x_wconf 87' lang='lat' dir='ltr'>sic</span> <span class='ocrx_word' id='word_1_482' title='bbox 456 2684 610 2724; x_wconf 84' lang='lat' dir='ltr'>accipiat:</span> <span class='ocrx_word' id='word_1_483' title='bbox 635 2681 718 2722; x_wconf 82' lang='lat' dir='ltr'>quasi</span> <span class='ocrx_word' id='word_1_484' title='bbox 734 2691 799 2712; x_wconf 86' lang='lat' dir='ltr'>non</span> <span class='ocrx_word' id='word_1_485' title='bbox 817 2680 967 2720; x_wconf 87' lang='lat' dir='ltr'>loquatur</span> <span class='ocrx_word' id='word_1_486' title='bbox 984 2680 1024 2710; x_wconf 83' lang='lat' dir='ltr'>de</span> 
     </span>
     <span class='ocr_line' id='line_1_63' title="bbox 154 2720 1023 2769; baseline -0.009 -10"><span class='ocrx_word' id='word_1_487' title='bbox 154 2727 250 2769; x_wconf 71' lang='lat' dir='ltr'>paCto</span> <span class='ocrx_word' id='word_1_488' title='bbox 274 2725 317 2755; x_wconf 85' lang='lat' dir='ltr'>rei</span> <span class='ocrx_word' id='word_1_489' title='bbox 342 2724 541 2763; x_wconf 86' lang='lat' dir='ltr'>principalis,</span> <span class='ocrx_word' id='word_1_490' title='bbox 564 2724 615 2756; x_wconf 89' lang='lat' dir='ltr'>sed</span> <span class='ocrx_word' id='word_1_491' title='bbox 639 2725 680 2754; x_wconf 84' lang='lat' dir='ltr'>de</span> <span class='ocrx_word' id='word_1_492' title='bbox 703 2722 794 2762; x_wconf 64' lang='lat' dir='ltr'>pasto</span> <span class='ocrx_word' id='word_1_493' title='bbox 818 2720 1023 2761; x_wconf 71' lang='lat' dir='ltr'>fiticjuss&#39;oris:</span> 
     </span>
     <span class='ocr_line' id='line_1_64' title="bbox 155 2761 1023 2805; baseline -0.01 -4"><span class='ocrx_word' id='word_1_494' title='bbox 155 2778 189 2801; x_wconf 88' lang='lat' dir='ltr'>ut</span> <span class='ocrx_word' id='word_1_495' title='bbox 207 2765 309 2799; x_wconf 89' lang='lat' dir='ltr'>sensus</span> <span class='ocrx_word' id='word_1_496' title='bbox 324 2764 379 2801; x_wconf 82' lang='lat' dir='ltr'>sit,</span> <span class='ocrx_word' id='word_1_497' title='bbox 396 2764 424 2794; x_wconf 88' lang='lat' dir='ltr'>Si</span> <span class='ocrx_word' id='word_1_498' title='bbox 438 2765 542 2803; x_wconf 58' lang='lat' dir='ltr'>pactus</span> <span class='ocrx_word' id='word_1_499' title='bbox 559 2764 595 2796; x_wconf 90' lang='lat' dir='ltr'>fit</span> <span class='ocrx_word' id='word_1_500' title='bbox 613 2763 786 2805; x_wconf 77' lang='lat' dir='ltr'>fidejuffor,</span> <span class='ocrx_word' id='word_1_501' title='bbox 803 2772 842 2794; x_wconf 89' lang='lat' dir='ltr'>ne</span> <span class='ocrx_word' id='word_1_502' title='bbox 858 2772 875 2793; x_wconf 80' lang='lat' dir='ltr'>a</span> <span class='ocrx_word' id='word_1_503' title='bbox 893 2761 922 2793; x_wconf 89' lang='lat' dir='ltr'>se</span> <span class='ocrx_word' id='word_1_504' title='bbox 937 2770 1023 2802; x_wconf 83' lang='lat' dir='ltr'>peta-</span> 
     </span>
     <span class='ocr_line' id='line_1_65' title="bbox 158 2804 1025 2848; baseline -0.008 -7"><span class='ocrx_word' id='word_1_505' title='bbox 158 2820 228 2848; x_wconf 83' lang='lat' dir='ltr'>tur3</span> <span class='ocrx_word' id='word_1_506' title='bbox 244 2808 274 2839; x_wconf 84' lang='lat'>&amp;</span> <span class='ocrx_word' id='word_1_507' title='bbox 290 2808 314 2838; x_wconf 86' lang='lat' dir='ltr'>is</span> <span class='ocrx_word' id='word_1_508' title='bbox 329 2804 430 2838; x_wconf 80' lang='lat' dir='ltr'>rursus</span> <span class='ocrx_word' id='word_1_509' title='bbox 448 2806 638 2845; x_wconf 83' lang='lat' dir='ltr'>paciscatur,</span> <span class='ocrx_word' id='word_1_510' title='bbox 653 2814 688 2837; x_wconf 89' lang='lat' dir='ltr'>ut</span> <span class='ocrx_word' id='word_1_511' title='bbox 703 2814 720 2836; x_wconf 86' lang='lat' dir='ltr'>a</span> <span class='ocrx_word' id='word_1_512' title='bbox 736 2805 765 2836; x_wconf 90' lang='lat' dir='ltr'>se</span> <span class='ocrx_word' id='word_1_513' title='bbox 781 2813 925 2845; x_wconf 86' lang='lat' dir='ltr'>petatur:</span> <span class='ocrx_word' id='word_1_514' title='bbox 941 2804 1025 2844; x_wconf 84' lang='lat' dir='ltr'>prius</span> 
     </span>
     <span class='ocr_line' id='line_1_66' title="bbox 155 2846 722 2894; baseline -0.012 -10"><span class='ocrx_word' id='word_1_515' title='bbox 155 2851 283 2894; x_wconf 62' lang='lat' dir='ltr'>paetum</span> <span class='ocrx_word' id='word_1_516' title='bbox 299 2857 364 2879; x_wconf 92' lang='lat' dir='ltr'>non</span> <span class='ocrx_word' id='word_1_517' title='bbox 381 2846 529 2885; x_wconf 84' lang='lat' dir='ltr'>prodesse·</span> <span class='ocrx_word' id='word_1_518' title='bbox 541 2846 722 2887; x_wconf 87' lang='lat' dir='ltr'>fidejussori.</span> 
     </span>
    </p>

    <p class='ocr_par' dir='ltr' id='par_1_5' title="bbox 157 2885 1032 3182">
     <span class='ocr_line' id='line_1_67' title="bbox 197 2885 1025 2929; baseline -0.007 -7"><span class='ocrx_word' id='word_1_519' title='bbox 197 2892 293 2929; x_wconf 88' lang='lat' dir='ltr'>Hoc,</span> <span class='ocrx_word' id='word_1_520' title='bbox 306 2888 326 2921; x_wconf 83' lang='lat' dir='ltr'>fl</span> <span class='ocrx_word' id='word_1_521' title='bbox 343 2896 414 2919; x_wconf 89' lang='lat' dir='ltr'>reus</span> <span class='ocrx_word' id='word_1_522' title='bbox 432 2887 589 2926; x_wconf 21' lang='grc' dir='ltr'>ριιξὶυελιῑῑ</span> <span class='ocrx_word' id='word_1_523' title='bbox 601 2911 609 2923; x_wconf 86' lang='grc'><em>,</em></span> <span class='ocrx_word' id='word_1_524' title='bbox 625 2887 676 2919; x_wconf 90' lang='lat' dir='ltr'>Ne</span> <span class='ocrx_word' id='word_1_525' title='bbox 690 2895 826 2926; x_wconf 88' lang='lat' dir='ltr'>petatur.</span> <span class='ocrx_word' id='word_1_526' title='bbox 851 2887 925 2929; x_wconf 89' lang='lat' dir='ltr'>quid</span> <span class='ocrx_word' id='word_1_527' title='bbox 942 2885 963 2917; x_wconf 81' lang='lat' dir='ltr'>fi</span> <span class='ocrx_word' id='word_1_528' title='bbox 980 2885 1025 2916; x_wconf 85' lang='lat' dir='ltr'>vi·</span> 
     </span>
     <span class='ocr_line' id='line_1_68' title="bbox 158 2927 1025 2970; baseline -0.012 -3"><span class='ocrx_word' id='word_1_529' title='bbox 158 2945 196 2967; x_wconf 92' lang='lat' dir='ltr'>ce</span> <span class='ocrx_word' id='word_1_530' title='bbox 221 2930 310 2964; x_wconf 88' lang='lat' dir='ltr'>versa</span> <span class='ocrx_word' id='word_1_531' title='bbox 332 2929 373 2962; x_wconf 81' lang='lat' dir='ltr'>sic</span> <span class='ocrx_word' id='word_1_532' title='bbox 396 2928 504 2970; x_wconf 72' lang='lat' dir='ltr'>pastus</span> <span class='ocrx_word' id='word_1_533' title='bbox 527 2927 562 2958; x_wconf 81' lang='lat' dir='ltr'>fit</span> <span class='ocrx_word' id='word_1_534' title='bbox 585 2927 773 2968; x_wconf 79' lang='lat' dir='ltr'>fidejussor?</span> <span class='ocrx_word' id='word_1_535' title='bbox 797 2929 921 2970; x_wconf 85' lang='lat' dir='ltr'>placet,</span> <span class='ocrx_word' id='word_1_536' title='bbox 945 2929 1025 2959; x_wconf 80' lang='lat' dir='ltr'>hanc</span> 
     </span>
     <span class='ocr_line' id='line_1_69' title="bbox 157 2966 1026 3011; baseline -0.012 -2"><span class='ocrx_word' id='word_1_537' title='bbox 157 2972 411 3009; x_wconf 86' lang='lat' dir='ltr'>conventionem</span> <span class='ocrx_word' id='word_1_538' title='bbox 429 2977 533 3010; x_wconf 86' lang='lat' dir='ltr'>neque</span> <span class='ocrx_word' id='word_1_539' title='bbox 548 2978 603 2999; x_wconf 87' lang='lat' dir='ltr'>reo</span> <span class='ocrx_word' id='word_1_540' title='bbox 620 2970 783 3008; x_wconf 74' lang='lat' dir='ltr'>prodesse,</span> <span class='ocrx_word' id='word_1_541' title='bbox 808 2979 912 3011; x_wconf 88' lang='lat' dir='ltr'>neque</span> <span class='ocrx_word' id='word_1_542' title='bbox 928 2966 1026 3000; x_wconf 84' lang='lat' dir='ltr'>confi-</span> 
     </span>
     <span class='ocr_line' id='line_1_70' title="bbox 159 3009 1028 3058; baseline -0.009 -9"><span class='ocrx_word' id='word_1_543' title='bbox 159 3016 306 3058; x_wconf 75' lang='lat' dir='ltr'>dejuffori</span> <span class='ocrx_word' id='word_1_544' title='bbox 330 3013 349 3044; x_wconf 87' lang='lat' dir='ltr'>l.</span> <span class='ocrx_word' id='word_1_545' title='bbox 378 3021 427 3053; x_wconf 82' lang='lat'>23.</span> <span class='ocrx_word' id='word_1_546' title='bbox 451 3010 499 3058; x_wconf 90' lang='lat' dir='ltr'>D.</span> <span class='ocrx_word' id='word_1_547' title='bbox 516 3010 573 3043; x_wconf 80' lang='lat' dir='ltr'>eod.</span> <span class='ocrx_word' id='word_1_548' title='bbox 587 3011 800 3055; x_wconf 28' lang='lat' dir='ltr'>‘tin-primum</span> <span class='ocrx_word' id='word_1_549' title='bbox 819 3021 881 3043; x_wconf 89' lang='lat' dir='ltr'>non</span> <span class='ocrx_word' id='word_1_550' title='bbox 898 3009 1028 3050; x_wconf 87' lang='lat' dir='ltr'>prodest</span> 
     </span>
     <span class='ocr_line' id='line_1_71' title="bbox 159 3051 1028 3092; baseline -0.012 -1"><span class='ocrx_word' id='word_1_551' title='bbox 159 3069 217 3091; x_wconf 84' lang='lat' dir='ltr'>reo</span> <span class='ocrx_word' id='word_1_552' title='bbox 236 3059 306 3089; x_wconf 80' lang='lat' dir='ltr'>haec</span> <span class='ocrx_word' id='word_1_553' title='bbox 322 3059 517 3086; x_wconf 80' lang='lat' dir='ltr'>conventio:</span> <span class='ocrx_word' id='word_1_554' title='bbox 542 3059 613 3091; x_wconf 85' lang='lat' dir='ltr'>quia</span> <span class='ocrx_word' id='word_1_555' title='bbox 629 3051 706 3081; x_wconf 86' lang='lat' dir='ltr'>nihil</span> <span class='ocrx_word' id='word_1_556' title='bbox 722 3051 1028 3092; x_wconf 72' lang='lat' dir='ltr'>interestfi&#39;dejuss&#39;o-</span> 
     </span>
     <span class='ocr_line' id='line_1_72' title="bbox 159 3091 1029 3138; baseline -0.01 -5"><span class='ocrx_word' id='word_1_557' title='bbox 159 3102 220 3138; x_wconf 80' lang='lat' dir='ltr'>ris,</span> <span class='ocrx_word' id='word_1_558' title='bbox 243 3109 261 3130; x_wconf 89' lang='lat' dir='ltr'>a</span> <span class='ocrx_word' id='word_1_559' title='bbox 276 3106 333 3130; x_wconf 87' lang='lat' dir='ltr'>reo</span> <span class='ocrx_word' id='word_1_560' title='bbox 349 3104 414 3127; x_wconf 88' lang='lat' dir='ltr'>non</span> <span class='ocrx_word' id='word_1_561' title='bbox 431 3093 508 3135; x_wconf 87' lang='lat' dir='ltr'>peti.</span> <span class='ocrx_word' id='word_1_562' title='bbox 530 3100 601 3124; x_wconf 89' lang='lat' dir='ltr'>nam</span> <span class='ocrx_word' id='word_1_563' title='bbox 616 3091 742 3122; x_wconf 78' lang='lat' dir='ltr'>excusso</span> <span class='ocrx_word' id='word_1_564' title='bbox 759 3102 814 3123; x_wconf 86' lang='lat' dir='ltr'>reo</span> <span class='ocrx_word' id='word_1_565' title='bbox 831 3094 979 3125; x_wconf 82' lang='lat' dir='ltr'>liberatur</span> <span class='ocrx_word' id='word_1_566' title='bbox 996 3091 1029 3124; x_wconf 84' lang='lat' dir='ltr'>fi-</span> 
     </span>
     <span class='ocr_line' id='line_1_73' title="bbox 158 3131 1032 3182; baseline -0.017 -8"><span class='ocrx_word' id='word_1_567' title='bbox 158 3140 308 3182; x_wconf 75' lang='lat' dir='ltr'>dejuss&#39;or.</span> <span class='ocrx_word' id='word_1_568' title='bbox 326 3146 387 3169; x_wconf 86' lang='lat' dir='ltr'>nec</span> <span class='ocrx_word' id='word_1_569' title='bbox 402 3136 566 3168; x_wconf 43' lang='lat' dir='ltr'>daturvreo</span> <span class='ocrx_word' id='word_1_570' title='bbox 581 3131 732 3173; x_wconf 77' lang='lat' dir='ltr'>regi-effus</span> <span class='ocrx_word' id='word_1_571' title='bbox 747 3133 893 3164; x_wconf 85' lang='lat' dir='ltr'>adversus</span> <span class='ocrx_word' id='word_1_572' title='bbox 909 3135 1032 3174; x_wconf 68' lang='lat' dir='ltr'>fidejus.</span> 
     </span>
    </p>

    <p class='ocr_par' dir='ltr' id='par_1_6' title="bbox 163 3172 1032 3262">
     <span class='ocr_line' id='line_1_74' title="bbox 163 3172 1032 3217; baseline -0.01 -3"><span class='ocrx_word' id='word_1_573' title='bbox 163 3182 276 3214; x_wconf 88' lang='lat' dir='ltr'>sorem.</span> <span class='ocrx_word' id='word_1_574' title='bbox 300 3181 344 3210; x_wconf 81' lang='lat' dir='ltr'>ita</span> <span class='ocrx_word' id='word_1_575' title='bbox 361 3178 424 3210; x_wconf 83' lang='lat' dir='ltr'>five</span> <span class='ocrx_word' id='word_1_576' title='bbox 440 3180 470 3208; x_wconf 89' lang='lat' dir='ltr'>in</span> <span class='ocrx_word' id='word_1_577' title='bbox 488 3174 669 3217; x_wconf 87' lang='lat' dir='ltr'>personam,</span> <span class='ocrx_word' id='word_1_578' title='bbox 692 3172 755 3204; x_wconf 85' lang='lat' dir='ltr'>five</span> <span class='ocrx_word' id='word_1_579' title='bbox 769 3174 799 3205; x_wconf 89' lang='lat' dir='ltr'>in</span> <span class='ocrx_word' id='word_1_580' title='bbox 817 3183 883 3204; x_wconf 90' lang='lat' dir='ltr'>rem</span> <span class='ocrx_word' id='word_1_581' title='bbox 900 3175 1032 3213; x_wconf 85' lang='lat' dir='ltr'>pacisca-</span> 
     </span>
     <span class='ocr_line' id='line_1_75' title="bbox 164 3213 1032 3262; baseline -0.012 -5"><span class='ocrx_word' id='word_1_582' title='bbox 164 3232 215 3261; x_wconf 87' lang='lat' dir='ltr'>tur</span> <span class='ocrx_word' id='word_1_583' title='bbox 224 3220 403 3262; x_wconf 76' lang='lat' dir='ltr'>fideJuffor:</span> <span class='ocrx_word' id='word_1_584' title='bbox 418 3219 544 3260; x_wconf 68' lang='lat' dir='ltr'>patrum</span> <span class='ocrx_word' id='word_1_585' title='bbox 558 3214 613 3258; x_wconf 73' lang='lat' dir='ltr'>ipsi</span> <span class='ocrx_word' id='word_1_586' title='bbox 628 3214 756 3256; x_wconf 80' lang='lat' dir='ltr'>quidem</span> <span class='ocrx_word' id='word_1_587' title='bbox 771 3213 898 3256; x_wconf 83' lang='lat' dir='ltr'>prodest</span> <span class='ocrx_word' id='word_1_588' title='bbox 909 3237 918 3253; x_wconf 89' lang='lat'>,</span> <span class='ocrx_word' id='word_1_589' title='bbox 935 3223 1032 3247; x_wconf 75' lang='lat' dir='ltr'>atreo</span> 
     </span>
    </p>
   </div>
   <div class='ocr_carea' id='block_1_3' title="bbox 743 111 1341 151">
    <p class='ocr_par' dir='ltr' id='par_1_7' title="bbox 743 111 1341 151">
     <span class='ocr_line' id='line_1_76' title="bbox 743 111 1341 151; baseline -0.003 0"><span class='ocrx_word' id='word_1_590' title='bbox 743 116 1051 151; x_wconf 56' lang='lat' dir='ltr'>Gentium</span> <span class='ocrx_word' id='word_1_591' title='bbox 1108 111 1341 150; x_wconf 79' lang='lat' dir='ltr'>NoonT</span> 
     </span>
    </p>
   </div>
   <div class='ocr_carea' id='block_1_4' title="bbox 1053 199 1926 245">
    <p class='ocr_par' dir='ltr' id='par_1_8' title="bbox 1053 199 1926 245">
     <span class='ocr_line' id='line_1_77' title="bbox 1053 199 1926 245; baseline 0 -9"><span class='ocrx_word' id='word_1_592' title='bbox 1053 213 1123 236; x_wconf 84' lang='lat' dir='ltr'>=non</span> <span class='ocrx_word' id='word_1_593' title='bbox 1141 203 1287 245; x_wconf 81' lang='lat' dir='ltr'>prodest:</span> <span class='ocrx_word' id='word_1_594' title='bbox 1303 203 1377 244; x_wconf 85' lang='lat' dir='ltr'>quia</span> <span class='ocrx_word' id='word_1_595' title='bbox 1393 199 1499 243; x_wconf 83' lang='lat' dir='ltr'>potest</span> <span class='ocrx_word' id='word_1_596' title='bbox 1513 199 1673 242; x_wconf 74' lang='lat' dir='ltr'>fidejuffor</span> <span class='ocrx_word' id='word_1_597' title='bbox 1687 200 1874 242; x_wconf 85' lang='lat' dir='ltr'>paciscendo</span> <span class='ocrx_word' id='word_1_598' title='bbox 1893 203 1926 236; x_wconf 79' lang='lat' dir='ltr'>si-</span> 
     </span>
    </p>
   </div>
   <div class='ocr_carea' id='block_1_5' title="bbox 1056 242 1935 3216">
    <p class='ocr_par' dir='ltr' id='par_1_9' title="bbox 1056 242 1932 1399">
     <span class='ocr_line' id='line_1_78' title="bbox 1058 242 1925 284; baseline 0 -7"><span class='ocrx_word' id='word_1_599' title='bbox 1058 246 1091 277; x_wconf 85' lang='lat' dir='ltr'>bi</span> <span class='ocrx_word' id='word_1_600' title='bbox 1109 245 1291 284; x_wconf 89' lang='lat' dir='ltr'>consulere,</span> <span class='ocrx_word' id='word_1_601' title='bbox 1316 245 1404 276; x_wconf 81' lang='lat' dir='ltr'>alteri</span> <span class='ocrx_word' id='word_1_602' title='bbox 1423 252 1486 274; x_wconf 88' lang='lat' dir='ltr'>non</span> <span class='ocrx_word' id='word_1_603' title='bbox 1504 243 1619 282; x_wconf 80' lang='lat' dir='ltr'>potest.</span> <span class='ocrx_word' id='word_1_604' title='bbox 1663 242 1784 276; x_wconf 84' lang='lat' dir='ltr'>Eadem</span> <span class='ocrx_word' id='word_1_605' title='bbox 1800 245 1925 278; x_wconf 86' lang='lat' dir='ltr'>ratione</span> 
     </span>
     <span class='ocr_line' id='line_1_79' title="bbox 1058 283 1928 326; baseline -0.001 -8"><span class='ocrx_word' id='word_1_606' title='bbox 1058 296 1119 318; x_wconf 90' lang='lat' dir='ltr'>nec</span> <span class='ocrx_word' id='word_1_607' title='bbox 1127 285 1359 326; x_wconf 84' lang='lat' dir='ltr'>confidejuss&#39;ori</span> <span class='ocrx_word' id='word_1_608' title='bbox 1370 283 1499 325; x_wconf 76' lang='lat' dir='ltr'>prodest</span> <span class='ocrx_word' id='word_1_609' title='bbox 1506 283 1691 324; x_wconf 85' lang='lat' dir='ltr'>fidejussoris</span> <span class='ocrx_word' id='word_1_610' title='bbox 1701 285 1840 324; x_wconf 70' lang='lat' dir='ltr'>pactum:</span> <span class='ocrx_word' id='word_1_611' title='bbox 1854 295 1928 317; x_wconf 89' lang='lat' dir='ltr'>nam</span> 
     </span>
     <span class='ocr_line' id='line_1_80' title="bbox 1059 324 1928 366; baseline 0 -7"><span class='ocrx_word' id='word_1_612' title='bbox 1059 328 1138 360; x_wconf 89' lang='lat' dir='ltr'>alter</span> <span class='ocrx_word' id='word_1_613' title='bbox 1164 327 1298 359; x_wconf 88' lang='lat' dir='ltr'>solidum</span> <span class='ocrx_word' id='word_1_614' title='bbox 1320 326 1465 364; x_wconf 89' lang='lat' dir='ltr'>solvens,</span> <span class='ocrx_word' id='word_1_615' title='bbox 1487 334 1551 356; x_wconf 82' lang='lat' dir='ltr'>non</span> <span class='ocrx_word' id='word_1_616' title='bbox 1576 324 1672 356; x_wconf 88' lang='lat' dir='ltr'>habet</span> <span class='ocrx_word' id='word_1_617' title='bbox 1694 325 1860 366; x_wconf 78' lang='lat' dir='ltr'>regressum</span> <span class='ocrx_word' id='word_1_618' title='bbox 1875 328 1928 359; x_wconf 89' lang='lat' dir='ltr'>ad—</span> 
     </span>
     <span class='ocr_line' id='line_1_81' title="bbox 1059 367 1927 407; baseline 0 -8"><span class='ocrx_word' id='word_1_619' title='bbox 1059 368 1165 400; x_wconf 86' lang='lat' dir='ltr'>versus</span> <span class='ocrx_word' id='word_1_620' title='bbox 1188 369 1320 400; x_wconf 85' lang='lat' dir='ltr'>alterum</span> <span class='ocrx_word' id='word_1_621' title='bbox 1331 391 1341 407; x_wconf 90' lang='lat'>,</span> <span class='ocrx_word' id='word_1_622' title='bbox 1365 367 1419 399; x_wconf 86' lang='lat' dir='ltr'>nisi</span> <span class='ocrx_word' id='word_1_623' title='bbox 1445 374 1518 398; x_wconf 87' lang='lat' dir='ltr'>ante</span> <span class='ocrx_word' id='word_1_624' title='bbox 1535 367 1624 399; x_wconf 84' lang='lat' dir='ltr'>ceffis</span> <span class='ocrx_word' id='word_1_625' title='bbox 1640 367 1668 398; x_wconf 90' lang='lat' dir='ltr'>ei</span> <span class='ocrx_word' id='word_1_626' title='bbox 1685 375 1702 397; x_wconf 87' lang='lat' dir='ltr'>a</span> <span class='ocrx_word' id='word_1_627' title='bbox 1719 368 1878 398; x_wconf 85' lang='lat' dir='ltr'>creditore</span> <span class='ocrx_word' id='word_1_628' title='bbox 1895 376 1927 399; x_wconf 86' lang='lat' dir='ltr'>a—</span> 
     </span>
     <span class='ocr_line' id='line_1_82' title="bbox 1060 407 1925 450; baseline -0.002 -9"><span class='ocrx_word' id='word_1_629' title='bbox 1060 409 1217 441; x_wconf 72' lang='lat' dir='ltr'>&amp;ionibus</span> <span class='ocrx_word' id='word_1_630' title='bbox 1231 410 1251 441; x_wconf 77' lang='lat' dir='ltr'>l.</span> <span class='ocrx_word' id='word_1_631' title='bbox 1270 419 1322 450; x_wconf 82' lang='lat'>39.</span> <span class='ocrx_word' id='word_1_632' title='bbox 1335 408 1376 440; x_wconf 87' lang='lat' dir='ltr'>D.</span> <span class='ocrx_word' id='word_1_633' title='bbox 1393 411 1426 439; x_wconf 80' lang='lat' dir='ltr'>cle</span> <span class='ocrx_word' id='word_1_634' title='bbox 1435 407 1660 449; x_wconf 74' lang='lat' dir='ltr'>fidejufforibus.</span> <span class='ocrx_word' id='word_1_635' title='bbox 1686 407 1808 448; x_wconf 90' lang='lat' dir='ltr'>Aliquis</span> <span class='ocrx_word' id='word_1_636' title='bbox 1821 409 1925 448; x_wconf 87' lang='lat' dir='ltr'>dicet,</span> 
     </span>
     <span class='ocr_line' id='line_1_83' title="bbox 1059 448 1928 491; baseline -0.001 -9"><span class='ocrx_word' id='word_1_637' title='bbox 1059 450 1206 482; x_wconf 81' lang='lat' dir='ltr'>intereffe</span> <span class='ocrx_word' id='word_1_638' title='bbox 1223 449 1428 491; x_wconf 75' lang='lat' dir='ltr'>fideiussoris,</span> <span class='ocrx_word' id='word_1_639' title='bbox 1451 459 1491 481; x_wconf 91' lang='lat' dir='ltr'>ne</span> <span class='ocrx_word' id='word_1_640' title='bbox 1509 456 1526 480; x_wconf 91' lang='lat' dir='ltr'>a</span> <span class='ocrx_word' id='word_1_641' title='bbox 1540 458 1616 487; x_wconf 89' lang='lat' dir='ltr'>re0,</span> <span class='ocrx_word' id='word_1_642' title='bbox 1639 459 1721 480; x_wconf 87' lang='lat' dir='ltr'>neve</span> <span class='ocrx_word' id='word_1_643' title='bbox 1746 458 1762 479; x_wconf 86' lang='lat' dir='ltr'>a</span> <span class='ocrx_word' id='word_1_644' title='bbox 1785 448 1928 481; x_wconf 88' lang='lat' dir='ltr'>confide-</span> 
     </span>
     <span class='ocr_line' id='line_1_84' title="bbox 1056 490 1926 533; baseline 0 -10"><span class='ocrx_word' id='word_1_645' title='bbox 1056 491 1173 533; x_wconf 79' lang='lat' dir='ltr'>juffore</span> <span class='ocrx_word' id='word_1_646' title='bbox 1195 500 1340 532; x_wconf 84' lang='lat' dir='ltr'>petatur:</span> <span class='ocrx_word' id='word_1_647' title='bbox 1364 491 1435 532; x_wconf 88' lang='lat' dir='ltr'>quia</span> <span class='ocrx_word' id='word_1_648' title='bbox 1454 514 1465 530; x_wconf 92' lang='lat'>,</span> <span class='ocrx_word' id='word_1_649' title='bbox 1495 498 1530 521; x_wconf 92' lang='lat' dir='ltr'>ut</span> <span class='ocrx_word' id='word_1_650' title='bbox 1553 490 1623 531; x_wconf 89' lang='lat' dir='ltr'>post</span> <span class='ocrx_word' id='word_1_651' title='bbox 1647 490 1836 522; x_wconf 85' lang='lat' dir='ltr'>solutionem</span> <span class='ocrx_word' id='word_1_652' title='bbox 1862 500 1926 523; x_wconf 87' lang='lat' dir='ltr'>non</span> 
     </span>
     <span class='ocr_line' id='line_1_85' title="bbox 1060 530 1931 574; baseline 0 -11"><span class='ocrx_word' id='word_1_653' title='bbox 1060 533 1176 574; x_wconf 86' lang='lat' dir='ltr'>possint</span> <span class='ocrx_word' id='word_1_654' title='bbox 1196 533 1337 564; x_wconf 69' lang='lat' dir='ltr'>actiones</span> <span class='ocrx_word' id='word_1_655' title='bbox 1360 540 1434 564; x_wconf 90' lang='lat' dir='ltr'>ante</span> <span class='ocrx_word' id='word_1_656' title='bbox 1459 541 1525 563; x_wconf 91' lang='lat' dir='ltr'>non</span> <span class='ocrx_word' id='word_1_657' title='bbox 1549 531 1638 564; x_wconf 76' lang='lat' dir='ltr'>ceffae</span> <span class='ocrx_word' id='word_1_658' title='bbox 1653 554 1664 571; x_wconf 93' lang='lat'>,</span> <span class='ocrx_word' id='word_1_659' title='bbox 1694 530 1931 572; x_wconf 77' lang='lat' dir='ltr'>confidejuffori</span> 
     </span>
     <span class='ocr_line' id='line_1_86' title="bbox 1060 572 1927 615; baseline -0.001 -10"><span class='ocrx_word' id='word_1_660' title='bbox 1060 581 1247 615; x_wconf 86' lang='lat' dir='ltr'>competere</span> <span class='ocrx_word' id='word_1_661' title='bbox 1269 572 1412 605; x_wconf 89' lang='lat' dir='ltr'>adversus</span> <span class='ocrx_word' id='word_1_662' title='bbox 1435 572 1729 613; x_wconf 77' lang='lat' dir='ltr'>confidejuss‘orem:</span> <span class='ocrx_word' id='word_1_663' title='bbox 1754 573 1859 613; x_wconf 89' lang='lat' dir='ltr'>potest</span> <span class='ocrx_word' id='word_1_664' title='bbox 1882 580 1927 604; x_wconf 83' lang='lat' dir='ltr'>ta-</span> 
     </span>
     <span class='ocr_line' id='line_1_87' title="bbox 1061 613 1927 655; baseline -0.002 -8"><span class='ocrx_word' id='word_1_665' title='bbox 1061 624 1133 647; x_wconf 89' lang='lat' dir='ltr'>men</span> <span class='ocrx_word' id='word_1_666' title='bbox 1149 613 1325 654; x_wconf 73' lang='lat' dir='ltr'>fidejussor,</span> <span class='ocrx_word' id='word_1_667' title='bbox 1341 622 1414 646; x_wconf 90' lang='lat' dir='ltr'>ante</span> <span class='ocrx_word' id='word_1_668' title='bbox 1431 623 1523 655; x_wconf 88' lang='lat' dir='ltr'>quam</span> <span class='ocrx_word' id='word_1_669' title='bbox 1539 613 1650 654; x_wconf 84' lang='lat' dir='ltr'>solvit,</span> <span class='ocrx_word' id='word_1_670' title='bbox 1665 624 1682 645; x_wconf 88' lang='lat' dir='ltr'>a</span> <span class='ocrx_word' id='word_1_671' title='bbox 1698 615 1859 646; x_wconf 76' lang='lat' dir='ltr'>creditore</span> <span class='ocrx_word' id='word_1_672' title='bbox 1872 622 1927 654; x_wconf 85' lang='lat' dir='ltr'>pe·</span> 
     </span>
     <span class='ocr_line' id='line_1_88' title="bbox 1061 655 1926 703; baseline -0.001 -16"><span class='ocrx_word' id='word_1_673' title='bbox 1061 664 1149 703; x_wconf 74' lang='lat' dir='ltr'>tere.</span> <span class='ocrx_word' id='word_1_674' title='bbox 1172 655 1227 687; x_wconf 87' lang='lat' dir='ltr'>fibi</span> <span class='ocrx_word' id='word_1_675' title='bbox 1251 655 1321 686; x_wconf 87' lang='lat' dir='ltr'>cedi</span> <span class='ocrx_word' id='word_1_676' title='bbox 1336 655 1477 687; x_wconf 65' lang='lat' dir='ltr'>actiones</span> <span class='ocrx_word' id='word_1_677' title='bbox 1494 665 1570 697; x_wconf 91' lang='lat' dir='ltr'>quas</span> <span class='ocrx_word' id='word_1_678' title='bbox 1588 656 1684 687; x_wconf 87' lang='lat' dir='ltr'>habet</span> <span class='ocrx_word' id='word_1_679' title='bbox 1699 664 1812 687; x_wconf 86' lang='lat' dir='ltr'>contra</span> <span class='ocrx_word' id='word_1_680' title='bbox 1828 655 1926 687; x_wconf 89' lang='lat' dir='ltr'>confi-</span> 
     </span>
     <span class='ocr_line' id='line_1_89' title="bbox 1059 696 1929 737; baseline -0.003 -7"><span class='ocrx_word' id='word_1_681' title='bbox 1059 696 1245 737; x_wconf 74' lang='lat' dir='ltr'>deJuss‘orem</span> <span class='ocrx_word' id='word_1_682' title='bbox 1257 697 1284 728; x_wconf 82' lang='lat' dir='ltr'>cl.</span> <span class='ocrx_word' id='word_1_683' title='bbox 1301 696 1320 727; x_wconf 86' lang='lat' dir='ltr'>l.</span> <span class='ocrx_word' id='word_1_684' title='bbox 1331 705 1380 736; x_wconf 80' lang='lat'>39.</span> <span class='ocrx_word' id='word_1_685' title='bbox 1396 696 1458 728; x_wconf 89' lang='lat' dir='ltr'>Sed</span> <span class='ocrx_word' id='word_1_686' title='bbox 1471 697 1694 728; x_wconf 86' lang='lat' dir='ltr'>animadvertit</span> <span class='ocrx_word' id='word_1_687' title='bbox 1706 697 1863 728; x_wconf 89' lang='lat' dir='ltr'>Antonius</span> <span class='ocrx_word' id='word_1_688' title='bbox 1874 696 1929 727; x_wconf 80' lang='lat' dir='ltr'>Fa·</span> 
     </span>
     <span class='ocr_line' id='line_1_90' title="bbox 1059 737 1928 778; baseline -0.003 -7"><span class='ocrx_word' id='word_1_689' title='bbox 1059 739 1135 777; x_wconf 86' lang='lat' dir='ltr'>ber,</span> <span class='ocrx_word' id='word_1_690' title='bbox 1151 737 1375 776; x_wconf 74' lang='lat' dir='ltr'>Rationalibus,</span> <span class='ocrx_word' id='word_1_691' title='bbox 1391 747 1456 769; x_wconf 85' lang='lat' dir='ltr'>non</span> <span class='ocrx_word' id='word_1_692' title='bbox 1471 738 1557 778; x_wconf 90' lang='lat' dir='ltr'>posse</span> <span class='ocrx_word' id='word_1_693' title='bbox 1567 739 1761 770; x_wconf 89' lang='lat' dir='ltr'>creditorem</span> <span class='ocrx_word' id='word_1_694' title='bbox 1771 737 1928 778; x_wconf 77' lang='lat' dir='ltr'>fidejusso-</span> 
     </span>
     <span class='ocr_line' id='line_1_91' title="bbox 1059 778 1927 820; baseline -0.002 -8"><span class='ocrx_word' id='word_1_695' title='bbox 1059 781 1083 812; x_wconf 83' lang='lat' dir='ltr'>ri</span> <span class='ocrx_word' id='word_1_696' title='bbox 1104 787 1214 820; x_wconf 88' lang='lat' dir='ltr'>parato</span> <span class='ocrx_word' id='word_1_697' title='bbox 1225 778 1354 810; x_wconf 84' lang='lat' dir='ltr'>solidum</span> <span class='ocrx_word' id='word_1_698' title='bbox 1364 778 1504 819; x_wconf 82' lang='lat' dir='ltr'>solvere,</span> <span class='ocrx_word' id='word_1_699' title='bbox 1519 780 1592 811; x_wconf 88' lang='lat' dir='ltr'>alias</span> <span class='ocrx_word' id='word_1_700' title='bbox 1609 778 1753 820; x_wconf 83' lang='lat' dir='ltr'>praestare</span> <span class='ocrx_word' id='word_1_701' title='bbox 1766 780 1927 818; x_wconf 68' lang='lat' dir='ltr'>actiones,</span> 
     </span>
     <span class='ocr_line' id='line_1_92' title="bbox 1060 819 1928 862; baseline -0.002 -9"><span class='ocrx_word' id='word_1_702' title='bbox 1060 830 1154 862; x_wconf 84' lang='lat' dir='ltr'>quam</span> <span class='ocrx_word' id='word_1_703' title='bbox 1180 819 1244 861; x_wconf 88' lang='lat' dir='ltr'>ipse</span> <span class='ocrx_word' id='word_1_704' title='bbox 1268 820 1399 851; x_wconf 84' lang='lat' dir='ltr'>habeat:</span> <span class='ocrx_word' id='word_1_705' title='bbox 1424 829 1488 851; x_wconf 87' lang='lat' dir='ltr'>non</span> <span class='ocrx_word' id='word_1_706' title='bbox 1513 829 1619 852; x_wconf 89' lang='lat' dir='ltr'>autem</span> <span class='ocrx_word' id='word_1_707' title='bbox 1640 821 1756 852; x_wconf 86' lang='lat' dir='ltr'>habere</span> <span class='ocrx_word' id='word_1_708' title='bbox 1779 820 1928 852; x_wconf 83' lang='lat' dir='ltr'>efficaces</span> 
     </span>
     <span class='ocr_line' id='line_1_93' title="bbox 1059 860 1930 902; baseline -0.002 -8"><span class='ocrx_word' id='word_1_709' title='bbox 1059 861 1205 894; x_wconf 87' lang='lat' dir='ltr'>adversus</span> <span class='ocrx_word' id='word_1_710' title='bbox 1219 860 1450 901; x_wconf 69' lang='lat' dir='ltr'>fideiussorem,</span> <span class='ocrx_word' id='word_1_711' title='bbox 1473 870 1545 892; x_wconf 90' lang='lat' dir='ltr'>cum</span> <span class='ocrx_word' id='word_1_712' title='bbox 1562 871 1626 901; x_wconf 88' lang='lat' dir='ltr'>quo</span> <span class='ocrx_word' id='word_1_713' title='bbox 1642 862 1749 902; x_wconf 69' lang='lat' dir='ltr'>paetus</span> <span class='ocrx_word' id='word_1_714' title='bbox 1763 861 1818 898; x_wconf 87' lang='lat' dir='ltr'>fit,</span> <span class='ocrx_word' id='word_1_715' title='bbox 1834 862 1930 893; x_wconf 70' lang='lat' dir='ltr'>attio-</span> 
     </span>
     <span class='ocr_line' id='line_1_94' title="bbox 1058 900 1930 944; baseline -0.003 -8"><span class='ocrx_word' id='word_1_716' title='bbox 1058 914 1125 936; x_wconf 88' lang='lat' dir='ltr'>nes.</span> <span class='ocrx_word' id='word_1_717' title='bbox 1149 913 1214 935; x_wconf 91' lang='lat' dir='ltr'>non</span> <span class='ocrx_word' id='word_1_718' title='bbox 1230 903 1324 944; x_wconf 83' lang='lat' dir='ltr'>igitur</span> <span class='ocrx_word' id='word_1_719' title='bbox 1340 901 1427 942; x_wconf 77' lang='lat' dir='ltr'>poss&#39;e</span> <span class='ocrx_word' id='word_1_720' title='bbox 1438 900 1605 942; x_wconf 85' lang='lat' dir='ltr'>fidejussori</span> <span class='ocrx_word' id='word_1_721' title='bbox 1622 903 1766 942; x_wconf 78' lang='lat' dir='ltr'>praestare</span> <span class='ocrx_word' id='word_1_722' title='bbox 1781 902 1930 934; x_wconf 87' lang='lat' dir='ltr'>efficaces</span> 
     </span>
     <span class='ocr_line' id='line_1_95' title="bbox 1059 942 1929 984; baseline -0.002 -7"><span class='ocrx_word' id='word_1_723' title='bbox 1059 945 1202 977; x_wconf 72' lang='lat' dir='ltr'>actiones</span> <span class='ocrx_word' id='word_1_724' title='bbox 1226 942 1372 975; x_wconf 88' lang='lat' dir='ltr'>adversus</span> <span class='ocrx_word' id='word_1_725' title='bbox 1399 943 1463 983; x_wconf 85' lang='lat' dir='ltr'>ejus</span> <span class='ocrx_word' id='word_1_726' title='bbox 1482 942 1769 984; x_wconf 73' lang='lat' dir='ltr'>confidejuss&#39;orem-</span> <span class='ocrx_word' id='word_1_727' title='bbox 1800 944 1852 974; x_wconf 85' lang='lat' dir='ltr'>sed</span> <span class='ocrx_word' id='word_1_728' title='bbox 1868 952 1929 975; x_wconf 88' lang='lat' dir='ltr'>nec</span> 
     </span>
     <span class='ocr_line' id='line_1_96' title="bbox 1059 983 1932 1028; baseline -0.003 -9"><span class='ocrx_word' id='word_1_729' title='bbox 1059 987 1147 1028; x_wconf 81' lang='lat' dir='ltr'>poffe</span> <span class='ocrx_word' id='word_1_730' title='bbox 1162 984 1375 1025; x_wconf 69' lang='lat' dir='ltr'>fidejussorem</span> <span class='ocrx_word' id='word_1_731' title='bbox 1391 993 1468 1016; x_wconf 86' lang='lat' dir='ltr'>cum</span> <span class='ocrx_word' id='word_1_732' title='bbox 1478 986 1638 1016; x_wconf 71' lang='lat' dir='ltr'>creditore</span> <span class='ocrx_word' id='word_1_733' title='bbox 1655 985 1777 1025; x_wconf 70' lang='lat' dir='ltr'>pactum</span> <span class='ocrx_word' id='word_1_734' title='bbox 1789 1007 1797 1023; x_wconf 94' lang='lat'>,</span> <span class='ocrx_word' id='word_1_735' title='bbox 1811 983 1863 1016; x_wconf 91' lang='lat' dir='ltr'>Ne</span> <span class='ocrx_word' id='word_1_736' title='bbox 1878 993 1932 1024; x_wconf 87' lang='lat' dir='ltr'>pe-</span> 
     </span>
     <span class='ocr_line' id='line_1_97' title="bbox 1060 1025 1929 1068; baseline -0.002 -8"><span class='ocrx_word' id='word_1_737' title='bbox 1060 1036 1106 1060; x_wconf 90' lang='lat' dir='ltr'>tat</span> <span class='ocrx_word' id='word_1_738' title='bbox 1122 1051 1131 1067; x_wconf 90' lang='lat'>,</span> <span class='ocrx_word' id='word_1_739' title='bbox 1161 1029 1259 1068; x_wconf 80' lang='lat' dir='ltr'>magis</span> <span class='ocrx_word' id='word_1_740' title='bbox 1282 1036 1299 1057; x_wconf 90' lang='lat' dir='ltr'>a</span> <span class='ocrx_word' id='word_1_741' title='bbox 1322 1025 1566 1065; x_wconf 87' lang='lat' dir='ltr'>confidejussore</span> <span class='ocrx_word' id='word_1_742' title='bbox 1582 1050 1592 1065; x_wconf 85' lang='lat'><strong>‚</strong></span> <span class='ocrx_word' id='word_1_743' title='bbox 1613 1036 1707 1067; x_wconf 86' lang='lat' dir='ltr'>quam</span> <span class='ocrx_word' id='word_1_744' title='bbox 1731 1035 1747 1057; x_wconf 92' lang='lat' dir='ltr'>a</span> <span class='ocrx_word' id='word_1_745' title='bbox 1771 1026 1929 1058; x_wconf 82' lang='lat' dir='ltr'>creditore</span> 
     </span>
     <span class='ocr_line' id='line_1_98' title="bbox 1059 1066 1930 1108; baseline -0.002 -7"><span class='ocrx_word' id='word_1_746' title='bbox 1059 1070 1237 1102; x_wconf 87' lang='lat' dir='ltr'>conveniri.</span> <span class='ocrx_word' id='word_1_747' title='bbox 1289 1066 1366 1099; x_wconf 91' lang='lat' dir='ltr'>Non</span> <span class='ocrx_word' id='word_1_748' title='bbox 1383 1067 1478 1108; x_wconf 84' lang='lat' dir='ltr'>igitur</span> <span class='ocrx_word' id='word_1_749' title='bbox 1493 1067 1622 1099; x_wconf 87' lang='lat' dir='ltr'>interest</span> <span class='ocrx_word' id='word_1_750' title='bbox 1638 1066 1822 1108; x_wconf 76' lang='lat' dir='ltr'>fidejussoris</span> <span class='ocrx_word' id='word_1_751' title='bbox 1848 1067 1930 1107; x_wconf 65' lang='lat' dir='ltr'>pasti</span> 
     </span>
     <span class='ocr_line' id='line_1_99' title="bbox 1060 1107 1930 1149; baseline -0.005 -6"><span class='ocrx_word' id='word_1_752' title='bbox 1060 1119 1132 1143; x_wconf 89' lang='lat' dir='ltr'>cum</span> <span class='ocrx_word' id='word_1_753' title='bbox 1150 1110 1330 1148; x_wconf 81' lang='lat' dir='ltr'>creditore3</span> <span class='ocrx_word' id='word_1_754' title='bbox 1352 1116 1456 1140; x_wconf 87' lang='lat' dir='ltr'>utrum</span> <span class='ocrx_word' id='word_1_755' title='bbox 1473 1107 1767 1149; x_wconf 84' lang='lat' dir='ltr'>confidejufforibus</span> <span class='ocrx_word' id='word_1_756' title='bbox 1784 1108 1880 1147; x_wconf 80' lang='lat' dir='ltr'>prosit</span> <span class='ocrx_word' id='word_1_757' title='bbox 1897 1118 1930 1139; x_wconf 92' lang='lat' dir='ltr'>e·</span> 
     </span>
     <span class='ocr_line' id='line_1_100' title="bbox 1057 1147 1929 1193; baseline -0.002 -9"><span class='ocrx_word' id='word_1_758' title='bbox 1057 1153 1106 1193; x_wconf 88' lang='lat' dir='ltr'>jus</span> <span class='ocrx_word' id='word_1_759' title='bbox 1125 1151 1266 1193; x_wconf 64' lang='lat' dir='ltr'>paetum,</span> <span class='ocrx_word' id='word_1_760' title='bbox 1283 1160 1322 1182; x_wconf 89' lang='lat' dir='ltr'>an</span> <span class='ocrx_word' id='word_1_761' title='bbox 1341 1159 1405 1182; x_wconf 88' lang='lat' dir='ltr'>non</span> <span class='ocrx_word' id='word_1_762' title='bbox 1418 1150 1533 1190; x_wconf 88' lang='lat' dir='ltr'>profit:</span> <span class='ocrx_word' id='word_1_763' title='bbox 1550 1150 1598 1188; x_wconf 85' lang='lat'>&amp;,</span> <span class='ocrx_word' id='word_1_764' title='bbox 1616 1158 1650 1180; x_wconf 90' lang='lat' dir='ltr'>ut</span> <span class='ocrx_word' id='word_1_765' title='bbox 1667 1147 1749 1181; x_wconf 88' lang='lat' dir='ltr'>bene</span> <span class='ocrx_word' id='word_1_766' title='bbox 1764 1151 1807 1181; x_wconf 85' lang='lat' dir='ltr'>ait</span> <span class='ocrx_word' id='word_1_767' title='bbox 1817 1149 1929 1182; x_wconf 89' lang='lat' dir='ltr'>Paulus</span> 
     </span>
     <span class='ocr_line' id='line_1_101' title="bbox 1058 1191 1929 1234; baseline -0.003 -9"><span class='ocrx_word' id='word_1_768' title='bbox 1058 1195 1088 1225; x_wconf 85' lang='lat' dir='ltr'>d.</span> <span class='ocrx_word' id='word_1_769' title='bbox 1113 1193 1134 1225; x_wconf 80' lang='lat' dir='ltr'>l.</span> <span class='ocrx_word' id='word_1_770' title='bbox 1158 1203 1214 1234; x_wconf 81' lang='lat'>23,</span> <span class='ocrx_word' id='word_1_771' title='bbox 1237 1202 1301 1223; x_wconf 90' lang='lat' dir='ltr'>non</span> <span class='ocrx_word' id='word_1_772' title='bbox 1328 1200 1460 1232; x_wconf 90' lang='lat' dir='ltr'>quoquo</span> <span class='ocrx_word' id='word_1_773' title='bbox 1485 1192 1585 1223; x_wconf 83' lang='lat' dir='ltr'>inodo</span> <span class='ocrx_word' id='word_1_774' title='bbox 1606 1192 1758 1232; x_wconf 84' lang='lat' dir='ltr'>cujusque</span> <span class='ocrx_word' id='word_1_775' title='bbox 1781 1191 1929 1230; x_wconf 83' lang='lat' dir='ltr'>interest,-</span> 
     </span>
     <span class='ocr_line' id='line_1_102' title="bbox 1059 1232 1930 1273; baseline -0.003 -7"><span class='ocrx_word' id='word_1_776' title='bbox 1059 1243 1132 1266; x_wconf 89' lang='lat' dir='ltr'>cum</span> <span class='ocrx_word' id='word_1_777' title='bbox 1155 1235 1218 1266; x_wconf 91' lang='lat' dir='ltr'>alio</span> <span class='ocrx_word' id='word_1_778' title='bbox 1242 1233 1324 1264; x_wconf 75' lang='lat' dir='ltr'>facta</span> <span class='ocrx_word' id='word_1_779' title='bbox 1349 1233 1526 1264; x_wconf 86' lang='lat' dir='ltr'>conventio</span> <span class='ocrx_word' id='word_1_780' title='bbox 1544 1232 1689 1273; x_wconf 83' lang='lat' dir='ltr'>prodest;</span> <span class='ocrx_word' id='word_1_781' title='bbox 1713 1232 1763 1264; x_wconf 86' lang='lat' dir='ltr'>sed</span> <span class='ocrx_word' id='word_1_782' title='bbox 1782 1239 1857 1264; x_wconf 87' lang='lat' dir='ltr'>tunc</span> <span class='ocrx_word' id='word_1_783' title='bbox 1876 1233 1930 1264; x_wconf 81' lang='lat' dir='ltr'>de-</span> 
     </span>
     <span class='ocr_line' id='line_1_103' title="bbox 1057 1273 1931 1315; baseline -0.005 -7"><span class='ocrx_word' id='word_1_784' title='bbox 1057 1284 1143 1308; x_wconf 90' lang='lat' dir='ltr'>mum</span> <span class='ocrx_word' id='word_1_785' title='bbox 1156 1298 1166 1315; x_wconf 92' lang='lat'>,</span> <span class='ocrx_word' id='word_1_786' title='bbox 1190 1283 1262 1307; x_wconf 89' lang='lat' dir='ltr'>cum</span> <span class='ocrx_word' id='word_1_787' title='bbox 1280 1283 1336 1315; x_wconf 88' lang='lat' dir='ltr'>per</span> <span class='ocrx_word' id='word_1_788' title='bbox 1352 1282 1424 1305; x_wconf 89' lang='lat' dir='ltr'>cum</span> <span class='ocrx_word' id='word_1_789' title='bbox 1442 1274 1493 1305; x_wconf 90' lang='lat' dir='ltr'>cui</span> <span class='ocrx_word' id='word_1_790' title='bbox 1513 1274 1664 1314; x_wconf 84' lang='lat' dir='ltr'>exceptio</span> <span class='ocrx_word' id='word_1_791' title='bbox 1682 1275 1790 1312; x_wconf 76' lang='lat' dir='ltr'>datur,</span> <span class='ocrx_word' id='word_1_792' title='bbox 1815 1273 1931 1315; x_wconf 89' lang='lat' dir='ltr'>princi-</span> 
     </span>
     <span class='ocr_line' id='line_1_104' title="bbox 1057 1314 1928 1358; baseline -0.001 -10"><span class='ocrx_word' id='word_1_793' title='bbox 1057 1316 1172 1358; x_wconf 88' lang='lat' dir='ltr'>paliter</span> <span class='ocrx_word' id='word_1_794' title='bbox 1192 1315 1221 1348; x_wconf 87' lang='lat' dir='ltr'>ei</span> <span class='ocrx_word' id='word_1_795' title='bbox 1246 1317 1299 1357; x_wconf 89' lang='lat' dir='ltr'>qui</span> <span class='ocrx_word' id='word_1_796' title='bbox 1326 1315 1432 1355; x_wconf 68' lang='lat' dir='ltr'>pastus</span> <span class='ocrx_word' id='word_1_797' title='bbox 1456 1314 1519 1353; x_wconf 88' lang='lat' dir='ltr'>est,</span> <span class='ocrx_word' id='word_1_798' title='bbox 1544 1314 1709 1355; x_wconf 74' lang='lat' dir='ltr'>proficiat:</span> <span class='ocrx_word' id='word_1_799' title='bbox 1731 1314 1808 1346; x_wconf 83' lang='lat' dir='ltr'>ficut</span> <span class='ocrx_word' id='word_1_800' title='bbox 1822 1316 1853 1347; x_wconf 91' lang='lat' dir='ltr'>in</span> <span class='ocrx_word' id='word_1_801' title='bbox 1871 1322 1928 1347; x_wconf 88' lang='lat' dir='ltr'>reo</span> 
     </span>
     <span class='ocr_line' id='line_1_105' title="bbox 1059 1355 1822 1399; baseline -0.003 -9"><span class='ocrx_word' id='word_1_802' title='bbox 1059 1358 1269 1399; x_wconf 85' lang='lat' dir='ltr'>promittendi</span> <span class='ocrx_word' id='word_1_803' title='bbox 1287 1357 1317 1387; x_wconf 72' lang='grc' dir='ltr'><strong>ἃ</strong></span> <span class='ocrx_word' id='word_1_804' title='bbox 1333 1357 1380 1388; x_wconf 89' lang='lat' dir='ltr'>his</span> <span class='ocrx_word' id='word_1_805' title='bbox 1394 1357 1445 1396; x_wconf 88' lang='lat' dir='ltr'>qui</span> <span class='ocrx_word' id='word_1_806' title='bbox 1461 1365 1521 1396; x_wconf 86' lang='lat' dir='ltr'>pro</span> <span class='ocrx_word' id='word_1_807' title='bbox 1538 1365 1578 1387; x_wconf 91' lang='lat' dir='ltr'>eo</span> <span class='ocrx_word' id='word_1_808' title='bbox 1595 1356 1727 1396; x_wconf 81' lang='lat' dir='ltr'>obligati</span> <span class='ocrx_word' id='word_1_809' title='bbox 1743 1355 1822 1388; x_wconf 85' lang='lat' dir='ltr'>sunt.</span> 
     </span>
    </p>

    <p class='ocr_par' dir='ltr' id='par_1_10' title="bbox 1061 1396 1932 1684">
     <span class='ocr_line' id='line_1_106' title="bbox 1102 1396 1930 1438; baseline -0.002 -7"><span class='ocrx_word' id='word_1_810' title='bbox 1102 1399 1281 1436; x_wconf 82' lang='lat' dir='ltr'>Caetcrum,</span> <span class='ocrx_word' id='word_1_811' title='bbox 1304 1406 1494 1438; x_wconf 86' lang='lat' dir='ltr'>quamquam</span> <span class='ocrx_word' id='word_1_812' title='bbox 1519 1396 1703 1437; x_wconf 85' lang='lat' dir='ltr'>fidejussoris</span> <span class='ocrx_word' id='word_1_813' title='bbox 1727 1397 1852 1437; x_wconf 66' lang='lat' dir='ltr'>pastum</span> <span class='ocrx_word' id='word_1_814' title='bbox 1876 1407 1930 1429; x_wconf 87' lang='lat' dir='ltr'>ne·</span> 
     </span>
     <span class='ocr_line' id='line_1_107' title="bbox 1062 1438 1930 1481; baseline -0.003 -9"><span class='ocrx_word' id='word_1_815' title='bbox 1062 1449 1124 1481; x_wconf 88' lang='lat' dir='ltr'>que</span> <span class='ocrx_word' id='word_1_816' title='bbox 1139 1447 1214 1477; x_wconf 65' lang='grc' dir='ltr'>τεο,</span> <span class='ocrx_word' id='word_1_817' title='bbox 1229 1447 1334 1479; x_wconf 86' lang='lat' dir='ltr'>neque</span> <span class='ocrx_word' id='word_1_818' title='bbox 1349 1438 1582 1478; x_wconf 80' lang='lat' dir='ltr'>confidejuisori</span> <span class='ocrx_word' id='word_1_819' title='bbox 1599 1438 1694 1479; x_wconf 82' lang='lat' dir='ltr'>prosit</span> <span class='ocrx_word' id='word_1_820' title='bbox 1710 1440 1748 1469; x_wconf 86' lang='lat' dir='ltr'>ad</span> <span class='ocrx_word' id='word_1_821' title='bbox 1764 1440 1930 1478; x_wconf 84' lang='lat' dir='ltr'>exceptio·</span> 
     </span>
     <span class='ocr_line' id='line_1_108' title="bbox 1061 1479 1927 1521; baseline -0.002 -8"><span class='ocrx_word' id='word_1_822' title='bbox 1061 1490 1135 1513; x_wconf 86' lang='lat' dir='ltr'>nem</span> <span class='ocrx_word' id='word_1_823' title='bbox 1159 1480 1258 1521; x_wconf 70' lang='lat' dir='ltr'>pasti:</span> <span class='ocrx_word' id='word_1_824' title='bbox 1284 1479 1400 1521; x_wconf 83' lang='lat' dir='ltr'>probat</span> <span class='ocrx_word' id='word_1_825' title='bbox 1425 1487 1529 1511; x_wconf 86' lang='lat' dir='ltr'>tamen</span> <span class='ocrx_word' id='word_1_826' title='bbox 1553 1489 1593 1511; x_wconf 85' lang='lat' dir='ltr'>ex</span> <span class='ocrx_word' id='word_1_827' title='bbox 1610 1479 1734 1517; x_wconf 78' lang='lat' dir='ltr'>juliano</span> <span class='ocrx_word' id='word_1_828' title='bbox 1752 1479 1881 1519; x_wconf 85' lang='lat' dir='ltr'>Paulus,</span> <span class='ocrx_word' id='word_1_829' title='bbox 1905 1481 1927 1512; x_wconf 88' lang='lat' dir='ltr'>l.</span> 
     </span>
     <span class='ocr_line' id='line_1_109' title="bbox 1061 1520 1930 1564; baseline -0.002 -9"><span class='ocrx_word' id='word_1_830' title='bbox 1061 1531 1112 1563; x_wconf 79' lang='lat'>25.</span> <span class='ocrx_word' id='word_1_831' title='bbox 1126 1521 1155 1564; x_wconf 87' lang='lat'>§.</span> <span class='ocrx_word' id='word_1_832' title='bbox 1177 1532 1205 1553; x_wconf 87' lang='lat'>2.</span> <span class='ocrx_word' id='word_1_833' title='bbox 1224 1521 1266 1552; x_wconf 91' lang='lat' dir='ltr'><em>D.</em></span> <span class='ocrx_word' id='word_1_834' title='bbox 1290 1521 1322 1551; x_wconf 81' lang='lat' dir='ltr'>de</span> <span class='ocrx_word' id='word_1_835' title='bbox 1340 1520 1450 1561; x_wconf 63' lang='lat' dir='ltr'>pastis,</span> <span class='ocrx_word' id='word_1_836' title='bbox 1473 1520 1662 1560; x_wconf 77' lang='lat' dir='ltr'>obtinuisse,</span> <span class='ocrx_word' id='word_1_837' title='bbox 1687 1529 1720 1552; x_wconf 90' lang='lat' dir='ltr'>ut</span> <span class='ocrx_word' id='word_1_838' title='bbox 1742 1521 1930 1562; x_wconf 86' lang='lat' dir='ltr'>plerumque</span> 
     </span>
     <span class='ocr_line' id='line_1_110' title="bbox 1062 1561 1930 1604; baseline 0 -9"><span class='ocrx_word' id='word_1_839' title='bbox 1062 1573 1118 1596; x_wconf 87' lang='lat' dir='ltr'>reo</span> <span class='ocrx_word' id='word_1_840' title='bbox 1134 1562 1232 1604; x_wconf 84' lang='lat' dir='ltr'>profit</span> <span class='ocrx_word' id='word_1_841' title='bbox 1249 1561 1314 1594; x_wconf 90' lang='lat' dir='ltr'>doli</span> <span class='ocrx_word' id='word_1_842' title='bbox 1333 1562 1503 1602; x_wconf 86' lang='lat' dir='ltr'>exceptio:</span> <span class='ocrx_word' id='word_1_843' title='bbox 1521 1561 1690 1601; x_wconf 81' lang='lat' dir='ltr'>videlicet,</span> <span class='ocrx_word' id='word_1_844' title='bbox 1707 1561 1727 1593; x_wconf 84' lang='lat' dir='ltr'>fi</span> <span class='ocrx_word' id='word_1_845' title='bbox 1745 1562 1808 1592; x_wconf 88' lang='lat' dir='ltr'>hoc</span> <span class='ocrx_word' id='word_1_846' title='bbox 1825 1562 1930 1595; x_wconf 65' lang='lat' dir='ltr'>aetum</span> 
     </span>
     <span class='ocr_line' id='line_1_111' title="bbox 1062 1602 1932 1644; baseline -0.003 -7"><span class='ocrx_word' id='word_1_847' title='bbox 1062 1604 1118 1644; x_wconf 88' lang='lat' dir='ltr'>fit,</span> <span class='ocrx_word' id='word_1_848' title='bbox 1141 1603 1192 1636; x_wconf 90' lang='lat' dir='ltr'>Ne</span> <span class='ocrx_word' id='word_1_849' title='bbox 1207 1613 1223 1635; x_wconf 90' lang='lat' dir='ltr'>a</span> <span class='ocrx_word' id='word_1_850' title='bbox 1238 1612 1295 1635; x_wconf 89' lang='lat' dir='ltr'>reo</span> <span class='ocrx_word' id='word_1_851' title='bbox 1313 1611 1443 1641; x_wconf 86' lang='lat' dir='ltr'>quoque</span> <span class='ocrx_word' id='word_1_852' title='bbox 1455 1611 1589 1643; x_wconf 89' lang='lat' dir='ltr'>petatur.</span> <span class='ocrx_word' id='word_1_853' title='bbox 1613 1603 1763 1642; x_wconf 88' lang='lat' dir='ltr'>idemque</span> <span class='ocrx_word' id='word_1_854' title='bbox 1780 1603 1810 1634; x_wconf 89' lang='lat' dir='ltr'>in</span> <span class='ocrx_word' id='word_1_855' title='bbox 1829 1602 1932 1634; x_wconf 87' lang='lat' dir='ltr'>confi·</span> 
     </span>
     <span class='ocr_line' id='line_1_112' title="bbox 1064 1642 1928 1684; baseline -0.001 -6"><span class='ocrx_word' id='word_1_856' title='bbox 1064 1645 1270 1678; x_wconf 83' lang='lat' dir='ltr'>de&#39;ussoribus</span> <span class='ocrx_word' id='word_1_857' title='bbox 1287 1643 1367 1682; x_wconf 81' lang='lat' dir='ltr'>effe,</span> <span class='ocrx_word' id='word_1_858' title='bbox 1383 1643 1538 1684; x_wconf 91' lang='lat' dir='ltr'>Ulpianus</span> <span class='ocrx_word' id='word_1_859' title='bbox 1553 1642 1652 1675; x_wconf 88' lang='lat' dir='ltr'>refert</span> <span class='ocrx_word' id='word_1_860' title='bbox 1668 1644 1686 1675; x_wconf 82' lang='lat' dir='ltr'>i.</span> <span class='ocrx_word' id='word_1_861' title='bbox 1697 1648 1746 1675; x_wconf 78' lang='lat'>26.</span> <span class='ocrx_word' id='word_1_862' title='bbox 1758 1643 1798 1675; x_wconf 90' lang='lat' dir='ltr'><em>D.</em></span> <span class='ocrx_word' id='word_1_863' title='bbox 1811 1646 1867 1675; x_wconf 81' lang='lat' dir='ltr'>eod.</span> <span class='ocrx_word' id='word_1_864' title='bbox 1881 1646 1928 1677; x_wconf 80' lang='lat' dir='ltr'>rit.</span> 
     </span>
    </p>

    <p class='ocr_par' dir='ltr' id='par_1_11' title="bbox 1061 1684 1932 2057">
     <span class='ocr_line' id='line_1_113' title="bbox 1119 1684 1930 1728; baseline -0.002 -10"><span class='ocrx_word' id='word_1_865' title='bbox 1119 1687 1203 1728; x_wconf 66' lang='lat' dir='ltr'>‘inge</span> <span class='ocrx_word' id='word_1_866' title='bbox 1221 1693 1344 1718; x_wconf 85' lang='lat' dir='ltr'>tamen:</span> <span class='ocrx_word' id='word_1_867' title='bbox 1367 1686 1479 1726; x_wconf 87' lang='lat' dir='ltr'>aliquis</span> <span class='ocrx_word' id='word_1_868' title='bbox 1497 1685 1528 1716; x_wconf 90' lang='lat' dir='ltr'>in</span> <span class='ocrx_word' id='word_1_869' title='bbox 1546 1694 1613 1716; x_wconf 89' lang='lat' dir='ltr'>rem</span> <span class='ocrx_word' id='word_1_870' title='bbox 1628 1684 1710 1716; x_wconf 90' lang='lat' dir='ltr'>suam</span> <span class='ocrx_word' id='word_1_871' title='bbox 1729 1684 1881 1724; x_wconf 79' lang='lat' dir='ltr'>fidejuffit.</span> <span class='ocrx_word' id='word_1_872' title='bbox 1904 1685 1930 1717; x_wconf 91' lang='lat' dir='ltr'>is</span> 
     </span>
     <span class='ocr_line' id='line_1_114' title="bbox 1063 1726 1930 1767; baseline -0.002 -7"><span class='ocrx_word' id='word_1_873' title='bbox 1063 1729 1233 1766; x_wconf 79' lang='lat' dir='ltr'>convenit,</span> <span class='ocrx_word' id='word_1_874' title='bbox 1258 1726 1309 1760; x_wconf 86' lang='lat' dir='ltr'>Ne</span> <span class='ocrx_word' id='word_1_875' title='bbox 1328 1734 1454 1767; x_wconf 87' lang='lat' dir='ltr'>petatur</span> <span class='ocrx_word' id='word_1_876' title='bbox 1477 1726 1623 1767; x_wconf 87' lang='lat' dir='ltr'>pecunia.</span> <span class='ocrx_word' id='word_1_877' title='bbox 1653 1732 1751 1767; x_wconf 85' lang='lat' dir='ltr'>puta,</span> <span class='ocrx_word' id='word_1_878' title='bbox 1774 1727 1930 1759; x_wconf 84' lang='lat' dir='ltr'>debebam</span> 
     </span>
     <span class='ocr_line' id='line_1_115' title="bbox 1061 1766 1930 1811; baseline -0.002 -9"><span class='ocrx_word' id='word_1_879' title='bbox 1061 1770 1248 1811; x_wconf 77' lang='lat' dir='ltr'>pecuniam3</span> <span class='ocrx_word' id='word_1_880' title='bbox 1265 1768 1294 1800; x_wconf 85' lang='lat'>&amp;</span> <span class='ocrx_word' id='word_1_881' title='bbox 1308 1776 1489 1800; x_wconf 89' lang='lat' dir='ltr'>conventus</span> <span class='ocrx_word' id='word_1_882' title='bbox 1504 1777 1520 1798; x_wconf 86' lang='lat' dir='ltr'>a</span> <span class='ocrx_word' id='word_1_883' title='bbox 1534 1768 1710 1806; x_wconf 86' lang='lat' dir='ltr'>creditore,</span> <span class='ocrx_word' id='word_1_884' title='bbox 1728 1766 1856 1807; x_wconf 81' lang='lat' dir='ltr'>fidejuffi</span> <span class='ocrx_word' id='word_1_885' title='bbox 1872 1777 1930 1808; x_wconf 90' lang='lat' dir='ltr'>pro</span> 
     </span>
     <span class='ocr_line' id='line_1_116' title="bbox 1061 1808 1931 1852; baseline -0.003 -9"><span class='ocrx_word' id='word_1_886' title='bbox 1061 1821 1102 1843; x_wconf 90' lang='lat' dir='ltr'>eo</span> <span class='ocrx_word' id='word_1_887' title='bbox 1120 1813 1173 1852; x_wconf 93' lang='lat' dir='ltr'>qui</span> <span class='ocrx_word' id='word_1_888' title='bbox 1192 1820 1244 1843; x_wconf 91' lang='lat' dir='ltr'>me</span> <span class='ocrx_word' id='word_1_889' title='bbox 1259 1809 1408 1842; x_wconf 87' lang='lat' dir='ltr'>defendit</span> <span class='ocrx_word' id='word_1_890' title='bbox 1422 1819 1437 1840; x_wconf 93' lang='lat' dir='ltr'>a</span> <span class='ocrx_word' id='word_1_891' title='bbox 1465 1810 1505 1841; x_wconf 89' lang='lat' dir='ltr'>ud</span> <span class='ocrx_word' id='word_1_892' title='bbox 1520 1808 1675 1849; x_wconf 70' lang='lat' dir='ltr'>judicem.</span> <span class='ocrx_word' id='word_1_893' title='bbox 1701 1818 1779 1840; x_wconf 85' lang='lat' dir='ltr'>mox</span> <span class='ocrx_word' id='word_1_894' title='bbox 1798 1808 1861 1841; x_wconf 91' lang='lat' dir='ltr'>sum</span> <span class='ocrx_word' id='word_1_895' title='bbox 1877 1818 1931 1850; x_wconf 90' lang='lat' dir='ltr'>pa-</span> 
     </span>
     <span class='ocr_line' id='line_1_117' title="bbox 1063 1849 1932 1891; baseline -0.002 -7"><span class='ocrx_word' id='word_1_896' title='bbox 1063 1853 1129 1885; x_wconf 74' lang='lat' dir='ltr'>ctus</span> <span class='ocrx_word' id='word_1_897' title='bbox 1146 1862 1219 1884; x_wconf 87' lang='lat' dir='ltr'>cum</span> <span class='ocrx_word' id='word_1_898' title='bbox 1236 1852 1415 1889; x_wconf 88' lang='lat' dir='ltr'>creditore,</span> <span class='ocrx_word' id='word_1_899' title='bbox 1475 1860 1492 1882; x_wconf 90' lang='lat' dir='ltr'>e</span> <span class='ocrx_word' id='word_1_900' title='bbox 1508 1858 1606 1891; x_wconf 85' lang='lat' dir='ltr'>petat.</span> <span class='ocrx_word' id='word_1_901' title='bbox 1623 1854 1668 1882; x_wconf 78' lang='lat' dir='ltr'>&#39;an</span> <span class='ocrx_word' id='word_1_902' title='bbox 1687 1849 1844 1882; x_wconf 85' lang='lat' dir='ltr'>defensori</span> <span class='ocrx_word' id='word_1_903' title='bbox 1861 1860 1932 1891; x_wconf 88' lang='lat' dir='ltr'>pro-</span> 
     </span>
     <span class='ocr_line' id='line_1_118' title="bbox 1062 1891 1930 1934; baseline -0.001 -8"><span class='ocrx_word' id='word_1_904' title='bbox 1062 1893 1130 1926; x_wconf 92' lang='lat' dir='ltr'>dest</span> <span class='ocrx_word' id='word_1_905' title='bbox 1148 1893 1229 1934; x_wconf 74' lang='lat' dir='ltr'>paCti</span> <span class='ocrx_word' id='word_1_906' title='bbox 1247 1893 1399 1933; x_wconf 85' lang='lat' dir='ltr'>exceptio</span> <span class='ocrx_word' id='word_1_907' title='bbox 1414 1892 1431 1924; x_wconf 70' lang='grc' dir='ltr'>ἱ)</span> <span class='ocrx_word' id='word_1_908' title='bbox 1454 1892 1497 1923; x_wconf 86' lang='lat' dir='ltr'>ait</span> <span class='ocrx_word' id='word_1_909' title='bbox 1512 1892 1661 1923; x_wconf 80' lang='lat' dir='ltr'>Paulusl.</span> <span class='ocrx_word' id='word_1_910' title='bbox 1679 1902 1726 1929; x_wconf 61' lang='lat'>221.</span> <span class='ocrx_word' id='word_1_911' title='bbox 1748 1891 1790 1923; x_wconf 88' lang='lat' dir='ltr'><em>D.</em></span> <span class='ocrx_word' id='word_1_912' title='bbox 1808 1894 1866 1923; x_wconf 83' lang='lat' dir='ltr'>eod.</span> <span class='ocrx_word' id='word_1_913' title='bbox 1883 1894 1930 1925; x_wconf 64' lang='lat' dir='ltr'>tica</span> 
     </span>
     <span class='ocr_line' id='line_1_119' title="bbox 1064 1932 1931 1974; baseline -0.003 -7"><span class='ocrx_word' id='word_1_914' title='bbox 1064 1936 1093 1967; x_wconf 74' lang='grc' dir='ltr'>δι</span> <span class='ocrx_word' id='word_1_915' title='bbox 1111 1935 1272 1974; x_wconf 86' lang='lat' dir='ltr'>causatur,</span> <span class='ocrx_word' id='word_1_916' title='bbox 1290 1933 1499 1974; x_wconf 77' lang='lat' dir='ltr'>fideJufforem</span> <span class='ocrx_word' id='word_1_917' title='bbox 1518 1933 1571 1964; x_wconf 89' lang='lat' dir='ltr'>hic</span> <span class='ocrx_word' id='word_1_918' title='bbox 1588 1942 1645 1972; x_wconf 89' lang='lat' dir='ltr'>pro</span> <span class='ocrx_word' id='word_1_919' title='bbox 1662 1942 1719 1964; x_wconf 89' lang='lat' dir='ltr'>reo</span> <span class='ocrx_word' id='word_1_920' title='bbox 1737 1932 1864 1965; x_wconf 78' lang='lat' dir='ltr'>haberi:</span> <span class='ocrx_word' id='word_1_921' title='bbox 1880 1942 1931 1974; x_wconf 89' lang='lat' dir='ltr'>pa-</span> 
     </span>
     <span class='ocr_line' id='line_1_120' title="bbox 1064 1973 1929 2017; baseline -0.002 -8"><span class='ocrx_word' id='word_1_922' title='bbox 1064 1977 1215 2017; x_wconf 67' lang='lat' dir='ltr'>ecumque</span> <span class='ocrx_word' id='word_1_923' title='bbox 1231 1985 1304 2007; x_wconf 88' lang='lat' dir='ltr'>cum</span> <span class='ocrx_word' id='word_1_924' title='bbox 1322 1985 1361 2006; x_wconf 84' lang='lat' dir='ltr'>eo</span> <span class='ocrx_word' id='word_1_925' title='bbox 1378 1974 1515 2014; x_wconf 61' lang='lat' dir='ltr'>fastum,</span> <span class='ocrx_word' id='word_1_926' title='bbox 1533 1983 1599 2006; x_wconf 88' lang='lat' dir='ltr'>non</span> <span class='ocrx_word' id='word_1_927' title='bbox 1615 1982 1687 2006; x_wconf 88' lang='lat' dir='ltr'>cum</span> <span class='ocrx_word' id='word_1_928' title='bbox 1704 1983 1764 2014; x_wconf 89' lang='lat' dir='ltr'>co,</span> <span class='ocrx_word' id='word_1_929' title='bbox 1788 1973 1842 2006; x_wconf 92' lang='lat' dir='ltr'>sed</span> <span class='ocrx_word' id='word_1_930' title='bbox 1858 1983 1929 2007; x_wconf 89' lang='lat' dir='ltr'>cum</span> 
     </span>
     <span class='ocr_line' id='line_1_121' title="bbox 1063 2017 1419 2057; baseline -0.011 -7"><span class='ocrx_word' id='word_1_931' title='bbox 1063 2027 1120 2050; x_wconf 85' lang='lat' dir='ltr'>reo</span> <span class='ocrx_word' id='word_1_932' title='bbox 1137 2018 1257 2049; x_wconf 70' lang='lat' dir='ltr'>factum</span> <span class='ocrx_word' id='word_1_933' title='bbox 1274 2017 1419 2057; x_wconf 78' lang='lat' dir='ltr'>intelligi.</span> 
     </span>
    </p>

    <p class='ocr_par' dir='ltr' id='par_1_12' title="bbox 1064 2055 1935 3216">
     <span class='ocr_line' id='line_1_122' title="bbox 1106 2055 1928 2098; baseline -0.004 -8"><span class='ocrx_word' id='word_1_934' title='bbox 1106 2060 1133 2090; x_wconf 90' lang='lat' dir='ltr'><strong>A</strong></span> <span class='ocrx_word' id='word_1_935' title='bbox 1160 2069 1217 2090; x_wconf 86' lang='lat' dir='ltr'>reo</span> <span class='ocrx_word' id='word_1_936' title='bbox 1241 2059 1270 2089; x_wconf 73' lang='grc' dir='ltr'>ὅ(</span> <span class='ocrx_word' id='word_1_937' title='bbox 1296 2056 1475 2098; x_wconf 74' lang='lat' dir='ltr'>fidejussore</span> <span class='ocrx_word' id='word_1_938' title='bbox 1494 2056 1619 2088; x_wconf 86' lang='lat' dir='ltr'>transeo</span> <span class='ocrx_word' id='word_1_939' title='bbox 1639 2056 1677 2088; x_wconf 88' lang='lat' dir='ltr'>ad</span> <span class='ocrx_word' id='word_1_940' title='bbox 1695 2057 1775 2089; x_wconf 86' lang='lat' dir='ltr'>duos</span> <span class='ocrx_word' id='word_1_941' title='bbox 1792 2055 1928 2088; x_wconf 87' lang='lat' dir='ltr'>debendi</span> 
     </span>
     <span class='ocr_line' id='line_1_123' title="bbox 1065 2098 1929 2139; baseline -0.006 -6"><span class='ocrx_word' id='word_1_942' title='bbox 1065 2110 1148 2133; x_wconf 84' lang='lat' dir='ltr'>reos.</span> <span class='ocrx_word' id='word_1_943' title='bbox 1171 2109 1243 2131; x_wconf 85' lang='lat' dir='ltr'>nam</span> <span class='ocrx_word' id='word_1_944' title='bbox 1259 2100 1290 2130; x_wconf 91' lang='lat' dir='ltr'>in</span> <span class='ocrx_word' id='word_1_945' title='bbox 1310 2099 1356 2130; x_wconf 89' lang='lat' dir='ltr'>his</span> <span class='ocrx_word' id='word_1_946' title='bbox 1373 2107 1502 2138; x_wconf 89' lang='lat' dir='ltr'>quoque</span> <span class='ocrx_word' id='word_1_947' title='bbox 1517 2099 1684 2138; x_wconf 77' lang='lat' dir='ltr'>quaeritur:</span> <span class='ocrx_word' id='word_1_948' title='bbox 1701 2108 1738 2129; x_wconf 88' lang='lat' dir='ltr'>an</span> <span class='ocrx_word' id='word_1_949' title='bbox 1755 2098 1879 2139; x_wconf 59' lang='lat' dir='ltr'>paetum</span> <span class='ocrx_word' id='word_1_950' title='bbox 1896 2107 1929 2128; x_wconf 91' lang='lat' dir='ltr'>u-</span> 
     </span>
     <span class='ocr_line' id='line_1_124' title="bbox 1064 2138 1928 2180; baseline -0.002 -7"><span class='ocrx_word' id='word_1_951' title='bbox 1064 2143 1133 2174; x_wconf 90' lang='lat' dir='ltr'>nius</span> <span class='ocrx_word' id='word_1_952' title='bbox 1157 2140 1253 2180; x_wconf 85' lang='lat' dir='ltr'>profit</span> <span class='ocrx_word' id='word_1_953' title='bbox 1276 2140 1391 2172; x_wconf 76' lang='lat' dir='ltr'>alteri?</span> <span class='ocrx_word' id='word_1_954' title='bbox 1415 2147 1494 2179; x_wconf 89' lang='lat' dir='ltr'>puto</span> <span class='ocrx_word' id='word_1_955' title='bbox 1510 2147 1638 2177; x_wconf 87' lang='lat' dir='ltr'>autem,</span> <span class='ocrx_word' id='word_1_956' title='bbox 1663 2138 1801 2179; x_wconf 84' lang='lat' dir='ltr'>referre3</span> <span class='ocrx_word' id='word_1_957' title='bbox 1826 2148 1928 2171; x_wconf 86' lang='lat' dir='ltr'>utrum</span> 
     </span>
     <span class='ocr_line' id='line_1_125' title="bbox 1066 2179 1928 2221; baseline -0.005 -6"><span class='ocrx_word' id='word_1_958' title='bbox 1066 2183 1140 2215; x_wconf 91' lang='lat' dir='ltr'>socii</span> <span class='ocrx_word' id='word_1_959' title='bbox 1157 2182 1232 2221; x_wconf 82' lang='lat' dir='ltr'>lint,</span> <span class='ocrx_word' id='word_1_960' title='bbox 1251 2191 1288 2213; x_wconf 90' lang='lat' dir='ltr'>an</span> <span class='ocrx_word' id='word_1_961' title='bbox 1307 2191 1370 2212; x_wconf 89' lang='lat' dir='ltr'>non</span> <span class='ocrx_word' id='word_1_962' title='bbox 1388 2180 1457 2213; x_wconf 81' lang='lat' dir='ltr'>sint.</span> <span class='ocrx_word' id='word_1_963' title='bbox 1481 2189 1553 2215; x_wconf 82' lang='lat' dir='ltr'>nam</span> <span class='ocrx_word' id='word_1_964' title='bbox 1571 2180 1591 2211; x_wconf 84' lang='lat' dir='ltr'><strong>fi</strong></span> <span class='ocrx_word' id='word_1_965' title='bbox 1608 2179 1683 2212; x_wconf 86' lang='lat' dir='ltr'>socii</span> <span class='ocrx_word' id='word_1_966' title='bbox 1701 2180 1778 2219; x_wconf 85' lang='lat' dir='ltr'>fint,</span> <span class='ocrx_word' id='word_1_967' title='bbox 1794 2182 1824 2213; x_wconf 73' lang='grc' dir='ltr'>ἂ</span> <span class='ocrx_word' id='word_1_968' title='bbox 1841 2180 1880 2211; x_wconf 89' lang='lat' dir='ltr'>ab</span> <span class='ocrx_word' id='word_1_969' title='bbox 1896 2189 1928 2211; x_wconf 90' lang='lat' dir='ltr'>u-</span> 
     </span>
     <span class='ocr_line' id='line_1_126' title="bbox 1064 2220 1928 2263; baseline -0.007 -6"><span class='ocrx_word' id='word_1_970' title='bbox 1064 2235 1107 2257; x_wconf 88' lang='lat' dir='ltr'>no</span> <span class='ocrx_word' id='word_1_971' title='bbox 1131 2224 1166 2256; x_wconf 83' lang='lat' dir='ltr'>sit</span> <span class='ocrx_word' id='word_1_972' title='bbox 1187 2223 1312 2263; x_wconf 67' lang='lat' dir='ltr'>pastum</span> <span class='ocrx_word' id='word_1_973' title='bbox 1330 2229 1545 2259; x_wconf 79' lang='lat' dir='ltr'>conventum,</span> <span class='ocrx_word' id='word_1_974' title='bbox 1569 2220 1621 2253; x_wconf 90' lang='lat' dir='ltr'>Ne</span> <span class='ocrx_word' id='word_1_975' title='bbox 1639 2228 1783 2263; x_wconf 88' lang='lat' dir='ltr'>petatur:</span> <span class='ocrx_word' id='word_1_976' title='bbox 1805 2221 1928 2262; x_wconf 88' lang='lat' dir='ltr'>placet,</span> 
     </span>
     <span class='ocr_line' id='line_1_127' title="bbox 1065 2263 1929 2305; baseline -0.003 -8"><span class='ocrx_word' id='word_1_977' title='bbox 1065 2265 1291 2305; x_wconf 84' lang='lat' dir='ltr'>exceptionem</span> <span class='ocrx_word' id='word_1_978' title='bbox 1308 2264 1389 2305; x_wconf 69' lang='lat' dir='ltr'>p&#39;affl</span> <span class='ocrx_word' id='word_1_979' title='bbox 1406 2264 1501 2295; x_wconf 88' lang='lat' dir='ltr'>etiam</span> <span class='ocrx_word' id='word_1_980' title='bbox 1516 2264 1605 2295; x_wconf 88' lang='lat' dir='ltr'>alteri</span> <span class='ocrx_word' id='word_1_981' title='bbox 1621 2263 1782 2303; x_wconf 87' lang='lat' dir='ltr'>prodesse:</span> <span class='ocrx_word' id='word_1_982' title='bbox 1798 2265 1929 2304; x_wconf 83' lang='lat' dir='ltr'>propter&#39;</span> 
     </span>
     <span class='ocr_line' id='line_1_128' title="bbox 1064 2304 1929 2349; baseline -0.006 -9"><span class='ocrx_word' id='word_1_983' title='bbox 1064 2308 1203 2349; x_wconf 82' lang='lat' dir='ltr'>regulam</span> <span class='ocrx_word' id='word_1_984' title='bbox 1215 2307 1244 2348; x_wconf 79' lang='lat'>§.</span> <span class='ocrx_word' id='word_1_985' title='bbox 1261 2306 1316 2338; x_wconf 75' lang='lat' dir='ltr'>ult.</span> <span class='ocrx_word' id='word_1_986' title='bbox 1327 2306 1347 2337; x_wconf 87' lang='lat' dir='ltr'>l.</span> <span class='ocrx_word' id='word_1_987' title='bbox 1358 2315 1407 2338; x_wconf 85' lang='lat'>21.</span> <span class='ocrx_word' id='word_1_988' title='bbox 1424 2304 1466 2336; x_wconf 90' lang='lat' dir='ltr'><em>D.</em></span> <span class='ocrx_word' id='word_1_989' title='bbox 1483 2306 1540 2337; x_wconf 77' lang='lat' dir='ltr'>eod.</span> <span class='ocrx_word' id='word_1_990' title='bbox 1557 2307 1603 2336; x_wconf 76' lang='lat' dir='ltr'>tit.</span> <span class='ocrx_word' id='word_1_991' title='bbox 1619 2304 1748 2337; x_wconf 86' lang='lat' dir='ltr'>interest</span> <span class='ocrx_word' id='word_1_992' title='bbox 1763 2306 1844 2336; x_wconf 87' lang='lat' dir='ltr'>enim</span> <span class='ocrx_word' id='word_1_993' title='bbox 1860 2312 1929 2335; x_wconf 89' lang='lat' dir='ltr'>cor-</span> 
     </span>
     <span class='ocr_line' id='line_1_129' title="bbox 1064 2344 1930 2388; baseline -0.006 -8"><span class='ocrx_word' id='word_1_994' title='bbox 1064 2351 1129 2388; x_wconf 82' lang='lat' dir='ltr'>rei,</span> <span class='ocrx_word' id='word_1_995' title='bbox 1152 2358 1192 2380; x_wconf 90' lang='lat' dir='ltr'>ne</span> <span class='ocrx_word' id='word_1_996' title='bbox 1215 2358 1232 2378; x_wconf 89' lang='lat' dir='ltr'>a</span> <span class='ocrx_word' id='word_1_997' title='bbox 1253 2357 1367 2379; x_wconf 90' lang='lat' dir='ltr'>correo</span> <span class='ocrx_word' id='word_1_998' title='bbox 1384 2352 1525 2386; x_wconf 87' lang='lat' dir='ltr'>petatur:</span> <span class='ocrx_word' id='word_1_999' title='bbox 1549 2347 1623 2388; x_wconf 87' lang='lat' dir='ltr'>quia</span> <span class='ocrx_word' id='word_1_1000' title='bbox 1635 2347 1721 2387; x_wconf 91' lang='lat' dir='ltr'>quod</span> <span class='ocrx_word' id='word_1_1001' title='bbox 1737 2354 1814 2377; x_wconf 90' lang='lat' dir='ltr'>unus</span> <span class='ocrx_word' id='word_1_1002' title='bbox 1830 2344 1930 2376; x_wconf 87' lang='lat' dir='ltr'>solve-</span> 
     </span>
     <span class='ocr_line' id='line_1_130' title="bbox 1065 2383 1928 2429; baseline -0.006 -8"><span class='ocrx_word' id='word_1_1003' title='bbox 1065 2392 1123 2429; x_wconf 91' lang='lat' dir='ltr'>rit,</span> <span class='ocrx_word' id='word_1_1004' title='bbox 1141 2390 1172 2421; x_wconf 93' lang='lat' dir='ltr'>id</span> <span class='ocrx_word' id='word_1_1005' title='bbox 1189 2390 1227 2420; x_wconf 85' lang='lat' dir='ltr'>ab</span> <span class='ocrx_word' id='word_1_1006' title='bbox 1248 2390 1349 2421; x_wconf 88' lang='lat' dir='ltr'>aitero</span> <span class='ocrx_word' id='word_1_1007' title='bbox 1368 2388 1486 2429; x_wconf 86' lang='lat' dir='ltr'>repetit</span> <span class='ocrx_word' id='word_1_1008' title='bbox 1501 2388 1626 2419; x_wconf 71' lang='lat' dir='ltr'>afflone</span> <span class='ocrx_word' id='word_1_1009' title='bbox 1642 2397 1698 2428; x_wconf 86' lang='lat' dir='ltr'>pro</span> <span class='ocrx_word' id='word_1_1010' title='bbox 1715 2386 1818 2424; x_wconf 91' lang='lat' dir='ltr'>socio,</span> <span class='ocrx_word' id='word_1_1011' title='bbox 1842 2386 1866 2417; x_wconf 92' lang='lat' dir='ltr'>is</span> <span class='ocrx_word' id='word_1_1012' title='bbox 1882 2383 1928 2416; x_wconf 83' lang='lat' dir='ltr'>est</span> 
     </span>
     <span class='ocr_line' id='line_1_131' title="bbox 1066 2424 1928 2471; baseline -0.009 -7"><span class='ocrx_word' id='word_1_1013' title='bbox 1066 2430 1167 2464; x_wconf 86' lang='lat' dir='ltr'>sensus</span> <span class='ocrx_word' id='word_1_1014' title='bbox 1182 2431 1201 2462; x_wconf 88' lang='lat' dir='ltr'>l.</span> <span class='ocrx_word' id='word_1_1015' title='bbox 1212 2441 1260 2471; x_wconf 81' lang='lat'>25.</span> <span class='ocrx_word' id='word_1_1016' title='bbox 1273 2430 1314 2461; x_wconf 89' lang='lat' dir='ltr'>D.</span> <span class='ocrx_word' id='word_1_1017' title='bbox 1331 2430 1388 2461; x_wconf 83' lang='lat' dir='ltr'>eod.</span> <span class='ocrx_word' id='word_1_1018' title='bbox 1401 2432 1446 2461; x_wconf 71' lang='lat' dir='ltr'>tic.</span> <span class='ocrx_word' id='word_1_1019' title='bbox 1470 2430 1605 2461; x_wconf 85' lang='lat' dir='ltr'>maxime</span> <span class='ocrx_word' id='word_1_1020' title='bbox 1621 2427 1794 2468; x_wconf 70' lang='lat' dir='ltr'>conjunctae</span> <span class='ocrx_word' id='word_1_1021' title='bbox 1810 2435 1881 2457; x_wconf 91' lang='lat' dir='ltr'>cum</span> <span class='ocrx_word' id='word_1_1022' title='bbox 1894 2424 1928 2457; x_wconf 89' lang='lat' dir='ltr'>fi-</span> 
     </span>
     <span class='ocr_line' id='line_1_132' title="bbox 1066 2467 1926 2513; baseline -0.006 -9"><span class='ocrx_word' id='word_1_1023' title='bbox 1066 2472 1135 2505; x_wconf 87' lang='lat' dir='ltr'>nel.</span> <span class='ocrx_word' id='word_1_1024' title='bbox 1147 2481 1194 2513; x_wconf 82' lang='lat'>23.</span> <span class='ocrx_word' id='word_1_1025' title='bbox 1213 2472 1256 2503; x_wconf 88' lang='lat' dir='ltr'><em>D.</em></span> <span class='ocrx_word' id='word_1_1026' title='bbox 1274 2473 1388 2502; x_wconf 74' lang='lat' dir='ltr'>eod.zz&#39;r.</span> <span class='ocrx_word' id='word_1_1027' title='bbox 1406 2470 1450 2502; x_wconf 83' lang='lat' dir='ltr'>est</span> <span class='ocrx_word' id='word_1_1028' title='bbox 1465 2472 1548 2502; x_wconf 89' lang='lat' dir='ltr'>enim</span> <span class='ocrx_word' id='word_1_1029' title='bbox 1565 2478 1695 2510; x_wconf 87' lang='lat' dir='ltr'>utraque</span> <span class='ocrx_word' id='word_1_1030' title='bbox 1705 2479 1744 2500; x_wconf 86' lang='lat' dir='ltr'>ex</span> <span class='ocrx_word' id='word_1_1031' title='bbox 1754 2468 1867 2499; x_wconf 91' lang='lat' dir='ltr'>eodem</span> <span class='ocrx_word' id='word_1_1032' title='bbox 1878 2467 1926 2499; x_wconf 84' lang='lat' dir='ltr'>lib.</span> 
     </span>
     <span class='ocr_line' id='line_1_133' title="bbox 1065 2509 1930 2556; baseline -0.008 -10"><span class='ocrx_word' id='word_1_1033' title='bbox 1065 2526 1095 2556; x_wconf 73' lang='lat'>3.</span> <span class='ocrx_word' id='word_1_1034' title='bbox 1114 2513 1201 2547; x_wconf 88' lang='lat' dir='ltr'>Pauli</span> <span class='ocrx_word' id='word_1_1035' title='bbox 1217 2513 1266 2545; x_wconf 72' lang='lat' dir='ltr'>Aa</span> <span class='ocrx_word' id='word_1_1036' title='bbox 1277 2512 1422 2544; x_wconf 66' lang='lat' dir='ltr'>Editinm.</span> <span class='ocrx_word' id='word_1_1037' title='bbox 1439 2512 1497 2544; x_wconf 86' lang='lat' dir='ltr'>sic:</span> <span class='ocrx_word' id='word_1_1038' title='bbox 1512 2510 1618 2543; x_wconf 88' lang='lat' dir='ltr'>fisocii</span> <span class='ocrx_word' id='word_1_1039' title='bbox 1630 2511 1686 2543; x_wconf 83' lang='lat' dir='ltr'>sint</span> <span class='ocrx_word' id='word_1_1040' title='bbox 1698 2513 1809 2541; x_wconf 89' lang='lat' dir='ltr'>correi.</span> <span class='ocrx_word' id='word_1_1041' title='bbox 1833 2509 1930 2549; x_wconf 84' lang='lat' dir='ltr'>quid,</span> 
     </span>
     <span class='ocr_line' id='line_1_134' title="bbox 1067 2550 1931 2594; baseline -0.008 -7"><span class='ocrx_word' id='word_1_1042' title='bbox 1067 2557 1087 2588; x_wconf 81' lang='lat' dir='ltr'>li</span> <span class='ocrx_word' id='word_1_1043' title='bbox 1111 2564 1175 2586; x_wconf 90' lang='lat' dir='ltr'>non</span> <span class='ocrx_word' id='word_1_1044' title='bbox 1200 2553 1281 2586; x_wconf 78' lang='lat' dir='ltr'>fint?</span> <span class='ocrx_word' id='word_1_1045' title='bbox 1303 2555 1364 2594; x_wconf 85' lang='lat' dir='ltr'>jam</span> <span class='ocrx_word' id='word_1_1046' title='bbox 1390 2554 1478 2585; x_wconf 86' lang='lat' dir='ltr'>alteri</span> <span class='ocrx_word' id='word_1_1047' title='bbox 1504 2562 1568 2584; x_wconf 90' lang='lat' dir='ltr'>non</span> <span class='ocrx_word' id='word_1_1048' title='bbox 1590 2551 1719 2592; x_wconf 90' lang='lat' dir='ltr'>prodest</span> <span class='ocrx_word' id='word_1_1049' title='bbox 1736 2550 1862 2582; x_wconf 88' lang='lat' dir='ltr'>alterius</span> <span class='ocrx_word' id='word_1_1050' title='bbox 1877 2558 1931 2590; x_wconf 85' lang='lat' dir='ltr'>pa-</span> 
     </span>
     <span class='ocr_line' id='line_1_135' title="bbox 1066 2591 1929 2636; baseline -0.008 -8"><span class='ocrx_word' id='word_1_1051' title='bbox 1066 2598 1169 2634; x_wconf 70' lang='grc' dir='ltr'>ἃυιῐις</span> <span class='ocrx_word' id='word_1_1052' title='bbox 1185 2596 1256 2636; x_wconf 87' lang='lat' dir='ltr'>quia</span> <span class='ocrx_word' id='word_1_1053' title='bbox 1275 2595 1484 2636; x_wconf 84' lang='lat' dir='ltr'>paciscentis,</span> <span class='ocrx_word' id='word_1_1054' title='bbox 1497 2601 1532 2625; x_wconf 89' lang='lat' dir='ltr'>ut</span> <span class='ocrx_word' id='word_1_1055' title='bbox 1547 2602 1661 2625; x_wconf 87' lang='lat' dir='ltr'>correo</span> <span class='ocrx_word' id='word_1_1056' title='bbox 1678 2591 1775 2633; x_wconf 80' lang='lat' dir='ltr'>profit</span> <span class='ocrx_word' id='word_1_1057' title='bbox 1786 2591 1908 2633; x_wconf 67' lang='lat' dir='ltr'>pactum</span> <span class='ocrx_word' id='word_1_1058' title='bbox 1919 2614 1929 2630; x_wconf 87' lang='lat'>,</span> 
     </span>
     <span class='ocr_line' id='line_1_136' title="bbox 1067 2632 1929 2677; baseline -0.009 -7"><span class='ocrx_word' id='word_1_1059' title='bbox 1067 2648 1130 2671; x_wconf 89' lang='lat' dir='ltr'>non</span> <span class='ocrx_word' id='word_1_1060' title='bbox 1142 2637 1271 2669; x_wconf 82' lang='lat' dir='ltr'>interest</span> <span class='ocrx_word' id='word_1_1061' title='bbox 1287 2637 1519 2677; x_wconf 83' lang='lat' dir='ltr'>principaliter:</span> <span class='ocrx_word' id='word_1_1062' title='bbox 1535 2644 1608 2666; x_wconf 89' lang='lat' dir='ltr'>cum</span> <span class='ocrx_word' id='word_1_1063' title='bbox 1623 2635 1701 2666; x_wconf 90' lang='lat' dir='ltr'>alter</span> <span class='ocrx_word' id='word_1_1064' title='bbox 1716 2635 1802 2674; x_wconf 90' lang='lat' dir='ltr'>quod</span> <span class='ocrx_word' id='word_1_1065' title='bbox 1814 2632 1929 2672; x_wconf 84' lang='lat' dir='ltr'>solvat,</span> 
     </span>
     <span class='ocr_line' id='line_1_137' title="bbox 1067 2674 1928 2720; baseline -0.007 -10"><span class='ocrx_word' id='word_1_1066' title='bbox 1067 2680 1106 2711; x_wconf 84' lang='lat' dir='ltr'>ab</span> <span class='ocrx_word' id='word_1_1067' title='bbox 1123 2679 1225 2710; x_wconf 85' lang='lat' dir='ltr'>altero</span> <span class='ocrx_word' id='word_1_1068' title='bbox 1242 2688 1305 2709; x_wconf 91' lang='lat' dir='ltr'>non</span> <span class='ocrx_word' id='word_1_1069' title='bbox 1326 2686 1459 2720; x_wconf 85' lang='lat' dir='ltr'>repetat.</span> <span class='ocrx_word' id='word_1_1070' title='bbox 1483 2685 1577 2717; x_wconf 87' lang='lat' dir='ltr'>atque</span> <span class='ocrx_word' id='word_1_1071' title='bbox 1594 2676 1664 2707; x_wconf 81' lang='lat' dir='ltr'>haec</span> <span class='ocrx_word' id='word_1_1072' title='bbox 1681 2674 1836 2707; x_wconf 57' lang='lat' dir='ltr'>distinetio</span> <span class='ocrx_word' id='word_1_1073' title='bbox 1853 2682 1928 2704; x_wconf 89' lang='lat' dir='ltr'>con-</span> 
     </span>
     <span class='ocr_line' id='line_1_138' title="bbox 1067 2714 1931 2761; baseline -0.007 -9"><span class='ocrx_word' id='word_1_1074' title='bbox 1067 2720 1207 2754; x_wconf 85' lang='lat' dir='ltr'>firmatur</span> <span class='ocrx_word' id='word_1_1075' title='bbox 1222 2720 1241 2750; x_wconf 83' lang='lat' dir='ltr'>i.</span> <span class='ocrx_word' id='word_1_1076' title='bbox 1253 2730 1280 2760; x_wconf 84' lang='lat'>3.</span> <span class='ocrx_word' id='word_1_1077' title='bbox 1297 2720 1325 2761; x_wconf 85' lang='lat'>§.</span> <span class='ocrx_word' id='word_1_1078' title='bbox 1337 2730 1365 2761; x_wconf 82' lang='lat'>3.</span> <span class='ocrx_word' id='word_1_1079' title='bbox 1379 2719 1426 2751; x_wconf 86' lang='lat' dir='ltr'>·D.</span> <span class='ocrx_word' id='word_1_1080' title='bbox 1439 2720 1471 2750; x_wconf 84' lang='lat' dir='ltr'>de</span> <span class='ocrx_word' id='word_1_1081' title='bbox 1485 2719 1646 2749; x_wconf 71' lang='lat' dir='ltr'>liberatione</span> <span class='ocrx_word' id='word_1_1082' title='bbox 1654 2714 1756 2758; x_wconf 76' lang='lat' dir='ltr'>legata.</span> <span class='ocrx_word' id='word_1_1083' title='bbox 1781 2714 1845 2747; x_wconf 74' lang='lat' dir='ltr'>Etsi</span> <span class='ocrx_word' id='word_1_1084' title='bbox 1861 2723 1931 2754; x_wconf 84' lang='lat' dir='ltr'>pos·</span> 
     </span>
     <span class='ocr_line' id='line_1_139' title="bbox 1067 2756 1930 2801; baseline -0.008 -7"><span class='ocrx_word' id='word_1_1085' title='bbox 1067 2762 1103 2795; x_wconf 89' lang='lat' dir='ltr'>fit</span> <span class='ocrx_word' id='word_1_1086' title='bbox 1128 2772 1168 2793; x_wconf 90' lang='lat' dir='ltr'>eo</span> <span class='ocrx_word' id='word_1_1087' title='bbox 1192 2770 1321 2801; x_wconf 86' lang='lat' dir='ltr'>quoque</span> <span class='ocrx_word' id='word_1_1088' title='bbox 1344 2763 1375 2792; x_wconf 90' lang='lat' dir='ltr'>in</span> <span class='ocrx_word' id='word_1_1089' title='bbox 1399 2761 1474 2792; x_wconf 93' lang='lat' dir='ltr'>loco</span> <span class='ocrx_word' id='word_1_1090' title='bbox 1498 2761 1600 2800; x_wconf 85' lang='lat' dir='ltr'>aliqua</span> <span class='ocrx_word' id='word_1_1091' title='bbox 1624 2759 1724 2790; x_wconf 86' lang='lat' dir='ltr'>videri</span> <span class='ocrx_word' id='word_1_1092' title='bbox 1746 2756 1930 2790; x_wconf 81' lang='lat' dir='ltr'>difficultas:</span> 
     </span>
     <span class='ocr_line' id='line_1_140' title="bbox 1069 2800 1931 2845; baseline -0.012 -10"><span class='ocrx_word' id='word_1_1093' title='bbox 1069 2813 1162 2845; x_wconf 82' lang='lat' dir='ltr'>quam</span> <span class='ocrx_word' id='word_1_1094' title='bbox 1178 2810 1289 2834; x_wconf 89' lang='lat' dir='ltr'>movet</span> <span class='ocrx_word' id='word_1_1095' title='bbox 1305 2802 1430 2833; x_wconf 82' lang='lat' dir='ltr'>&amp;tollit</span> <span class='ocrx_word' id='word_1_1096' title='bbox 1446 2801 1642 2838; x_wconf 85' lang='lat' dir='ltr'>Bachovius‚</span> <span class='ocrx_word' id='word_1_1097' title='bbox 1660 2800 1698 2831; x_wconf 79' lang='lat' dir='ltr'>ad</span> <span class='ocrx_word' id='word_1_1098' title='bbox 1713 2801 1747 2828; x_wconf 65' lang='grc' dir='ltr'>τὰ</span> <span class='ocrx_word' id='word_1_1099' title='bbox 1762 2801 1853 2837; x_wconf 62' lang='grc' dir='ltr'>πρῶται</span> <span class='ocrx_word' id='word_1_1100' title='bbox 1863 2803 1931 2838; x_wconf 81' lang='lat' dir='ltr'>pag.</span> 
     </span>
     <span class='ocr_line' id='line_1_141' title="bbox 1068 2838 1933 2882; baseline -0.012 -5"><span class='ocrx_word' id='word_1_1101' title='bbox 1068 2849 1138 2877; x_wconf 64' lang='grc' dir='ltr'><strong>σεο.</strong></span> <span class='ocrx_word' id='word_1_1102' title='bbox 1155 2853 1191 2876; x_wconf 90' lang='lat' dir='ltr'>ea</span> <span class='ocrx_word' id='word_1_1103' title='bbox 1207 2843 1376 2875; x_wconf 85' lang='lat' dir='ltr'>difficultas</span> <span class='ocrx_word' id='word_1_1104' title='bbox 1395 2842 1441 2874; x_wconf 89' lang='lat' dir='ltr'>est</span> <span class='ocrx_word' id='word_1_1105' title='bbox 1453 2843 1570 2882; x_wconf 85' lang='lat' dir='ltr'>:quod</span> <span class='ocrx_word' id='word_1_1106' title='bbox 1586 2841 1743 2882; x_wconf 87' lang='lat' dir='ltr'>Ulpianus</span> <span class='ocrx_word' id='word_1_1107' title='bbox 1759 2840 1820 2877; x_wconf 88' lang='lat' dir='ltr'>ait,</span> <span class='ocrx_word' id='word_1_1108' title='bbox 1840 2838 1933 2878; x_wconf 58' lang='lat' dir='ltr'>,lulia-</span> 
     </span>
     <span class='ocr_line' id='line_1_142' title="bbox 1066 2880 1932 2925; baseline -0.012 -6"><span class='ocrx_word' id='word_1_1109' title='bbox 1066 2896 1142 2919; x_wconf 80' lang='lat' dir='ltr'>num</span> <span class='ocrx_word' id='word_1_1110' title='bbox 1159 2883 1369 2925; x_wconf 78' lang='lat' dir='ltr'>respondiss&#39;e,</span> <span class='ocrx_word' id='word_1_1111' title='bbox 1397 2884 1500 2925; x_wconf 84' lang='lat' dir='ltr'>legata</span> <span class='ocrx_word' id='word_1_1112' title='bbox 1516 2885 1568 2915; x_wconf 86' lang='lat' dir='ltr'>uni</span> <span class='ocrx_word' id='word_1_1113' title='bbox 1585 2881 1759 2915; x_wconf 66' lang='lat' dir='ltr'>excorreis</span> <span class='ocrx_word' id='word_1_1114' title='bbox 1775 2880 1932 2912; x_wconf 74' lang='lat' dir='ltr'>liberatio-</span> 
     </span>
     <span class='ocr_line' id='line_1_143' title="bbox 1068 2920 1934 2966; baseline -0.013 -6"><span class='ocrx_word' id='word_1_1115' title='bbox 1068 2938 1128 2966; x_wconf 86' lang='lat' dir='ltr'>ne,</span> <span class='ocrx_word' id='word_1_1116' title='bbox 1153 2933 1306 2966; x_wconf 87' lang='lat' dir='ltr'>oportere</span> <span class='ocrx_word' id='word_1_1117' title='bbox 1321 2934 1393 2957; x_wconf 86' lang='lat' dir='ltr'>eum</span> <span class='ocrx_word' id='word_1_1118' title='bbox 1409 2927 1448 2956; x_wconf 82' lang='lat' dir='ltr'>ab</span> <span class='ocrx_word' id='word_1_1119' title='bbox 1469 2926 1585 2957; x_wconf 81' lang='lat' dir='ltr'>herede</span> <span class='ocrx_word' id='word_1_1120' title='bbox 1601 2923 1722 2956; x_wconf 88' lang='lat' dir='ltr'>liberari</span> <span class='ocrx_word' id='word_1_1121' title='bbox 1740 2931 1804 2954; x_wconf 92' lang='lat' dir='ltr'>non</span> <span class='ocrx_word' id='word_1_1122' title='bbox 1821 2920 1934 2961; x_wconf 73' lang='lat' dir='ltr'>pacto,</span> 
     </span>
     <span class='ocr_line' id='line_1_144' title="bbox 1071 2962 1931 3008; baseline -0.012 -8"><span class='ocrx_word' id='word_1_1123' title='bbox 1071 2970 1123 3001; x_wconf 84' lang='lat' dir='ltr'>sed</span> <span class='ocrx_word' id='word_1_1124' title='bbox 1145 2968 1410 3008; x_wconf 84' lang='lat' dir='ltr'>acceptilatione:</span> <span class='ocrx_word' id='word_1_1125' title='bbox 1433 2967 1539 2997; x_wconf 84' lang='lat' dir='ltr'>addita</span> <span class='ocrx_word' id='word_1_1126' title='bbox 1555 2968 1697 3003; x_wconf 58' lang='lat' dir='ltr'>ration1e3</span> <span class='ocrx_word' id='word_1_1127' title='bbox 1719 2973 1758 2995; x_wconf 92' lang='lat' dir='ltr'>ne</span> <span class='ocrx_word' id='word_1_1128' title='bbox 1773 2962 1908 3007; x_wconf 78' lang='lat' dir='ltr'>alioquin</span> <span class='ocrx_word' id='word_1_1129' title='bbox 1921 2982 1931 2997; x_wconf 86' lang='lat'>,</span> 
     </span>
     <span class='ocr_line' id='line_1_145' title="bbox 1071 3006 1934 3048; baseline -0.015 -6"><span class='ocrx_word' id='word_1_1130' title='bbox 1071 3012 1145 3043; x_wconf 85' lang='lat' dir='ltr'>dum</span> <span class='ocrx_word' id='word_1_1131' title='bbox 1161 3010 1200 3041; x_wconf 87' lang='lat' dir='ltr'>ab</span> <span class='ocrx_word' id='word_1_1132' title='bbox 1217 3010 1318 3041; x_wconf 88' lang='lat' dir='ltr'>altero</span> <span class='ocrx_word' id='word_1_1133' title='bbox 1335 3009 1471 3048; x_wconf 83' lang='lat' dir='ltr'>petitur,</span> <span class='ocrx_word' id='word_1_1134' title='bbox 1493 3008 1571 3039; x_wconf 85' lang='lat' dir='ltr'>alter</span> <span class='ocrx_word' id='word_1_1135' title='bbox 1593 3006 1796 3045; x_wconf 82' lang='lat' dir='ltr'>inquietetur.</span> <span class='ocrx_word' id='word_1_1136' title='bbox 1825 3008 1866 3031; x_wconf 85' lang='lat' dir='ltr'>ita</span> <span class='ocrx_word' id='word_1_1137' title='bbox 1883 3010 1934 3031; x_wconf 81' lang='lat' dir='ltr'>ve-</span> 
     </span>
     <span class='ocr_line' id='line_1_146' title="bbox 1071 3041 1934 3093; baseline -0.016 -9"><span class='ocrx_word' id='word_1_1138' title='bbox 1071 3062 1108 3084; x_wconf 86' lang='lat' dir='ltr'>ro</span> <span class='ocrx_word' id='word_1_1139' title='bbox 1123 3050 1287 3093; x_wconf 80' lang='lat' dir='ltr'>significari</span> <span class='ocrx_word' id='word_1_1140' title='bbox 1300 3050 1443 3084; x_wconf 80' lang='lat' dir='ltr'>videtur.</span> <span class='ocrx_word' id='word_1_1141' title='bbox 1460 3049 1585 3089; x_wconf 68' lang='lat' dir='ltr'>pastum</span> <span class='ocrx_word' id='word_1_1142' title='bbox 1597 3048 1686 3079; x_wconf 84' lang='lat' dir='ltr'>unius</span> <span class='ocrx_word' id='word_1_1143' title='bbox 1700 3043 1800 3089; x_wconf 84' lang='lat' dir='ltr'>correi</span> <span class='ocrx_word' id='word_1_1144' title='bbox 1816 3041 1934 3072; x_wconf 87' lang='lat' dir='ltr'>deben—</span> 
     </span>
     <span class='ocr_line' id='line_1_147' title="bbox 1074 3081 1931 3131; baseline -0.014 -6"><span class='ocrx_word' id='word_1_1145' title='bbox 1074 3095 1105 3126; x_wconf 91' lang='lat' dir='ltr'>di</span> <span class='ocrx_word' id='word_1_1146' title='bbox 1128 3094 1218 3125; x_wconf 86' lang='lat' dir='ltr'>alteri</span> <span class='ocrx_word' id='word_1_1147' title='bbox 1238 3101 1303 3124; x_wconf 88' lang='lat' dir='ltr'>non</span> <span class='ocrx_word' id='word_1_1148' title='bbox 1324 3090 1488 3131; x_wconf 78' lang='lat' dir='ltr'>prodesse,</span> <span class='ocrx_word' id='word_1_1149' title='bbox 1511 3099 1552 3121; x_wconf 90' lang='lat' dir='ltr'>ne</span> <span class='ocrx_word' id='word_1_1150' title='bbox 1568 3089 1654 3121; x_wconf 90' lang='lat' dir='ltr'>socio</span> <span class='ocrx_word' id='word_1_1151' title='bbox 1672 3084 1808 3126; x_wconf 87' lang='lat' dir='ltr'>quidem.</span> <span class='ocrx_word' id='word_1_1152' title='bbox 1851 3081 1931 3129; x_wconf 66' lang='lat' dir='ltr'>Haec</span> 
     </span>
     <span class='ocr_line' id='line_1_148' title="bbox 1075 3123 1933 3167; baseline -0.019 0"><span class='ocrx_word' id='word_1_1153' title='bbox 1075 3134 1255 3167; x_wconf 87' lang='lat' dir='ltr'>difficultas.</span> <span class='ocrx_word' id='word_1_1154' title='bbox 1291 3133 1329 3164; x_wconf 89' lang='lat' dir='ltr'>ad</span> <span class='ocrx_word' id='word_1_1155' title='bbox 1354 3133 1435 3163; x_wconf 89' lang='lat' dir='ltr'>hanc</span> <span class='ocrx_word' id='word_1_1156' title='bbox 1460 3139 1564 3163; x_wconf 84' lang='lat' dir='ltr'>tamen</span> <span class='ocrx_word' id='word_1_1157' title='bbox 1588 3126 1759 3167; x_wconf 88' lang='lat' dir='ltr'>respondet</span> <span class='ocrx_word' id='word_1_1158' title='bbox 1780 3123 1933 3154; x_wconf 75' lang='lat' dir='ltr'>Bachovi-</span> 
     </span>
     <span class='ocr_line' id='line_1_149' title="bbox 1074 3165 1935 3216; baseline -0.008 -7"><span class='ocrx_word' id='word_1_1159' title='bbox 1074 3187 1109 3209; x_wconf 91' lang='lat' dir='ltr'>us</span> <span class='ocrx_word' id='word_1_1160' title='bbox 1126 3200 1136 3216; x_wconf 92' lang='lat'>,</span> <span class='ocrx_word' id='word_1_1161' title='bbox 1172 3185 1237 3208; x_wconf 88' lang='lat' dir='ltr'>non</span> <span class='ocrx_word' id='word_1_1162' title='bbox 1269 3173 1360 3206; x_wconf 73' lang='lat' dir='ltr'>f‘uiffe</span> <span class='ocrx_word' id='word_1_1163' title='bbox 1392 3173 1516 3213; x_wconf 84' lang='lat' dir='ltr'>Juliano</span> <span class='ocrx_word' id='word_1_1164' title='bbox 1544 3166 1736 3211; x_wconf 72' lang='lat' dir='ltr'>propositum</span> <span class='ocrx_word' id='word_1_1165' title='bbox 1752 3188 1762 3203; x_wconf 83' lang='lat'>‚</span> <span class='ocrx_word' id='word_1_1166' title='bbox 1794 3165 1935 3202; x_wconf 64' lang='lat' dir='ltr'>“fideres</span> 
     </span>
    </p>
   </div>
   <div class='ocr_carea' id='block_1_6' title="bbox 1075 3205 1933 3277">
    <p class='ocr_par' dir='ltr' id='par_1_13' title="bbox 1075 3205 1933 3277">
     <span class='ocr_line' id='line_1_150' title="bbox 1075 3205 1933 3258; baseline -0.017 -8"><span class='ocrx_word' id='word_1_1167' title='bbox 1075 3227 1141 3258; x_wconf 89' lang='lat' dir='ltr'>quo</span> <span class='ocrx_word' id='word_1_1168' title='bbox 1155 3217 1256 3251; x_wconf 80' lang='lat' dir='ltr'>modo</span> <span class='ocrx_word' id='word_1_1169' title='bbox 1270 3214 1393 3249; x_wconf 72' lang='lat' dir='ltr'>necesse</span> <span class='ocrx_word' id='word_1_1170' title='bbox 1410 3213 1461 3253; x_wconf 81' lang='lat' dir='ltr'>sit,</span> <span class='ocrx_word' id='word_1_1171' title='bbox 1479 3212 1544 3245; x_wconf 77' lang='lat' dir='ltr'>fieri</span> <span class='ocrx_word' id='word_1_1172' title='bbox 1559 3210 1647 3243; x_wconf 83' lang='lat' dir='ltr'>unius</span> <span class='ocrx_word' id='word_1_1173' title='bbox 1656 3207 1757 3239; x_wconf 88' lang='lat' dir='ltr'>correi</span> <span class='ocrx_word' id='word_1_1174' title='bbox 1773 3205 1933 3238; x_wconf 85' lang='lat' dir='ltr'>liberatio·</span> 
     </span>
     <span class='ocr_line' id='line_1_151' title="bbox 1843 3254 1933 3277; baseline -0.011 -1"><span class='ocrx_word' id='word_1_1175' title='bbox 1843 3254 1912 3277; x_wconf 83' lang='lat' dir='ltr'>nem</span> <span class='ocrx_word' id='word_1_1176' title='bbox 1924 3255 1933 3275; x_wconf 73' lang='lat'><strong>³</strong></span> 
     </span>
    </p>
   </div>
  </div>
 </body>
</html>
