2036 3495
129 191 262 225 littorum
270 198 331 230 qua
338 187 433 228 sponte
442 185 488 216 vel
496 179 663 225 ignorantia
672 176 898 211 contrahuntur.
915 173 1006 216 Quid

130 233 187 267 ni‘?
210 232 322 265 frustra
344 228 428 259 enim
450 225 540 266 jtibet
564 229 618 255 aut
641 226 751 258 vetat,
772 217 796 250 fi
820 216 1007 257 notr⁷poffit

133 283 250 315 cogere
266 280 321 303 eos
343 269 397 308 qui
416 267 519 298 civilis
538 263 698 296 societatis
713 260 873 293 rationem
889 267 926 289 ac
942 256 1008 289 fru-

135 317 219 347 ctum
239 321 294 354 pei·
311 308 500 349 imperitiam
517 315 582 337 non
599 303 754 341 sentiant,
778 308 833 332 aut
847 309 904 341 per
922 298 1008 331 mali-

135 358 209 387 tiam
235 351 471 392 adspernentur.
503 347 595 388 punit
610 345 707 387 igitur
720 344 773 375 lex
788 349 944 382 utrosque
962 347 1008 372 tu-

136 398 224 428 endae
241 391 413 433 disciplinae
427 389 545 431 gratia:
564 395 661 427 atque
676 386 759 417 adeo
770 393 836 416 non
847 385 920 424 quia
935 391 1010 427 pec«

135 445 241 469 catum
257 434 320 471 est,
344 431 397 464 sed
414 441 454 464 ne
470 437 643 472 peccetur:
668 427 827 466 denique,
849 433 884 456 ut
907 424 1011 454 homi-

136 488 193 510 nes
215 474 354 517 improbi
379 481 434 505 aut
456 472 541 505 stulti
570 471 684 512 quibus
702 469 783 514 ratio
798 475 863 498 non
880 464 1015 509 sufficit,

136 529 202 560 quo
220 519 322 550 minus
338 523 472 557 peccata
490 523 559 554 quae
578 512 624 543 eis
640 510 728 542 utilia
744 517 799 540 aut
817 508 952 551 jucunda
969 515 1014 536 vr·

138 564 275 599 dentur,
291 564 466 598 appetant3
483 555 674 587 &virtutem
689 559 760 591 qua:
776 550 821 582 eis
837 548 948 580 sterilis
962 553 1016 578 aut

136 600 270 634 molesta
285 607 435 641 apparet,
451 597 632 637 negligant:
656 591 930 627 animadvertant,
954 589 1016 620 vir-

135 651 258 682 tutem,
276 640 332 673 etsi
346 650 411 672 non
429 635 741 678 habeatpraesentem
756 632 946 669 utilitatem,
963 637 1017 675 aut

136 692 226 717 certe
243 693 308 716 non
326 690 465 719 tantam,
489 685 639 720 quantam
657 682 845 716 peccatum,
865 680 971 718 tamen
991 680 1012 701 i-

136 726 201 759 deo
219 725 331 757 utilem
346 723 429 762 ess'e;
445 721 519 762 quia
533 728 598 752 non
615 717 729 751 metuit
739 724 867 758 poenam
878 737 888 754 ,
904 714 936 745 id
952 711 1017 751 est,

137 766 282 799 futurum
294 765 427 798 malum:
444 769 613 804 peccatum
630 766 757 798 autem,
773 756 830 789 etii
841 755 933 797 quale
943 763 1019 801 qua-

137 810 170 842 le
194 809 311 841 habeat
333 805 469 848 praesens
484 805 624 840 bonum,
648 808 756 833 tamen
772 808 814 831 eo
833 799 1018 829 damnorum

141 849 224 890 esse3
248 850 321 890 quia
339 848 367 879 ei
380 871 390 887 ,
406 854 540 888 propter
557 843 768 876 insecuturam
785 848 934 882 poenam,
950 846 1019 879 gra-

137 893 209 924 vius
226 899 324 932 atque
341 889 485 920 acerbius
503 885 648 919 imminet
665 884 797 916 malum.
822 881 865 913 At
880 881 933 912 lex
952 887 1018 911 non

141 939 266 966 tanturn
283 935 440 972 imperat,
464 936 571 967 vetat,
594 935 631 957 ac
655 926 766 966 punit:
790 922 865 962 sed,
888 929 924 968 ut
941 921 1018 952 Mo-

142 974 281 1007 destinus
299 973 363 1011 ait,
387 972 484 1004 etiam
497 969 652 1011 permittit.
683 966 840 1007 primum,
863 972 937 1004 quia
952 971 1018 993 non

140 1016 247 1057 potest
274 1015 382 1048 omnia
408 1010 593 1053 complecti.
625 1008 742 1040 deinde
765 1006 868 1038 fertur
883 1004 1020 1049 homini-

141 1059 202 1090 bus
220 1066 285 1090 non
303 1054 475 1098 perfectis3
498 1052 552 1084 sed
576 1051 630 1092 qui
649 1048 811 1081 erroribus
827 1054 924 1087 atque
943 1044 1019 1077 aste-

143 1099 245 1132 uibus
260 1097 319 1131 fint
330 1096 481 1129 obnoxii:
498 1095 535 1126 iis
550 1100 658 1125 autern
675 1098 711 1122 ut
729 1087 1021 1135 poenas-ostendat,

143 1141 239 1173 etiam
254 1139 468 1181 graviffimas3
491 1143 599 1168 tamen
624 1141 698 1165 cum
721 1139 832 1163 eorum
848 1138 974 1170 ingenia
990 1129 1020 1174 3&

142 1191 252 1215 moi-es
276 1189 380 1222 neque
403 1179 505 1211 statim
522 1200 534 1216 ,
563 1183 670 1216 neque
695 1172 837 1212 semper,
860 1179 965 1216 neque
985 1178 1020 1215 ¹in

143 1224 313 1262 omnibus,
335 1229 486 1263 peraeque
510 1217 607 1259 pOffit
630 1216 670 1248 ad
693 1213 844 1255 perfectae
861 1211 1021 1252 sapientiae

142 1265 337 1304 virtutisque
357 1263 496 1303 rigorem
517 1257 698 1291 inflectere:
721 1261 873 1300 apparet,
889 1254 1023 1300 ,inanem

146 1307 177 1339 <Sc
192 1307 333 1346 iniquam
349 1302 507 1335 futuram:
521 1299 544 1332 fi
560 1301 600 1332 ad
618 1297 772 1340 perfectae
789 1303 912 1327 Virtutis
928 1303 965 1324 ac
983 1292 1024 1322 sa-

143 1348 273 1390 pientiae
287 1344 441 1377 scribatur
449 1342 640 1375 formulam:
657 1348 717 1371 nec
734 1337 908 1378 quidquam
926 1336 1026 1380 donet

144 1390 246 1422 seculi
263 1388 368 1426 vitiis,
389 1392 443 1417 aut
458 1382 638 1416 communis
656 1379 860 1411 humanitatis
873 1376 1024 1422 fragilita3

146 1432 193 1464 ti:
217 1430 270 1463 sed
288 1438 358 1461 earn
375 1425 547 1466 adstringat
569 1421 754 1455 neceffitate
770 1418 911 1451 faciendi
928 1417 959 1462 itl
975 1424 1025 1446 cui

145 1480 204 1515 par
228 1480 294 1504 non
316 1470 362 1502 fit.
406 1467 505 1508 Igitur
527 1470 661 1505 oportet
684 1462 809 1502 legem,
832 1466 876 1504 ut.
892 1457 977 1490 utilis
996 1457 1025 1503 ojt

146 1523 240 1555 aequa
262 1512 318 1550 fit,
340 1509 506 1550 cogitare,
528 1505 638 1546 quales
661 1502 723 1535 esse
740 1507 933 1538 conveniat,
958 1507 1026 1545 qui-

145 1556 206 1590 bus
225 1551 357 1595 praeest‚
376 1550 474 1582 etiam
491 1556 574 1587 quos
590 1545 748 1584 inveniat,
773 1543 931 1583 denique,
948 1539 1026 1580 quid

148 1599 185 1630 in
200 1596 250 1629 his
264 1593 367 1627 libido
378 1615 390 1632 ,
404 1589 482 1633 quid
499 1599 604 1630 error,
624 1588 654 1620 δε
670 1588 784 1620 modus
801 1585 946 1616 humanae
962 1582 1026 1614 sor-

146 1639 209 1678 tis,
232 1637 382 1680 patiatur.
406 1634 515 1674 Atque
533 1632 598 1664 hoc
614 1628 763 1676 observat
776 1626 968 1671 Mecoenas,
985 1621 1029 1654 O.

147 1681 275 1714 ratione
291 1678 331 1711 ad
348 1674 523 1717 Augustum
541 1674 582 1706 de
598 1669 774 1705 ordinanda
791 1667 976 1708 republica,
1000 1675 1030 1696 a·

147 1722 217 1764 pud
233 1721 379 1754 Dionem
395 1717 532 1751 Caffium
545 1715 592 1747 lib·
612 1723 663 1755 52.
694 1711 802 1745 Verba
818 1710 896 1751 ejus.
927 1708 1030 1755 Natu-

148 1773 187 1797 ra
212 1763 317 1796 multos
341 1760 467 1793 homines
493 1767 522 1790 eo
546 1757 642 1798 rapit,
666 1759 700 1786 ut
721 1758 818 1785 contra
845 1751 918 1792 leges
940 1749 1031 1780 delin-

148 1811 254 1848 quant.
283 1814 347 1847 quae
364 1801 393 1842 fi
418 1803 484 1844 quis
509 1803 645 1832 accurate
664 1795 795 1837 persequi
821 1792 919 1824 onmia
934 1790 1027 1828 velit,

149 1853 206 1880 aut
222 1849 364 1879 nemi-nem
379 1849 433 1876 aut
449 1848 607 1885 perpaucos
623 1838 772 1879 relinquat
787 1835 963 1875 impunitos:
980 1831 1029 1870 fin

149 1889 319 1921 humaniter
333 1887 498 1927 <equitatem
507 1883 574 1925 juri
586 1879 776 1923 permisceat,
792 1874 926 1917 fortaffis
941 1884 985 1905 eos
1001 1883 1029 1904 e-

151 1930 277 1963 mendet.
301 1929 349 1960 lex
371 1927 447 1958 enim
469 1932 638 1967 quanquam
661 1918 808 1960 neceffariO
820 1924 921 1959 poenas
931 1915 1029 1956 fiatu-

153 1978 207 2010 at,
228 1977 326 2003 tamen.
341 1974 482 2000 naturam
507 1965 631 1997 coercere
651 1971 709 1993 non
715 1965 830 2000 semper
843 1956 944 1999 potest.
969 1959 1032 2003 ΑΞ]-

154 2013 295 2055 gustinus
310 2019 441 2053 quoque
452 2031 462 2048 ,
475 2007 523 2039 lib.
544 2015 569 2038 1.
582 2005 629 2037 De
646 2003 731 2034 libero
746 2001 883 2036 arbitri03
901 2009 973 2033 cum
991 2004 1032 2030 iic

155 2053 228 2086 infit
243 2078 253 2094 ,
277 2053 325 2085 Ea
347 2050 527 2084 vindicanda
546 2046 605 2086 fibi
634 2046 681 2076 lex
698 2042 798 2085 populi
813 2041 947 2090 afflimit,
971 2049 1034 2082 quae

150 2096 228 2138 satis
246 2094 308 2134 sint
333 2092 517 2126 concilianda:
538 2089 606 2130 paci
630 2086 790 2118 hominibus
814 2089 973 2124 imperitis,
997 2079 1033 2115 ἐξ

158 2142 274 2180 quanta
293 2135 411 2177 poffunt
429 2142 482 2175 per
497 2131 636 2164 hominem
650 2129 723 2170 regi.
769 2124 813 2157 Et
829 2124 924 2166 paulo
941 2122 1033 2164 post,

159 2178 291 2213 Videtur
308 2177 361 2208 tibi
380 2176 427 2206 lex
442 2172 498 2215 ista
515 2182 576 2214 quae
587 2170 719 2212 regendis
734 2167 903 2199 civitatibus
912 2165 1035 2205 fertur,

157 2219 253 2253 multa
276 2218 441 2256 concedere,
464 2221 549 2256 atque
569 2213 714 2253 impunita
736 2209 894 2249 relinquere
909 2216 969 2248 qtae
983 2214 1035 2248 per

155 2262 293 2294 divinam
316 2266 414 2292 tamen
432 2256 650 2299 providentiam
665 2252 868 2283 vindicantur.
900 2249 936 2283 &³
952 2248 1036 2280 reete.

155 2302 301 2345 Exposui
323 2301 459 2333 virtutes
485 2296 582 2338 legis,
604 2295 638 2327 id
665 2293 729 2332 est,
752 2292 854 2325 civilis
877 2289 1037 2333 sapientiae

155 2346 298 2388 regulas,
324 2342 378 2375 seu
394 2342 536 2373 decreta.
953 2371 959 2377 ·

206 2386 312 2418 Venio
329 2385 369 2416 ad
387 2388 568 2425 praecepta:
583 2388 620 2410 ea
636 2383 816 2419 praecepta,
831 2381 867 2406 ut
884 2372 1039 2414 Ulpianus

162 2428 208 2460 ait
217 2427 276 2459 d.l.
291 2436 336 2459 10.
347 2425 376 2468 §.
391 2434 416 2457 ι.
429 2424 473 2456 D.
492 2425 525 2454 de
536 2419 656 2464 justitia
674 2419 710 2454 ὅ)
722 2419 809 2460 jure,
832 2416 920 2456 sunt,
944 2413 1041 2445 Hone-

155 2468 203 2511 ste
224 2469 341 2506 vivere,
363 2467 485 2499 alterum
505 2473 562 2496 non
579 2463 695 2497 laedere,
716 2461 802 2497 litum
817 2461 919 2501 cuique
935 2456 1040 2488 tribue-

161 2519 204 2542 re.
247 2509 371 2541 Volunt
396 2516 522 2546 autem,
545 2505 632 2546 quod
657 2501 702 2535 est
721 2501 863 2533 officium
879 2499 1040 2539 juriscon-

162 2552 257 2588 sulti,
279 2551 408 2582 civilem
433 2549 619 2590 sapientiam
641 2542 844 2586 profitentis,
868 2542 888 2573 si
915 2542 954 2573 de
973 2540 1041 2580 jure

165 2599 348 2633 quaeratur,
371 2592 547 2632 praecipere
562 2587 626 2621 five
643 2594 796 2624 monere,
811 2583 875 2615 five
892 2582 1040 2614 suadere:

165 2644 208 2667 ne
221 2634 247 2664 is
265 2632 319 2674 qui
336 2633 384 2664 vir
400 2633 503 2664 bonus
520 2629 660 2670 &justus
677 2628 778 2660 videri
795 2625 890 2662 velit,
916 2632 979 2656 tam
997 2623 1041 2668 le-

164 2684 241 2718 gum
265 2674 386 2705 tabulas
412 2674 455 2705 ob
482 2672 596 2705 oculos
616 2670 751 2707 habeat,
775 2676 869 2709 quam
886 2666 919 2697 in
935 2665 1042 2706 primis

166 2719 313 2750 humanae
335 2714 593 2752 coniunctionem
618 2710 790 2744 societatis.
827 2710 871 2740 ita
895 2705 1041 2748 prorsus:

166 2767 223 2798 ut,
245 2757 267 2790 fi
289 2757 371 2788 hanc
390 2756 501 2795 juvent
522 2756 629 2796 leges,
655 2762 707 2785 eas
733 2751 898 2792 sequatur:
922 2747 965 2780 fin
985 2746 1042 2779 mi-

168 2810 247 2839 nus,
270 2807 336 2831 non
353 2797 398 2829 eis
413 2796 546 2835 serviat,
569 2795 620 2827 sed
644 2794 808 2826 societati:
833 2799 928 2833 quem
945 2789 1043 2822 finem

168 2842 225 2875 fibi
243 2839 316 2880 ipsae
332 2844 518 2881 proponunt
536 2839 631 2878 leges,
662 2836 737 2867 huic
760 2844 859 2875 porro
876 2841 950 2864 cum
965 2832 1042 2862 sem-

167 2893 226 2926 per
243 2882 342 2914 faciat
358 2879 446 2922 quod
463 2878 631 2909 honesturn
649 2877 714 2915 est,
737 2877 890 2917 quodque
907 2874 1042 2905 alterurn

166 2934 235 2958 non
259 2923 368 2962 laedit,
391 2921 422 2953 &
446 2920 535 2961 quod
558 2919 769 2959 aequalitatem
793 2919 876 2949 inter
893 2915 1042 2947 homines

167 2967 290 3005 servat3
314 2965 401 3006 leges
422 2971 503 2994 vero
528 2969 565 2991 ea
587 2966 640 2990 aut
661 2960 818 2990 contraria
839 2967 903 2990 nori
922 2957 1042 2996 ubique

168 3008 330 3049 imperent
345 3011 399 3037 aut
415 3010 545 3035 vetent:
567 2999 650 3041 (sive
667 3003 754 3038 quod
771 3000 934 3041 generales
953 2998 1042 3033 sunt,

169 3059 231 3083 nec
252 3048 348 3081 facile
372 3044 499 3088 poss‘unt
522 3043 554 3076 se
578 3042 618 3074 ad
641 3039 757 3081 singula
773 3042 955 3080 dimittere3
978 3038 1043 3071 five

721 87 1035 124 GE.RARD1
1083 83 1320 120 Nooua-

1051 174 1138 216 quod
1154 174 1265 208 refistit
1281 174 1428 208 humanae
1443 171 1610 206 infirmitas
1628 174 1823 208 conditionis
1834 198 1845 215 ,
1861 184 1925 217 quo

1050 217 1153 250 minus
1175 216 1330 258 perfectae
1355 215 1434 255 fint)
1456 223 1527 247 eam
1554 214 1598 246 ob
1624 215 1747 248 causam
1762 218 1864 249 vii-um
1880 218 1927 257 ju-

1050 257 1132 290 stum
1149 258 1178 290 ὅ(
1194 259 1296 291 civilis
1313 258 1387 289 vitae
1401 256 1572 288 studiosum
1592 265 1657 288 non
1673 265 1823 298 peraeque
1839 259 1927 298 quod

1052 299 1177 340 legibus
1192 300 1288 340 licet,
1303 300 1430 332 decere.
1442 307 1514 330 nam
1526 297 1575 329 his
1591 298 1729 330 concedi
1745 300 1844 330 multa
1857 307 1928 339 quae

1052 349 1119 372 non
1143 340 1203 373 fint
1226 341 1359 374 honesta
1374 364 1385 381 ,
1410 340 1509 372 multa
1533 348 1605 380 quae
1629 339 1764 371 alterum
1792 340 1927 379 laedant,

1053 382 1153 414 multa
1179 392 1250 424 quae
1272 392 1340 415 non
1366 381 1507 414 tribuant
1528 380 1616 412 suum
1638 381 1766 421 cuique.
1796 381 1892 421 igitur
1910 381 1932 414 fi

1057 432 1126 464 quae
1142 424 1260 456 liceant
1275 425 1371 463 ideo,
1390 424 1462 465 quia
1479 422 1602 464 legibus
1620 422 1869 461 permittuntur,
1887 429 1932 453 ta-

1057 474 1131 497 men
1156 464 1178 497 fi
1196 465 1363 497 inhonesta
1389 465 1465 504 lint,
1488 472 1542 496 aut
1566 464 1701 496 alterum
1720 463 1854 501 laedant‚
1878 471 1931 495 aut

1057 515 1123 538 non
1141 507 1282 538 tribuant
1297 506 1384 539 suum
1403 508 1540 546 cuique,
1558 506 1696 545 denique
1714 514 1780 536 non
1800 513 1933 546 pergant

1057 549 1097 579 ad
1119 548 1225 595 legum
1248 548 1365 587 finem,
1387 549 1420 580 id
1444 547 1508 587 est,
1532 548 1572 580 ad
1596 547 1767 578 utilitatem
1789 546 1933 578 liumanae

1058 589 1312 629 conjunffionis3
1334 591 1365 621 ei
1381 590 1420 621 ab
1437 589 1487 621 his
1506 598 1597 629 aeque
1613 588 1833 620 abstinendum
1852 586 1933 628 ess'e,

1059 640 1095 662 ac
1110 630 1131 662 si
1149 630 1250 662 effent
1269 630 1391 672 legibus
1407 632 1517 662 vetita.
1542 630 1665 662 Seneca
1680 630 1727 661 lib.
1741 640 1768 661 2.
1786 629 1832 660 De
1848 629 1892 660 ira
1909 640 1934 661 c.
1985 646 1988 648 ·

1060 681 1109 711 27.
1141 672 1227 704 idem
1251 672 1293 704 fic
1315 672 1486 713 exprimit,
1511 671 1611 717 Qiam
1629 669 1754 712 angusslia
1770 672 1935 702 innocentia

1060 712 1119 755 eft,
1141 714 1180 745 ad
1203 714 1291 755 legem
1314 715 1419 745 honum
1441 712 1520 754 effe?
1541 719 1648 755 quanto
1673 715 1762 743 latius
1777 711 1937 751 officiorum

1058 761 1159 797 patet,
1182 765 1269 797 quam
1286 755 1366 798 juris
1391 754 1517 797 regula?
1537 764 1626 796 quam
1646 755 1738 785 inulta
1752 755 1861 793 pictas,
1885 755 1938 784 hu-

1061 798 1205 836 manitas,
1228 797 1405 836 liberalitas,
1423 793 1564 836 justitia,
1580 796 1655 835 fides
1669 798 1793 837 exigunt
1807 805 1868 836 quse
1883 806 1941 826 om-

1062 841 1114 870 nia
1131 844 1216 870 extra
1227 838 1362 879 publicas
1375 837 1492 869 tabulas
1496 837 1582 877 sunt.
1611 836 1752 875 Seneca,
1769 846 1847 878 quas
1863 837 1941 877 logis

1064 882 1200 913 virtutes
1223 880 1305 913 dixit
1327 878 1557 918 Modestinus,
1579 885 1676 911 vocat
1696 878 1772 918 juris
1798 879 1940 918 regulas,

1064 923 1095 954 id
1119 920 1180 961 est,
1210 922 1334 964 regulas
1355 921 1432 962 juris
1450 920 1610 961 civitati33
1632 920 1663 952 &
1678 919 1735 952 has
1752 919 1940 958 observare,

1063 965 1107 996 ait
1127 965 1167 995 ad
1195 964 1299 1004 legem
1324 963 1448 995 bonum
1472 961 1554 994 ess'e:
1577 971 1649 1004 quae
1670 971 1751 995 vero
1773 961 1847 1002 juris
1861 969 1941 1002 prte-

1063 1015 1100 1037 ce
1128 1011 1159 1052 ta
1181 1004 1246 1037 dixi
1266 1015 1307 1037 ex
1331 1003 1493 1045 Ulpiano,
1516 1003 1640 1036 Seneca
1662 1003 1802 1045 appellat
1819 1003 1944 1044 regulas
1962 1015 1966 1019 *

1062 1057 1082 1079 o
1122 1056 1263 1079 ciorum:
1286 1055 1405 1086 easque
1430 1046 1475 1076 ait
1499 1054 1565 1077 non
1590 1045 1697 1086 legum
1723 1044 1839 1076 tabuiis
1857 1068 1865 1082 ‚
1889 1043 1942 1077 sed

1063 1089 1184 1120 virtute
1200 1097 1238 1119 ac
1253 1089 1398 1126 ratione,
1413 1085 1640 1119 circumscribi.
1664 1087 1708 1117 ita
1724 1084 1884 1126 angustam
1900 1085 1944 1116 le-

1063 1139 1136 1171 gem
1154 1129 1235 1162 effe:
1258 1130 1322 1162 late
1340 1137 1447 1160 autem
1465 1136 1576 1169 patei-e
1592 1133 1755 1169 praecepta
1772 1126 1943 1166 sapientiae.

1064 1179 1200 1218 nempe,
1224 1171 1298 1212 qnia
1317 1170 1438 1209 refert,
1463 1171 1552 1211 quod
1576 1169 1630 1201 lex
1653 1177 1719 1200 non
1737 1166 1867 1207 suadet,
1889 1168 1960 1200 sed·

1066 1220 1203 1253 imperat
1228 1219 1283 1244 aut
1309 1219 1417 1251 vetat3
1439 1220 1492 1250 ac,
1517 1210 1540 1243 fi
1565 1219 1631 1242 non
1654 1209 1811 1247 servatur,
1835 1210 1947 1250 punit,

1068 1263 1128 1286 nec
1146 1253 1345 1293 poenitentiae
1361 1254 1469 1284 locum
1488 1252 1551 1283 dat.
1575 1259 1608 1284 at
1622 1258 1860 1293 praeceptorum
1877 1260 1945 1283 non

1070 1296 1239 1340 imperium
1266 1295 1331 1334 est,
1353 1293 1408 1325 sed
1432 1292 1548 1325 suafio:
1572 1302 1668 1334 quam
1693 1292 1714 1324 fi
1739 1293 1808 1333 quis
1831 1292 1947 1334 sponte

1070 1337 1175 1374 audit,
1195 1337 1295 1368 virtus
1312 1336 1477 1368 laudatur:
1502 1334 1524 1367 fi
1541 1344 1606 1366 non
1623 1335 1729 1371 audit,
1753 1343 1817 1365 non
1834 1334 1947 1374 utique

1069 1387 1163 1419 poena
1180 1377 1328 1418 sequitur.
1358 1376 1435 1408 Eam
1452 1376 1667 1409 differentiam
1685 1382 1777 1407 notat
1792 1375 1877 1407 idem
1893 1375 1947 1407 Se-

1068 1428 1168 1456 neca,
1190 1417 1269 1459 epist.
1294 1428 1344 1457 94.
1389 1417 1497 1450 Verba
1518 1418 1664 1456 Senecae,
1688 1417 1799 1458 Leges,
1821 1418 1946 1457 inquit,

1068 1466 1102 1492 ut
1124 1461 1270 1498 faciamus
1288 1460 1364 1502 quod
1380 1465 1504 1500 oportet,
1526 1468 1584 1490 non
1600 1457 1748 1500 efficiunt.-
1770 1457 1807 1492 &³
1824 1460 1895 1499 quid
1910 1468 1944 1490 a.-

1069 1502 1133 1534 liud
1155 1502 1225 1539 lunt
1242 1524 1252 1540 ‚
1275 1511 1365 1543 quam
1387 1502 1476 1532 minis
1496 1502 1592 1532 mixta
1608 1505 1751 1541 praecepta
1766 1498 1783 1530 .9
1812 1500 1948 1531 Primum

1071 1543 1199 1575 omniurn
1214 1544 1247 1574 ob
1261 1543 1313 1574 boc
1329 1542 1384 1574 illae
1405 1551 1463 1573 non
1475 1542 1668 1583 persuadent,
1691 1542 1761 1582 quia
1777 1540 1949 1574 minantur.-

1073 1591 1103 1617 at
1122 1585 1179 1616 haec
1194 1588 1372 1627 nonmgnnt
1382 1606 1392 1622 ‚
1407 1583 1461 1623 sed
1476 1588 1608 1615 exorant.
1638 1582 1754 1614 Deinde
1769 1581 1843 1623 leges
1857 1592 1876 1614 a
1883 1582 1949 1623 sce.

1071 1627 1125 1658 lere
1140 1627 1297 1658 deterrent.-
1309 1630 1449 1666 precepta
1466 1626 1499 1656 in
1514 1623 1641 1665 officium
1657 1625 1862 1656 adhortantur.
1886 1623 1949 1656 His

1073 1669 1185 1709 adjice,
1227 1668 1282 1700 uod
1298 1667 1371 1709 leges
1387 1675 1499 1708 quoque
1508 1664 1668 1707 proficiunt
1685 1666 1722 1697 ad
1738 1666 1821 1696 bonos
1840 1674 1947 1698 mores:

1073 1710 1174 1752 utique
1191 1677 1225 1747 siz!
1242 1719 1300 1741 non
1326 1714 1442 1740 tantum
1465 1710 1625 1749 imperant,
1640 1707 1694 1747 sed
1709 1707 1816 1738 docent.
1847 1708 1879 1738 in
1894 1706 1949 1739 hac

1074 1762 1104 1783 re
1119 1750 1247 1792 diffenti'o
1264 1761 1282 1782 a
1299 1749 1458 1788 Pofidonio.
1502 1749 1575 1781 Non
1597 1750 1701 1789 probo,
1724 1749 1799 1790 quoa
1815 1747 1948 1780 Platonis

1071 1794 1181 1835 legibus
1189 1792 1303 1834 adjeffta
1316 1793 1461 1833 principia
1474 1792 1554 1829 [unt.
1579 1790 1668 1832 legem
1683 1791 1759 1822 enim
1767 1790 1881 1821 brevem
1895 1789 1948 1831 effe

1071 1839 1193 1876 oportet,
1216 1844 1271 1875 quo
1288 1833 1414 1874 facilius
1436 1834 1472 1865 ab
1495 1833 1636 1873 imperitis
1653 1837 1803 1870 teneatur,
1827 1832 1908 1863 velut
1923 1841 1950 1862 e·

1072 1875 1156 1916 miffa
1175 1876 1320 1906 divinitus
1334 1884 1395 1906 vox
1404 1873 1456 1912 sit.
1496 1873 1626 1915 Juheat‚
1649 1883 1707 1904 non
1724 1873 1855 1914 disputet.
1887 1872 1949 1905 Ni-

1074 1918 1115 1949 hil
1129 1918 1249 1949 videtur
1263 1917 1334 1948 mihi
1343 1917 1509 1958 frigidius,
1531 1916 1606 1947 nihil
1627 1916 1769 1956 ineptius,
1793 1924 1880 1955 quam
1903 1914 1951 1945 lex

1075 1969 1141 1991 cuni
1153 1958 1280 2000 prologo.
1309 1957 1401 1990 Mone
1413 1981 1422 1997 ,
1445 1958 1512 1996 dic,
1534 1958 1606 1998 quial
1623 1966 1665 1987 me
1679 1957 1750 1987 velis
1762 1955 1878 1997 feciffe:
1895 1964 1952 1987 non

1075 2001 1149 2041 disco
1162 2023 1171 2039 ,
1186 2000 1243 2040 sed
1253 2006 1351 2041 pareo.

1116 2040 1167 2072 Ex
1195 2050 1260 2081 quo
1286 2047 1436 2080 apparet,
1459 2038 1519 2070 alia
1543 2038 1605 2070 esse
1621 2037 1703 2076 Juris
1727 2038 1875 2076 deci-eta,
1898 2036 1952 2069 seu

1077 2082 1217 2124 regulas:
1241 2082 1299 2113 alia
1316 2087 1486 2122 praecepta.
1529 2079 1595 2112 Nifi
1612 2079 1785 2121 Papiniano
1806 2080 1857 2110 lex
1877 2079 1953 2110 dici-

1078 2131 1148 2162 tur,
1164 2132 1308 2154 commune
1319 2127 1491 2163 praeceptum
1505 2121 1524 2152 l.
1546 2129 1574 2152 1.
1594 2120 1634 2152 D.
1659 2122 1691 2152 de
1707 2121 1825 2162 legibus.
1856 2119 1901 2151 Et
1918 2121 1954 2152 iu

1078 2165 1097 2196 l.
1117 2174 1168 2204 41.
1190 2163 1232 2196 D.
1250 2166 1283 2195 cle
1294 2165 1387 2204 poem's
1403 2161 1522 2200 exstat,
1536 2161 1653 2194 Sannio
1669 2162 1764 2204 legum
1780 2171 1842 2203 quse
1857 2162 1954 2192 novis-

1072 2205 1145 2244 sime
1168 2211 1275 2237 certam
1290 2212 1407 2246 poenam
1429 2205 1540 2245 irrogat
1561 2204 1598 2234 iis
1619 2205 1671 2244 qui
1686 2203 1854 2243 praeceptis
1873 2203 1953 2244 legIS

1080 2257 1137 2279 non
1157 2247 1433 2288 obtemperaverint,
1447 2246 1486 2276 ad
1502 2254 1548 2276 eas
1558 2246 1667 2285 species
1681 2245 1823 2285 pertinere
1838 2253 1895 2275 non
1910 2253 1954 2275 vt·
2000 2258 2002 2261 ·

1081 2291 1177 2321 detur.
1221 2288 1264 2320 Et
1281 2286 1516 2329 Tryplioninus
1529 2285 1549 2317 l.
1567 2296 1616 2327 37.
1632 2286 1660 2327 ς.
1682 2294 1706 2316 1.
1723 2285 1765 2317 D.
1788 2286 1821 2316 cle
1839 2285 1953 2316 minori-

1082 2332 1134 2362 bus
1153 2330 1268 2371 allegat
1286 2329 1433 2368 Praecepta
1448 2327 1518 2368 1er
1532 2327 1624 2368 Juliae
1641 2328 1673 2358 de
1689 2327 1850 2358 adulteriis.
1873 2327 1955 2359 Item

1083 2372 1181 2411 dicit,
1197 2372 1284 2414 Quod
1300 2380 1358 2402 non
1366 2369 1408 2408 sit
1423 2370 1516 2400 aetatis
1533 2368 1678 2409 excusatio
1694 2368 1833 2408 adversus
1849 2368 1953 2410 legum
1986 2374 1987 2378 ’

1083 2422 1245 2454 praecepta
1268 2414 1293 2444 ei
1306 2412 1358 2454 qui
1373 2413 1441 2442 dum
1457 2410 1529 2452 leges
1545 2411 1685 2446 invocat,
1707 2416 1807 2441 contra
1823 2419 1869 2440 eas
1884 2419 1954 2441 coin-

1083 2455 1182 2486 mz'ttit.
1215 2454 1402 2495 Justinianus
1419 2460 1550 2493 quoque
1562 2458 1611 2491 pr.
1627 2449 1701 2492 Iasi.
1719 2453 1751 2482 de
1766 2453 1876 2491 nuptiis
1893 2451 1953 2489 ait,

1083 2494 1189 2538 Justas
1204 2496 1324 2537 nuptias
1338 2494 1452 2534 interse
1467 2493 1545 2524 cives
1558 2492 1685 2524 Romani
1700 2493 1890 2530 contrahunt,
1905 2492 1955 2533 qai

1075 2539 1239 2580 secundum
1254 2538 1360 2579 legum
1384 2542 1545 2575 praecepta
1563 2534 1675 2565 coi'unt.
1719 2533 1782 2565 Sed
1799 2535 1954 2571 dicamus,

1081 2581 1156 2621 juris
1174 2586 1336 2620 praecepta
1354 2577 1406 2609 vel
1419 2577 1451 2608 in
1468 2575 1573 2617 specie
1590 2576 1663 2607 talia
1683 2574 1764 2613 effe,
1780 2576 1832 2607 vel
1849 2575 1954 2606 decre-

1084 2630 1116 2653 ta
1139 2621 1307 2662 appellari:
1330 2626 1427 2660 atque
1449 2618 1532 2649 adeo
1560 2618 1719 2648 interdum
1740 2616 1795 2648 sub
1819 2615 1955 2649 decretis

1085 2661 1338 2704 comprehendi,
1360 2659 1522 2692 interdum
1546 2658 1586 2690 ab
1607 2659 1644 2690 iis
1662 2657 1819 2700 distingui.
1863 2658 1955 2689 Sene·

1086 2714 1155 2736 cam
1173 2704 1245 2736 audi
1264 2701 1343 2744 episi.
1360 2711 1409 2742 94.
1433 2700 1516 2744 Quid
1529 2702 1604 2731 enim
1620 2698 1735 2740 interest
1751 2701 1826 2730 inter
1845 2700 1955 2730 decreta

1079 2746 1260 2788 philosophice
1277 2744 1313 2780 ὅ)
1324 2749 1485 2784 pracepta:
1500 2740 1556 2779 nisi
1570 2742 1645 2783 quod
1660 2741 1712 2772 illa
1725 2740 1873 2783 generalia
1882 2746 1952 2780 prte-

1087 2794 1168 2828 cepta
1176 2788 1251 2827 sunt
1261 2809 1272 2825 ,
1293 2782 1524 2826 haecspecialia?
1547 2789 1671 2825 utraque
1687 2791 1731 2814 res
1742 2782 1890 2823 praecipit:
1902 2779 1956 2821 sed

1086 2830 1179 2861 altera
1200 2829 1232 2859 in
1256 2833 1368 2866 totum,
1385 2824 1589 2866 particulatim
1615 2825 1716 2856 altera.
1760 2823 1881 2854 Seneca
1904 2821 1957 2852 de-

1086 2877 1174 2902 creta
1211 2868 1266 2900 sub
1300 2867 1439 2910 generali
1479 2873 1715 2908 praeceptorum
1744 2863 1957 2904 appellatione

1084 2911 1328 2952 complectitur3
1352 2909 1383 2941 &
1405 2915 1510 2940 tamen
1532 2908 1662 2943 decreta
1684 2915 1701 2938 a
1723 2904 1888 2946 praeceptis
1911 2901 1957 2948 fli-

1084 2953 1233 2994 stinguit:
1258 2951 1331 2991 quia
1352 2951 1404 2983 illa
1425 2949 1585 2991 generalia
1602 2949 1688 2986 sunt,
1710 2946 1781 2978 haec
1798 2943 1956 2985 specialia:

1084 2994 1222 3069 ἰΠαέμξῖῑ
1237 2993 1330 3026 minis
1345 2993 1464 3031 mixta,
1487 2991 1558 3023 haec
1579 3000 1645 3024 non
1669 2988 1755 3021 sunt:
1776 2992 1810 3017 ut
1825 2991 1897 3016 ante
1912 2989 1956 3016 ex

1085 3046 1127 3069 eo
1166 3046 1173 3068 i
1210 3043 1273 3067 um.

1879 3229 1957 3261 CA·
