2052 3487
346 100 878 133 DioanTIANus

77 196 125 221 tus
141 188 257 221 fuisset.
304 188 344 220 At
361 196 426 220 non
444 185 543 218 modo
561 184 641 216 ratio
657 182 691 213 id
707 183 845 215 evincit:
870 181 923 229 sed

87 240 208 262 etei-um
234 239 364 271 quoque
388 227 567 260 auctoritas.
620 223 703 256 Nam
729 232 762 256 ut
785 224 922 272 Marcia-

54 282 112 306 nus
134 272 153 303 l.
179 283 206 304 1.
243 271 271 313 §.
289 281 317 311 7.
349 270 392 302 D.
423 269 472 301 Aa
502 266 787 312 Senatusconszcitztm
818 266 922 312 'I'zrrpz-

54 314 165 345 lionum
183 314 242 351 ait,
268 312 368 354 puniri
388 311 440 351 qui
463 319 479 341 a
497 316 602 349 coepta
625 308 827 354 accusatione
844 315 923 338 citra

54 356 263 387 abolitionem
280 352 457 385 destiterit:
492 351 534 381 ita
557 349 655 381 Paulo
685 348 705 379 l.
731 356 760 394 o..
797 348 835 380 D.
862 350 923 380 ead.

55 400 102 428 tic.
129 397 254 428 videtur
270 395 309 426 ab
322 393 522 426 accusatione
538 389 684 422 desistere
702 399 755 429 qui
779 399 851 437 cum
868 390 921 421 ad-

55 438 193 469 versario
210 436 264 468 suo
284 437 323 467 de
340 432 573 475 compositione
592 432 657 471 ejus
674 432 762 472 quod
779 433 924 463 intende-

55 479 110 511 bat
152 478 248 510 fuerit
266 478 425 517 loquutus.
471 473 518 505 De
537 471 731 514 compofitione
754 482 860 504 autem
886 473 921 504 lo·

54 503 107 562 qiu·
120 502 219 552 ’Paulo
236 518 309 559 quid
326 517 388 556 est,
412 515 465 547 nisi
484 514 678 555 transigere?
702 515 732 546 id
750 517 833 561 enim
848 524 920 560 conz-

51 571 155 603 pontre
171 585 180 600 ‚
211 570 228 592 a
253 569 316 599 quo
339 556 494 599 compositio
510 579 521 595 ,
554 555 719 602 defigunt:
753 564 786 587 ut
811 556 921 603 ¹¹¹.¹¹¹‘.‘

55 595 232 640 Suetonii,
249 600 381 641 Caligula
403 609 427 630 c.
445 607 495 638 40.
527 597 586 629 Pro
612 598 713 628 litibus
737 603 823 639 atque
840 598 921 638 judi-

54 646 107 676 ciis
131 644 290 683 ubicunque
313 641 451 680 conceptis
469 662 478 677 ‚
508 640 655 680 quadrage
669 648 728 670 tino
745 639 863 678 summo:
880 640 920 686 ‘de

54 695 111 728 qua
132 686 297 724 litigaretur
311 694 322 713 .·
354 691 403 712 nec
419 680 483 719 fine
496 687 601 720 poena,
620 679 650 718 fi
665 682 730 722 quis
746 679 922 726 conrposztrffe

54 727 100 757 vet
113 723 222 765 ciorutffe
242 724 386 765 negotium
408 724 635 754 convinceretur.
681 721 742 753 Res
759 729 864 753 certa:
886 725 921 753 si-

53 777 92 798 ve
121 767 204 798 enim
229 765 304 804 juris
332 765 488 796 rationem
521 762 698 810 spectemus
720 787 730 800 ,
768 763 831 795 ssve
861 762 924 808 Ve-

54 813 154 841 terum
183 807 432 844 auctoritatem3
469 813 581 837 neutra
618 813 760 845 patitur,
801 804 924 835 accusa-

54 856 156 882 torem
179 847 391 879 trunsastione
416 848 564 887 accipere
594 845 782 892 facultatem
805 847 843 877 ab
873 854 923 876 ac-

54 890 214 924 cusatione
240 888 404 921 desistendi
430 887 493 919 sine
519 887 709 933 abolitione.
751 886 829 934 Hoc
852 887 923 927 plus

54 933 213 970 dicamus,
237 939 329 969 eum,
353 928 374 961 fi
401 936 615 969 transegerit,
646 938 686 961 ne
709 929 922 975 abolitionem

54 975 181 1016 quidem
208 981 319 1012 petere
342 970 440 1012 posse.
472 980 536 1002 non
559 972 642 1002 enim
662 969 757 1001 facile
774 978 922 1010 impetra-

56 1025 106 1049 tur
131 1014 265 1045 abolitio
295 1014 314 1045 l.
342 1021 387 1051 14.
417 1011 445 1054 §.
472 1022 501 1043 2.
532 1010 576 1042 D.
598 1012 632 1042 de
646 1013 925 1059 honislibertorunz:

55 1059 165 1096 utique
182 1056 222 1087 de
241 1055 354 1096 plan03
378 1053 428 1084 sed
447 1054 574 1084 demum
599 1062 658 1093 pro
684 1053 830 1084 tribunali
845 1052 924 1093 justa

57 1108 98 1130 ex
114 1096 201 1128 causa
224 1097 244 1128 l.
266 1106 290 1128 i.
313 1096 342 1137 5
357 1099 386 1129 8.
412 1094 452 1126 D.
479 1095 528 1126 Ad
547 1095 830 1135 senatusconsultum
848 1095 923 1126 Tur-

54 1139 223 1181 pilianuin:
255 1148 272 1169 a
296 1146 356 1177 qua
380 1136 602 1177 depeffionem
620 1159 629 1174 ‚
664 1136 714 1167 seu
739 1136 923 1168 transactio-

58 1190 150 1218 nem,
173 1178 254 1220 quali
278 1186 400 1220 turpem
425 1186 520 1217 atque
547 1178 727 1217 improbam
746 1200 755 1216 ‚
778 1186 923 1210 remove·

58 1223 102 1260 ri,
126 1230 229 1252 certus
246 1220 354 1252 auctor
373 1219 417 1250 est
434 1218 660 1251 Constantinus
681 1219 699 1250 ί,
720 1229 749 1250 2.
776 1220 809 1250 C.
835 1221 868 1250 o’e
890 1228 922 1250 a·

60 1264 255 1300 Dolitionibzu,
279 1261 379 1292 verbis
396 1260 606 1301 sequentibus.
655 1261 783 1308 Abolitio
801 1263 922 1302 praesen-

58 1306 132 1336 eibos
144 1304 275 1344 portibus
300 1302 384 1342 causti
407 1304 523 1344 cognita
550 1312 608 1333 non
623 1313 642 1333 o
661 1302 817 1343 Principe,
832 1303 888 1342 sed
905 1312 924 1333 a

57 1350 222 1385 competente
232 1345 331 1386 judice
345 1367 354 1382 ‚
374 1341 513 1384 postulari
530 1345 624 1376 dehet:
649 1345 679 1374 id
695 1342 733 1385 est
748 1368 757 1383 ,
775 1342 803 1380 fi
814 1351 866 1384 per
882 1353 923 1391 er-

55 1395 154 1424 rorem,
180 1389 229 1423 leu
244 1387 429 1416 temeritatem
446 1409 454 1422 ,
477 1383 532 1425 ſsezt
554 1386 692 1424 colorem,
716 1387 753 1417 ad
768 1387 921 1423 accusatio-

53 1437 116 1459 nem
128 1425 312 1466 prosiluerit:
333 1427 382 1457 boc
403 1428 477 1457 enim
501 1428 653 1467 accusator
673 1426 833 1468 explanans
858 1427 921 1458 abo-

53 1468 146 1500 litioni
167 1469 256 1499 toczim
271 1468 377 1508 faciet.
438 1468 492 1498 Sin
514 1476 611 1499 antem
627 1475 679 1508 per
704 1468 921 1516 depectionem,

52 1510 100 1541 vel
119 1511 243 1551 pecuniis
265 1520 284 1541 α
310 1519 354 1540 reo
377 1515 529 1550 corruptos
552 1511 590 1540 ad
607 1507 810 1557 postulandam
835 1510 920 1541 aboli-

52 1553 155 1583 tionem
171 1553 267 1582 venit:
288 1553 432 1592 redemptae
449 1551 637 1588 miserationis
661 1561 720 1583 vox
738 1554 853 1582 minime
869 1551 921 1582 ad-

51 1593 211 1624 mittatur:
238 1593 285 1629 led
307 1594 444 1632 adversus
470 1598 613 1623 nocentem
636 1602 716 1624 reum
739 1592 923 1638 inquisitione

43 1633 149 1675 sabia,
168 1641 252 1675 prena
276 1638 430 1675 competens
456 1634 616 1674 ingeratur.
661 1634 713 1665 Sic
740 1634 921 1667 Constanti·

52 1685 129 1708 num
153 1674 292 1707 restitue.
342 1675 449 1715 Vulgo
472 1675 577 1706 editur
593 1698 604 1714 ,
639 1677 837 1716 deceptionem.
869 1674 922 1706 sed

51 1717 222 1758 legendum
240 1740 249 1754 ‚
280 1715 464 1755 depectionem
480 1738 489 1753 ‚
524 1725 565 1747 ex
588 1717 606 1746 l.
626 1725 652 1748 i.
676 1717 746 1748 Coct.
768 1716 871 1764 Theoti.
888 1718 921 1747 de

54 1758 268 1789 abolitionibus:
293 1764 328 1788 ut
342 1766 360 1787 a
375 1757 497 1796 jacobo
514 1755 747 1797 Gothofredo,
773 1758 864 1790 Notts
884 1759 921 1788 ad,

53 1808 117 1829 eum
131 1799 241 1836 locum,
265 1799 293 1828 ἀ
310 1805 382 1828 ante
401 1807 417 1828 a
434 1797 556 1837 Jacobo
573 1798 724 1839 Cujacio,
749 1799 844 1846 tio-2.
863 1799 921 1830 Ob-

41 1840 125 1880 serv.
143 1849 167 1869 c.
187 1849 235 1878 ις.
260 1839 345 1870 reste
365 1838 410 1870 est
426 1839 685 1871 animadversum.
726 1840 828 1872 Addit
845 1849 924 1872 mox

55 1880 297 1918 Constantinus,
321 1881 408 1920 quod
431 1879 478 1910 Hi
493 1881 640 1921 quisnam
650 1882 829 1923 ficorumque
845 1882 925 1923 inju-

52 1923 127 1954 riam
143 1922 322 1961 defendunt,
353 1920 389 1956 ὅ)
413 1923 463 1962 qui
487 1928 621 1962 cognatos
635 1924 706 1961 snos
721 1924 753 1954 in
769 1923 924 1962 accusatio-

53 1973 117 1995 nem
133 1964 298 1994 deducunt:
321 1963 476 1994 omnimodo
492 1963 670 1994 abolitionem
681 1971 775 2004 petere
789 1974 846 1995 non
858 1971 924 2004 pro-

53 2005 198 2036 hibentur.
245 2002 320 2035 Hoc
345 2011 451 2035 autem
477 2006 652 2043 omnimodo,
676 2014 716 2036 ne
732 2005 800 2046 quis
818 2013 923 2044 erret,

53 2045 267 2077 Constantino
282 2055 346 2076 non
362 2044 430 2083 est,
463 2043 519 2076 etii
547 2048 758 2087 transegerint
784 2047 835 2078 vel
861 2054 923 2078 tur-

53 2087 137 2128 piter
158 2086 285 2126 depet‘ti
313 2085 371 2118 sint
395 2087 435 2117 de
460 2086 573 2126 quibus
600 2087 701 2119 serino
726 2088 797 2128 est;
836 2088 924 2134 quod

53 2129 157 2170 primo
180 2127 329 2169 adspectu
351 2128 502 2160 videtur:
534 2126 585 2160 sed
615 2128 767 2170 fignificat
786 2153 795 2167 ‚
829 2137 923 2161 etiarn

54 2172 94 2201 de
108 2170 222 2211 plano,
248 2178 312 2201 non
332 2171 431 2201 modo
457 2178 516 2210 pro
538 2170 686 2202 trIbunali
707 2170 797 2202 causa
815 2174 926 2212 cogni-

54 2214 96 2243 ta.
139 2211 251 2243 Verius
270 2211 352 2242 euim
370 2210 434 2249 est,
458 2211 507 2242 vel
533 2210 597 2243 hoc
614 2235 623 2251 ‚
654 2212 674 2243 fi
697 2214 833 2252 pecunia
856 2222 926 2244 cor-

54 2252 157 2291 rupti,
181 2254 219 2283 ad
237 2252 408 2293 petendam
435 2252 646 2285 abolitionem
670 2255 824 2293 veniant,
855 2263 925 2285 cain

53 2300 95 2325 ne
112 2293 152 2325 de
168 2293 263 2333 plano
281 2294 408 2334 quidem
427 2301 539 2334 petere
557 2294 656 2335 posse.
701 2295 740 2326 Et
762 2296 807 2328 cst
824 2295 926 2328 simili-

52 2341 102 2366 ter
119 2344 135 2365 a
155 2334 326 2375 Papiniano
349 2336 499 2367 traditum
524 2336 543 2367 l.
562 2348 592 2373 ft-
618 2336 661 2368 D.
715 2338 766 2368 Ad
786 2338 922 2369 Senatus-

53 2376 212 2414 consultnm
229 2375 450 2417 Turpilianum,
474 2377 657 2417 mulierem,
683 2377 703 2410 ii
717 2402 726 2417 ,
750 2388 822 2411 cum
842 2379 924 2411 suam

53 2416 222 2449 suorumve
238 2417 378 2458 injuriam
397 2417 615 2459 persequitur,
648 2429 712 2452 non
733 2421 833 2461 petita
849 2421 925 2453 abo·

51 2458 165 2490 litione
183 2458 325 2497 desistat,
349 2469 414 2490 non
432 2460 531 2491 teneri
548 2460 820 2495 Senatusconsulti
839 2462 924 2494 Tur-

56 2500 163 2541 piliani
192 2510 313 2541 poena:
348 2501 443 2540 idque
473 2510 490 2532 a
521 2502 688 2534 Marciano
715 2504 924 2536 confirmatur

52 2542 71 2571 l.
94 2550 118 2572 i.
142 2541 170 2583 §.
193 2549 238 2573 10.
263 2541 362 2582 infin.
388 2542 430 2574 D.
453 2544 511 2574 eod.
536 2545 582 2575 tit.
638 2543 711 2576 Nec
733 2553 838 2578 tamen
859 2546 923 2578 hoc

56 2581 144 2613 aliter
160 2583 306 2621 obtinet,
329 2592 422 2623 quam
445 2584 464 2616 si
489 2584 573 2616 ultro
600 2585 756 2618 destiterit
778 2588 892 2619 mulier
911 2609 922 2626 ,

56 2630 121 2653 non
149 2624 381 2656 interveniente
406 2627 490 2666 turpi
514 2627 715 2667 ‹repectione.
745 2638 816 2660 nam
840 2629 860 2660 fi
886 2639 922 2660 ea

59 2671 130 2693 cum
153 2665 327 2696 adversario
350 2675 463 2698 contra
489 2670 624 2700 vetitum
647 2668 748 2708 facta,
773 2669 924 2702 destitisse

59 2703 196 2742 dicatur,
221 2706 324 2737 adhuc
342 2709 440 2749 magis
465 2709 536 2749 est,
561 2717 595 2741 ut
618 2711 648 2741 in
665 2710 925 2744 senatusconsul-

59 2751 127 2774 tum
149 2743 367 2785 Turpilianum
394 2750 514 2781 incidat
537 2751 558 2782 l.
579 2761 608 2791 5.
633 2751 665 2783 C.
689 2754 747 2785 eod.
764 2755 810 2784 tit.
862 2752 927 2784 Sed

58 2784 186 2824 longior
201 2785 285 2826 sum,
309 2789 339 2819 &
355 2790 447 2821 nimis
463 2791 581 2831 claret,
607 2791 742 2826 Veteres
760 2817 769 2832 ‚
794 2793 850 2825 etsi
869 2804 923 2825 vo-

60 2826 195 2864 luerint,
218 2826 401 2867 impunitam
426 2841 483 2863 τεο
511 2832 573 2864 effe
599 2834 639 2865 de
656 2836 846 2876 capitalibus
865 2836 924 2867 cri-

58 2867 197 2898 minibus
215 2870 455 2903 transactionem
473 2896 483 2908 ,
507 2880 612 2907 tamen
633 2876 808 2908 accusatori
823 2877 923 2918 impu-

58 2908 156 2940 nitam
179 2907 263 2946 effe,
286 2918 349 2942 non
370 2913 512 2945 voluiffe.

97 2948 175 2980 Non
195 2959 246 2980 me
263 2949 363 2991 fugit,
387 2952 448 2984 esse
463 2955 515 2993 qui
531 2964 708 2997 conentur,
733 2968 800 2990 rem
817 2959 925 2999 aliquo

56 2990 231 3022 verborum
264 2998 517 3032 temperamento
545 3000 726 3039 expedire:
758 3000 926 3039 arbitrati,

56 3030 136 3070 Jaris
152 3033 256 3072 capita
274 3034 387 3073 quibus
404 3036 506 3075 puniri
523 3038 638 3071 dicitur
652 3040 835 3079 accusator,
852 3050 925 3073 cum

58 3083 75 3103 a
90 3082 198 3114 coepta
214 3072 329 3106 desistit
345 3076 545 3109 accusatione
559 3101 569 3118 ,
592 3081 631 3112 ad
647 3083 778 3113 crimina
793 3091 858 3114 non
875 3091 925 3113 ca-

58 3114 163 3152 pitalia
181 3115 330 3156 restringi.
376 3117 482 3158 Atque
507 3129 543 3150 ea
559 3142 569 3159 ,
598 3121 703 3155 fateor
718 3144 727 3162 ,
751 3123 924 3156 tolerabilis

58 3154 133 3186 effer
158 3157 403 3197 interpretati03
436 3158 457 3191 fi
483 3169 553 3200 quae
576 3164 655 3194 ratio
685 3164 764 3196 certi
787 3165 862 3204 juris
884 3166 923 3198 ad

57 3205 126 3229 eam
151 3198 281 3230 duceret
297 3221 308 3237 ‚
338 3199 536 3235 absurditatis
559 3212 601 3235 cx
626 3205 797 3239 verborum
813 3208 921 3248 ampli·

945 101 1014 128 ετ
1080 93 1543 135 ΜΑΧῙΜῙΑΝσς,

1772 112 1839 149 237

965 183 1077 215 tudine
1092 184 1249 216 evitandae
1264 187 1374 228 gratia.
1417 186 1479 220 Sed
1505 187 1590 221 nunc
1613 187 1727 223 frustra
1749 191 1839 223 adhi-

966 225 1069 256 betur.
1093 234 1159 257 non
1182 228 1268 259 enim
1288 229 1403 260 rationi
1434 229 1571 262 debetur
1589 240 1599 269 ;
1636 230 1689 264 sed
1711 233 1809 265 errori
1828 244 1838 265 ι

965 266 1016 298 cui
1034 265 1154 299 causam
1171 269 1306 308 praebuit
1321 269 1617 303 sententia'minime
1627 282 1700 305 vera
1711 285 1720 313 ;
1731 282 1840 315 quam-

965 317 1058 348 quam
1077 316 1135 347 pro
1156 319 1230 340 vera
1247 320 1315 342 eam
1334 312 1453 350 jaCtant
1480 313 1658 346 Docriffimi
1681 316 1840 357 Interpre-

966 358 1023 380 tes.
1076 348 1127 380 Sic
1153 349 1182 380 se
1216 361 1266 383 res
1301 353 1407 385 habet.
1441 356 1614 395 opinantur
1637 357 1721 390 cuim
1740 381 1749 397 ,
1780 366 1837 389 reo

966 390 1150 430 Principum
1168 391 1313 425 Decreto
1330 393 1397 426 ficri
1412 395 1461 435 jus
1478 398 1672 439 transigendi
1695 400 1735 432 de
1753 399 1839 440 capi-

967 432 1082 464 talibus
1097 434 1306 466 criminibus:
1331 445 1372 467 ex
1396 446 1497 478 eaque
1521 437 1678 472 sententia
1699 451 1778 473 vana
1795 447 1841 472 at-

966 483 1030 512 que
1061 475 1142 505 inani
1178 476 1294 507 deinde
1327 476 1570 519 consequentias
1602 482 1750 522 ducunt,
1783 481 1840 514 etsi

966 524 1031 546 non
1051 525 1159 555 veras,
1183 525 1288 549 tamen
1305 527 1346 549 ex
1363 517 1446 551 falsis
1465 522 1631 562 principiis
1649 525 1774 564 optime
1792 523 1838 555 se-

966 565 1113 596 quentes.
1164 556 1220 589 13ae
1246 558 1483 600 consequeiitiae
1514 563 1607 595 sunt:
1641 565 1730 597 lubet
1752 565 1840 597 enim

966 607 1072 629 carum
1097 600 1281 640 exemplum
1307 610 1482 641 apponere.
1534 604 1565 635 si
1591 605 1756 648 Principes
1782 616 1839 638 reo

965 638 1115 670 fecerunt
1133 641 1183 680 jus
1205 642 1399 684 transigendi
1423 645 1463 676 de
1486 646 1676 685 capitalibus
1703 649 1841 680 crimini-

967 680 1043 712 bus:
1068 681 1200 713 dubium
1219 688 1284 714 non
1307 683 1352 715 est
1368 707 1377 722 ‚
1408 686 1485 726 quin
1509 687 1682 720 accusatori
1707 699 1838 730 quoque

966 721 1105 753 fecerint
1119 723 1167 762 jus
1190 724 1231 755 de
1252 724 1439 764 capitalibus
1463 729 1648 761 criminibus
1667 733 1841 772 transigen-

967 763 1017 794 di:
1042 765 1113 803 quia
1129 764 1181 795 ubi
1198 774 1254 796 reo
1272 767 1301 797 id
1319 767 1475 800 dederunt
1491 771 1559 809 jus;
1583 781 1639 802 rco
1659 774 1766 803 omnia
1785 774 1839 804 de-

967 807 1083 835 derunt
1109 804 1172 837 sinc
1194 807 1309 846 quibus
1332 809 1356 840 is
1379 809 1465 842 suum
1490 811 1618 852 adsequi
1641 814 1689 853 jus
1705 815 1839 845 omnino

965 854 1129 885 nequeat:
1164 848 1228 886 pari
1250 848 1320 881 fere
1343 852 1467 884 ratione
1493 862 1554 893 qua
1581 855 1634 894 qui
1651 855 1841 895 jurisdictio-

966 895 1039 918 nem
1057 895 1110 918 aut
1130 888 1356 923 usumfructum
1382 895 1534 926 concedit
1552 918 1561 934 ‚
1592 899 1700 928 omnia
1724 906 1841 928 conce-

967 928 1015 959 dit
1038 928 1101 960 sine
1124 931 1238 970 quibus
1258 933 1434 972 jurisdictio
1457 937 1610 976 explicari
1627 947 1682 969 aut
1702 938 1841 970 ususfru-

968 968 1036 1001 Ctus
1060 973 1182 1009 percipi
1208 975 1342 1006 omnino
1368 985 1508 1013 nequeat
1538 978 1557 1010 l.
1585 990 1613 1011 2.
1636 979 1679 1011 D.
1703 981 1841 1022 dejuris-

966 1009 1105 1050 aretiam,
1131 1012 1168 1047 ἑὸ)
1190 1014 1209 1045 l.
1239 1024 1265 1046 1.
1295 1016 1322 1057 5.
1354 1026 1380 1048 1.
1413 1018 1544 1061 &seqq
1563 1019 1606 1051 D.
1653 1021 1687 1053 Si
1703 1023 1842 1063 ususfru-

966 1052 1030 1083 ctus
1048 1059 1178 1093 petatur.
1222 1054 1289 1097 Jam
1315 1059 1384 1098 quis
1409 1069 1478 1093 reus
1505 1061 1611 1102 potest
1634 1064 1674 1095 de
1699 1064 1842 1105 capitali-

967 1093 1025 1125 bus
1057 1097 1241 1129 criminibus
1267 1102 1466 1141 transigere3
1506 1102 1560 1135 nisi
1586 1104 1761 1137 accusatori
1791 1107 1840 1146 jus

966 1134 1002 1166 fit
1019 1158 1030 1174 ,
1060 1137 1101 1167 de
1125 1137 1171 1169 liis
1196 1141 1367 1180 transigere
1384 1142 1400 1173 ἶ)
1439 1143 1598 1184 Proinde,
1628 1145 1649 1178 si
1674 1148 1840 1188 Principes

966 1175 1141 1209 accusatori
1168 1180 1327 1212 dederunt
1349 1183 1397 1222 jus
1422 1185 1463 1215 de
1486 1187 1672 1226 capitalibus
1697 1190 1839 1221 crimini-

965 1218 1025 1249 bus
1053 1220 1277 1261 transigendi,
1315 1224 1388 1264 quia
1419 1235 1476 1257 reo
1501 1227 1683 1268 dedei·unt;
1714 1231 1840 1263 videtur

965 1260 1048 1292 ratio
1068 1262 1168 1300 velle,
1194 1271 1227 1294 ut
1249 1264 1449 1306 accusatori,
1479 1267 1500 1299 si
1524 1272 1713 1310 transegerit
1728 1295 1738 1312 ,
1762 1282 1841 1304 con-

966 1302 1099 1333 cedatur
1114 1326 1124 1342 ,
1147 1303 1187 1334 ab
1205 1305 1407 1338 accusatione
1425 1309 1553 1350 impune
1571 1311 1727 1344 desistere.
1755 1313 1842 1346 Prin·

966 1343 1048 1383 cipis
1076 1345 1162 1377 enim
1187 1347 1335 1386 permissu
1359 1349 1474 1381 desistit
1492 1362 1500 1383 :
1531 1352 1561 1383 &
1582 1355 1635 1393 qui
1653 1363 1693 1385 eo
1711 1356 1841 1396 permit-

967 1391 1058 1415 tente
1075 1386 1114 1416 ab
1128 1386 1331 1420 accusatione
1348 1390 1466 1422 desistit
1480 1415 1490 1431 ,
1521 1393 1628 1433 potest
1651 1396 1690 1427 ab
1717 1406 1753 1427 ea
1775 1397 1840 1428 sine

966 1434 1061 1465 poena
1078 1427 1223 1460 desistere
1239 1430 1260 1460 l.
1274 1439 1320 1471 13.
1332 1430 1360 1472 5.
1379 1432 1455 1464 1.D.
1485 1432 1536 1465 Act
1554 1436 1842 1476 Senatusconsultunz

968 1467 1264 1507 thrpilianunzznec
1280 1474 1396 1511 resert,
1409 1481 1515 1507 utrum
1531 1476 1681 1518 Princeps
1698 1481 1725 1511 ei
1743 1480 1774 1511 id
1789 1489 1842 1520 pa-

966 1508 1047 1546 lam,
1071 1519 1108 1541 an
1130 1520 1186 1551 per
1202 1512 1483 1554 consequentiam,
1507 1520 1681 1557 permittat.
1714 1521 1767 1552 Sic
1782 1522 1840 1553 illi.

1006 1550 1196 1584 Bellissime:
1218 1552 1239 1584 fi
1264 1556 1394 1594 quidem
1419 1567 1530 1589 verum
1553 1559 1664 1599 foret,
1695 1571 1785 1594 reum
1807 1564 1842 1596 iu

966 1592 1156 1632 capitalibus
1181 1596 1365 1628 criminibus
1395 1596 1444 1637 J'us
1477 1601 1672 1642 transigendi
1702 1603 1842 1637 habere:

964 1632 1043 1664 sicut
1072 1633 1279 1676 Magistratus
1306 1640 1356 1669 cui
1380 1639 1557 1679 jurisditfitio
1580 1643 1654 1675 data
1677 1644 1723 1676 est
1746 1669 1757 1684 ‚
1793 1646 1841 1686 jus

965 1678 1210 1716 cognoscendi,
1242 1679 1273 1710 &
1304 1679 1492 1714 fructuarius
1524 1684 1574 1716 cui
1604 1685 1770 1719 concess'us
1796 1687 1842 1721 est

964 1715 1177 1758 ususfructus,
1197 1720 1246 1760 J'us
1268 1723 1379 1754 utendi
1404 1722 1557 1764 fruendi,
1581 1725 1689 1759 habet.
1733 1729 1796 1761 Sed
1819 1729 1841 1762 fi

964 1757 1029 1788 hoc
1050 1761 1170 1805 procul
1180 1770 1258 1793 vero
1278 1762 1350 1802 est3
1380 1773 1512 1806 apparet
1528 1790 1538 1806 ,
1570 1769 1678 1800 omnia
1707 1779 1776 1811 quae
1798 1781 1841 1804 ex

968 1808 1009 1829 eo
1034 1807 1195 1840 principio
1227 1803 1411 1844 ducuntur,
1447 1816 1464 1838 a
1498 1818 1577 1840 vero
1599 1812 1752 1844 amoveri.
1797 1813 1842 1845 At

967 1849 1056 1885 reum
1079 1840 1199 1873 habere
1219 1844 1268 1883 jus
1291 1847 1484 1888 transigendi
1509 1851 1550 1881 de
1573 1852 1763 1891 capitalibus
1781 1855 1840 1887 cri-

968 1881 1105 1912 minibus
1122 1905 1132 1922 ,
1167 1882 1322 1918 Veterum
1345 1897 1443 1920 nemo
1467 1891 1635 1925 arbitratus
1653 1893 1708 1927 est.
1752 1894 1840 1929 Tan-

968 1930 1035 1953 tum
1055 1923 1224 1964 dixerunt,
1247 1936 1305 1958 reo
1321 1951 1331 1967 ‚
1361 1929 1383 1961 si
1407 1934 1622 1974 transegerit,
1653 1936 1684 1968 id
1712 1937 1757 1969 est
1773 1961 1783 1977 ‚
1816 1937 1840 1971 fi

966 1963 1177 2012 adversarium
1211 1971 1417 2010 corruperit,
1454 1974 1487 2006 in
1518 1975 1646 2016 capitali
1678 1978 1840 2019 crimine,

967 2006 1186 2039 transastlonls
1204 2010 1328 2043 veniam
1348 2013 1411 2044 dari
1435 2014 1455 2046 l.
1480 2025 1507 2048 1.
1531 2015 1570 2047 D.
1595 2019 1627 2048 de
1648 2020 1728 2050 bonis
1745 2029 1841 2053 eorum

966 2048 1017 2088 qui
1042 2053 1110 2093 ant-e
1131 2052 1333 2088 sententiani:
1372 2055 1450 2087 nihil
1478 2065 1643 2097 praeterea.
1694 2060 1839 2096 Multum

967 2097 1066 2135 porro
1090 2092 1219 2137 interest
1238 2116 1246 2131 ‚
1271 2102 1376 2128 utrum
1401 2106 1457 2128 reo
1482 2100 1575 2131 detur
1589 2100 1638 2140 J'us
1656 2103 1841 2135 transaft'io-

967 2138 1033 2168 iiis;
1056 2139 1115 2168 an,
1139 2134 1158 2163 li
1175 2138 1381 2177 transegerit,
1405 2139 1435 2170 ei
1453 2139 1654 2180 ignoscatur:
1678 2152 1783 2177 utrum
1801 2146 1840 2177 ab

966 2172 1060 2202 initio
1084 2175 1234 2215 transigat
1254 2177 1323 2216 jure
1348 2178 1402 2211 suo
1420 2203 1429 2217 ,
1460 2190 1499 2213 an
1525 2184 1614 2222 quod
1632 2188 1839 2228 transegerit,

968 2212 1164 2245 excusandus
1181 2215 1227 2247 fit.
1251 2218 1353 2250 altero
1375 2221 1448 2252 casu
1470 2222 1498 2253 ei
1523 2225 1595 2255 data
1620 2225 1842 2269 intelliguntur

968 2255 1159 2287 adminicula
1176 2257 1239 2289 sine
1256 2260 1371 2299 quibus
1387 2264 1557 2296 transactio
1581 2265 1690 2299 haberi
1707 2272 1840 2311 nequit;

967 2297 1070 2327 altero
1095 2306 1159 2329 non
1184 2298 1252 2331 sunt
1273 2302 1354 2333 data.
1399 2303 1515 2345 igitur,
1541 2315 1576 2338 ut
1606 2317 1672 2341 non
1696 2319 1811 2352 negem
1829 2336 1840 2350 ‚

967 2346 1043 2376 reo,
1069 2337 1087 2368 fi
1106 2340 1134 2369 ei
1153 2340 1262 2374 datum
1277 2342 1365 2375 foret
1380 2345 1428 2384 jus
1445 2349 1540 2378 transi
1554 2350 1639 2380 rendi
1659 2351 1699 2382 de
1719 2353 1840 2393 capita-

966 2378 1048 2411 libus
1068 2381 1251 2414 criminibus
1270 2407 1279 2422 ,
1308 2388 1416 2417 omnia
1441 2388 1513 2419 data
1553 2399 1610 2421 ore
1633 2390 1697 2423 sine
1723 2395 1840 2434 quibus

967 2429 1004 2451 ea
1028 2422 1198 2454 transactio
1226 2423 1295 2457 fieri
1330 2436 1395 2458 non
1423 2428 1550 2467 posset:
1583 2440 1647 2463 non
1673 2441 1781 2468 tamen
1807 2438 1839 2469 in

967 2462 1133 2502 proposito
1149 2465 1282 2498 dixerim
1298 2491 1308 2507 ,
1339 2469 1511 2502 accusatori
1532 2472 1584 2513 qui
1603 2480 1791 2518 transegerit
1807 2479 1840 2512 in

966 2504 1156 2543 capitalibus
1180 2507 1276 2540 causis
1293 2530 1303 2547 ,
1340 2511 1556 2545 transaCtionis
1586 2515 1712 2549 veniam
1745 2520 1839 2560 dari,

966 2546 1039 2585 quia
1055 2555 1112 2577 reo
1128 2547 1229 2579 datur.

1009 2587 1052 2617 At
1075 2588 1159 2619 enim
1183 2612 1195 2628 ,
1225 2589 1246 2621 fi
1277 2590 1455 2625 humanitas
1482 2595 1592 2629 suadet
1609 2622 1620 2638 ,
1651 2601 1839 2643 transigenti

966 2628 1090 2669 ignosci
1108 2638 1165 2660 reo
1181 2653 1192 2669 ,
1223 2632 1294 2671 quia
1318 2632 1498 2675 sanguinem
1520 2637 1606 2671 suum
1625 2643 1839 2676 transaftioiie

967 2670 1113 2716 redimit3
1138 2671 1214 2711 quid
1234 2673 1265 2703 ni
1283 2674 1421 2714 postulet
1436 2677 1607 2713 similitudo
1626 2685 1777 2724 rationis,
1803 2694 1838 2717 ut

967 2711 997 2742 &
1014 2711 1187 2744 accusatori
1206 2716 1392 2757 transigenti
1407 2719 1617 2760 ignoscatur?
1648 2725 1696 2757 An
1714 2726 1765 2758 cui
1783 2727 1837 2759 du-

968 2752 1053 2783 bium
1077 2752 1122 2785 est
1140 2777 1149 2792 ‚
1183 2755 1259 2794 quin
1285 2765 1318 2788 ut
1340 2768 1411 2791 reus
1426 2783 1437 2800 ,
1466 2761 1509 2794 sic
1530 2765 1715 2807 accusator,
1739 2776 1840 2799 trans-

965 2793 1055 2834 igens
1073 2795 1113 2826 de
1129 2797 1256 2836 capitali
1272 2799 1424 2839 crimine,
1448 2802 1535 2837 suum
1559 2808 1696 2840 redimat
1719 2809 1836 2850 sangui-

965 2844 1064 2882 nem,
1084 2834 1204 2882 ‘saltem
1238 2839 1309 2879 post
1333 2840 1597 2885 subscriptionem
1625 2850 1657 2882 i'n
1680 2851 1801 2883 crimen
1817 2851 1835 2883 ’ἐ

966 2877 1067 2923 Atqui
1083 2878 1174 2924 inde,
1200 2878 1220 2911 si
1238 2890 1301 2913 non
1317 2887 1496 2927 *convincat
1513 2898 1601 2923 reum
1618 2915 1627 2928 ,
1653 2900 1779 2923 tenetur
1796 2892 1835 2923 ad

969 2916 1153 2965 supplicium
1169 2923 1257 2962 quod
1277 2923 1322 2955 i'lli
1338 2925 1477 2961 intendit
1497 2929 1517 2961 l.
1542 2932 1595 2962 ult.
1616 2933 1648 2963 C.
1665 2934 1699 2963 de
1718 2933 1835 2974 accusa-

969 2962 1103 2991 tionibus.
1131 2961 1151 2993 l.
1174 2971 1203 3003 7.
1226 2963 1265 2996 D.
1289 2967 1348 2997 eod.
1371 2969 1418 3000 tit.
1462 2970 1524 3003 Sed
1541 2982 1647 3013 neque
1664 2974 1728 3004 hoc
1746 2983 1837 3016 argu-

968 3009 1111 3034 mentum
1134 3004 1270 3038 nostram
1295 3017 1410 3041 onerat
1430 3011 1629 3046 sententiam.
1682 3014 1726 3045 Ut
1750 3016 1836 3050 enim

969 3043 1106 3076 maxime
1128 3049 1306 3081 concedam
1322 3073 1332 3089 ,
1357 3054 1502 3085 eamdem
1524 3055 1555 3086 in
1582 3055 1748 3095 proposito
1773 3057 1836 3090 ess'e

968 3085 1157 3119 accusatoris
1174 3088 1204 3120 δι
1220 3091 1263 3121 rei
1286 3093 1508 3127 conditionem
1526 3106 1534 3133 3
1559 3097 1612 3136 qui
1631 3102 1736 3130 tamen
1756 3108 1835 3133 con-

967 3126 1100 3167 cedam,
1130 3129 1217 3161 idem
1243 3133 1406 3174 utriusque
1428 3136 1478 3174 jus
1501 3135 1562 3166 effe
1584 3136 1600 3167 ’ἒ
1635 3147 1707 3170 nam
1736 3147 1837 3175 trans-

966 3167 1047 3200 acrio
1066 3179 1122 3201 reo
1140 3171 1170 3202 in
1187 3173 1375 3213 capitalibus
1398 3176 1583 3208 criminibus
1609 3187 1672 3211 nou
1692 3190 1835 3217 commu-

965 3211 1012 3242 nis
1033 3211 1108 3250 juris
1126 3215 1247 3277 sregulis
1271 3215 1302 3247 in
1325 3215 1438 3257 quibus
1459 3218 1591 3259 aequitas
1609 3229 1625 3251 a
1641 3220 1729 3257 simili
1746 3226 1783 3256 ad
1801 3225 1836 3257 fia

1138 3269 1156 3281 J
1168 3263 1188 3293 g
1209 3264 1227 3292 ,ηε
1757 3268 1833 3301 :nile
