2052 3487
523 86 1436 132 Onsfzfflvsriosumisma.

80 187 279 224 strumento,
303 184 347 216 uti
371 180 451 219 frui,
474 178 554 212 salva
579 174 757 211 substantia-
809 173 885 206 Dixi
911 175 950 206 de

79 230 149 262 feta
169 238 238 267 quae
257 228 369 259 nullius
387 248 396 261 ,
421 222 514 255 etiam
532 221 571 257 de
588 228 624 249 ea
643 226 712 262 quae
730 218 949 256 proprietarii,

79 270 127 304 sit.
173 270 269 302 Nunc
297 272 334 299 de
357 266 518 305 utriusque
539 260 623 292 foetu
640 257 826 288 Videndum.
852 259 892 288 de
908 267 948 288 eo

79 312 124 345 sic
139 311 382 353 Tryphoniiius.
424 305 479 336 Sed
495 302 614 343 fruclus
640 305 692 329 auc
712 298 782 339 jure
797 300 948 330 civiliauc

77 355 209 395 gentium
223 358 286 389 suos
294 351 384 391 facit.
421 343 653 391 Tryplioninus
661 341 698 379 fr
702 340 784 385 14δῖμὶ
801 349 859 379 pro
867 341 947 386 faecrc

81 403 209 435 accipit.
233 391 397 433 quomodo
416 387 565 418 Manilius
581 384 629 414 lzb.
644 392 674 420 4.
699 384 774 422 vers.
796 385 864 415 128.
888 390 947 412 uti-

82 444 153 474 tur,
174 445 214 466 ita
233 438 274 465 de
290 436 387 463 ariete
405 430 558 469 loquens,
713 465 719 470 ·

122 478 161 510 ln
182 475 365 518 ‘angulumque
380 467 603 509 dabitfrustus‚
626 464 664 500 ὅ)
678 463 754 495 mzlle
765 470 818 504 per
832 469 907 495 artes

124 487 256 555 Velim,
278 514 401 554 diversos
417 511 497 550 exse
511 509 658 551 parientia
667 502 806 553 quaestus.

82 558 144 592 Sed
169 559 198 590 <St
223 556 319 597 Gajus
342 554 361 586 l.
383 558 432 587 28.
463 551 506 583 D.
536 551 568 581 de
590 552 706 589 usuris,
732 547 948 587 [nuendum.

77 600 224 642 inquiens
243 622 252 636 ,
276 595 384 638 frusta
406 594 493 625 etiam
510 592 604 632 soetus
631 588 688 629 est:
720 586 884 634 ficutilao,
902 587 946 626 pi-

80 641 150 680 lus,
181 639 218 676 &³
240 639 318 670 lana.
367 635 460 677 Apud
487 633 663 665 Varronem
687 638 819 671 quoque
845 630 892 659 ιώ.
917 637 946 674 3.

79 682 129 715 De
150 689 180 712 re
200 678 305 721 rustica
327 688 352 709 c.
368 688 397 709 2.
428 676 470 708 sic
492 681 599 712 extat,
632 671 669 704 In
687 672 775 712 plano
797 670 893 701 cohors
915 678 946 699 m

78 733 136 765 qua
153 724 344 763 pascebantur
367 717 484 759 gallinae
502 740 512 756 ,
544 715 580 750 ὃ)
604 723 702 745 earum
720 711 844 752 fruflus
863 715 947 741 erant

77 774 149 803 ova,
171 761 303 802 &pullu
346 760 522 800 Distinguit
542 757 638 798 igitur
652 753 886 796 Tryphoninus
901 751 946 782 fe-

76 814 145 838 rani
167 814 184 836 a
206 804 310 836 fructu
327 825 337 841 ‚
368 803 398 833 id
420 800 488 839 est,
519 799 558 830 ab
582 798 647 837 ejus
668 795 771 827 foetu:
796 795 826 826 ἃ
848 794 917 824 vult
934 815 944 832 ‚

77 855 265 887 quamquain
283 844 350 876 fera
365 841 527 875 fructuarii
544 849 610 871 non
629 837 685 869 fiac
708 835 925 883 occupatione
937 857 946 872 ‚

79 888 134 920 nisi
158 896 229 918 curn
256 886 369 917 nullius
395 884 464 923 est,
494 889 528 914 ut
553 874 579 913 11⁴
599 879 721 911 vivario
746 878 863 909 incluia
880 885 946 908 non

77 929 136 962 fit:
166 930 230 969 ejus
249 936 354 959 tamen
373 925 489 957 foetum
507 921 723 965 occupatione
737 919 865 965 *semper
881 917 946 949 fru-

79 971 185 1002 Ctuarii
214 968 280 1001 fieri
307 968 357 1000 vel
380 968 524 1008 gentium
541 987 551 1004 ,
582 963 634 995 vel
658 961 743 1008 ciVili
761 984 772 1001 ,
800 962 893 1001 jure:
917 960 948 990 <Sc

77 1014 217 1053 gentium
237 1010 363 1052 quidem
380 1019 389 1045 ;
420 1009 440 1040 ii
463 1007 528 1049 ipsa
550 1005 617 1037 fera
634 1026 644 1043 ,
668 1005 700 1034 ld
718 1001 764 1049 est
781 1025 791 1041 ‚
822 1009 947 1047 mater,

77 1054 192 1086 nullius
217 1052 338 1090 fuerit,
367 1049 470 1081 fundo
496 1056 561 1080 non
587 1045 827 1084 circumiepto:
859 1043 946 1074 ciVlll

79 1105 187 1134 νει-05
214 1094 235 1126 fi
258 1103 294 1124 ea
319 1091 441 1125 domini
463 1089 525 1129 fit,
557 1088 597 1119 ab
620 1095 726 1132 eoque
745 1086 776 1116 in
792 1084 884 1131 fundi
901 1084 947 1114 iii-

79 1136 254 1169 strumento
271 1134 432 1166 habeatur.
460 1130 604 1173 Quaeso,
628 1137 684 1159 cur
699 1126 768 1172 ita?
793 1134 866 1167 quia
883 1124 948 1156 hoc

80 1181 151 1216 calu
169 1177 284 1215 foetus,
307 1174 363 1207 etfi·
379 1175 443 1215 ipse
465 1181 595 1214 quoque
621 1172 742 1201 domini
760 1166 795 1199 iit
812 1168 831 1198 l.
851 1177 879 1198 2.
903 1165 946 1198 D.

83 1221 117 1251 de
132 1220 304 1260 (inquirendo
322 1226 418 1248 rerum
434 1217 574 1252 domanio,
599 1220 706 1242 tamen
730 1208 751 1241 fi
769 1218 785 1240 a
808 1208 945 1240 fruetua·

81 1262 129 1292 rio
147 1269 302 1300 capiatur,
327 1267 366 1289 ex
394 1256 483 1289 fundi
511 1255 719 1287 instrumento
739 1274 748 1290 ,
774 1250 858 1291 quass
880 1250 947 1290 ejus

78 1301 220 1340 fructus,
255 1301 374 1332 domini
403 1299 571 1331 voluntate
588 1319 597 1335 ,
630 1296 662 1326 id
691 1292 756 1330 est,
777 1294 846 1333 iure
865 1295 947 1322 ulus-

79 1343 197 1375 fructus
214 1365 223 1380 ‚
247 1341 428 1383 percipitur.
478 1340 577 1379 Finge
594 1347 604 1376 ;
634 1335 751 1376 (quod
776 1333 821 1380 cit
838 1342 947 1364 exem-

80 1385 165 1425 plum
189 1383 217 1425 §.
239 1396 261 1414 l.
284 1384 310 1414 cl.
329 1383 347 1413 l.
365 1382 444 1422 62.)
467 1381 585 1412 vivaria
602 1379 670 1409 sunt
686 1374 948 1422 inposseffione3

80 1426 108 1456 ἂ
127 1435 197 1457 cuin
214 1428 313 1465 coepit
327 1423 535 1460 uffisfrufkus,
561 1421 609 1452 his
628 1417 871 1464 incluiae'ferae,
894 1425 949 1456 pu-

79 1475 131 1505 ta,
156 1468 241 1507 apri,
265 1467 314 1497 iel
331 1474 446 1496 caetera
470 1462 618 1496 filvestria
639 1460 802 1498 animalia,
828 1467 859 1489 in
879 1466 949 1498 pos-

78 1507 210 1540 seffione
226 1506 501 1539 custodiebantur:
525 1506 611 1546 (pro
631 1503 785 1534 Veterum
803 1509 893 1532 more
910 1500 950 1530 de

81 1559 146 1587 ouo
175 1549 209 1581 M
246 1549 372 1586 Varro,
405 1549 500 1580 etiam
524 1547 561 1578 A.
587 1543 732 1581 Gellius,
754 1543 802 1573 dd.
819 1541 894 1587 socc.
919 1542 949 1573 ὅτ.

82 1591 203 1624 Plinius
218 1591 264 1622 lib.
283 1595 301 1626 8
336 1590 453 1622 Natur.
469 1585 565 1629 histor.
586 1597 610 1619 c.
628 1586 707 1627 52.)
731 1590 843 1625 quaerit
864 1580 949 1628 Try-

78 1633 239 1673 phoninus
257 1655 267 1671 ,
292 1639 396 1669 utrum
421 1629 610 1662 fructuarius
632 1637 683 1658 eas
708 1633 861 1657 exercere
883 1633 950 1665 qui-

79 1675 152 1704 dem
168 1673 280 1712 possit,
304 1673 456 1704 occidere
471 1678 652 1702 autemnon
668 1666 784 1708 poffit?
807 1665 853 1696 Ea
864 1673 949 1703 quae-

75 1713 137 1747 stio
165 1714 212 1746 his
234 1712 443 1756 Tryphonini
475 1711 582 1743 verbis
613 1709 825 1746 continetur,
862 1706 950 1738 Num

77 1764 204 1787 exercere
229 1765 274 1786 eas
287 1753 480 1795 sruiiuarius
501 1751 605 1793 poffii,
625 1751 748 1782 occidere
761 1758 820 1780 non
832 1747 917 1789 poffir
932 1748 950 1779 ?

79 1795 163 1834 Sed,
187 1797 272 1837 quod
297 1795 479 1827 addendum
495 1817 505 1833 ‚
537 1793 671 1825 inhaeret
693 1790 768 1822 huic
784 1789 950 1830 quaestioni

80 1838 178 1869 tacita
202 1836 386 1877 responfi03
408 1834 463 1867 etfi
488 1844 552 1867 non
577 1839 726 1874 appareat
751 1832 871 1872 palam:
895 1830 952 1862 ufi-

79 1885 145 1911 tata
166 1878 335 1911 Veteribus
351 1877 475 1908 ratione
498 1884 594 1917 quam
619 1873 766 1905 oblervat
780 1872 952 1915 Quintilia-

81 1929 143 1952 nus
159 1943 169 1959 ‚
200 1919 248 1950 lib.
267 1929 297 1956 9.
323 1916 394 1959 Inst.
415 1918 500 1950 Orat.
525 1927 549 1949 c.
567 1926 596 1948 2.
620 1915 651 1947 ὅς
665 1924 725 1946 nos
742 1914 815 1945 alibi
833 1913 951 1945 indica-

80 1971 163 1994 mus.
189 1960 289 1992 sensus
305 1958 511 2001 Tryphoniiii
528 1968 536 1989 :
564 1958 621 1996 Si,
654 1964 728 1989 cum
751 1956 851 1995 coepit
870 1954 953 1986 usus·

79 2002 221 2040 frustm,
246 2001 374 2033 vivariis
391 2000 517 2032 inclur'ae
532 1999 611 2031 ferae
626 2021 636 2037 ,
659 1998 689 2029 in
709 2006 746 2028 ea
763 1996 951 2036 poss'essione

84 2044 369 2075 custodiebantur:
392 2041 512 2084 poterit
537 2041 665 2081 quidem
689 2037 876 2070 fructuarius
899 2046 951 2069 eas

80 2095 260 2123 exercere3
291 2085 343 2115 sed
365 2093 431 2115 non
453 2090 575 2124 poterit
598 2081 759 2113 occidere.
811 2079 953 2111 Exercere

79 2135 184 2158 autem
198 2127 283 2166 feras
301 2125 377 2164 quid
394 2124 428 2156 fit
447 2147 456 2162 ‚
484 2123 627 2155 nendum
654 2124 834 2163 (quantum
857 2120 952 2161 scio)

80 2168 275 2202 extricarunt
297 2166 437 2208 praeclari
453 2164 534 2205 Juris
551 2166 752 2204 interpretes.
797 2163 878 2194 Sunt
896 2163 949 2203 qui

81 2218 205 2240 exercere
219 2210 302 2249 feras
327 2208 367 2240 sic
393 2207 552 2247 accipiant
574 2207 656 2246 apud
675 2203 949 2245 Tryphoninum,

81 2249 166 2290 quasi
185 2249 354 2290 {ignificet‚
371 2249 457 2290 feras
474 2249 584 2279 venari.
609 2247 775 2278 Accuriius
791 2248 948 2286 exponit,

83 2300 147 2322 cum
163 2292 229 2327 feris
247 2291 355 2322 ludere:
378 2298 512 2331 eamque
530 2288 716 2320 sententiam
743 2287 882 2327 sequitur
894 2286 951 2319 Vir

82 2331 294 2371 Clarissimus,
325 2333 360 2363 Α.
379 2329 524 2363 Dadinus
538 2329 711 2367 Aheserra,
735 2329 773 2360 ad
795 2328 950 2370 Trypho-

80 2374 147 2405 nini
171 2375 219 2404 lib.
247 2383 274 2413 7.
299 2371 560 2413 Disputationum,
593 2372 623 2402 in
650 2369 853 2410 expofitione
875 2372 904 2401 d.
928 2370 948 2401 l.

81 2420 122 2448 62
158 2423 227 2446 nam
243 2415 322 2452 feras
337 2422 464 2446 exercere
480 2414 714 2453 interpretatur.
731 2421 778 2443 eas
794 2413 949 2443 dumtaxat

81 2457 194 2497 agitare
209 2455 400 2487 aeleftaeionis
414 2457 509 2495 causa.
542 2453 604 2485 Sed
620 2462 684 2485 non
701 2453 771 2484 haec
786 2454 851 2494 egit
864 2452 948 2494 Try.

81 2499 254 2538 plionlnuS.
278 2498 358 2528 dixit
385 2497 409 2527 is
428 2520 439 2535 ,
469 2495 673 2527 fructuarium
696 2495 779 2535 feras
802 2504 947 2534 exercere,

83 2548 142 2579 pro
164 2539 246 2570 feras
263 2538 380 2570 habere
396 2547 436 2569 ex
454 2538 568 2576 quibus
584 2536 735 2577 quaestum
753 2536 878 2577 capiat,
896 2535 948 2568 sal-

83 2588 122 2609 va
138 2589 243 2611 earum
262 2579 436 2612 iubilantia.
461 2578 538 2621 Quo
555 2577 641 2610 sensu
658 2576 813 2619 Ulpianus
831 2578 861 2609 in
878 2578 897 2609 l.
912 2588 942 2618 4.

87 2619 107 2660 §
129 2630 155 2651 2.
176 2620 216 2652 D.
229 2622 261 2651 de
276 2623 396 2660 edendo,
420 2621 533 2659 Labeo,
556 2619 678 2660 inquit,
692 2620 817 2660 scribit,
834 2625 949 2660 patrem

87 2668 144 2689 non
164 2663 316 2700 cogendum
338 2662 354 2701 (
365 2662 491 2702 edere).·
523 2660 577 2699 nifi
592 2663 703 2700 sciente
722 2670 751 2692 eo
778 2662 948 2701 argentaria

88 2706 244 2746 exercetur.
280 2704 344 2733 >Sed
359 2702 431 2733 νεὲῑε
443 2704 569 2734 Sabinus
583 2702 745 2743 respondit,
767 2708 838 2734 tunc
852 2703 882 2733 id
897 2703 948 2734 ad-

60 2775 64 2778 *
85 2742 271 2787 nneteudum‘,
293 2752 358 2774 cum
376 2744 457 2783 patri
472 2743 624 2784 quaestum
650 2745 748 2777 refert.
793 2744 947 2775 Similiter

85 2790 128 2812 ³¹1
141 2779 310 2827 Ulpianus,
331 2794 454 2822 navem.
476 2792 652 2825 cauponam,
661 2783 830 2826 stabulum,
854 2794 946 2816 exer-

86 2831 153 2853 ceri
175 2820 194 2870 l.
214 2831 238 2853 1.
261 2821 290 2864 §.
314 2833 342 2856 2.
364 2824 400 2859 ἐπ’
423 2835 452 2865 5.
479 2825 518 2858 D.
542 2826 652 2857 Nauzoe
670 2850 680 2864 ‚
710 2832 866 2866 caupones,
884 2823 947 2866 fla-

84 2863 208 2898 bsslarm
232 2871 303 2895 cum
319 2869 422 2903 navis,
448 2875 608 2905 caupona,
631 2876 684 2898 aut
701 2866 876 2905 stabulum,
895 2869 946 2898 ha-

84 2904 202 2951 Ρὲῃῑῦΐ
217 2928 228 2943 ‚
251 2913 285 2934 ut
302 2914 340 2936 ex
359 2906 404 2938 his
421 2906 551 2946 quaestus
567 2909 769 2948 percipiatur.
796 2908 838 2939 Et
856 2917 947 2939 exer·

84 2954 221 2978 citorem
237 2944 287 2986 effe
302 2947 338 2976 ad
355 2955 436 2987 quem
452 2948 666 2980 obventiones
682 2959 794 2981 omnes
813 2949 843 2980 &
865 2949 947 2981 redi·

85 2992 342 3033 tusaperveniunu
358 2986 424 3025 five
444 2989 468 3018 is
483 2991 613 3020 dominus
629 2992 715 3022 navis
732 2990 792 3029 fit,
809 2989 893 3029 five,
916 2991 946 3023 ὃ(

83 3029 205 3068 reliqua
228 3028 247 3058 l.
269 3036 294 3058 1.
319 3028 347 3069 §.
367 3038 414 3068 15.
440 3027 481 3060 D.
497 3033 530 3060 de
551 3032 716 3063 exercitoria
731 3032 851 3064 afflone.
883 3031 945 3063 Eo-

81 3071 154 3102 dem
174 3068 270 3115 (ensu
286 3070 348 3108 ait,
370 3069 573 3103 fructuarium
594 3071 623 3102 δι
649 3074 733 3112 auri,
757 3073 787 3104 ἀ
805 3070 943 3113 argenti,

80 3110 112 3143 ὅ(
134 3111 287 3150 sulphurls
304 3133 314 3147 s
345 3111 375 3142 ἃ
397 3111 485 3151 aeris,
509 3113 539 3144 ὅ(
561 3110 658 3151 ferri,
670 3114 794 3153 fodinas
818 3112 945 3146 exercere

80 3151 264 3226 “gaf-15·
279 3151 330 3193 D·
345 3153 380 3204 d?
391 3152 567 3194 usufrustus
590 3162 664 3190 cum
684 3162 726 3189 ex
742 3155 792 3192 liis
808 3156 945 3198 reditum

1802 96 1873 144 259

993 175 1101 218 haber.
1144 175 1205 207 Sed
1224 176 1273 217 δε,
1298 175 1530 217 lustramentum
1552 176 1603 221 effe
1624 179 1799 218 apparatum
1822 185 1866 207 re·

992 228 1058 248 rum
1075 220 1186 248 diucius
1204 226 1409 260 mansurarum
1422 217 1488 258 stne
1502 220 1605 260 quibus
1627 219 1752 250 exerceri
1766 218 1868 258 nequi-

991 265 1033 289 ret
1048 257 1169 304 poffeffio
1190 260 1209 291 l.
1233 269 1279 292 12.
1304 258 1346 291 D.
1370 260 1402 291 de
1417 258 1554 302 instrufto
1572 259 1609 295 ὅ)
1625 257 1813 300 instrumento
1829 258 1867 288 le-

988 306 1077 347 gato:⁶
1098 303 1130 331 id
1148 300 1214 340 est,
1239 301 1302 333 fine
1327 303 1442 343 quibus
1464 303 1585 334 fructus
1610 311 1651 334 ex
1675 299 1866 342 posseffione

990 343 1112 389 percipi
1133 343 1293 388 nequiret.
1339 344 1491 375 Similiter
1511 344 1636 375 Nonius
1652 353 1675 374 c.
1695 352 1725 381 4.
1748 341 1797 373 De
1813 340 1868 372 va'-

989 392 1035 429 riq
1053 382 1269 429 significatione
1282 385 1451 425 sermonum
1466 408 1476 422 ‚
1508 386 1572 416 hoc
1595 393 1741 422 exercere,
1766 384 1796 415 in
1821 392 1865 414 co

990 423 1142 465 Virgilii,
1174 426 1221 456 lib.
1249 434 1273 457 1.
1297 427 1430 468 Georgic.
1452 425 1633 468 Exercetque
1652 426 1790 467 frequens
1814 424 1865 454 tel-

988 465 1079 496 lurem
1092 469 1315 508 atquez'mperac
1330 469 1411 499 arvis
1426 491 1436 507 ‚
1461 469 1614 508 exponit,
1639 467 1672 500 ln
1697 466 1866 498 meliorem

991 506 1077 553 usum
1095 507 1125 539 ἀ
1147 507 1284 540 fructum
1300 509 1449 541 formai-e.
1492 509 1591 551 Igitur
1607 508 1628 541 fi
1640 532 1650 548 ,
1675 516 1746 539 cum
1764 508 1867 547 coepit

989 548 1202 594 ulussrustus,
1226 549 1303 581 fera:
1329 550 1454 582 vivariis
1471 550 1616 589 inclusae,
1639 553 1670 581 in
1687 559 1723 581 ea
1745 548 1867 590 poss'es-

989 589 1077 621 fione
1095 613 1104 626 ‚
1135 592 1185 621 ieu
1210 601 1251 622 eo
1277 592 1308 623 in
1334 591 1463 632 fundo,
1496 592 1788 629 custodiebantur3
1819 589 1866 621 aii:

989 630 1245 678 Tryphoninus,
1274 633 1449 665 fructuario
1466 634 1595 674 quidem
1617 634 1665 673 ius
1691 632 1753 663 effe
1769 655 1779 670 ‚
1810 640 1866 662 eas

990 681 1164 719 exercere,
1186 677 1218 704 iu
1238 674 1302 715 est,
1327 676 1364 706 ad
1382 677 1540 713 reditum,
1565 674 1703 712 habere3
1729 672 1780 704 sed
1797 681 1868 704 non

989 718 1151 761 occidere.
1205 714 1305 758 Quod
1330 716 1350 748 fi
1377 716 1445 748 est:
1477 715 1583 756 potest
1612 714 1801 747 fruetuarius
1823 721 1867 745 ex

988 754 1068 801 feris
1093 765 1169 796 quas
1187 765 1203 787 a
1220 759 1353 789 domino
1371 758 1503 790 inclusas
1518 758 1654 798 reperit,
1677 756 1777 788 foetus
1796 764 1867 794 per-

990 805 1120 836 cipere,
1146 807 1226 838 quos
1244 800 1371 831 occidat
1387 800 1438 831 vel
1455 801 1493 831 ad
1519 799 1628 840 epulas
1646 798 1731 836 suas,
1756 798 1806 828 vel
1831 802 1868 827 ut

989 838 1127 870 macello
1144 844 1281 879 vendat,
1307 840 1390 881 quasi
1413 850 1518 872 earum
1544 840 1685 878 fructus,
1707 839 1760 870 seu
1783 837 1867 869 redi·

989 887 1038 911 tus
1054 889 1063 925 ς
1086 878 1137 912 sed
1153 889 1217 913 non
1237 882 1342 922 potest
1363 882 1440 923 ipsas
1457 891 1587 924 quoque
1603 882 1706 919 feras,
1729 889 1746 911 a
1762 879 1867 910 domi-

990 930 1034 966 no
1051 922 1200 967 inclusas,
1225 925 1402 955 occidere:
1433 924 1495 955 five
1517 925 1595 955 velit
1618 933 1670 955 eas
1689 921 1748 954 suis
1772 921 1866 952 lauti-

991 963 1152 1009 tiis,-five
1170 965 1328 1002 macello,
1358 965 1519 998 inservire.
1564 966 1661 1006 Atqui
1691 971 1867 1003 utrumque

991 1004 1113 1035 domitii
1132 1006 1337 1045 proprietatis
1351 1006 1399 1046 jus
1417 1006 1473 1038 est.
1514 1007 1610 1045 Sci0;
1632 1006 1662 1037 ἂ
1678 1005 1791 1037 docuit
1813 1012 1867 1034 me

992 1044 1096 1092 Varro
1117 1047 1165 1077 dd.
1183 1047 1251 1078 lucc.
1294 1048 1397 1079 Etiam
1415 1048 1617 1087 Columella,
1642 1047 1688 1079 De
1710 1056 1739 1077 re
1755 1043 1867 1086 rustica

990 1086 1036 1117 lzb.
1052 1096 1081 1123 9.
1107 1097 1130 1135 ς.
1152 1097 1178 1119 1.
1203 1087 1408 1128 sequentibus
1431 1091 1556 1127 verbis,
1580 1088 1806 1130 Feraepecudes,
1829 1091 1867 1117 ut

991 1129 1138 1168 capreoli,
1164 1129 1328 1171 damaeque,
1351 1140 1401 1161 nec
1415 1134 1512 1162 minus
1536 1140 1680 1172 orygum,
1703 1136 1869 1160 cervorum-

989 1179 1044 1210 que
1056 1179 1166 1211 genem
1184 1170 1220 1205 ὃ)
1246 1177 1382 1209 aprorum
1405 1174 1484 1203 modo
1508 1173 1633 1203 loannis
1655 1181 1689 1202 ac
1706 1169 1867 1209 voluptati-

990 1212 1040 1241 bus
1061 1213 1238 1257 dominorum
1244 1213 1400 1252 serviunt,
1423 1214 1502 1244 modo
1518 1211 1637 1254 quoeslui
1659 1221 1693 1243 ac
1714 1212 1871 1243 reditibus..

990 1251 1078 1283 Idem
1098 1262 1127 1284 in
1143 1253 1332 1285 Pi‘aefatione
1349 1255 1492 1295 ejusdem
1512 1255 1594 1287 libi-i.
1638 1253 1707 1285 Mos
1723 1253 1870 1293 antiquus·

989 1293 1141 1333 lepusculis
1162 1297 1329 1336 capreisque
1351 1307 1385 1327 ac
1393 1295 1536 1335 fimilz'lrus
1553 1296 1632 1335 feris
1647 1296 1740 1336 juxta
1763 1293 1869 1324 villam

985 1335 1154 1382 plerumque
1171 1337 1305 1378 substent
1329 1338 1478 1369 dominicis
1501 1337 1726 1369 habitationibus
1744 1336 1870 1375 ponebat·

992 1378 1131 1415 vivaria,
1156 1385 1187 1407 nc
1208 1378 1245 1413 ἐξ
1264 1379 1410 1420 conspeetu
1420 1382 1475 1418 suo
1492 1379 1589 1420 clausa
1604 1378 1721 1409 venatio
1729 1374 1870 1417 poffiden-

993 1419 1031 1449 tis
1051 1419 1201 1450 wimares
1230 1422 1324 1451 oculos
1339 1444 1348 1459 ,
1382 1420 1419 1456 δέ)
1440 1431 1503 1452 cum
1525 1419 1657 1462 exegiffet
1680 1420 1749 1456 ulus
1770 1416 1869 1458 epula-

991 1469 1058 1490 rum
1074 1483 1084 1498 ‚
1110 1461 1196 1506 *velut
1220 1471 1234 1492 e
1255 1463 1323 1493 cella
1343 1470 1553 1503 promerentur.
1595 1462 1658 1493 Sed
1682 1469 1747 1491 non
1777 1458 1870 1498 quod

994 1502 1116 1548 domini
1133 1503 1338 1542 proprietatis
1352 1505 1401 1544 jus
1424 1503 1470 1535 est
1485 1527 1494 1543 ‚
1518 1503 1613 1535 etiam
1632 1503 1684 1534 bic
1705 1498 1871 1532 fructuarii

990 1552 1038 1589 Jiis
1055 1541 1134 1581 effe,
1159 1543 1357 1576 instrumenti
1383 1544 1573 1576 ususfructus
1596 1544 1725 1585 patitur.
1769 1541 1869 1582 igitur

992 1586 1033 1630 ii,
1057 1593 1129 1616 cum
1145 1587 1242 1626 coepit
1260 1586 1469 1625 ususfructus,
1486 1585 1561 1617 ferae
1578 1583 1703 1616 Vivariis
1720 1581 1869 1620 inclusae‚

991 1635 1024 1656 m
1057 1635 1094 1657 ea
1127 1625 1317 1666 posseffione
1350 1628 1613 1660 custodiebantur
1630 1649 1639 1664 ‚
1676 1623 1783 1665 pOtest
1814 1631 1868 1655 eas

991 1665 1183 1698 fruetuarius
1202 1678 1375 1708 exercere,
1398 1670 1430 1702 id
1446 1668 1510 1709 est,
1526 1669 1564 1700 ad
1580 1668 1716 1699 reditum
1733 1665 1763 1697 ὅ(
1782 1673 1870 1706 quae·

992 1707 1073 1740 stum
1091 1708 1227 1756 babere:
1254 1712 1406 1743 occidere
1429 1720 1494 1743 non
1518 1710 1650 1752 poterit.
1699 1706 1789 1750 Quid
1805 1729 1815 1745 ,
1844 1703 1868 1737 fi

994 1758 1072 1789 quas
1095 1749 1160 1788 ipse
1177 1751 1269 1795 initio
1297 1754 1405 1793 operis
1422 1752 1481 1784 suis
1505 1750 1648 1789 inclusit,
1671 1752 1724 1781 vel
1749 1747 1770 1780 fi
1795 1756 1867 1789 quae

991 1790 1045 1822 sua
1068 1790 1183 1838 sponte
1207 1794 1405 1831 inciderint,
1435 1792 1610 1834 delapsaeve
1640 1789 1792 1823 fuerint?
1822 1789 1869 1820 ait:

993 1830 1246 1878 Tryphoninus,
1271 1834 1325 1867 has
1341 1834 1502 1867 fructuarii
1516 1835 1611 1876 juris,
1630 1834 1662 1865 id
1677 1832 1741 1872 est,
1764 1831 1869 1864 domi-

993 1881 1037 1904 nii
1054 1873 1235 1920 fructuarii,
1259 1875 1342 1908 fore.
1384 1876 1427 1908 Et
1443 1877 1549 1909 reete:
1572 1884 1644 1907 narn
1660 1882 1734 1906 ante
1750 1873 1867 1906 nullius

993 1913 1144 1954 fuerunt;
1167 1917 1290 1949 vivario
1309 1925 1415 1950 autern
1432 1918 1556 1950 inclusae
1574 1927 1591 1948 a
1607 1915 1800 1954 manuario,
1824 1913 1867 1947 ab

994 1965 1036 1987 eo
1053 1955 1082 1987 ὅ(
1098 1956 1266 2000 poffideri,
1291 1959 1320 1990 ἀ
1338 1960 1482 1999 adquiri,
1505 1959 1726 2000 intelliguntur
1746 1957 1767 1988 ἰ.
1783 1966 1814 1998 3.
1833 1956 1868 1998 §-

996 2006 1043 2037 14.
1067 1996 1109 2028 D.
1127 1999 1159 2028 de
1175 2000 1354 2040 adquirenda
1367 2000 1533 2042 poffeffione.
1565 1999 1704 2033 Poffunt·
1713 1999 1808 2040 igitur
1824 1999 1866 2029 ab

994 2048 1035 2070 eo
1051 2047 1116 2086 non
1134 2047 1256 2073 tantum
1275 2046 1439 2082 exerceri,
1463 2043 1528 2075 hoc
1547 2041 1591 2074 est
1605 2065 1615 2081 ‚
1639 2042 1678 2073 ad
1695 2039 1794 2073 foetus
1810 2048 1869 2082 ge-

994 2088 1211 2127 nerationem,
1233 2082 1296 2114 five
1311 2085 1350 2115 ad
1367 2083 1506 2117 frustum
1527 2085 1563 2116 ἃ·
1575 2083 1713 2116 reditum
1733 2082 1866 2120 haberi;

994 2120 1048 2170 sed
1070 2129 1171 2169 etiam·
1184 2124 1289 2169 occidi
1307 2126 1339 2156 in
1367 2125 1454 2158 usum
1480 2126 1641 2167 epularum
1661 2132 1715 2155 aut
1737 2123 1865 2155 macelli

990 2172 1060 2205 jure
1083 2164 1226 2210 dominii.
1278 2165 1437 2199 Caeterum
1456 2174 1472 2207 ‚·
1498 2168 1571 2208 quia
1599 2166 1735 2198 difficilis
1764 2164 1868 2196 fuerit

993 2206 1215 2253 discretionis,
1239 2215 1308 2247 quae
1326 2210 1470 2240 animalia
1487 2218 1528 2241 ex
1545 2208 1672 2249 singulis
1693 2207 1865 2249 'generibus

991 2255 1024 2278 in
1044 2255 1169 2279 Vivarlls
1191 2247 1311 2295 fuerint
1337 2250 1500 2282 constituti
1523 2249 1714 2282 ususfructus
1740 2257 1868 2289 tempo-

993 2298 1048 2326 re,
1072 2287 1103 2319 &
1121 2297 1198 2334 *quae
1221 2291 1338 2322 deinde
1364 2301 1405 2323 ex
1430 2292 1478 2324 his
1501 2300 1572 2324 nata
1588 2315 1598 2330 ,
1628 2298 1683 2322 aut
1699 2287 1865 2325 fructuarii

993 2338 1100 2375 operis
1118 2338 1150 2361 in
1168 2339 1204 2362 ea
1221 2331 1336 2372 dilapsa
1353 2332 1430 2372 fint3
1453 2343 1554 2374 eaque
1572 2332 1765 2365 obscuritate
1788 2331 1867 2364 faci·

992 2370 1023 2402 le
1049 2379 1224 2410 incertum,
1249 2382 1284 2404 ac
1303 2383 1405 2414 prope
1429 2375 1560 2414 inutile,
1584 2374 1639 2406 fiat
1661 2374 1710 2414 jus
1727 2373 1867 2406 ususfru-

993 2411 1076 2444 ctus:
1101 2422 1170 2458 eam
1192 2414 1235 2444 ob
1255 2414 1375 2447 causam
1394 2423 1485 2456 putat
1502 2414 1738 2457 Tryphoninus
1755 2438 1766 2454 ,
1798 2415 1865 2447 huc

991 2454 1115 2485 decurri
1138 2463 1310 2495 oportere,
1334 2466 1368 2487 ut
1392 2457 1581 2489 fructuarius
1603 2457 1712 2497 aliquo
1733 2457 1865 2497 juvetur

993 2503 1249 2536 temperamento
1274 2497 1422 2529 adversus
1452 2498 1532 2538 juris
1564 2497 1779 2530 subtilitatem.
1826 2499 1865 2531 Id

992 2544 1280 2583 temperamentum
1298 2538 1361 2570 five
1378 2538 1616 2572 Eurematicum
1633 2540 1681 2571 his
1706 2540 1772 2580 ejus
1791 2549 1865 2572 ver-

991 2578 1038 2610 bis
1057 2582 1250 2626 continetur.
1296 2580 1514 2621 Commodiffime
1537 2587 1651 2621 tamen,
1674 2590 1710 2612 ne
1726 2588 1779 2622 per
1796 2577 1864 2620 fin-

987 2620 1060 2666 gula
1082 2621 1222 2651 animalia
1233 2621 1393 2660 facultatis
1407 2621 1597 2663 frustuarii,
1615 2629 1669 2664 pro
1690 2628 1733 2653 ter
1756 2624 1865 2654 discre-

991 2667 1096 2692 tionem
1112 2660 1274 2702 difficilem,
1292 2664 1345 2705 jus
1361 2665 1499 2696 incertum
1509 2662 1552 2702 fic
1569 2687 1579 2703 ,
1606 2668 1640 2702 su
1677 2666 1716 2695 cii:
1739 2666 1862 2696 eundem

990 2712 1142 2755 numerum
1152 2711 1205 2743 per
1218 2702 1339 2746 singula
1357 2715 1468 2747 quoque
1478 2715 1585 2747 genera
1593 2706 1751 2746 ferarum,
1768 2705 1861 2746 finito

989 2743 1146 2791 usufruCRu
1165 2768 1174 2782 ‚
1205 2746 1316 2777 dommo
1335 2748 1516 2787 proprietatis
1536 2746 1710 2789 adsignare,
1734 2748 1786 2789 qui
1793 2747 1861 2787 fuit:

989 2791 1071 2824 coeptz
1093 2785 1278 2834 ususfruftus
1300 2793 1429 2829 tempore.
1477 2787 1714 2828 Tryphoninus
1745 2785 1860 2829 signifi-

990 2834 1042 2857 cat
1060 2849 1070 2865 ,
1100 2825 1331 2869 fructuarium,
1363 2839 1403 2861 ne
1431 2829 1476 2861 ob
1498 2829 1662 2862 difficilem
1695 2829 1862 2865 discretio-

990 2876 1064 2899 nem
1082 2890 1093 2907 ,
1124 2871 1398 2916 utrum-animalia
1429 2879 1504 2904 ante
1525 2871 1735 2903 constitutum
1759 2869 1862 2901 usum-

989 2906 1128 2955 frustum
1148 2919 1210 2950 jam
1231 2920 1262 2943 in
1281 2912 1406 2944 vivariis
1423 2912 1563 2952 fuerint,
1587 2922 1625 2944 an
1642 2912 1711 2953 post
1730 2911 1861 2944 demum

989 2959 1020 2997 in
1045 2960 1081 2982 ea
1101 2951 1225 2998 illapsa,
1249 2953 1335 2985 ibive
1355 2962 1448 2994 nata,
1470 2953 1591 2986 fuerint
1607 2976 1618 2992 ,
1644 2953 1711 2993 jure
1732 2950 1788 2982 suo
1811 2954 1862 2985 uti

989 2992 1198 3033 impediatur,
1222 2994 1309 3034 poffe
1336 2995 1366 3028 δι
1385 2996 1455 3028 haec
1472 2996 1502 3027 ἀ
1524 2995 1577 3026 illa
1598 2993 1766 3025 occidere:
1789 3002 1861 3026 mo-

990 3034 1033 3064 do
1059 3033 1081 3066 fi
1110 3035 1243 3067 domino
1274 3037 1509 3078 proprietatis,
1539 3035 1632 3066 finito
1666 3032 1828 3067 usufructu
1846 3059 1860 3076 ‚

987 3083 1045 3116 per
1060 3075 1176 3118 singula
1199 3086 1335 3119 quaeque
1352 3077 1489 3110 ferarum
1506 3084 1622 3117 genera
1638 3075 1787 3107 eumdem
1805 3076 1859 3109 ad-

988 3114 1087 3157 fignet
1109 3127 1297 3159 numerum,
1320 3121 1374 3160 qui
1398 3117 1461 3150 fuit
1478 3125 1623 3157 tempore
1646 3118 1747 3158 coepti
1773 3116 1861 3153 usus·

986 3155 1117 3207 fructus.
1163 3159 1266 3204 Quod
1288 3160 1361 3201 sane
1384 3167 1511 3232 aeunuilrzi
1534 3156 1590 3191 est.
1613 3155 1667 3190 sed
1689 3167 1796 3202 neque
1807 3159 1858 3231 11]]-

1378 3208 1381 3210 ·
1530 3208 1548 3231 2
1686 3212 1688 3214 ¹
1820 3208 1855 3232 ο·
