2036 3495
493 78 564 114 Da
610 78 810 114 PAcTIS
851 87 912 114 ΕΤ
952 78 1493 118 TRANsacmoNrnus.
1729 112 1733 117 .
1815 97 1886 130 453

96 167 130 198 ni
146 166 308 207 adjecisse,
331 166 385 201 sed
408 169 436 201 ei
455 170 551 211 magis
568 167 802 216 obligationem
822 178 862 201 ex
878 168 971 208 stipu-

1008 170 1185 211 prohiberis.-
1193 168 1223 209 fi
1236 180 1302 202 vero
1317 180 1367 202 nec
1384 172 1467 204 civiti
1474 195 1483 211 ,
1499 167 1549 203 nec
1563 173 1711 205 honorario
1722 174 1789 215 jure
1804 175 1841 205 act
1857 181 1884 205 te

97 207 165 240 latu
179 209 375 250 adquisivisse
392 211 597 244 existimetur.
614 210 649 242 fit
665 218 726 242 ita:
751 210 890 241 voluerit
907 210 971 242 hoc
1013 212 1154 243 hereditas
1175 213 1237 254 ejus
1258 214 1404 254 pertinet.-
1427 214 1565 260 intelligis
1589 214 1699 246 nuttam
1723 221 1750 246 te
1769 216 1882 262 exejus

98 258 176 282 avus
187 259 356 284 maternus.
372 261 403 283 at
420 254 471 293 qui
485 253 589 293 potuit
600 254 686 291 nepti
703 260 743 283 ex
759 250 842 289 filia,
860 253 891 283 id
906 251 968 290 est,

98 300 257 324 extraneae
278 293 417 334 personae
434 293 595 334 stipulari?
611 293 680 324 haec
698 293 792 333 igitur
810 292 855 324 est
871 294 968 324 altera

97 332 282 367 difficultas:
307 333 358 366 sed
375 343 465 374 putat
481 335 592 366 Paulus
604 357 612 372 ‚
627 333 689 365 ess'e
706 335 843 365 dandum
862 333 965 365 favori

98 376 311 414 matrimonii,
327 376 377 416 qui
397 374 488 407 favor
501 377 652 408 maximus
668 375 731 407 est:
750 383 783 406 ut
799 376 830 406 in
848 384 965 416 propo-

96 416 156 448 fito
178 426 194 447 a
217 418 296 457 Juris
321 417 491 448 subtilitate
515 419 699 455 recedatur3
724 417 751 448 ἃ
775 426 964 457 quamquam

96 460 186 497 nepti
211 468 249 490 ex
273 459 323 489 avi
346 457 548 499 stipulatione
564 458 646 489 nulla
665 466 830 498 competat
848 458 964 490 diretta

96 500 180 531 actio
195 509 234 531 ex
251 499 414 540 stipulatu3
432 501 513 530 utilis
530 508 634 530 tamen
652 500 680 530 ei
700 500 884 540 deneganda
899 509 962 531 non

95 541 151 573 fit:
175 551 214 572 ne
229 542 404 572 commodo
420 542 505 571 detis
525 540 730 572 defraudetur
745 542 866 572 mulier.

136 582 190 614 Est
214 583 308 622 igitur
332 582 395 613 hoc
421 582 504 614 Pauli
524 582 736 622 Responsum,
761 590 795 613 ut
812 583 850 613 ab
867 582 960 614 initio

94 624 178 663 dixi,
194 623 360 655 subnixum
377 624 499 654 ratione
513 625 684 655 admodum
695 623 854 664 singulari:
871 624 959 655 ideo-

91 675 154 706 que
177 675 241 696 non
267 665 454 696 trahendum
473 665 510 696 ad
529 664 799 704 consequentiam.
848 664 898 696 De
918 674 959 696 eo

90 706 221 743 dubit03
242 715 279 736 an
306 705 392 737 fimili
415 705 501 737 fatto
522 708 657 746 aptanda
681 705 738 738 lint
755 705 884 737 obscura
905 705 958 737 Ul·

90 747 172 788 piani
190 748 286 778 verba
303 756 371 787 quae
388 747 531 785 adscripsi
548 757 586 779 ex
605 748 681 787 i.45.
699 748 726 789 §.
740 757 767 778 2.
787 747 828 778 D.
844 750 877 778 (le
893 757 955 778 ver-

91 790 189 819 borum
204 788 431 829 obligationibus.
455 789 487 819 Si
504 791 545 820 ita
561 787 865 829 quisstipuiatusfit‚
890 786 957 828 1³0st

89 835 204 861 mortem
226 839 316 860 ‘mmm
336 829 405 870 filiae
426 839 492 861 meai
507 831 590 861 dari:
612 831 734 868 velita,
758 828 826 868 Post
840 836 957 861 mortem

85 869 157 911 filice
180 880 243 902 meae
265 872 336 902 mibi
356 872 436 902 dari:
459 872 570 902 utiliter
587 874 638 902 erit
647 870 818 912 stipulatus.
833 871 886 911 sed
899 871 956 910 pri-

90 921 133 944 mo
155 914 222 948 casia
246 911 310 948 silice
333 913 413 943 utilis
429 912 502 943 attin
520 915 667 953 corripuit,
691 913 754 943 licet
770 914 846 943 heres
860 913 885 942 ei
899 921 957 942 non

89 951 212 994 existat:
237 953 344 984 Latius
368 962 454 993 patet
472 952 597 994 Ulpiani
623 953 739 986 sermo:
764 953 816 985 sed
840 953 957 990 nolim,

89 1004 161 1026 eum
176 994 300 1026 infinite
315 995 447 1036 intelligi
466 997 505 1027 de
524 997 610 1026 oinni
630 1005 663 1025 re
679 1004 694 1025 a
713 1003 802 1033 patre
818 995 848 1025 in
866 993 957 1034 stipu-

89 1037 241 1069 lationem
253 1036 394 1067 deducta.
416 1046 477 1067 nec
493 1039 590 1075 magis
607 1038 646 1067 de
659 1035 860 1076 stipulatione
877 1045 893 1065 a
907 1043 958 1075 pa-

90 1086 138 1109 tre
155 1077 237 1109 faeta
252 1078 282 1108 in
300 1078 454 1109 bonorem
482 1079 757 1118 qualiumcumque
775 1077 957 1109 liberorum.

89 1127 202 1150 contra
212 1118 375 1158 suadeam,
393 1129 463 1150 eum
474 1120 624 1150 coarctari
640 1119 721 1150 intra
738 1119 847 1149 dotem
864 1126 958 1157 quarn

88 1168 179 1201 pater
197 1162 271 1192 dans
289 1170 346 1201 pro
370 1160 417 1191 sua
434 1159 514 1199 filia,
538 1161 565 1191 ei
585 1159 704 1191 restitui
724 1160 897 1199 stipulatur.
922 1167 958 1188 ea

88 1202 179 1232 causa
190 1203 314 1232 videtur
326 1210 388 1232 non
406 1204 444 1232 de
455 1200 521 1232 filio
536 1201 644 1240 loqui;
661 1200 711 1231 sed
728 1201 767 1232 de
783 1199 854 1231 filia.
879 1198 958 1230 Nul-

85 1243 115 1275 la
134 1250 237 1274 tamen
255 1241 289 1273 fit
305 1243 344 1272 ab
362 1240 498 1282 Ulpiano
516 1242 599 1272 dotis
618 1243 750 1272 mentio.
780 1240 842 1271 Sed
860 1241 902 1272 nil
922 1250 956 1271 0.

87 1292 145 1324 pus
169 1283 248 1315 fuit:
273 1283 324 1314 ubi
345 1292 407 1314 non
427 1291 493 1313 erat
511 1282 694 1322 quaestioni,
719 1291 824 1313 utrum
842 1282 881 1312 de
899 1282 956 1312 do-

89 1333 143 1363 te,
167 1334 205 1355 an
224 1325 263 1355 de
281 1334 314 1355 re
336 1325 393 1354 alia
412 1324 484 1355 fiiiae
503 1323 560 1354 suae
584 1323 720 1362 stipulari
740 1323 832 1363 poffit
849 1331 956 1363 pater:

89 1365 143 1396 sed
167 1375 205 1396 an
232 1373 321 1405 pater
341 1365 433 1405 poffit
452 1365 611 1404 stipulari,
635 1364 704 1395 siliae
722 1364 781 1395 suae
804 1365 869 1395 dari
889 1363 958 1401 post

87 1415 225 1438 mortem
242 1406 343 1444 suam,
366 1415 430 1445 quo
449 1406 520 1437 casu
538 1416 565 1437 ei
586 1406 721 1445 stipulari
740 1404 862 1444 potest,
879 1406 908 1437 ἃ
927 1408 958 1436 in

89 1449 167 1478 dote
185 1447 349 1487 placuisse,
367 1455 432 1478 tum
451 1455 517 1478 erat
533 1455 656 1478 notum.
683 1446 752 1478 Esse
769 1455 874 1477 autem
893 1447 958 1477 hoc

89 1487 217 1530 Ulpiani
236 1489 415 1527 consilium,
438 1498 552 1529 praeter
567 1488 745 1528 superiora,
768 1489 863 1521 etiam
880 1488 958 1519 indi-

90 1532 143 1561 cio
163 1530 207 1561 est
225 1531 321 1561 totius
340 1539 432 1561 tenor
448 1529 775 1570 capitistcxplrcantis
788 1529 959 1561 formulam

86 1571 296 1612 stipulationis
309 1570 456 1602 facientis
466 1573 664 1603 mentionem
677 1571 799 1601 mortis.
822 1570 874 1602 Sic
884 1579 960 1601 con-

85 1613 180 1654 jicio:
197 1612 218 1643 si
236 1622 330 1650 vere,
346 1621 380 1642 ut
396 1620 495 1651 put03
512 1612 572 1643 erit
588 1613 728 1652 optimus
745 1611 873 1652 Ulpiani
891 1611 956 1643 sen-

88 1653 154 1692 sus,
173 1654 201 1685 ἃ
218 1653 429 1694 superioribus
446 1652 515 1684 satis
532 1655 747 1685 conveniens:
766 1654 852 1694 quod
868 1662 958 1693 pater

89 1695 200 1726 dotem
219 1696 293 1726 dans
309 1703 367 1734 pro
386 1694 468 1732 filia,
492 1693 596 1734 potest
618 1694 774 1734 stipulari,
799 1703 867 1725 eam
885 1693 957 1725 filice

89 1735 149 1767 suoe
169 1735 385 1776 postmortem
403 1734 484 1766 suam
501 1736 609 1774 reddi3
625 1745 666 1766 ex
683 1744 783 1775 eaque
800 1743 865 1766 tum
884 1735 957 1766 filiae

90 1777 248 1817 competit
272 1777 355 1808 utilis
377 1786 418 1808 ex
433 1777 579 1818 stipulatu
597 1777 698 1809 aftio:
723 1778 799 1808 licet
824 1786 860 1808 ea
877 1777 957 1818 patri

88 1827 156 1850 non
174 1817 284 1849 existat
302 1817 402 1851 heres.

133 1861 239 1900 Atque
261 1859 330 1890 haec
353 1859 521 1891 obtinuere
552 1865 663 1890 vetere
686 1859 759 1900 Jure
782 1860 869 1899 quod
897 1859 958 1891 fuit

87 1899 176 1933 Pauli
197 1909 353 1939 tempore.
382 1910 469 1932 novo
488 1900 571 1932 enim
588 1900 670 1932 aliud
686 1901 814 1940 placuit.
839 1900 903 1932 hoc
923 1909 957 1932 ut

88 1942 181 1973 ausim
197 1942 271 1973 mibi
284 1941 468 1982 persuadere
479 1966 488 1979 ‚
504 1942 640 1972 inducor
653 1941 840 1973 auetoritate
854 1942 954 1982 lmpp.

85 1983 285 2015 Diocletiani
303 1983 332 2013 δε
349 1982 534 2014 Maximiani
550 1983 569 2012 i.
581 1992 609 2022 7.
627 1982 659 2014 C.
679 1984 711 2013 de
724 1982 818 2023 patris
836 1993 956 2014 conven-

87 2027 124 2056 tis
141 2024 263 2056 cuidam
282 2023 406 2055 Phileto
418 2025 458 2055 ita
478 2023 734 2056 rescribentium:
754 2024 840 2055 Pater
852 2031 904 2065 pro
914 2024 953 2063 ft-

86 2066 127 2098 lia
149 2067 239 2097 dotem
256 2067 354 2096 datam
375 2074 496 2106 genero:
517 2074 550 2096 ea
562 2066 646 2103 prius
662 2068 694 2096 in
712 2067 891 2096 matrimonio
907 2069 952 2096 cie-

80 2106 210 2146 funfta,
234 2107 381 2146 nepotibus
398 2106 502 2147 patius
518 2105 649 2146 restitui.-
673 2106 737 2136 licet
754 2106 798 2137 his
815 2106 954 2138 astionem

86 2157 207 2188 querere
225 2157 280 2178 non
293 2149 389 2187 potuit
400 2170 409 2186 ‚
432 2155 527 2179 tamen
544 2147 623 2178 utilis
639 2148 677 2178 eis
700 2157 736 2178 ex
752 2149 886 2188 (equitate
909 2158 954 2178 ac·

87 2189 305 2219 commutabitur
321 2188 402 2219 aeto.
447 2188 576 2229 Species
592 2190 660 2219 haec
675 2189 730 2220 est.
774 2189 866 2221 Pater
881 2198 955 2221 cum

85 2238 206 2270 genero
225 2231 332 2261 dotem
349 2231 401 2260 dat
416 2239 474 2270 pro
490 2228 572 2268 filia;
594 2230 625 2261 in
644 2230 813 2262 traditione
828 2230 954 2270 pacisci-

88 2278 155 2308 tur,
172 2271 282 2302 dotem
299 2269 414 2302 restitui
434 2271 605 2311 nepotibus
622 2280 663 2302 ex
679 2271 758 2302 filia:
774 2281 809 2302 ea
826 2272 910 2312 prius
923 2272 954 2303 in

89 2312 292 2343 matrimonio
309 2320 443 2343 mortua.
461 2312 566 2343 extitit
582 2311 738 2343 conditio.
762 2311 868 2353 Rogat
885 2313 954 2344 Phi-

87 2352 167 2384 letus
180 2352 390 2393 Imperatores
407 2362 463 2393 per
479 2352 654 2384 Libellum:
670 2362 708 2384 an
726 2353 898 2394 nepotibus
914 2363 955 2385 ex

86 2394 234 2432 paftione
257 2395 307 2424 avi
331 2395 464 2425 materni
489 2392 613 2434 quaesita
630 2394 824 2435 intelligatur
847 2395 954 2427 actio?

87 2433 272 2466 Rescribunt
290 2434 499 2475 Imperatores
510 2459 519 2472 ,
537 2436 620 2466 aliud
639 2436 743 2477 regula
757 2435 836 2475 Juris
852 2437 954 2476 place-

88 2483 139 2513 re,
156 2476 238 2507 aliud
254 2478 411 2516 aequitate.
436 2485 588 2516 quantum
601 2478 683 2508 enim
699 2478 737 2508 ad
752 2478 890 2518 regulam
906 2478 956 2517 Ju-

89 2516 130 2560 ris
146 2517 275 2555 attinet,
288 2527 350 2548 non
369 2517 502 2557 potuisse
520 2520 563 2549 eis
579 2518 618 2548 ab
635 2528 696 2548 avo
712 2527 857 2550 materno
870 2528 952 2559 qua:-

93 2563 120 2600 ¹¹.
133 2556 278 2589 direti-ain
293 2558 467 2590 aaronem:
485 2560 557 2599 quia
567 2569 627 2589 avo
637 2558 705 2590 sunt
721 2561 884 2592 extranei:
901 2558 953 2591 sed

89 2595 292 2629 nihilominus
303 2609 341 2629 ex
352 2602 498 2638 aequitate
509 2601 566 2631 illis
579 2601 815 2632 accommodari
833 2601 952 2632 utilem.

93 2636 214 2675 quaes0‚
237 2648 291 2670 cur
308 2640 375 2671 ita?
398 2641 541 2672 nimirum
553 2665 562 2679 ,
580 2642 728 2681 quiajam
745 2642 903 2680 obtinuit,
923 2651 952 2672 a·

94 2677 230 2723 ctionem
251 2681 337 2710 alteri
356 2690 410 2719 per
429 2683 559 2713 alterum
577 2683 710 2721 adquiri.
739 2685 867 2723 quoties
885 2683 955 2722 quis

92 2719 184 2749 alicui
204 2721 295 2749 tradit
311 2721 446 2760 aliquid;
469 2722 498 2753 ὅ(
515 2723 700 2762 paciscitur,
722 2725 753 2755 id
777 2723 895 2755 restitui
912 2724 953 2754 al-

94 2760 163 2790 teri.
188 2758 229 2790 sic
244 2761 327 2791 enim
343 2762 459 2801 aliquid
475 2764 527 2794 dat
542 2773 605 2794 non
623 2764 824 2804 simpliciter,
842 2764 893 2795 sed
911 2764 954 2795 ob

92 2799 233 2831 causam:
251 2810 311 2837 qua
327 2811 389 2832 non
409 2803 554 2843 impleta,
573 2805 707 2845 adquirit
723 2806 776 2837 sibi
795 2806 953 2837 aaronem

91 2841 242 2873 arretium
262 2842 330 2881 jure
355 2841 476 2881 stiram
499 2845 606 2875 utilem
633 2856 710 2877 vero
739 2857 778 2878 ex
803 2847 953 2887 aequitate

92 2883 143 2914 cui
159 2882 278 2913 restitui
295 2883 407 2914 voluit.
451 2883 522 2915 Huc
539 2884 643 2917 ferunt
660 2887 688 2918 sc
705 2888 799 2919 iidem
820 2888 953 2928 Impera-

92 2931 179 2955 tores
197 2924 215 2954 ί.
232 2930 299 2964 pen.
321 2924 353 2954 C.
376 2925 424 2955 Ad
438 2926 625 2956 exhibendum
640 2936 710 2967 quae
726 2928 770 2960 est
786 2930 857 2960 anni
876 2938 951 2967 293:

92 2974 166 2996 cum
189 2966 217 2995 d.
240 2966 259 2996 l.
279 2976 306 3005 7.
333 2965 368 2996 sit
385 2967 456 2996 anni
474 2975 540 3004 294.
568 2967 661 2998 verba
678 2977 782 3000 autem
805 2972 831 3000 d.
852 2971 870 3001 l.
887 2977 952 3009 petz.

90 3006 164 3036 talia
182 3005 262 3037 sunt.
288 3007 320 3037 Si
328 3013 443 3037 restitas
459 3009 643 3038 commodavit
659 3015 710 3039 (cztt
727 3011 848 3050 deposuit
864 3011 888 3040 is
905 3021 954 3040 cu-

86 3047 139 3089 jus
155 3049 185 3077 in
199 3049 328 3087 precibus
348 3049 516 3087 meministi,
538 3050 625 3079 adver
639 3060 672 3080 us
689 3057 826 3082 tenentem
843 3054 880 3082 (td
906 3060 954 3082 ex-

93 3089 243 3119 hibendum
265 3090 310 3119 vel
334 3091 527 3119 vindicatione
549 3091 593 3119 uti
613 3097 698 3129 potes.
729 3090 955 3132 quodfipactus

85 3128 144 3167 fit,
166 3136 197 3159 ut
214 3131 265 3160 tibi
288 3129 495 3165 restituamur:
513 3129 543 3168 fi
563 3132 674 3171 quictem
692 3134 716 3162 εἰ
735 3135 785 3172 qztt'
811 3134 955 3173 deposuit,

81 3168 238 3210 Jztcceffifii
251 3172 319 3213 jure
338 3173 505 3203 hereditario
521 3195 531 3211 ,
562 3172 675 3212 depositi
701 3173 810 3206 aesone
830 3177 876 3207 uti
898 3185 954 3208 non

1005 253 1109 293 patio,
1134 261 1233 286 contra
1255 264 1338 296 quem
1346 255 1512 296 supplicas,
1537 255 1674 288 amonem
1691 254 1794 297 stricto
1813 267 1884 298 Jitre

1011 295 1133 326 babere:
1156 295 1235 326 utilis
1252 302 1348 327 autem
1364 299 1415 327 tibi
1435 304 1551 338 propter
1574 299 1719 339 requitatis
1742 300 1881 329 rationem

1011 337 1128 366 dabitur
1142 336 1258 377 depofiti
1274 337 1357 369 attio.
1389 337 1496 370 Titius
1512 348 1562 370 res
1581 347 1649 370 tuas
1668 341 1832 380 deponens
1848 349 1880 370 a·

1008 377 1073 417 pud
1093 378 1215 418 sejam,
1241 379 1348 418 pastus
1367 379 1433 419 est3
1458 388 1491 410 ut
1513 390 1556 411 cae
1576 389 1625 411 res
1643 380 1698 411 tibi
1718 379 1880 412 restituan-

1018 425 1077 449 tur.
1104 420 1273 458 quaeritur,
1299 429 1335 451 an
1359 421 1415 451 tibi
1435 430 1474 452 ex
1492 430 1527 452 en
1545 422 1692 461 pactione
1716 430 1881 463 competat

1007 459 1140 499 depositi
1152 460 1260 493 attio?
1278 462 1452 493 rescribunt
1469 461 1702 501 Imperatores,
1719 463 1774 494 tibi
1792 472 1880 495 com-

1005 509 1134 541 petere3
1161 501 1181 533 fi
1205 502 1233 533 ei
1253 503 1320 542 jure
1338 502 1531 534 hereditario
1557 503 1737 535 successisti:
1765 513 1879 544 reprae-

1004 541 1128 575 sentans
1146 552 1217 574 eum
1235 545 1321 584 qu'us
1332 552 1399 574 erat
1415 553 1452 575 ea
1469 544 1560 575 atrio.
1577 553 1609 575 at
1624 544 1644 575 si
1664 545 1820 576 hereditas
1837 546 1877 576 ad

1005 591 1036 614 te
1054 593 1117 615 non
1144 586 1317 624 pertineat:
1343 585 1459 616 nullam
1484 586 1540 616 tibi
1563 595 1603 616 ex
1626 588 1719 626 patto
1742 587 1807 626 tjus
1825 587 1876 617 cui

1003 633 1172 657 extraneus
1186 635 1238 665 es,
1256 627 1413 657 actionem
1431 633 1628 667 competere.
1654 626 1695 658 sic
1711 637 1751 658 ex
1768 627 1875 660 stricto

1001 665 1094 704 Jure:
1112 668 1141 698 id
1158 667 1218 705 est,
1235 677 1275 699 ex
1294 668 1409 708 regulis
1427 667 1517 706 juris.
1541 677 1650 698 verum
1669 678 1709 698 ex
1726 669 1875 707 aequitate

1001 707 1168 746 placuisse3
1192 717 1225 739 ut
1241 709 1316 740 licet
1335 708 1450 740 directa
1473 708 1609 748 depositi
1625 708 1705 739 assio
1723 708 1819 740 cesset
1837 719 1874 740 ea

1001 749 1031 778 in
1051 748 1174 788 specie3
1198 751 1279 780 utilis
1298 750 1483 791 deneganda
1508 751 1565 781 tibi
1585 759 1648 781 non
1666 749 1712 781 sit.
1758 750 1876 781 Reces-

1001 789 1064 820 sum
1083 791 1177 830 igitur
1193 791 1382 830 generaliter
1399 792 1501 824 hocin
1520 790 1589 822 casu
1605 791 1650 822 est
1665 801 1681 821 a
1697 800 1806 822 vetere
1822 792 1875 830 Ju-

1000 840 1054 861 re:
1070 839 1128 861 nec
1139 839 1243 861 tamen
1260 831 1474 871 disputatione
1485 832 1804 872 Jurisconl‘ultorum,
1822 833 1875 864 sed

1000 871 1183 910 Principum
1201 871 1508 906 Constitutionibus:
1529 882 1562 905 ut
1575 875 1636 914 jam
1652 883 1736 905 anno
1753 883 1823 910 290.
1841 874 1876 904 ii-

1000 912 1072 943 dem
1090 911 1241 943 testantur
1255 912 1355 952 impp.
1381 912 1643 946 Diocletianus&
1660 915 1875 947 Maximianus

1000 953 1019 984 l.
1043 963 1072 993 3.
1096 953 1128 983 C.
1153 955 1187 983 cte
1213 955 1414 984 donationibus
1430 965 1491 995 qctae
1512 958 1564 991 sub
1580 958 1677 995 morlo,
1703 957 1806 988 verbis
1833 957 1876 986 se-

1002 994 1182 1034 quentibus.
1227 994 1369 1036 Quotiens
1387 996 1501 1026 (lauatio
1516 998 1559 1028 ita
1576 997 1744 1036 conjicitur,
1767 1004 1799 1034 tit
1811 996 1875 1039 posb

1001 1042 1129 1076 tempus,
1152 1036 1183 1066 id
1197 1037 1272 1075 quod
1288 1037 1425 1066 donatum
1443 1036 1501 1075 est,
1519 1039 1572 1068 alii
1587 1037 1773 1077 restituatur:
1796 1045 1875 1070 vete-

1001 1078 1041 1107 ris
1052 1077 1131 1118 juris
1148 1076 1317 1107 auctoritate
1332 1078 1499 1117 rescriptum
1514 1077 1570 1119 est,
1587 1079 1616 1116 Jt'
1632 1083 1654 1110 is
1668 1082 1698 1110 in
1714 1090 1797 1121 quem
1811 1080 1879 1111 libe·

1002 1119 1129 1149 rczlitatis
1144 1119 1337 1157 compendium
1352 1120 1566 1158 conserebatur,
1575 1119 1732 1160 stipulatus
1746 1132 1802 1152 non
1812 1121 1854 1159 fit
1864 1144 1875 1160 ,

997 1160 1100 1200 placiti
1110 1158 1170 1197 fide
1186 1168 1241 1190 iton
1259 1159 1389 1198 impleta,
1417 1161 1442 1189 ei
1454 1162 1504 1200 qui
1520 1161 1698 1192 libaratitazis
1708 1162 1808 1193 (tucior
1820 1164 1876 1202 fit-

1001 1201 1043 1238 it,
1065 1200 1111 1230 vel
1138 1200 1283 1230 heredibus
1306 1200 1367 1241 ejus
1384 1201 1554 1232 cottdztiitiae
1569 1202 1687 1232 aetionis
1706 1204 1874 1242 persecutio-

999 1251 1063 1272 nem
1078 1247 1239 1281 competere.
1265 1241 1319 1272 Sed
1336 1240 1502 1281 cumposten
1519 1244 1634 1283 benigni
1647 1244 1723 1284 juris
1738 1246 1876 1285 interpre-

999 1283 1107 1314 tatione
1131 1284 1194 1313 divi
1217 1282 1367 1322 Principes
1383 1285 1407 1313 ei
1427 1281 1647 1324 qztisiipulatits
1666 1284 1791 1322 nonsit,
1817 1287 1875 1316 uti-

999 1324 1050 1355 lem
1060 1323 1195 1354 astionem
1205 1324 1297 1362 juxta
1308 1327 1452 1355 (lanutoris
1469 1326 1647 1356 voluntatem
1658 1332 1809 1365 coiizpetfre
1823 1327 1875 1357 aci-

1001 1365 1146 1403 miserint:
1169 1364 1242 1396 attio
1258 1366 1423 1406 qzzaeJorori
1439 1371 1513 1404 tuce,
1530 1365 1559 1403 fi
1580 1369 1611 1397 in
1632 1368 1713 1397 rebzts
1738 1368 1874 1398 burnonis

1001 1410 1114 1448 ageret,
1135 1409 1322 1446 competebat,
1339 1408 1389 1437 tibi
1405 1409 1671 1439 accommodabitur.
1690 1408 1819 1448 Species
1837 1408 1878 1439 sie

1003 1447 1216 1487 confingenda
1233 1447 1287 1478 cst.
1319 1446 1416 1488 Gajus
1434 1448 1569 1488 aliquam
1585 1459 1649 1480 rem
1667 1450 1800 1480 donavit
1817 1449 1878 1481 Ti·

1003 1490 1049 1520 tio
1066 1489 1145 1520 intra
1164 1490 1433 1528 quinquennium:
1450 1489 1519 1529 post
1536 1491 1786 1530 quinquennium
1803 1500 1874 1522 eam

1003 1530 1136 1561 donavit
1153 1529 1358 1570 Semproniae.
1376 1530 1498 1560 idcirco
1514 1531 1621 1571 pastus
1639 1531 1702 1569 est,
1727 1541 1876 1563 eamrem

1003 1571 1199 1612 Semproniae
1217 1595 1227 1609 ‚
1258 1570 1376 1602 restitui
1406 1570 1476 1610 post
1506 1572 1771 1612 quinquennium.
1817 1571 1876 1604 Ti-

1002 1614 1064 1644 tius
1090 1621 1156 1643 rem
1181 1613 1330 1643 donatam
1353 1612 1550 1652 Semproniae
1568 1635 1577 1651 ,
1601 1613 1750 1652 quamdiu
1774 1613 1875 1653 vixit,

1001 1664 1066 1685 non
1091 1654 1243 1692 restituit3
1267 1662 1371 1693 neque
1395 1655 1493 1694 magis
1512 1654 1676 1685 Marcellae
1695 1654 1760 1694 ejus
1777 1654 1877 1686 sorori

1002 1696 1032 1727 <St
1051 1695 1180 1732 heredi,
1204 1694 1274 1736 post
1289 1695 1354 1734 ejus
1369 1703 1519 1727 mortem.
1545 1697 1658 1736 quaerit
1674 1695 1770 1736 igitur
1785 1695 1873 1728 Mar-

1001 1737 1082 1768 cella
1097 1737 1136 1768 ab
1154 1736 1421 1776 Imperatoribus:
1446 1737 1495 1767 cui
1510 1737 1558 1776 jus
1570 1737 1624 1775 sit,
1646 1736 1878 1778 rem-Sempro-

1000 1779 1058 1810 niae
1076 1779 1225 1809 donatam
1241 1787 1256 1808 a
1274 1776 1367 1808 Titio
1385 1785 1496 1817 petere
1520 1787 1560 1809 ex
1576 1779 1646 1819 lege
1664 1778 1876 1811 donationis?

1000 1820 1085 1860 ajunt
1102 1819 1332 1858 Imperatores,
1347 1818 1399 1858 Jus
1411 1826 1504 1851 vetus
1521 1818 1647 1851 differre
1665 1829 1682 1850 a
1697 1829 1805 1852 novo:
1821 1830 1877 1851 ve-

1001 1869 1069 1891 tere
1087 1860 1173 1891 enim
1190 1860 1263 1899 jure
1279 1860 1428 1891 donatori
1446 1861 1576 1901 ejusque
1596 1861 1705 1892 heredi
1725 1860 1874 1893 adversus

1000 1900 1125 1933 Titium
1143 1908 1330 1942 competere
1348 1902 1585 1933 condr’ffionem
1604 1912 1645 1933 ex
1663 1901 1828 1942 stipulatu:
1853 1903 1876 1935 fi

999 1942 1159 1983 stipulatio
1176 1943 1400 1974 intervenerit:
1422 1943 1564 1984 alioquin
1582 1943 1823 1975 condictionem
1840 1943 1875 1975 si-

998 1994 1038 2015 ne
1056 1984 1164 2022 causa,
1180 1985 1230 2016 vel
1248 1984 1486 2015 condictionem
1509 1984 1551 2015 ob
1569 1983 1689 2016 causam
1708 1985 1770 2016 dati
1786 1984 1876 2016 causa

998 2035 1062 2056 non
1087 2024 1234 2066 sequuta,
1258 2026 1308 2056 vel
1333 2024 1521 2064 praescriptis
1547 2026 1663 2057 verbis.
1696 2026 1771 2066 quid
1789 2027 1874 2058 enim

997 2066 1140 2105 obstare,
1164 2076 1228 2106 quo
1246 2067 1366 2103 minus,
1391 2065 1496 2106 elapso
1513 2067 1750 2108 quinquenni0‚
1773 2067 1838 2108 ipse
1857 2077 1874 2099 a

997 2107 1091 2139 Titio
1112 2116 1234 2148 repetat
1245 2107 1332 2147 quod
1343 2107 1370 2137 ei
1388 2107 1519 2138 donavit
1535 2117 1598 2139 non
1616 2109 1646 2139 in
1658 2116 1849 2148 perpetuum
1860 2131 1872 2147 ,

997 2148 1050 2180 sed
1061 2150 1224 2180 dumtaxat
1240 2149 1320 2179 intra
1331 2148 1592 2189 quinquennium.
1610 2148 1652 2180 sic
1668 2150 1697 2181 in
1714 2151 1873 2181 donatore

997 2191 1128 2230 ejusque
1147 2189 1265 2220 herede
1284 2190 1395 2220 videri.
1419 2190 1503 2221 aliud
1524 2190 1555 2221 in
1570 2190 1777 2231 Sempronia,
1793 2191 1874 2231 ejus-

997 2241 1060 2270 que
1086 2231 1202 2261 herede
1224 2231 1272 2270 jus
1297 2229 1369 2261 ess‘e.
1400 2240 1463 2262 non
1489 2232 1574 2263 enirn
1598 2232 1682 2263 inter
1699 2231 1823 2263 Titium
1842 2233 1872 2263 dt

997 2272 1216 2311 Semproniam
1236 2270 1436 2302 intervenisse
1459 2272 1624 2304 tractatum
1643 2273 1695 2311 qui
1714 2274 1797 2304 inter
1817 2274 1874 2305 do-

996 2322 1141 2344 natorem
1158 2313 1187 2343 &
1203 2311 1325 2344 Titium
1342 2313 1524 2345 intervenit.
1551 2314 1686 2354 potuiffe
1703 2323 1800 2353 porro
1816 2316 1873 2345 do-

997 2361 1142 2385 natorem
1165 2353 1218 2385 fibi
1237 2363 1370 2393 cavete3
1394 2354 1483 2385 alteri
1500 2364 1616 2385 cavere
1641 2364 1704 2386 non
1724 2355 1871 2396 potuisse.

997 2395 1062 2426 hoc
1086 2395 1196 2426 vetere
1220 2394 1303 2435 Jure.
1335 2404 1367 2426 at
1384 2405 1473 2426 novo
1492 2404 1602 2426 contra
1621 2395 1702 2428 else:
1726 2405 1795 2428 narn
1815 2397 1871 2428 etsi

999 2436 1161 2467 donatoris
1172 2436 1348 2467 conventio
1359 2446 1422 2467 non
1436 2437 1536 2467 valeat
1550 2437 1720 2476 haerena„
1738 2447 1771 2468 ut
1783 2438 1871 2469 Mar-

998 2477 1088 2507 cellae
1107 2500 1116 2514 ,
1147 2485 1306 2516 tamquam
1333 2477 1440 2508 heredi
1466 2477 1661 2518 Semproniae
1680 2501 1689 2516 ,
1722 2479 1871 2511 adversus

998 2517 1123 2549 Titium
1137 2518 1255 2549 directa
1273 2519 1455 2558 adquiratur
1472 2518 1574 2558 asti03
1594 2520 1645 2550 ubi
1665 2528 1768 2551 tamen
1785 2530 1822 2552 ea
1839 2531 1868 2551 a·

998 2559 1061 2590 ctio
1078 2559 1220 2590 constitit
1237 2560 1267 2590 in
1285 2558 1418 2599 persona
1439 2560 1622 2600 donatoris,
1647 2561 1794 2601 placuisse
1813 2561 1870 2594 Di-

999 2601 1044 2631 vis
1062 2600 1279 2640 Principibus,
1296 2600 1520 2640 benignajuris
1537 2602 1820 2643 interpretatione,
1838 2614 1870 2634 a·

997 2641 1138 2672 &tionem
1163 2642 1270 2673 utilem
1291 2664 1299 2680 ‚
1320 2643 1409 2681 juxta
1432 2643 1496 2682 ejus
1520 2644 1739 2683 voluntatem,
1763 2644 1801 2675 ab
1828 2655 1869 2676 eo

1000 2682 1161 2715 transferri
1177 2684 1207 2713 in
1225 2683 1462 2723 Semproniam,
1478 2683 1604 2724 eiusque
1620 2684 1783 2717 heredem.
1806 2686 1869 2717 Sed

998 2732 1146 2763 apparet,
1157 2733 1305 2763 peraeque
1322 2724 1352 2755 in
1365 2724 1512 2756 omnibus
1525 2725 1736 2766 superioribus
1748 2727 1866 2759 casibus

998 2765 1081 2795 aliud
1096 2773 1205 2795 vetere
1216 2788 1224 2803 ‚
1241 2765 1324 2796 aliud
1336 2765 1504 2805 novoJure
1520 2767 1698 2799 obtinuisse.
1723 2769 1793 2807 quia
1811 2777 1866 2798 vo-

998 2805 1106 2836 lebant
1130 2805 1264 2837 Veteres
1281 2829 1291 2844 ,
1317 2816 1524 2848 quaecumque
1547 2809 1704 2849 gerimus,
1729 2817 1800 2839 cum
1827 2817 1866 2839 ex

997 2845 1104 2877 nostro
1118 2847 1282 2878 contractu
1300 2848 1452 2888 originem
1470 2849 1616 2888 trahunt,
1635 2850 1687 2881 nisi
1706 2859 1744 2879 ex
1762 2848 1867 2880 nostra

996 2887 1128 2927 persona
1150 2887 1273 2920 sumant
1297 2889 1499 2930 obligationis
1522 2891 1666 2928 initium,
1691 2891 1815 2920 inanem
1835 2899 1867 2920 a·

998 2929 1080 2959 stum
1099 2928 1236 2961 nostrum
1254 2929 1379 2962 efficere
1390 2931 1409 2961 l.
1426 2940 1472 2963 11.
1492 2932 1531 2962 D.
1550 2934 1582 2962 de
1595 2931 1810 2971 obligationibus
1828 2930 1867 2966 ὅ)

996 2969 1164 3002 actionibus.
1179 2980 1269 3002 novae
1288 2978 1392 3003 autem
1409 2973 1679 3012 interpretationis
1697 2970 1765 3000 haec
1780 2972 1867 3003 vide-

998 3019 1048 3041 tur
1063 3013 1162 3049 ratio,
1179 3013 1264 3052 quod
1279 3012 1361 3044 attio
1379 3014 1464 3045 utilis
1476 3014 1563 3044 alteri
1580 3021 1644 3042 non
1656 3011 1796 3050 directo,
1813 3012 1864 3045 sed

997 3060 1053 3092 per
1071 3053 1328 3093 consequentiam
1347 3055 1528 3094 adquiritur.
1559 3053 1587 3083 &
1604 3053 1645 3083 ita
1662 3051 1723 3082 est:
1749 3054 1801 3091 qui
1821 3055 1868 3085 di-

997 3093 1040 3124 cit
1054 3094 1152 3135 legem
1169 3095 1350 3126 restituendi
1362 3119 1371 3133 ‚
1388 3098 1412 3126 is
1422 3095 1578 3125 at'tionem
1595 3094 1729 3133 primum
1746 3093 1798 3125 sibi
1811 3096 1865 3126 ad-

996 3135 1108 3173 quirit:
1132 3137 1247 3168 deinde
1266 3137 1451 3177 pacilcitnr‚
1467 3135 1554 3165 alteri
1572 3134 1700 3165 restitui.
1724 3135 1818 3177 igitur
1833 3146 1864 3167 a-

997 3176 1133 3210 stionem
1156 3187 1220 3210 non
1239 3178 1360 3211 direeto
1383 3176 1495 3217 quaerit
1517 3176 1545 3206 ei
1562 3176 1614 3207 cui
1637 3177 1703 3209 vult
1725 3177 1867 3209 restitui:

1813 3218 1865 3249 scd
