2036 3495
144 117 210 143 102
557 100 589 135 G
622 109 641 133 z
674 109 696 132 R
729 108 747 131 A
781 107 802 130 R
834 105 858 128 D
893 104 906 128 1

142 206 226 228 nova
240 193 319 236 quasi
330 202 369 224 ex
386 195 493 222 mente
510 187 677 222 Praetoris;
693 192 765 214 cum
777 191 839 213 non
851 180 949 211 suerit
965 189 1018 225 ve-

145 247 206 270 tus.
224 240 252 268 o‘c
271 235 374 266 recte:
394 231 469 268 quid
486 229 571 259 enim
591 225 739 261 interest,
760 231 864 253 utrum
880 221 1019 251 absentia

143 277 326 319 reipublicae
338 271 477 304 cauiaiiii
496 267 657 299 abstulerit
672 266 831 296 astionem
844 272 912 303 quae
928 270 1014 299 erat3

143 330 183 350 an
200 314 421 357 impediverit,
445 320 484 341 ne
503 309 644 341 nascatur
662 316 763 338 nova:
788 314 850 336 uti-o
871 304 1015 335 Praetoris

142 357 326 400 propofico,
349 364 389 386 ne
406 352 480 394 quid
499 351 604 382 damni
623 349 736 380 habeat
752 346 872 377 absens.

184 398 333 430 Restituit
350 396 444 434 igitur
464 392 584 424 Praetor
603 392 631 422 ei
651 390 704 429 qui
722 398 786 420 non
808 386 960 426 possidet,
984 395 1014 416 a·

146 442 296 472 Ctionem.
346 434 393 467 lin
419 435 448 467 δι
467 435 495 465 ei
511 433 562 474 qui
582 432 735 471 posfidet,
759 426 1015 469 exceptionem?

143 491 174 513 at
197 482 237 512 de
262 489 298 511 ea
315 478 391 509 niliil
410 476 509 507 edixit
533 474 662 505 Praetor.
686 480 809 503 tantuin
824 470 968 501 meminit
984 477 1014 498 a·

144 522 266 554 Ctionis.
298 521 338 552 iic
352 520 436 550 enim
456 517 617 556 loquitur,
640 514 753 545 Earum
768 521 865 543 rerum
879 509 1017 541 actionem

142 563 299 602 restituam.
316 561 444 593 Interim
462 558 515 589 sub
533 557 658 588 actione
674 555 753 595 iaepe
768 553 1017 596 contineturex·

144 613 273 645 ccptioz
298 604 328 635 &
351 604 401 633 cui
419 602 527 632 damus
549 598 706 629 actionem
720 619 729 635 ,
754 596 782 625 ei
798 595 900 625 multo
921 600 1016 631 magis

143 648 253 678 damus
272 645 501 683 exceptionem
519 642 538 671 l.
560 643 626 683 156.
645 638 672 679 §.
700 646 723 669 i.
747 636 785 682 D3
803 637 834 666 de
851 643 910 674 reg.
926 633 1015 673 juris.

142 690 173 720 id
191 690 220 718 in
243 686 406 727 propoiito
423 682 510 720 fieri,
535 682 682 712 observat
710 677 899 721 Ulpianusbt.
919 679 966 720 ²8:
985 673 1015 714 §.

143 741 172 770 5.
189 730 216 760 h.
235 735 255 761 t.
277 728 395 768 species
413 725 482 756 talis
500 723 554 754 est.
579 721 659 752 Cum
678 718 814 751 abessem
832 716 1016 760 reipublicae

143 770 252 806 causa,
278 779 310 799 tu
333 765 496 806 usucepisti
515 763 649 795 fundum
669 770 783 793 meum.
811 758 951 803 reveriua
972 766 1020 803 re-

144 813 214 852 cepi
240 809 459 851 possessionem
483 806 545 837 sine
568 806 666 840 vitio,
690 813 723 834 ut
754 800 858 841 potest
882 798 948 845 fieri
969 807 1015 838 Ju-

144 854 187 885 sta
212 863 251 884 ex
278 850 375 883 causa.
398 858 431 880 tu
457 857 529 879 eum
555 847 694 877 vindicas
714 845 781 884 jure
805 842 946 874 domimi.
979 849 1017 870 an

144 895 268 936 polium
293 903 324 924 te
342 900 509 923 removere
528 888 742 926 exceptione,
767 883 866 914 Extra
887 879 1018 926 quamvii

145 946 217 967 euni
245 932 429 974 usucepisti,
452 940 525 962 cum
551 928 687 960 abessem
711 925 894 966 reipublicae
920 924 1020 954 caula.

146 977 318 1009 Dubitatio
337 974 401 1012 est,
426 973 513 1015 quod
532 971 652 1002 Praetor
677 968 753 1000 nihil
773 968 853 998 dixit
870 967 910 996 de
929 973 1022 995 exce·

145 1028 267 1059 ptione.
313 1017 366 1047 Ait
384 1023 489 1046 tamen
510 1013 680 1053 Ulpianus,
705 1010 793 1049 quod
809 1006 959 1053 exemplo
978 1014 1022 1050 re-

143 1060 288 1092 i'cisibriae
312 1057 445 1090 actionis
469 1055 565 1087 etiam
583 1052 659 1084 mihi
678 1058 836 1091 competit
858 1055 1021 1087 exceptio.

140 1103 173 1134 id
189 1110 266 1132 vero
284 1098 455 1141 significat,
472 1096 560 1137 quod
576 1104 612 1126 ea
628 1094 783 1134 exceptio
799 1090 875 1135 milii
893 1091 1021 1134 demum

140 1144 299 1183 competit
317 1165 326 1180 ,
359 1142 528 1180 impetrata
556 1137 586 1168 in
615 1136 775 1175 integi-um
803 1130 1021 1176 restitutione,

143 1184 233 1216 causa
253 1183 392 1224 cognita.
421 1179 589 1221 quomodo
613 1179 652 1208 de
672 1177 796 1207 minore
813 1176 928 1211 dieitur
951 1172 970 1202 l.
989 1180 1019 1207 9.

145 1227 174 1268 §.
192 1237 221 1265 4.
242 1225 282 1257 D.
306 1225 339 1255 de
352 1222 554 1265 jurejurando.
587 1219 617 1250 ἂ
643 1226 747 1249 tamen
771 1213 1021 1259 observandum,

144 1266 341 1307 quodistoin
354 1267 427 1296 loco
438 1273 501 1295 non
511 1264 686 1300 disputatur
703 1262 741 1289 tle
758 1263 953 1295 exceptione
967 1263 1022 1285 ini-

144 1310 251 1345 noris,
269 1306 324 1339 etsi
336 1306 514 1346 appelletur
531 1304 701 1342 exceptio:
720 1300 771 1330 sed
789 1300 828 1330 de
841 1296 1021 1335 replicatio-

145 1358 314 1391 ne:atque
332 1358 366 1379 ea
384 1348 426 1378 ibi
444 1345 488 1377 est
507 1344 708 1384 temporalis;
723 1350 795 1372 cum
813 1340 842 1369 in
861 1335 1022 1382 proposita

146 1392 253 1432 specie
269 1391 423 1429 exceptio
435 1411 444 1426 ,
459 1386 514 1418 etsi
527 1383 713 1421 rescissoria,
729 1382 765 1414 fit
779 1388 951 1421 perpetua:
969 1378 1022 1408 lci-

146 1435 244 1471 licet‚
269 1433 340 1472 quia
356 1430 443 1461 actor
459 1430 489 1459 in
507 1431 556 1458 iua
576 1424 733 1466 potestate
752 1423 869 1459 habet,
893 1420 1021 1460 quando

149 1475 204 1506 suo
227 1475 295 1513 jure
320 1479 436 1503 utatur.
462 1471 486 1499 is
511 1476 619 1499 autem
641 1475 713 1496 cum
731 1474 795 1504 quo
812 1471 933 1502 agitur,
958 1470 1023 1492 non

137 1516 246 1547 ,habet
264 1512 472 1554 potestatem,
488 1509 617 1550 quando
634 1507 845 1537 conveniatur
860 1502 955 1545 l.5.§.
967 1502 1022 1532 ult.

148 1557 192 1588 D.
209 1558 241 1586 de
260 1555 314 1586 dol.
333 1553 400 1584 mul.
424 1552 459 1585 ὅ*
476 1556 541 1581 met.
561 1558 623 1580 exc,
649 1547 726 1579 Non
744 1545 864 1577 obstat:
889 1547 975 1584 quod
992 1553 1022 1574 in

149 1599 167 1629 l.
190 1598 241 1628 ult⁴
265 1596 297 1627 C.
320 1596 346 1626 h.
366 1601 386 1625 i.
407 1592 446 1624 sic
464 1592 624 1623 scribitur:
649 1589 788 1630 Exemplo
806 1586 886 1618 utilis
903 1585 1024 1617 astionis

148 1649 209 1680 quse
226 1640 257 1668 in
273 1640 418 1676 integrum
435 1631 573 1673 reflantis
589 1633 694 1668 (iamir,
712 1641 775 1661 cum
790 1628 959 1667 exceptionis
974 1637 1023 1657 un·

151 1690 217 1711 nuae
233 1682 314 1720 (qzioe
330 1674 397 1708 huic
415 1676 498 1717 objici
507 1673 600 1715 sulec)
620 1671 728 1714 objectu
744 1681 785 1702 res
800 1671 951 1701 vindicare
968 1678 1024 1698 non

143 1721 311 1764 prohiberis.
336 1718 390 1750 Est
404 1720 486 1749 enim
499 1715 639 1753 ejusioci
658 1713 758 1745 sensus
770 1735 779 1750 ‚
796 1712 882 1752 quod
899 1710 981 1741 attio
993 1710 1022 1739 in

150 1773 216 1796 rem
229 1762 332 1799 utilis,
349 1760 412 1791 five
428 1756 617 1792 rescissbria.
634 1765 650 1786 a
666 1755 737 1786 laeso
754 1754 850 1785 debet
863 1761 926 1792 peti
945 1753 1024 1781 intra

149 1814 265 1836 annum
277 1826 285 1841 ,
297 1804 326 1833 ἃ
337 1801 357 1833 si
370 1801 485 1832 deinde
498 1806 641 1839 petatur,
654 1798 718 1836 peti
737 1795 820 1827 sero:
839 1803 909 1834 quia
922 1791 1025 1832 potest

153 1847 182 1878 ei
200 1845 297 1886 objici
313 1844 465 1884 exceptio
482 1849 605 1879 annua;
627 1839 660 1871 id
679 1838 744 1878 est,
766 1844 938 1876 excePt10‚
961 1833 1023 1866 Ex-

794 1923 1147 1958 T1TuLus

960 91 1236 127 'NooDT

1295 92 1322 126 C
1353 103 1374 127 o
1407 104 1433 128 M
1469 104 1506 129 M.

1063 187 1109 228 tra
1125 189 1217 226 quam
1236 180 1254 212 si
1272 181 1301 213 in
1319 182 1476 224 integrum
1496 183 1653 214 restitutio
1664 193 1703 214 ex
1722 183 1824 217 forma
1839 185 1930 227 huiusi

1067 222 1183 258 himen,
1202 231 1235 268 ut
1254 226 1419 264 oportuit,
1438 234 1501 255 non
1521 224 1565 255 est
1581 224 1662 256 intra
1680 235 1794 256 annum
1812 229 1920 266 petita.

1103 262 1156 293 Ait
1174 272 1267 304 igitur
1286 265 1426 303 Praetor,
1454 263 1622 306 Restituam.
1649 264 1763 297 Utrum
1782 268 1812 298 iu
1832 268 1935 305 perso-

1060 312 1131 334 nam
1149 311 1291 344 tantum,
1315 316 1351 336 an
1373 316 1466 337 etiam
1487 317 1516 338 in
1535 307 1626 338 rem?
1652 308 1679 338 ὅ(
1701 315 1798 347 puto,
1822 309 1850 338 in
1870 318 1933 340 rem

1060 353 1206 391 quoque:
1231 346 1371 378 Praetore
1401 350 1487 379 omni
1514 348 1612 379 modo
1639 358 1772 388 agente-3
1797 359 1835 379 ne
1852 349 1935 381 dam-

1060 394 1135 431 num
1154 389 1274 418 iaceret
1292 388 1430 420 absentia
1448 391 1630 430 reipublicae
1648 389 1745 420 causa,
1767 399 1797 420 ut
1811 400 1885 420 vero
1904 392 1935 423 id

1060 428 1206 458 obtineat
1231 428 1311 460 salva
1327 431 1459 474 *tatione
1474 432 1567 472 juris:
1592 430 1698 472 fingit,
1724 432 1864 462 nondum
1882 433 1936 464 im-

1062 468 1179 507 pletam
1205 469 1267 500 eise
1296 472 1521 512 uiucapioncm
1547 482 1615 512 quae
1645 483 1676 503 re
1711 481 1783 502 vera
1809 473 1937 507 imnleta

1062 508 1125 554 eit3
1142 518 1248 549 eoque
1264 512 1394 550 colore,
1411 513 1494 554 quali
1506 515 1637 545 domino
1649 537 1658 552 ‚
1675 515 1725 554 qui
1745 523 1808 544 non
1821 513 1865 544 est
1881 516 1936 544 do-

1061 558 1184 595 minus,
1209 552 1282 589 jure
1299 553 1453 596 lJraetorio
1470 556 1623 587 concedit
1642 555 1800 587 astionem
1822 556 1853 586 in
1869 565 1936 588 rem

1062 592 1171 622 utilem
1197 593 1349 640 advertus=
1369 597 1634 637 qualemcumque
1658 595 1878 636 possessorem:
1901 596 1938 628 fi-

1061 641 1117 677 cut
1135 642 1208 677 ante
1227 634 1450 681 usucapionem
1474 638 1614 669 habebat
1638 639 1784 670 directam
1803 637 1876 676 jure
1895 638 1937 669 ci-

1062 674 1126 705 Vili.
1141 674 1170 715 ᾗ.
1190 674 1271 722 31&
1287 686 1316 715 5.
1336 675 1406 716 last.
1422 680 1454 708 de
1470 677 1573 709 astion.
1600 680 1781 720 exemplum
1802 680 1832 710 in
1849 680 1869 709 l.
1893 688 1936 719 17.

1060 715 1088 746 h.
1108 722 1128 745 ι.
1148 714 1192 746 est
1212 719 1240 746 ot
1259 718 1343 762 aliud
1360 720 1440 758 l.3o.
1458 727 1504 759 pr.
1525 720 1560 754 ἐξ
1577 720 1605 761 §,
1629 730 1655 752 t.
1672 722 1699 752 d.
1718 728 1738 752 ι.
1764 719 1839 751 Hoc
1858 729 1938 760 quo-

1061 766 1123 801 que
1140 756 1184 787 est
1202 760 1398 798 consequens
1413 761 1511 793 verbo
1523 785 1531 798 ‚
1552 759 1730 802 Reftzcuam:
1746 771 1778 793 ut
1797 762 1938 801 Praetor,

1062 798 1166 829 laelum
1178 808 1334 837 reponens
1353 801 1382 830 in
1398 810 1437 830 eo
1450 800 1526 832 statu
1538 804 1566 834 in
1587 812 1651 842 quo
1667 803 1727 835 fuit
1739 827 1748 840 ,
1768 812 1940 841 antequam

1062 840 1248 885 laederetur,
1273 850 1300 871 ei
1317 850 1381 872 non
1399 844 1557 874 concedat
1574 845 1640 883 plus
1652 868 1661 882 ,
1686 854 1778 884 quam
1799 854 1865 875 tum
1882 844 1936 875 lia-

1065 881 1153 927 buit‚
1180 881 1427 915 monstrantibus
1453 886 1609 925 exemplis
1633 886 1652 917 l.
1679 890 1729 918 26.
1753 886 1781 927 §.
1800 895 1829 926 7.
1845 885 1890 920 ⁸&
1908 890 1939 920 8.

1064 929 1131 952 uem
1150 922 1169 952 l.
1188 931 1237 961 41.
1254 923 1282 954 h.
1301 929 1322 954 t.

1107 962 1186 994 Vice
1198 973 1332 1009 ‘quoque
1350 964 1433 997 versa
1444 965 1472 996 ei
1486 975 1549 997 non
1567 968 1718 999 concedit
1735 968 1847 1000 minus.
1872 976 1946 1000 tan-v

1071 1012 1137 1050 tum
1153 1014 1238 1036 enini
1257 1007 1340 1044 vult,
1357 1016 1485 1038 omnem
1502 1008 1567 1047 ejus
1585 1008 1706 1040 causam
1723 1010 1941 1050 redintegrari.

1066 1048 1202 1092 prornde
1226 1046 1346 1078 restitui
1364 1047 1484 1079 fructus
1503 1051 1598 1082 totius
1616 1051 1790 1090 temporis:
1808 1059 1873 1090 quo
1889 1051 1942 1082 iae-

1065 1090 1112 1119 ius
1133 1097 1196 1118 non
1215 1097 1321 1129 potuit
1334 1091 1470 1130 experiri
1490 1091 1508 1120 l.
1529 1096 1577 1124 28.
1595 1090 1623 1132 §.
1640 1094 1692 1124 ult.
1713 1091 1749 1125 ὅ)
1766 1092 1784 1122 l.
1804 1101 1852 1128 29.
1869 1093 1896 1123 h.
1916 1097 1939 1124 t.

1109 1128 1209 1160 Porro
1234 1138 1278 1161 ait
1304 1130 1440 1169 Praetor,
1466 1131 1578 1163 Earum
1595 1143 1691 1164 rerum
1707 1131 1846 1164 actionem
1862 1135 1940 1164 intra

1065 1180 1174 1217 annum
1186 1194 1194 1209 ‚
1212 1180 1267 1212 qno
1274 1173 1400 1210 primum
1415 1174 1448 1203 de
1463 1182 1494 1203 eu
1504 1183 1534 1204 re
1548 1175 1720 1214 experiundi
1732 1173 1855 1214 potestas
1866 1176 1939 1213 erit,

1064 1210 1222 1259 resumam.
1265 1213 1429 1254 Significat
1444 1223 1548 1245 autem
1563 1225 1677 1246 annum
1697 1216 1817 1247 utilem.
1842 1223 1939 1257 atque

1065 1263 1089 1284 is
1106 1262 1149 1284 ita
1165 1255 1346 1300 nominatur
1361 1256 1380 1285 l.
1402 1265 1429 1286 2.
1451 1256 1482 1286 C.
1497 1258 1529 1286 cie
1544 1255 1631 1296 restit.
1648 1257 1731 1287 milit.
1757 1256 1831 1299 Qua
1847 1257 1942 1288 ratio-

1065 1304 1129 1341 ne‚'
1146 1303 1218 1340 cum
1239 1298 1273 1326 iit
1298 1305 1340 1326 rei
1368 1296 1605 1336 persecutoria?
1629 1299 1690 1329 Sed
1719 1300 1844 1329 videtui·
1861 1299 1937 1329 ideo

1065 1338 1136 1382 dan.
1148 1344 1228 1382 intia
1245 1346 1379 1368 annum:
1397 1339 1469 1375 quia
1485 1340 1622 1370 daturad
1635 1338 1938 1379 resciffionemjuris

1068 1377 1177 1409 Civilis
1187 1378 1203 1408 l.
1213 1388 1261 1418 35.
1276 1377 1314 1409 D.
1325 1383 1356 1409 ae
1366 1379 1448 1420 ohlig.
1459 1379 1495 1413 (⁶9⁹
1505 1379 1559 1411 αὲῗ.
1571 1390 1630 1411 una
1640 1381 1818 1421 exceptiol.
1829 1391 1870 1420 31·
1880 1381 1906 1411 b.
1916 1387 1938 1412 t.

1106 1417 1208 1450 Datur
1235 1429 1329 1460 igitur
1354 1420 1421 1450 liaec
1445 1427 1527 1452 aetio
1544 1422 1623 1453 intra
1640 1431 1765 1453 annum.
1790 1423 1830 1454 de
1848 1422 1936 1462 cujus

1067 1469 1311 1500 computatione
1337 1471 1400 1501 agit
1428 1460 1581 1500 Ulpianus
1607 1464 1638 1494 in
1663 1464 1682 1494 l.
1710 1470 1757 1497 28.
1776 1463 1804 1505 §.
1823 1473 1853 1503 3.
1870 1464 1898 1493 h.
1915 1469 1938 1494 t.

1067 1512 1218 1546 caeterum
1242 1502 1293 1546 est
1310 1512 1407 1533 annus
1432 1505 1514 1535 utilis
1531 1514 1547 1534 a
1568 1503 1740 1544 justiniano
1764 1504 1938 1535 conversus

1067 1554 1096 1574 in
1113 1546 1352 1583 quadriennium
1379 1553 1565 1576 continuum
1590 1546 1610 1576 l.
1629 1546 1681 1577 ult.
1701 1546 1734 1576 C.
1752 1547 1784 1576 de
1799 1551 1882 1585 temp.
1903 1547 1936 1576 in

1068 1587 1162 1624 integr
1191 1584 1254 1623 rest.

1110 1627 1271 1658 i’oimma
1289 1626 1391 1658 Ediffi
1411 1627 1544 1658 clausula
1562 1627 1624 1666 est,
1643 1626 1729 1672 Q'ffld
1745 1628 1805 1668 ejus
1819 1633 1868 1667 per
1886 1626 1942 1657 Le·

1067 1677 1135 1707 ges,
1164 1668 1312 1707 Pltln'sci'tn
1329 1691 1337 1705 ,
1362 1670 1638 1707 senatusconsultu,
1671 1669 1793 1704 miztia,
1821 1668 1942 1700 Decreta

1072 1710 1259 1749 strz‘zzcz'pnm,
1284 1710 1384 1740 licebit.
1431 1712 1477 1741 Ati
1503 1713 1582 1741 hane
1602 1709 1769 1742 clausulam
1791 1711 1944 1750 Llpianus

1067 1750 1084 1780 l.
1105 1755 1152 1784 28*
1172 1751 1200 1792 g).
1223 1761 1249 1782 2.
1269 1753 1295 1781 b.
1315 1757 1335 1781 t.
1358 1752 1489 1783 verbum
1509 1761 1630 1788 autem,
1652 1750 1756 1794 Qstffll,
1780 1751 1842 1789 est,
1866 1759 1945 1791 quo-

1067 1798 1125 1837 ad,
1151 1793 1200 1822 vel
1225 1793 1390 1831 metentis,
1417 1795 1465 1825 vel
1491 1803 1531 1825 eo
1552 1802 1651 1834 usque
1668 1801 1742 1826 tium
1759 1793 1884 1825 licebit:
1908 1798 1943 1824 ut

1066 1842 1099 1868 in
1115 1834 1134 1866 l.
1155 1842 1200 1877 13.
1221 1834 1263 1869 D.
1281 1836 1313 1867 cle
1331 1836 1486 1875 exception.

1207 1921 1304 1958 Vil.

670 2002 722 2037 De
739 2001 923 2036 alienatione
934 2000 1046 2046 judicii
1063 2000 1202 2034 mutandi
1217 1996 1309 2043 causa
1318 1997 1425 2045 sabla.

154 2098 375 2173 EXPOSITis
394 2095 535 2136 quinque
554 2091 651 2124 causis
678 2092 708 2123 in
731 2092 890 2131 integrum
908 2089 1030 2121 restitu-

232 2141 327 2172 tionis
343 2145 382 2170 de
401 2138 450 2168 sex
470 2144 546 2176 quas
567 2134 698 2174 collegit
717 2133 830 2165 Paulus
846 2132 893 2162 lib.
914 2141 937 2163 i.
961 2131 1030 2161 Sen-

156 2190 226 2216 tenc.
240 2184 285 2214 tir.
306 2191 332 2220 7.
355 2189 394 2211 ex
412 2187 516 2216 eoque
533 2177 562 2208 ἃ
585 2175 722 2216 Ulpiano
741 2173 940 2205 enumeravit
955 2171 1030 2203 Tri-

156 2225 313 2258 bonianus
331 2222 348 2252 l.
373 2230 397 2252 1.
424 2220 460 2254 &¹
479 2229 506 2250 2.
527 2217 565 2248 D.
585 2219 618 2247 de
635 2220 664 2248 z'n
680 2218 783 2257 integr.
802 2214 890 2255 restit.
914 2214 1030 2246 merito

157 2266 321 2307 exspectes
349 2264 466 2293 sextam
492 2269 562 2300 quae
587 2258 630 2290 est
645 2258 742 2298 justus
761 2265 866 2288 error:
889 2255 943 2287 nisi
964 2256 1030 2286 e'us

157 2308 340 2347 exemplum
353 2314 367 2335 a
380 2302 551 2334 Veteribus
570 2300 633 2331 hoc
650 2301 724 2330 loco
736 2298 922 2338 explicitum
934 2320 943 2335 ‚
985 2296 1030 2327 'ri-

156 2350 313 2381 bonianus
339 2347 369 2377 in
397 2341 630 2382 compositione
650 2341 876 2371 Pandeciarum
896 2346 1031 2370 transtu-

157 2392 237 2423 lisset
255 2392 283 2421 in
303 2387 369 2419 Tit.
383 2396 434 2418 v1.
453 2386 506 2417 lib.
526 2392 648 2415 xxvu:
668 2391 700 2413 ut
716 2383 777 2422 jam
797 2381 905 2412 monui
922 2382 950 2411 d.
971 2378 1030 2410 Tit.

158 2432 207 2464 De
222 2433 253 2461 in
270 2433 371 2470 integr.
389 2425 478 2467 restit.
512 2425 635 2457 Ibidem
654 2424 770 2455 adduxi
789 2423 884 2453 etiam
901 2422 982 2452 aliud
1001 2430 1032 2451 e-

159 2473 321 2512 xemplum
345 2469 414 2511 justi
441 2468 555 2499 erroris
582 2475 621 2497 ex
640 2465 666 2507 §.
686 2475 735 2506 533.
760 2462 831 2504 lnst.
850 2466 882 2494 (ie
899 2463 1031 2494 aaronita

158 2516 221 2546 Sed
240 2516 302 2544 hoc
328 2520 432 2543 utrum
452 2508 583 2550 proprio
601 2507 715 2539 Edicto
732 2506 921 2545 complexus
939 2504 1034 2535 fuerit

159 2557 304 2591 Praetor,
320 2563 356 2584 an
386 2552 499 2583 Edicto
519 2549 739 2581 antecedentis
759 2546 861 2578 Tituli
881 2547 934 2576 sub
950 2546 1033 2576 clau-

161 2597 224 2628 sula
236 2619 244 2633 ‚
266 2593 362 2631 Itemfi
376 2603 434 2634 qua
443 2593 501 2623 alia
517 2592 587 2622 mihi
597 2589 678 2632 justa
695 2590 782 2629 causa
799 2587 849 2628 effe
866 2589 1032 2624 videbitur,

160 2637 272 2677 reliqui
290 2636 319 2666 in
340 2635 463 2666 medio:
482 2643 545 2664 non
562 2632 696 2664 assuetus
712 2632 817 2662 dicere
835 2630 921 2670 plus,
939 2636 1032 2668 quam

160 2679 238 2711 scio.
286 2676 429 2707 Edictum
448 2684 535 2706 certe
552 2675 591 2705 de
609 2684 649 2705 eo
671 2672 803 2713 speciale
822 2680 885 2702 non
902 2677 1001 2701 extat.

206 2721 302 2761 igitur
320 2726 385 2752 quo
402 2716 487 2746 ducit
507 2716 588 2747 ordo
607 2714 833 2747 Pandeftarum
845 2736 853 2751 ‚
879 2721 977 2752 pergo
994 2710 1032 2741 ad

161 2761 308 2795 Titulum
321 2757 367 2788 De
383 2757 551 2787 alienatione
564 2758 669 2797 judicii
685 2756 818 2786 mutandi
832 2753 916 2794 causti
929 2752 1033 2794 Ῑίιᾶατ

164 2804 217 2846 qui
233 2812 249 2833 a
266 2798 436 2832 Veteribus
449 2821 458 2835 ‚
475 2798 621 2828 suadente
635 2798 710 2838 juris
728 2796 950 2833 similitudine,
967 2793 1033 2824 sub-

162 2846 263 2888 jecms
287 2840 348 2873 fuit
372 2837 583 2878 superioribus
606 2839 703 2870 cauiis
720 2837 751 2869 in
770 2839 929 2879 integrum
947 2835 1033 2867 relli-

163 2885 307 2919 tutionis.
335 2882 368 2912 ld
382 2880 521 2919 conjicio
533 2889 572 2909 ex
590 2879 849 2920 Inscriptionibus
866 2877 1034 2918 Fragmen-

163 2937 270 2961 torum
287 2923 357 2964 Gaji
370 2947 377 2959 ,
396 2920 540 2960 Ulpiani,
556 2920 585 2950 &
602 2921 687 2951 Pauli
705 2921 757 2951 sub
775 2921 838 2951 hoc
854 2919 979 2951 Titulo.
1004 2918 1034 2948 &

163 2966 368 3011 juvat‚quod
379 2973 418 2995 ex
436 2972 471 2993 ea
489 2969 620 3001 quoque
637 2961 933 3003 causainintegrum
951 2959 1035 2992 resti-

167 3012 252 3044 tutio
277 3008 344 3040 fieri
364 3007 477 3036 dicitur
502 3003 520 3033 l.
539 3013 557 3043 3
584 3001 612 3046 §
630 3012 660 3039 4.
682 3002 722 3032 J).
739 3002 775 3036 ἑὸ)
791 3003 808 3033 l.
827 3005 904 3034 unic.
921 3002 954 3033 C.
972 3002 999 3033 h.
1017 3006 1036 3031 t.

166 3052 298 3085 Interim
316 3048 405 3088 huius
420 3046 451 3077 in
466 3046 492 3076 d.
509 3044 527 3074 l.
546 3053 557 3075 1
589 3042 625 3077 ΘΒ
645 3053 672 3074 2.
698 3052 801 3083 neque
819 3045 909 3082 vola,
933 3051 1038 3083 neque

169 3093 335 3132 vestigium
346 3088 409 3121 est:
425 3095 529 3126 neque
546 3094 643 3125 magis
658 3093 687 3114 in
699 3084 870 3122 propatulo
886 3084 931 3116 est
947 3085 1038 3115 ratio.

169 3134 238 3168 Nisi
262 3134 312 3165 illa
336 3130 399 3168 est3
423 3129 510 3169 quod
532 3125 635 3157 forma
656 3125 744 3164 huius
764 3125 793 3154 in
818 3124 975 3165 integrum
994 3134 1040 3156 re-

170 3174 343 3209 stitutionis
360 3181 425 3204 non
443 3180 498 3211 per
513 3169 618 3200 omnia
633 3165 678 3198 est
693 3167 804 3197 eadem
820 3164 1041 3204 superioribus.

1073 2088 1289 2133 contractum3
1314 2097 1419 2128 eoque
1439 2087 1674 2128 redintegretur
1690 2087 1773 2119 actio
1786 2087 1862 2128 juris
1880 2085 1947 2117 sub-

1074 2129 1188 2160 tilitate
1204 2130 1323 2162 amiil'a:
1349 2130 1407 2160 hac
1425 2129 1527 2160 nostra
1551 2138 1655 2169 neque
1671 2129 1821 2160 alienatio
1838 2127 1948 2169 judicii

1074 2173 1216 2202 mutandi
1241 2171 1331 2202 causa
1355 2170 1437 2202 fasta
1461 2169 1666 2208 rescinditur,
1691 2180 1795 2211 neque
1811 2171 1894 2201 attio
1920 2178 1949 2200 a·

1075 2211 1159 2244 miss'a
1171 2212 1350 2244 restituitur.
1368 2221 1488 2243 tantum
1506 2213 1534 2242 ei
1552 2212 1601 2242 cui
1613 2211 1787 2243 alienatioa
1803 2209 1950 2252 possesso·

1074 2264 1108 2285 re
1123 2252 1203 2285 facta
1222 2254 1256 2285 sit
1275 2254 1414 2285 mutandi
1431 2254 1537 2294 judicii
1557 2252 1666 2292 causa,
1691 2253 1711 2284 fi
1727 2262 1821 2294 agere
1838 2253 1949 2289 volet,

1075 2305 1167 2341 exea
1183 2304 1315 2336 negatur
1336 2295 1426 2327 attio.
1455 2303 1567 2326 contra
1585 2295 1636 2325 hic
1657 2295 1709 2334 qui
1728 2304 1764 2325 ea
1783 2293 1869 2325 laesus
1886 2291 1950 2331 est,

1075 2345 1192 2368 retinet
1208 2337 1356 2368 aii-ettam
1384 2337 1427 2368 rei
1457 2337 1704 2367 vindicationem
1730 2334 1875 2367 adversus
1893 2343 1952 2365 no-

1076 2388 1150 2410 vum
1168 2378 1391 2419 poss'ess'orem3
1409 2376 1642 2409 ficutadversus
1655 2385 1795 2407 veterem
1813 2385 1882 2407 eam
1898 2375 1951 2406 ha·

1076 2421 1143 2452 buit
1157 2429 1230 2452 ante
1246 2421 1482 2451 alienationem.
1507 2418 1701 2459 Proponitui·
1718 2426 1820 2449 tamen
1838 2418 1865 2447 ei
1883 2417 1950 2447 hoc

1077 2461 1191 2492 Edicto
1216 2461 1361 2493 adversus
1376 2461 1566 2492 alienantem
1585 2468 1666 2490 nova
1680 2459 1710 2490 in
1730 2458 1845 2490 factum
1863 2457 1948 2488 aetio

1076 2504 1155 2534 adid
1171 2503 1259 2542 quod
1276 2503 1340 2542 ejus
1360 2501 1505 2538 interest,
1523 2501 1617 2532 talem
1635 2501 1857 2531 alienationem
1871 2499 1952 2537 judi-

1076 2546 1116 2575 cii
1133 2545 1272 2575 mutandi
1291 2543 1378 2574 causa
1398 2552 1462 2574 non
1483 2541 1543 2572 esse
1558 2541 1692 2579 fastam,
1714 2540 1769 2572 nisi
1787 2539 1950 2581 pristinam

1073 2586 1181 2626 judicii
1208 2585 1329 2616 causam
1355 2585 1504 2615 arbitratu
1522 2583 1640 2623 judicis
1658 2581 1811 2614 restituat.
1835 2582 1864 2612 in
1883 2590 1949 2621 quo

1077 2626 1181 2668 potest
1195 2627 1293 2657 videri
1310 2626 1413 2666 imago
1430 2624 1656 2663 restitutionis;
1672 2623 1726 2655 etii
1743 2623 1839 2655 manis
1850 2622 1890 2654 sic
1904 2623 1950 2654 in-

1076 2669 1221 2700 stituatur
1237 2677 1338 2704 nova,
1357 2676 1451 2707 quam
1469 2665 1641 2697 restituitur
1659 2674 1751 2696 vetus
1768 2648 1860 2695 at‘iio.
1887 2663 1951 2695 Sed

1078 2711 1142 2741 hoc
1162 2711 1190 2741 ἃ
1206 2709 1279 2740 alibi
1296 2708 1482 2739 observatur
1497 2708 1527 2739 in
1547 2706 1714 2747 prioribus.
1756 2705 1827 2737 Fuit
1844 2713 1950 2737 autem

1078 2753 1116 2783 ad
1134 2749 1505 2791 hujusintrodufflonem
1522 2748 1553 2780 in
1572 2749 1678 2789 primis
1695 2747 1861 2779 necess'aria
1875 2746 1950 2778 i’rae-

1078 2794 1155 2824 toris
1180 2792 1367 2823 auctoritas:
1391 2792 1520 2830 quando
1542 2791 1567 2821 is
1589 2790 1676 2829 cujus
1693 2799 1741 2820 res
1758 2789 1889 2820 alienata
1905 2785 1950 2818 est

1074 2835 1182 2875 judicii
1207 2834 1346 2864 mutandi
1372 2832 1477 2870 caula,
1503 2832 1542 2862 de
1559 2841 1594 2862 ea
1612 2841 1676 2862 non
1694 2830 1857 2862 alienanda
1877 2836 1950 2859 cuin

1078 2876 1144 2916 ejus
1156 2873 1325 2916 poss'ess'orc-
1343 2874 1417 2905 nihil
1433 2873 1602 2904 contraxit.
1621 2871 1684 2911 ipsa
1694 2881 1822 2912 quoque
1837 2871 1950 2902 aliena-

1079 2921 1126 2948 tio
1145 2926 1249 2957 neque
1276 2915 1506 2956 prohibebatur
1528 2914 1601 2953 Jure
1628 2913 1740 2952 Civili,
1764 2921 1867 2952 neque
1892 2918 1951 2950 pro

1080 2958 1198 2990 delicto
1217 2958 1403 2988 habebatur.
1435 2957 1556 2987 interea
1572 2965 1637 2986 non
1655 2954 1825 2995 oportebat
1849 2954 1950 2991 impu-

1081 3000 1177 3032 nitam
1189 2999 1250 3030 esse
1261 3000 1484 3030 alienationem
1504 3006 1564 3037 qua
1580 2996 1651 3028 laedi
1668 2995 1833 3027 videbatur
1849 2991 1951 3023 domi-

1082 3051 1150 3074 nus.
1183 3042 1303 3081 placuit
1330 3042 1424 3081 igitui-
1446 3039 1597 3076 Praetori,
1621 3047 1661 3069 ne
1677 3038 1741 3077 ejus
1759 3033 1847 3064 causa
1864 3042 1903 3063 ex
1921 3040 1951 3062 a·

1083 3084 1169 3115 lieno
1189 3083 1275 3114 faCto
1293 3082 1347 3113 fiat
1364 3081 1523 3117 deterior,
1549 3089 1612 3111 tam
1627 3086 1739 3118 negare
1757 3073 1906 3118 effectum
1922 3081 1953 3103 a·

1085 3125 1285 3162 lienationis,
1310 3132 1402 3163 quam
1420 3122 1584 3161 indulgere
1603 3122 1631 3151 in
1650 3117 1764 3149 fastum
1792 3114 1952 3145 aaronem

1085 3166 1232 3198 adversus
1253 3166 1445 3196 alienantem
1462 3164 1500 3193 ad
1520 3163 1550 3192 id
1568 3160 1653 3202 quod
1673 3155 1819 3193 interest,
1839 3164 1907 3186 eain
1923 3163 1954 3184 a·

171 3226 244 3251 nam
260 3224 333 3249 cum
358 3214 391 3246 in
414 3212 474 3247 illis
493 3209 601 3252 paffim
626 3207 820 3242 rescindatur
843 3206 966 3247 gestum
989 3214 1043 3238 aut
1087 3208 1294 3240 lieuationern
1312 3215 1379 3239 nou
1396 3204 1457 3237 effe
1474 3203 1606 3241 factam,
1629 3199 1682 3233 nili
1702 3196 1861 3238 pristinam
1874 3195 1956 3238 judi:

1914 3241 1957 3266 cu
