2036 3495
166 114 237 157 456

166 199 221 231 sed
238 199 393 231 astionem
415 203 484 235 quae
505 193 588 234 prius
611 193 641 223 in
660 190 752 231 ipsius
775 187 908 233 persona
929 187 1041 219 consti-

173 243 211 272 tit
225 242 291 280 jure
310 239 337 268 ἃ
353 236 465 267 ordine
481 258 490 273 ,
514 233 564 264 sua
583 233 749 263 voluntate
772 239 845 261 cum
867 229 930 260 alio
954 238 1041 260 com-

171 283 312 314 municat
327 276 409 316 quafi
426 285 482 315 per
491 273 659 314 quamdam
675 271 909 303 transsationem
920 293 929 308 ‚
947 278 981 300 ut
997 270 1042 301 di-

172 322 222 358 xi,
247 329 287 351 ex
309 317 442 357 benigna
462 315 645 354 Principum
667 312 940 353 interpretatione.
972 309 1041 341 fere

175 358 442 401 quemadmodum
466 356 503 387 fit
519 357 548 387 in
571 353 835 386 fideicommiffo:
859 361 922 392 quo
950 351 1041 382 heres

173 408 320 441 rogatur,
336 407 401 429 rem
413 396 575 428 restituere
590 396 659 434 alii,
676 395 726 426 cui
743 403 810 425 eam
828 394 978 424 donatam
989 401 1041 422 ve·

173 443 210 474 lit
227 441 366 471 testator.
390 448 463 479 nam
483 439 511 469 &
530 438 593 468 hoc
616 438 646 468 in
669 435 739 467 casu
755 436 793 466 ab
820 435 937 465 herede
961 434 991 464 in
1008 431 1041 463 fi-

173 478 468 514 deicommiss'arium
487 479 572 519 prior
588 476 774 509 transfertur
790 476 891 513 actio,
915 484 980 506 non
999 475 1043 505 di·

173 523 275 560 retia,
303 521 354 551 sed
371 521 466 552 utilis.
488 519 584 551 fuerit
600 520 631 550 id
649 517 777 550 curiosa:
795 516 1043 549 observationis:

174 573 215 595 ex
241 572 301 601 qua
325 562 458 602 intelligi
485 561 604 601 poterit
627 559 806 592 differentia
830 559 856 589 d.
878 557 897 588 l.
915 567 943 597 7.
961 557 993 587 C.
1011 557 1044 586 de

168 603 264 647 pabiis
286 604 432 635 conventis
453 602 481 634 ἃ
498 603 517 633 l.
538 606 586 633 26.
612 601 645 632 C.
669 600 787 641 dejure
810 600 926 644 dotium.
951 597 1044 637 poffit

173 647 258 678 enim
277 645 387 685 aliquis
403 652 561 684 quaerere:
585 652 640 673 cur
657 642 739 673 aeno
755 641 806 672 illa
823 640 907 671 utilis
925 648 986 679 qua
1004 640 1043 669 de

174 688 312 728 agimus,
337 695 424 717 novo
449 685 522 724 jure
545 685 651 715 locum
672 682 786 714 habeat
801 683 833 713 in
852 680 955 720 specie
974 681 1002 711 d.
1021 679 1041 710 l.

175 737 224 769 7.:
240 735 270 759 at
289 729 320 759 in
338 728 366 759 d.
385 727 403 757 l.
423 730 471 758 26.
505 726 612 756 locum
632 733 696 756 non
716 723 847 754 habeat:
871 731 943 766 cum
962 728 1044 752 utra-

176 778 238 809 que
263 768 298 800 fit
316 768 545 808 Imperatorum
570 764 765 797 Diocletiani
788 764 817 795 &
843 762 1040 794 Maximiani.

175 810 232 843 nifi
258 810 303 841 est
327 810 393 840 haec
420 809 522 840 ratio:
546 808 634 848 quod
659 808 688 838 in
706 807 732 837 d.
750 806 768 836 l.
784 815 811 845 7.
836 813 945 845 pater,
971 812 1043 834 cum

174 859 234 893 pro
249 851 312 883 filia
330 851 418 881 daret
438 850 566 886 dotem,
591 848 696 888 pastus
714 847 795 884 fuit,
811 855 901 884 eam,
919 852 1043 876 mortua

175 896 207 925 in
224 891 427 924 matrimonio
453 890 535 928 filia,
558 889 677 921 restitui
702 887 872 928 nepotibus
900 896 940 918 ex
963 886 1042 917 filia:

176 934 232 965 ubi
250 942 326 964 vero
344 940 434 973 pater
451 932 560 962 dotem
576 930 647 961 filiae
659 929 839 970 stipulatur,
863 928 902 959 de
919 928 995 958 dote
1013 936 1042 957 a·

177 975 316 1006 &ionem
332 976 466 1014 primum
486 972 538 1004 fibi
557 972 711 1012 adquirit:
728 980 792 1002 non
807 970 904 1001 modo
917 968 1040 1000 fifiliam

176 1015 273 1046 habet
290 1016 319 1046 in
337 1013 513 1054 potestate:
531 1013 582 1044 sed
593 1014 688 1044 etiam
704 1021 776 1043 cum
786 1021 849 1043 non
860 1010 966 1041 habet.
983 1018 1042 1041 nec

173 1059 273 1097 magis
297 1056 415 1093 refert,
440 1063 544 1086 utrum
564 1053 616 1086 fibi
635 1063 764 1092 quoque
783 1053 883 1092 palam
901 1052 1040 1089 caverit,

172 1107 210 1129 an
229 1107 291 1129 non
307 1098 325 1128 l.
346 1106 373 1128 2.
394 1097 434 1128 D.
452 1096 548 1127 Soluto
566 1095 762 1132 matrimonio,
785 1094 804 1125 l.
823 1097 852 1124 6.
872 1093 913 1124 D.
931 1094 1042 1133 dejure

172 1139 299 1170 dotium:
315 1139 415 1170 modo
433 1139 534 1177 palam
554 1147 618 1168 non
637 1135 673 1168 fit
689 1136 798 1173 alteri,
819 1135 906 1165 verbi
923 1135 1040 1174 gratia,

174 1179 243 1212 filio
260 1181 460 1219 emancipato
479 1177 652 1218 stipulatus.
686 1178 770 1208 idem
790 1175 851 1213 cst,
874 1175 1040 1215 stipulante

175 1230 235 1258 eo,
252 1223 362 1253 dotem
374 1220 492 1252 restitui
512 1219 616 1250 liberis
632 1217 702 1249 filiae
714 1217 790 1248 suae:
808 1218 878 1257 quia
890 1224 956 1247 turn
973 1225 1039 1256 per-

175 1262 249 1294 inde
265 1262 419 1301 habetur,
442 1270 478 1293 ac
494 1259 515 1292 fi
532 1259 586 1300 ipfi
612 1258 684 1291 filiae
702 1258 865 1300 stipulatus
882 1257 974 1289 esset:
999 1266 1039 1288 eo

850 1363 1061 1397 Canu]-

759 102 1067 137 GERARD1

1117 98 1347 135 Noonr

1083 188 1171 228 quod
1193 188 1284 221 matri
1308 177 1457 228 adquisita
1483 187 1581 226 dote,
1604 187 1629 219 is
1650 185 1774 220 futurus
1792 189 1867 222 effet
1884 192 1949 224 exi-

1083 238 1133 261 tus
1145 253 1153 268 ,
1170 239 1205 261 ea
1222 232 1252 261 in
1268 230 1471 261 matrimonio
1487 236 1631 266 mortua,
1655 236 1690 259 ut
1709 229 1768 261 dos
1784 232 1821 262 ad
1837 231 1901 272 ejus
1919 233 1951 264 li-

1082 270 1178 302 beros
1197 271 1379 310 pertineret.
1409 270 1451 301 ita
1468 268 1522 308 fit,
1546 278 1580 300 ut
1596 276 1686 310 pater
1702 278 1754 301 aut
1769 280 1864 310 avus,
1887 273 1951 305 five

1083 309 1174 349 filiae,
1189 312 1250 343 five
1268 313 1333 351 ejus
1351 311 1458 343 liberis
1475 311 1584 342 dotem
1604 309 1785 351 stipuletur,
1801 312 1839 343 ab
1855 314 1947 344 initio

1085 361 1174 392 aeque
1191 353 1305 384 habeat
1319 353 1403 384 dotis
1421 352 1596 389 actionem,
1613 361 1649 383 ac
1668 351 1688 383 fi
1704 352 1814 383 dotem
1830 352 1883 384 fibi
1901 353 1951 386 sti-

1085 393 1207 432 pulatus
1223 393 1318 432 esset,
1336 401 1389 424 aut
1407 403 1475 424 eam
1493 402 1552 432 pro
1569 391 1630 424 filia
1647 392 1829 433 simpliciter
1847 395 1950 426 dedis-

1086 433 1151 473 set,
1174 435 1259 466 nulla
1284 434 1430 475 pastione
1453 442 1505 465 aut
1523 434 1724 472 stipulatione
1742 433 1832 466 faeta.
1863 437 1951 475 quod

1086 474 1106 506 fi
1126 483 1213 514 pater
1227 476 1383 507 actionem
1397 476 1530 516 primum
1546 474 1600 506 fibi
1616 475 1801 515 adquisivit,
1817 485 1889 507 cum
1905 477 1950 508 est

1085 516 1213 555 pastus,
1235 518 1344 548 dotem
1362 516 1435 555 fibi,
1453 525 1505 547 aut
1523 515 1613 554 filiae‚
1633 517 1763 556 ejusque
1783 517 1888 549 liberis
1907 527 1953 548 re-

1086 556 1188 589 stitui:
1211 557 1406 597 consequens
1424 557 1485 596 est,
1503 566 1536 589 ut
1552 567 1589 588 ea
1605 558 1750 598 pactione
1769 559 1852 597 utilis
1868 558 1951 590 aetio

1086 597 1173 629 reete
1188 599 1225 629 ad
1249 597 1342 629 filiam
1362 600 1469 639 ejusve
1494 599 1610 631 liberos
1633 609 1673 630 ex
1691 600 1839 639 aequitate
1855 606 1953 631 trans-

1086 638 1217 670 feratur.
1246 639 1297 670 Sic
1313 640 1342 670 in
1359 641 1386 670 ct.
1402 640 1420 670 l.
1440 649 1468 679 7.
1493 640 1536 671 At
1553 641 1581 671 in
1599 641 1626 671 d.
1643 640 1659 671 l.
1679 644 1727 672 26.
1745 650 1808 671 non
1825 639 1870 671 est
1887 641 1950 673 ita:

1086 690 1150 712 non
1168 680 1250 711 enim
1272 680 1316 711 est
1340 689 1428 720 pater
1445 681 1476 712 in
1492 690 1529 711 ea
1546 682 1655 713 dotem
1672 681 1726 713 fibi
1743 690 1796 713 aut
1812 680 1882 713 filiae
1899 681 1952 713 sti-

1086 722 1227 762 pulatus,
1252 720 1301 752 sed
1321 723 1520 761 emancipato
1537 721 1620 761 filio,
1639 723 1669 754 id
1688 722 1753 761 est,
1777 730 1951 754 extraneo:

1086 771 1192 803 eoque
1210 762 1364 800 ostendit,
1388 763 1474 803 quod
1493 763 1595 794 noluit
1610 773 1678 795 eam
1701 763 1756 795 fibi
1773 764 1950 804 adquirere.

1086 805 1167 836 adeo
1184 803 1289 844 (quod
1307 807 1432 845 egregie
1446 804 1586 835 indicant
1605 804 1825 837 Diocletianus
1836 806 1865 837 ἃ
1881 805 1953 836 Ma-

1084 845 1239 877 ximianus
1255 847 1283 875 d.
1300 844 1317 874 l.
1338 846 1407 885 26.)
1426 844 1507 876 aCtio
1525 854 1584 876 nec
1600 846 1629 876 in
1649 846 1712 885 ejus
1727 846 1859 886 persona
1873 847 1912 878 ab
1930 847 1952 877 i-

1086 887 1167 917 nitio
1184 886 1343 923 constitit,
1358 885 1528 917 deficiente
1546 886 1728 926 voluntate3
1744 896 1803 918 nec
1819 887 1886 919 filio
1901 887 1954 918 ad·

1086 927 1196 967 quifita
1219 926 1281 965 est,
1306 926 1497 966 prohibente
1519 925 1603 966 Jure.
1634 928 1665 959 id
1689 937 1766 959 vero
1790 938 1830 959 eo
1854 929 1953 970 magis

1085 969 1159 1000 mihi
1177 969 1298 1009 placet:
1316 968 1387 1006 quia
1405 968 1582 1007 hujusmodi
1599 969 1675 1006 quid
1693 970 1787 1001 etiam
1804 969 1950 1001 observa-

1085 1018 1135 1041 tur
1150 1010 1170 1041 l.
1188 1014 1218 1041 6.
1235 1010 1268 1041 C.
1300 1009 1334 1040 Si·
1349 1010 1414 1050 quis
1431 1010 1515 1040 atteri
1530 1008 1652 1048 velstbi.
1690 1010 1731 1040 At
1746 1011 1829 1041 enim
1848 1010 1951 1050 potest

1085 1051 1154 1091 quis
1169 1050 1242 1090 ‚lure
1259 1060 1348 1082 novo
1366 1051 1396 1081 in
1415 1050 1586 1081 traditione
1605 1049 1738 1090 pacisci,
1760 1051 1849 1082 alteri
1867 1051 1953 1083 resti-

1085 1093 1148 1124 tui:
1172 1094 1214 1124 ita
1238 1100 1272 1123 ut
1296 1092 1323 1123 ei
1346 1091 1430 1122 utilis
1450 1091 1532 1123 afflo
1549 1098 1730 1131 competat,
1753 1090 1901 1123 suadente
1915 1102 1953 1123 ae-

1085 1134 1216 1174 quitate.
1242 1132 1340 1171 Esto;
1365 1133 1438 1164 dum
1457 1132 1617 1172 paciscens
1634 1131 1688 1163 fibi
1705 1134 1790 1173 prius
1807 1133 1952 1174 adquirat

1083 1175 1238 1206 aaronem
1262 1173 1422 1206 directam.
1451 1182 1482 1205 at
1501 1174 1553 1205 hic
1570 1183 1740 1214 numquam
1758 1174 1839 1205 aftio
1855 1174 1954 1206 confi-

1083 1215 1134 1246 stit
1152 1218 1182 1247 in
1203 1215 1333 1256 persona
1345 1216 1460 1254 patris3
1477 1216 1505 1246 &
1518 1215 1639 1247 idcirco
1655 1224 1695 1247 ne
1710 1215 1750 1247 ad
1766 1213 1865 1248 filium
1887 1217 1954 1256 qui·

1085 1257 1156 1288 dem
1173 1257 1212 1288 ab
1229 1266 1269 1288 eo
1286 1255 1445 1288 transferri
1462 1255 1577 1298 potest.

1122 1361 1275 1397 XXVI.

433 1441 484 1477 De
497 1442 595 1488 pastis
609 1438 891 1484 administratorum
902 1463 913 1480 ‚
941 1445 974 1472 ut
992 1444 1125 1472 tutorum
1137 1464 1146 1481 ,
1170 1445 1361 1479 curatorum,
1386 1437 1519 1472 aetorum
1535 1440 1702 1485 municipii.

229 1532 372 1571 equitur,
395 1536 430 1560 ut
450 1529 488 1559 de
512 1527 610 1567 paftis
634 1525 918 1558 administratorum
938 1525 1043 1557 videa-

173 1535 221 1606 S
240 1581 317 1604 mus.
343 1572 372 1600 in
390 1569 502 1609 quibus
523 1570 655 1609 primum
673 1568 813 1599 occurrit
832 1576 936 1598 tutor:
955 1566 1044 1607 hujus

173 1623 250 1644 vero
267 1611 390 1653 paetum
409 1610 530 1650 pupillo
546 1608 708 1650 prodesse,
725 1608 777 1639 lib.
788 1618 817 1649 3.
837 1609 883 1639 Ad
901 1607 1044 1640 Edictum

171 1655 214 1685 ait
239 1654 350 1685 Paulus
374 1653 393 1684 l.
418 1661 462 1691 15.
482 1649 523 1682 D.
550 1652 583 1681 de
595 1650 698 1691 paens.
722 1650 751 1680 δι
768 1649 813 1680 est
832 1650 931 1681 ratio:
955 1651 1044 1690 quod

172 1703 278 1733 tutor,
295 1702 446 1735 quantum
462 1693 500 1723 ad
517 1692 751 1731 providentiam
767 1691 972 1730 pupillarem,
989 1691 1044 1722 do-

169 1737 248 1768 mini
264 1736 340 1768 loco
357 1733 491 1766 habetur
500 1733 518 1765 l.
529 1743 578 1773 27.
596 1731 638 1764 D.
656 1734 689 1763 de
704 1729 950 1772 administratione
968 1738 1043 1763 tuto·

168 1788 245 1809 rum.
290 1776 377 1808 Idem
394 1776 496 1807 dicam
514 1776 553 1806 de
569 1781 716 1805 curatore
733 1772 838 1804 furiofi
856 1773 874 1804 l.
894 1777 944 1807 28.
963 1773 992 1814 §.
1016 1782 1040 1804 1.

167 1818 213 1850 D.
230 1819 262 1850 de
273 1817 385 1859 paftis,
401 1817 428 1848 &
442 1818 480 1847 de
497 1816 603 1847 actore
619 1815 832 1852 municipum:
850 1823 920 1845 nam
939 1814 969 1845 &
989 1814 1040 1852 hi,

168 1868 324 1900 quatenus
342 1857 479 1898 postulat
495 1856 658 1889 neceffitas
676 1855 793 1895 publici
812 1856 966 1894 muneris,
983 1865 1041 1896 pro

169 1902 308 1933 dominis
333 1900 413 1932 sunt.
451 1899 519 1930 haec
542 1906 646 1929 tamen
667 1897 753 1928 fictio
777 1895 840 1928 est:
863 1906 926 1928 non
956 1898 1041 1928 enim

168 1942 239 1974 sunt
256 1942 395 1980 domini,
420 1940 474 1972 etfi
493 1939 648 1971 habentur
665 1947 722 1979 pro
738 1938 897 1969 dominis:
920 1937 950 1969 ὃ(
968 1938 1042 1969 ideo

168 1993 235 2016 non
256 1984 346 2015 datur
368 1983 449 2014 attio
474 1981 592 2013 diretta
616 1990 655 2012 ex
673 1979 810 2019 ipsorum
828 1979 1042 2018 pastionibus,

170 2023 223 2056 sed
242 2025 327 2056 utilis
343 2025 363 2055 l.
380 2035 411 2064 5.
427 2023 455 2065 §.
473 2032 505 2059 9.
530 2022 571 2053 D.
591 2022 624 2052 de
639 2020 795 2061 constituta
806 2022 951 2061 pecunia,
974 2021 993 2051 l.
1013 2030 1042 2059 4.

173 2064 216 2096 D.
240 2065 310 2096 Rem
321 2065 427 2106 pupilli
434 2065 551 2105 salvam
558 2064 635 2102 fore.

212 2105 262 2137 Ex
277 2109 392 2138 eodem
410 2106 503 2137 fonte
521 2104 584 2136 est:
609 2105 696 2145 quod
712 2103 732 2136 fi
749 2102 965 2143 paciscantur,
989 2101 1041 2134 Ne

170 2148 406 2189 petatpupillus
417 2170 425 2185 ,
437 2155 489 2177 aut
504 2144 657 2184 furiosus,
672 2155 725 2177 aut
735 2144 958 2184 municipium:
974 2153 1040 2175 non

169 2196 269 2220 nocet
285 2197 395 2219 eorum
415 2188 538 2228 pastum
556 2187 695 2227 pupillo,
713 2186 923 2233 furio-sonant
940 2186 1039 2232 muni-

167 2228 508 2317 &trsessiaietaii
522 2226 1041 2326 &ffissnljpiffiiifssfg‘igiwii}

169 2310 538 2392 Ἐῖρὲξὲῗιῑῇέῂὲῗέοξέ
557 2311 685 2381 tzitta
700 2308 971 2389 {iifffflbflssfiffl'
988 2309 1042 2381 {352⁶ss

170 2394 373 2425 deminuendi
391 2392 479 2424 causa
496 2390 676 2432 transigant.
701 2399 851 2422 caeterum
873 2391 979 2431 potest
996 2399 1043 2422 tu·

171 2442 224 2465 tor
245 2437 298 2475 (ut
314 2436 397 2466 idem
417 2433 529 2466 Paulus
544 2433 587 2464 ait
602 2434 621 2463 l.
640 2443 689 2471 27³·
709 2433 749 2463 D.
768 2433 826 2463 eod.
847 2434 890 2463 tit.
914 2441 984 2472 quae
997 2431 1041 2464 est

171 2475 334 2516 desumpta
350 2486 389 2507 ex
407 2475 460 2507 lib.
470 2484 500 2515 3.
526 2474 573 2505 Ad
590 2473 755 2510 Edictum,
774 2474 802 2505 ἀ
820 2474 1040 2514 conjungenda

171 2525 244 2548 cum
262 2518 290 2547 d.
308 2517 327 2548 l.
349 2519 403 2558 ¹5)
429 2517 468 2547 ad
488 2516 598 2556 pupilli
616 2516 784 2547 utilitatem
805 2515 833 2546 &
852 2524 987 2554 novare,
1012 2515 1041 2546 &

169 2566 238 2589 rem
253 2557 283 2588 in
298 2558 448 2597 judicium
461 2557 629 2589 deducere.
647 2556 752 2596 potest
768 2556 861 2586 etiam
875 2555 1042 2597 transigere

171 2598 191 2628 l.
202 2607 252 2638 54.
270 2598 299 2639 §.
318 2599 370 2629 ult.
388 2598 423 2633 ἐξ
437 2599 457 2629 l.
472 2602 521 2637 56.
540 2598 607 2639 §.4
624 2597 666 2629 D.
685 2598 839 2637 defurtz's:
855 2597 1041 2637 &jusjuran-

169 2638 244 2669 dum
263 2638 386 2670 deferre
398 2662 406 2675 ,
422 2638 641 2687 deficientibus
658 2638 901 2679 probationibus
918 2638 936 2669 l.
951 2647 986 2678 17
1008 2638 1038 2680 §.

173 2678 899 2763 fii65:9191rii,5z315csultililtlzitjezisiejpcurgiiiioz’naotg[gii’riilrta.e
903 2678 1039 2752 5³13?on

1088 1533 1140 1557 tor
1155 1526 1186 1557 in
1203 1535 1237 1557 re
1251 1525 1360 1566 pupilli
1374 1524 1506 1556 habetur
1521 1526 1640 1558 domini
1658 1527 1753 1566 loco;
1769 1534 1840 1558 curn
1857 1526 1953 1558 adrni-

1086 1567 1192 1599 nistrat
1213 1567 1343 1597 tutelam
1355 1589 1364 1603 ‚
1382 1575 1446 1597 non
1465 1575 1536 1597 cum
1555 1568 1708 1608 pupillum
1726 1567 1837 1609 spoliat
1855 1567 1873 1597 l.
1885 1576 1911 1608 7.
1924 1567 1953 1607 §.

1086 1619 1113 1649 3.
1134 1608 1175 1639 D.
1208 1608 1265 1639 Pro
1280 1614 1408 1647 emptore.
1433 1607 1605 1639 Videamus
1623 1616 1745 1647 tamen,
1770 1617 1809 1640 ne
1826 1608 1879 1639 hic
1896 1610 1955 1638 ob-

1087 1650 1146 1681 stet
1161 1649 1179 1680 l.
1196 1659 1225 1687 4.
1245 1649 1276 1680 C.
1293 1651 1326 1679 de
1337 1648 1451 1688 praediis
1466 1647 1502 1682 {9⁹
1517 1650 1582 1680 aliis
1592 1651 1673 1681 rebus
1688 1651 1849 1681 minorum:
1867 1649 1954 1686 cujus

1085 1690 1214 1731 apposui
1230 1690 1335 1721 verba.
1381 1689 1454 1721 Non
1460 1689 1557 1727 solum
1570 1697 1621 1731 per
1638 1692 1829 1722 venditionem
1844 1688 1955 1727 rustica

1082 1734 1193 1773 praeaz'a
1207 1731 1253 1762 vel
1269 1730 1435 1769 suburbana
1447 1731 1553 1771 pupilli
1568 1732 1613 1762 vel
1628 1732 1811 1769 adolescentes
1824 1732 1950 1762 alienare

1079 1774 1283 1814 probibentur:
1297 1774 1350 1813 sed
1376 1781 1466 1812 neque
1490 1772 1691 1804 trunsufflonis
1712 1774 1839 1811 ratione,
1863 1779 1953 1813 neque

1078 1816 1309 1855 permutatione,
1326 1813 1362 1847 &3⁹
1372 1813 1459 1843 multo
1471 1816 1560 1855 magis
1570 1815 1717 1846 donatione
1727 1837 1736 1853 ‚
1751 1814 1797 1845 vet
1813 1814 1869 1844 alio
1883 1822 1953 1855 quo-

1084 1866 1138 1897 quo
1154 1857 1231 1886 modo
1248 1864 1280 1886 ea
1298 1854 1455 1894 transferre
1461 1853 1523 1892 sine
1539 1856 1645 1886 decreto
1662 1866 1679 1887 a
1690 1856 1811 1887 dominio
1818 1856 1874 1894 suo
1887 1861 1953 1895 pos·

1076 1903 1161 1936 sunt.
1186 1897 1279 1938 igitur
1297 1895 1333 1930 E?
1348 1902 1380 1927 tu
1388 1894 1416 1934 fi
1425 1896 1575 1934 fratrilms
1597 1899 1655 1928 tuis
1668 1903 1718 1936 per
1731 1896 1952 1927 transactionem

1077 1938 1210 1978 fundum
1226 1936 1326 1977 dedisti
1337 1938 1503 1976 ,vindicare
1512 1946 1575 1968 eum
1589 1944 1685 1978 potes.-
1705 1938 1765 1979 [led
1775 1938 1826 1979 ὁὶ]
1840 1936 1869 1975 fi
1882 1937 1954 1978 quid

1085 1989 1121 2010 ex
1135 1981 1227 2010 eodem
1242 1978 1324 2019 patio
1342 1978 1507 2016 consecutus
1523 1988 1569 2010 es.-
1591 1980 1621 2010 id
1635 1986 1731 2010 mutuo
1746 1976 1892 2020 restituere
1906 1979 1955 2008 de-

1086 2022 1140 2052 bes.
1165 2021 1226 2052 Sed
1243 2029 1306 2051 non
1322 2018 1442 2051 obstat:
1458 2020 1600 2059 loquitur
1614 2021 1697 2051 enim
1715 2021 1765 2051 lex
1780 2021 1820 2051 de
1836 2019 1952 2050 rustico

1086 2062 1225 2102 praedio:
1242 2061 1329 2101 quod
1347 2068 1434 2091 tutor
1452 2059 1609 2092 Oratione
1627 2060 1668 2092 D.
1686 2061 1878 2101 Severiquae
1897 2069 1952 2091 ex-

1085 2111 1130 2134 tat
1147 2104 1177 2133 in
1193 2103 1212 2133 l.
1235 2111 1258 2132 1.
1272 2108 1316 2141 pr.
1333 2102 1361 2140 ἓ.
1383 2110 1408 2132 1.
1427 2101 1463 2135 δ’
1480 2111 1507 2132 2.
1527 2102 1567 2132 D.
1586 2103 1619 2132 de
1633 2103 1714 2133 rebus
1727 2111 1822 2132 eorum
1838 2101 1953 2142 quisub

1084 2144 1189 2182 tutela,
1207 2143 1394 2182 prohibetur
1411 2143 1546 2174 alienare
1563 2142 1625 2174 fine
1641 2144 1773 2175 decreto
1792 2142 1950 2174 Praetoris.

1084 2194 1144 2216 nec
1161 2193 1238 2215 vero
1255 2184 1367 2215 mirum
1385 2182 1448 2222 est;
1464 2182 1484 2214 fi
1501 2184 1541 2215 de
1558 2193 1598 2215 eo
1616 2185 1736 2225 praedio
1751 2193 1790 2215 ne
1807 2182 1952 2223 tranfige-

1083 2236 1117 2258 re
1133 2225 1259 2266 quidem
1278 2224 1371 2265 poffit
1387 2223 1451 2256 fine
1468 2225 1600 2256 decreto
1619 2226 1675 2256 αλ.
1687 2236 1716 2264 4.
1733 2225 1805 2256 atin
1823 2225 1851 2256 d.
1868 2224 1947 2265 ΑΜ.

1084 2268 1113 2309 §.
1131 2267 1184 2298 ult.
1202 2266 1238 2300 &2⁹
1253 2266 1316 2297 (1.1.
1336 2270 1384 2306 56.
1402 2265 1430 2306 ς.
1446 2276 1475 2304 4.
1494 2265 1536 2297 D.
1562 2268 1594 2296 de
1610 2268 1705 2304 furtis
1728 2266 1830 2306 agitur
1853 2266 1893 2297 de
1915 2273 1950 2297 re

1084 2310 1173 2340 furto
1197 2308 1319 2346 ablata,
1342 2306 1374 2338 id
1390 2306 1452 2345 est,
1475 2307 1515 2338 de
1532 2316 1565 2338 rc
1582 2308 1712 2345 mobili,
1736 2307 1788 2338 vel
1807 2306 1866 2338 sese
1883 2315 1952 2338 mo-

1083 2357 1198 2381 vente:
1215 2349 1307 2389 (narn
1323 2350 1487 2388 utriusque
1496 2346 1531 2379 fit
1542 2350 1669 2380 demum
1684 2348 1821 2379 furtum:
1838 2348 1948 2388 explo-

1083 2391 1112 2422 sa
1136 2390 1286 2422 sententia
1309 2388 1568 2428 existimantium,
1595 2390 1688 2421 etiam
1705 2389 1878 2421 fundorum
1894 2396 1948 2419 aut

1084 2433 1217 2469 aedium,
1241 2431 1272 2462 id
1293 2430 1357 2469 est,
1380 2439 1484 2462 rerum
1507 2432 1717 2463 immobilium
1740 2430 1859 2462 furtum
1881 2429 1947 2461 fieri

1083 2475 1101 2504 l.
1113 2478 1162 2514 38.
1173 2472 1214 2503 D.
1233 2473 1265 2503 de
1279 2473 1511 2513 usurpationibus
1527 2471 1564 2507 ἃ
1578 2472 1815 2513 usucapionibus)
1832 2472 1949 2512 agitur,

1083 2515 1209 2554 inquam
1228 2514 1257 2544 in
1277 2514 1303 2543 d.
1323 2512 1352 2554 §.
1373 2514 1426 2544 ult.
1446 2512 1482 2548 ξεῖ
1501 2515 1528 2544 d.
1547 2514 1575 2555 §.
1591 2525 1620 2553 4.
1639 2514 1678 2545 de
1695 2523 1727 2544 re
1747 2513 1878 2551 mobili,
1893 2513 1945 2544 vel

1084 2556 1146 2587 sese
1163 2562 1333 2586 movente:
1351 2563 1463 2594 quarn,
1481 2562 1621 2594 excepto
1634 2555 1794 2595 mancipio
1813 2553 1946 2591 rustico,

1083 2604 1211 2636 poterat
1228 2603 1333 2634 tutor,
1355 2596 1562 2635 permittente
1578 2594 1733 2627 Oratione
1752 2594 1795 2627 D.
1818 2595 1944 2633 Severi,

1081 2638 1155 2679 Jure
1172 2636 1396 2669 Pandefflrum
1412 2637 1476 2668 fine
1493 2637 1625 2668 decreto
1641 2637 1793 2668 alienare:
1809 2644 1843 2668 ut
1854 2644 1947 2676 appa-

1081 2688 1130 2710 ret
1145 2688 1186 2710 ex
1202 2678 1220 2709 l.
1238 2687 1287 2710 22.
1305 2678 1336 2707 C.
1351 2679 1383 2708 de
1398 2676 1644 2718 administratione
1659 2684 1796 2710 tutorum.
1823 2677 1898 2719 quid
1914 2675 1945 2708 ni

1080 2720 1176 2762 igitur
1190 2727 1317 2760 poterat
1332 2727 1462 2760 quoque
1478 2720 1518 2751 de
1536 2729 1572 2751 ea
1588 2718 1778 2761 transigere?

829 2831 1045 2867 CAPUT
1102 2829 1283 2866 XXVII.

171 2911 222 2947 De
236 2911 333 2957 pateis
346 2916 585 2956 procuratorum.
636 2911 698 2945 Eos
716 2919 927 2957 procuratores
941 2911 1038 2946 videri
1055 2911 1204 2957 duplices:
1231 2909 1283 2944 vel
1298 2908 1354 2954 effi
1375 2910 1463 2943 unius
1481 2910 1526 2944 rei
1547 2911 1599 2955 qui
1615 2917 1820 2955 procuratores
1824 2906 1942 2954 specia-

219 2960 264 2993 les
283 2959 490 3005 appellitatum
517 2958 567 2991 vel
584 2956 640 3002 effe
664 2959 869 3005 universorum
888 2962 1074 3006 negotiorum
1088 2986 1096 3002 ,
1124 2957 1164 2998 &³
1187 2960 1238 2992 hos
1264 2959 1323 2992 dici
1344 2959 1501 3004 generales
1526 2968 1752 3004 procuratores:
1776 2959 1866 2992 etiam
1885 2953 1944 2987 dici

221 3009 330 3042 habere
341 3008 468 3041 liberam
482 3007 613 3040 omnium
628 3009 811 3051 negotiorum
836 3009 1139 3056 administrationem.
1174 3019 1239 3053 quae
1253 3008 1329 3041 ratio
1344 3009 1411 3053 ejus
1428 3008 1581 3042 locutionis
1591 3017 1603 3041 .·
1629 3005 1670 3047 ἐξ
1688 3006 1759 3053 quid
1772 3000 1940 3048 eafigm'fi·

217 3056 324 3092 cetur?
348 3057 440 3099 item,
463 3065 526 3100 quoe
532 3053 577 3099 fit
596 3055 748 3099 utriusque
761 3060 969 3100 procuratoris
980 3056 1141 3105 potestas?

170 3160 318 3235 Longe
337 3159 394 3191 alia
406 3159 495 3190 causa
513 3157 556 3189 est
572 3156 806 3197 procuratoris,
829 3165 894 3188 non
911 3159 993 3192 enirn
1012 3161 1038 3192 is

248 3201 376 3241 publica
388 3200 595 3240 auctoritate,
611 3197 663 3232 sed
679 3199 805 3240 privato
823 3196 944 3232 domini
956 3209 1039 3235 man-

1080 3159 1155 3191 dato
1173 3160 1238 3200 eJus
1249 3159 1376 3201 negotia
1387 3157 1590 3190 administrat.
1605 3156 1697 3193 inde,
1709 3153 1730 3185 fi
1747 3152 1879 3185 domino
1895 3161 1943 3184 ca·

1081 3208 1159 3241 vet,
1181 3201 1270 3236 alteri
1291 3209 1405 3237 cavere
1429 3199 1637 3239 intelligitur:
1659 3195 1779 3228 &ideo
1797 3193 1819 3226 fi
1834 3194 1943 3266 pacitiitrs

1877 3265 1883 3274 ι
1928 3254 1940 3272 2
