2036 3495
147 141 218 175 441>
585 122 620 157 G
649 129 670 154 a
703 127 727 153 R
758 126 780 151 A
812 127 835 152 ιι
865 125 890 150 n
919 125 933 152 1

155 219 175 251 1.
194 228 222 257 9.
244 215 285 249 D.
307 218 340 250 de
356 216 422 258 adq.
439 212 531 247 hered.
575 210 646 242 Imo
662 214 724 240 nec
744 207 799 240 ille
822 204 961 250 'pupillus
981 210 1030 235 tu·

157 262 237 293 toris
259 259 478 291 auctoritatem
502 253 624 293 semper
647 247 882 295 desiderata-est
899 245 1030 291 quidem

155 303 186 335 ei
210 300 400 337 necessaria,
437 295 565 336 quoties
590 291 674 324 suam
701 286 1031 336 conditionem-‘facit

158 344 363 377 deteriorem.
385 345 417 370 at
433 346 498 369 non
514 334 559 367 est
582 332 774 371 neceffaria,
796 331 849 362 ubi
865 329 946 361 facit
967 337 1030 361 me-

156 386 272 419 liorem
288 393 294 414 z
317 389 352 413 ut
373 379 392 411 si
416 379 454 409 ab
469 378 532 409 alio
556 375 723 417 stipuletur
734 380 783 414 pr.
802 370 874 417 Inft.
901 371 968 416 1.-9.
987 371 1033 401 D.

158 429 188 459 h.
206 432 228 457 t.
253 431 305 456 aut
322 423 350 453 ei
367 422 520 457 donetur,
543 417 596 449 seu
615 417 810 453 remittatur,
833 413 952 458 aliquid
975 411 993 442 l.
1005 421 1033 442 2.

158 468 201 500 D.
216 468 248 498 de
263 463 424 504 acceptilav.
449 467 580 498 contra,
602 458 623 490 fi
642 466 714 499 agat
733 466 798 497 quo
814 454 945 500 obligari
962 461 1033 493 pos-

158 509 213 547 sit,
234 513 285 538 aut
303 505 350 545 jus
371 502 458 534 suum
474 502 619 539 amittat,
644 500 826 544 imminuat,
846 496 1030 542 alienetxe,

159 558 224 581 non
243 548 346 584 valet3
371 553 431 575 nec
448 543 602 584 pupillum
621 548 729 578 tenet,
752 539 829 570 licet
844 546 868 567 is
887 545 941 575 qui
957 542 1031 566 cum

159 589 284 631 pupillo
308 586 488 623 contraxit,
513 585 541 615 ei
567 590 713 614 teneatur
740 581 768 612 d.
789 587 836 620 pr.
859 575 932 618 [th.
955 577 984 609 h.
1009 583 1031 607 t.

160 631 195 666 ὅ*
213 632 240 662 d.
257 630 277 663 i.
303 638 332 665 9.
352 635 397 668 pr.
413 626 442 668 ὃ.
463 636 490 658 1.
510 625 546 659 ἐξ
564 635 593 656 2.
613 623 653 654 D.
671 623 700 654 h.
719 628 741 653 t.
758 621 777 652 l.
799 629 843 661 13Δ
861 618 889 660 §.
917 627 965 654 19.
990 616 1032 664 D.

159 674 193 704 cle
208 671 264 704 ast.
277 675 361 710 empt.
408 669 529 700 Eadem
546 666 669 697 ratione
692 662 829 703 pupillus
847 670 887 705 ne
910 659 1035 690 heredi-

160 722 260 746 tatem
287 712 416 753 quidem
432 710 518 740 adire
539 707 602 746 fine
626 705 741 736 tutoris
766 702 954 733 auctoritate
975 709 1033 740 po-

162 755 223 787 test
243 756 260 785 ι.
275 758 303 788 8.
322 753 362 784 D.
379 754 411 784 de
428 753 493 790 adq.
510 749 601 779 hereti.
632 745 687 777 etsi
706 744 828 776 lucrosa
860 741 912 773 sit:
934 750 974 772 ne
991 741 1035 772 ul-

161 798 228 830 lum
248 797 395 828 damnum
414 791 549 830 accipiat
566 788 594 830 §c
616 796 642 819 1.
666 784 739 826 Inst.
764 784 801 820 ὅ)
818 785 846 815 d.
869 783 888 814 l.
905 792 933 819 9.
959 781 987 824 §.
1003 792 1033 821 4.

161 839 205 872 D.
224 839 251 871 h.
269 842 289 868 ε.
336 832 444 867 Potest
467 833 561 873 igitur
579 828 736 870 pupillus,
767 824 890 872 infante
917 832 1036 864 major,

161 890 252 921 aeque
269 887 305 910 ac
329 875 487 916 pubertati
506 873 671 914 proximus
689 893 699 909 ,
721 869 812 914 (nam
840 876 886 912 in⁴
899 871 1037 905 uti-oque

161 924 246 955 idem
271 917 389 960 placuit
413 916 441 957 §.
463 924 509 947 10.
538 911 610 954 last.
642 913 677 956 ae·
697 905 967 954 inatilzb3ftip11l.)
998 914 1039 952 ex

162 963 351 996 aunoritate
369 958 484 989 tutoris
502 956 531 987 r&
548 954 731 986 naturaliter
748 951 778 982 &
796 949 933 981 ciViliter
957 947 1037 994 obli-

162 1007 224 1047 gari
244 1003 263 1034 l.
282 1012 312 1042 5.
333 1000 373 1032 D.
390 1000 418 1030 h.
436 1004 455 1029 t.
480 1005 511 1029 at
536 996 600 1029 fine
624 1004 659 1027 ea
686 989 1038 1036 tantum-naturaliter,

163 1055 229 1080 non
246 1045 341 1076 etiam
358 1040 509 1072 civiliter.
552 1039 619 1069 imo
638 1045 677 1068 ne
694 1033 879 1066 naturaliter
896 1031 1039 1076 quidem,

163 1087 293 1129 quoties
316 1082 466 1115 naturalis
491 1079 646 1120 obligatio
666 1074 813 1108 adversus
838 1082 911 1105 eum
937 1073 1041 1116 dirigi-

165 1139 233 1162 tur:
258 1125 313 1159 etfi
328 1131 442 1156 contra
458 1123 588 1154 tertium
606 1118 780 1164 instinctor.
804 1123 920 1154 nempe
945 1113 1040 1159 Juris-

164 1169 299 1204 consulti
318 1165 417 1206 magis
439 1165 476 1195 ad
502 1164 576 1204 juris
602 1159 771 1197 eflectum,
795 1165 888 1197 quam
913 1155 951 1186 ad
976 1163 1039 1200 ina-

164 1222 240 1245 nem
258 1209 464 1241 subtilitatem
484 1203 711 1245 respicienteS,
736 1195 945 1238 negant‚esse
962 1195 1041 1242 obli-

164 1255 348 1297 grinonem,
371 1256 424 1280 aut
445 1248 492 1288 jus
516 1245 621 1282 aliud,
644 1243 731 1282 cujus
749 1239 888 1288 'effeftus
904 1246 968 1268 non
992 1239 1040 1269 iit.

164 1305 202 1328 ac
228 1292 399 1326 secundum
423 1289 493 1320 hoec
521 1286 666 1318 suadeam
689 1291 790 1327 accipi
822 1280 915 1327 l.‘59.
942 1278 983 1309 D.
1008 1279 1041 1309 de

165 1337 283 1378 obligat.
302 1333 338 1368 {9⁹
361 1330 417 1363 αὲἶ.
434 1330 470 1365 &³
487 1329 506 1360 l.
524 1337 574 1367 41.
595 1327 640 1358 D.
657 1326 690 1356 de
707 1320 828 1354 condier.
845 1321 937 1351 incieb.
980 1319 1040 1352 Po-

164 1379 286 1412 stremo
311 1374 332 1406 fi
359 1370 581 1405 contrahendo
613 1365 750 1408 pupillus
780 1362 817 1396 fit
846 1361 1041 1402 locupletior

163 1420 288 1456 factus,
311 1424 346 1447 ut
368 1422 404 1446 ut
427 1413 500 1444 alias
522 1413 590 1451 jure
608 1407 694 1438 civili
712 1414 776 1437 non
807 1410 954 1435 teneatur
976 1402 1042 1433 fine

167 1460 283 1495 tutoris
300 1455 506 1488 austoritate:
532 1451 576 1482 est
601 1456 708 1493 tamen
731 1452 898 1492 receptum
921 1453 961 1475 eit
985 1442 1046 1491 Re?

164 1503 284 1544 scripto
304 1497 345 1530 D.
363 1496 430 1534 Pii,
455 1501 490 1526 ut
505 1491 601 1534 poffit
627 1489 697 1521 utili
725 1487 853 1519 athone
878 1494 1044 1518 conveniri

225 1568 232 1575 .
274 1566 280 1573 .
318 1563 324 1570 .
343 1548 369 1570 1.
387 1536 430 1568 D.
447 1537 475 1568 b.
493 1541 516 1566 ε.

167 1547 197 1578 ἀ·
209 1545 271 1617 geg
289 1539 420 1622 ἕρματα
435 1601 446 1617 ,
470 1575 600 1619 quando
619 1572 790 1606 necess'aria
805 1571 929 1613 pupillo
947 1569 983 1603 fit
999 1577 1046 1602 tu-

167 1627 248 1661 toris
273 1621 464 1659 auctoritas,
487 1620 565 1651 item
587 1616 659 1658 quis
679 1614 716 1646 fit
741 1613 891 1646 adhibita:
915 1620 968 1644 aut
992 1621 1046 1644 ne-

167 1667 280 1711 glectte
304 1662 451 1696 effectus.
493 1660 619 1702 Quaeris
636 1680 646 1696 ,
682 1665 719 1687 an
740 1663 829 1687 tutor
855 1664 872 1686 a
901 1654 1044 1686 Praetore

167 1711 241 1752 cogi
259 1706 370 1749 poslit,
395 1703 510 1736 nolens
537 1710 606 1732 eam
630 1696 864 1744 interponere?
894 1696 958 1742 Sed
979 1704 1045 1741 nori

167 1758 261 1794 putat
286 1748 400 1781 Paulus
425 1746 444 1777 l.
467 1754 514 1785 17·
541 1742 583 1774 D.
615 1741 643 1773 h.
668 1745 689 1770 t.
713 1746 870 1785 primum,
893 1746 967 1784 quia
990 1745 1045 1767 ini-

170 1801 268 1835 quum
286 1789 330 1823 est
345 1797 438 1826 eum,
460 1783 579 1818 etiamsi
595 1780 808 1828 non-expedit
831 1779 972 1825 pupillo,
996 1786 1046 1808 au·

171 1836 352 1868 &toritatem
379 1833 597 1869 interponere.
621 1823 738 1855 deinde
764 1821 969 1868 consequitur
992 1828 1046 1860 pu-

168 1877 284 1919 pillus,
309 1874 340 1905 id
356 1871 418 1910 est,
448 1867 556 1911 potest
577 1865 748 1904 consequi,
771 1863 853 1894 hanc
874 1861 1046 1902 Jassumm,

169 1920 190 1953 si
209 1926 278 1958 quas
293 1915 349 1952 sit,
374 1912 482 1945 tutelae
504 1909 634 1951 iudicio,
656 1905 710 1938 nisi
725 1912 822 1952 ‘tutor
849 1913 903 1945 per
925 1903 1046 1933 valetu-

171 1961 279 1993 dinem
297 1957 345 1988 vel
363 1955 536 1986 absentiam
555 1949 605 1981 vel
617 1948 708 1980 aliam
722 1945 833 1987 justam
848 1943 968 1991 causam
981 1953 1047 1975 non

169 2002 278 2044 potuit
294 1998 404 2029 autror
421 1994 589 2033 fieri-,tum
604 1992 690 2023 enim
710 1998 750 2020 eo
767 1996 899 2020 nomine
915 1995 979 2018 non
997 1992 1046 2016 te-

169 2051 265 2077 netur
280 2040 299 2072 l.
324 2048 370 2071 10.
397 2037 438 2069 D.
453 2037 480 2067 li.
500 2041 522 2067 ε.
898 2071 903 2076 ι

213 2084 358 2124 Sequens
376 2080 466 2112 locus
491 2076 570 2115 erit,
593 2072 762 2116 quomodo
786 2072 1007 2118 austeritatem
1030 2077 1046 2099 a

171 2134 281 2159 tutore
295 2121 457 2162 interponi
474 2126 623 2159 oporteat
635 2115 733 2148 :nulla
745 2114 837 2155 plane
848 2112 1048 2158 differentia3

171 2176 278 2201 utrum
295 2174 361 2198 non
384 2160 575 2196 interveniat
587 2183 596 2198 ,
621 2167 657 2189 an
675 2164 843 2198 perperam
859 2153 1048 2198 adhibeatur

172 2211 191 2242 l.
214 2220 243 2242 2.
264 2207 305 2240 D.
324 2207 350 2238 h.
365 2212 386 2237 t.
419 2204 498 2236 Fac:
523 2202 629 2242 plures
647 2198 717 2230 sunt
734 2205 872 2242 tutores.
891 2194 1048 2226 sufficitne

172 2250 341 2283 auctoritas
359 2247 473 2285 unius3
496 2252 534 2275 an
554 2240 698 2274 omnium
716 2239 911 2270 intervenire
929 2233 1050 2281 debet?

173 2301 247 2324 ante
262 2289 468 2331 Justinianum
491 2287 642 2317 intererat
665 2283 747 2312 inter
764 2287 897 2311 tutores.
921 2285 993 2323 nam
1018 2285 1049 2307 in

173 2333 324 2375 legitimis
340 2328 511 2363 necessaria
528 2325 697 2367 putabatur
708 2322 851 2354 omnium
867 2319 1050 2364 auClzoritas.

175 2376 207 2407 in
225 2372 466 2405 testamentariis
491 2369 581 2400 unius
604 2363 789 2397 sufficiebat.
814 2362 924 2409 auftor
946 2360 1052 2400 Ulpia·

175 2424 235 2447 nus
252 2424 268 2446 a
286 2413 416 2454 Cujacio
434 2411 619 2443 emendatus
640 2406 729 2438 Notis
747 2406 785 2451 aa
810 2403 869 2436 Tic.
885 2410 930 2435 xx.
953 2401 982 2443 §.
1001 2410 1052 2438 29.

176 2459 262 2489 idem
284 2464 349 2486 erat
379 2456 408 2486 in
435 2451 551 2484 dativis
576 2458 616 2480 ex
639 2446 871 2493 inquisitione:
912 2453 992 2484 quos
1015 2449 1052 2473 ut

177 2507 244 2530 non
267 2497 399 2536 attingat
415 2493 594 2534 Ulpianus,
618 2488 718 2522 refert
735 2488 925 2528 Jullinianus
949 2485 967 2516 1.
994 2484 1052 2529 ulf.

180 2540 214 2571 C.
231 2540 263 2570 de
281 2536 359 2568 aust.
378 2533 472 2576 praest.
495 2533 584 2566 fimul
608 2538 733 2563 mutans
755 2530 802 2570 jus
827 2536 930 2559 vetus.
954 2526 1053 2571 sancit

178 2581 285 2616 enim,
306 2578 328 2610 si
352 2578 453 2616 plures
473 2583 598 2607 tutores
615 2573 736 2604 fuerint
755 2571 912 2607 ordinati,
934 2567 999 2600 five
1021 2575 1052 2598 in

180 2621 370 2654 testamento
391 2626 542 2657 paterno,
565 2615 628 2647 five
646 2623 686 2645 ex
711 2613 783 2653 lege
800 2611 927 2657 voca-ti,
950 2608 1054 2654 five-a

177 2663 290 2705 judice
308 2660 358 2690 vel
376 2667 416 2689 ex
438 2657 659 2698 inquisitione,
683 2654 735 2685 vel
757 2652 940 2698 simpliciter
966 2651 1028 2681 dati
1045 2670 1054 2686 ,

176 2705 270 2737 unius
290 2699 507 2733 auetoritatem
533 2707 592 2738 pro
618 2695 767 2728 omnibus
791 2692 954 2725 tutoribus
974 2689 1055 2721 suffi-

180 2754 271 2778 cere:
300 2743 442 2774 nondum
458 2739 551 2770 divisa
569 2736 840 2770 administratione
858 2733 909 2765 vel
934 2742 993 2773 pro
1011 2740 1056 2762 re-

181 2786 351 2830 gionibus,
374 2781 426 2812 vel
446 2789 503 2820 pro
523 2780 698 2811 substantiae
721 2776 875 2819 partibus.
899 2772 1056 2821 &praefa-

183 2837 250 2862 tur:
273 2825 360 2867 quod
376 2822 421 2854 ibi
439 2819 562 2853 necesse
578 2822 641 2858 est,
665 2820 804 2862 singulos
821 2827 880 2858 pro
906 2816 967 2847 suis
992 2823 1058 2856 par·

183 2871 269 2903 tibus
290 2867 340 2898 vel
357 2861 538 2905 regionibus
555 2862 678 2901 pupillo
699 2860 919 2902 anerei-itatem
938 2854 1060 2898 praesta-

183 2921 231 2944 re.
257 2911 387 2948 utique,
405 2904 424 2937 fi
441 2913 490 2935 res
506 2911 576 2942 quae
597 2902 716 2940 agitur,
739 2911 804 2933 non
831 2897 1060 2945 faciat-tutelae

185 2952 394 2984 solutionem:
425 2944 565 2985 alioquin
583 2965 593 2981 ,
623 2942 685 2973 five
717 2943 966 2978 testamentarii,
995 2938 1061 2970 five

185 3003 243 3035 pei·
265 2989 502 3031 inquisitionem
525 2985 614 3020 dati,
637 2981 699 3013 sive
722 2983 879 3022 legitimi,
902 2981 966 3013 five
992 2978 1060 3011 fim-

187 3034 315 3075 pliciter
333 3029 449 3067 creati,
474 3026 552 3065 fint3
572 3024 680 3066 jubet,
710 3032 822 3054 omnes
848 3023 930 3069 suam
951 3021 1061 3068 ‘aucto-

185 3076 312 3108 ritatem
332 3075 548 3110 interponere.
585 3065 773 3104 Eademque
791 3073 898 3095 omnia
913 3071 1010 3096 etiam
1029 3070 1062 3094 in

186 3115 386 3148 curatoribus
409 3109 580 3143 observari.
1003 3145 1008 3150 .

228 3156 291 3187 Sed
316 3160 465 3194 apparet,
490 3151 541 3182 ubi
567 3149 672 3190 plures
699 3145 768 3178 sunt
792 3151 935 3181 tutores,
966 3152 1062 3176 etiam

187 3198 280 3230 unius
295 3195 516 3225 austeritatem
544 3190 694 3222 sufficere.
736 3186 852 3218 Utrum
876 3193 981 3230 tamen
1007 3186 1060 3215 hu-

187 3241 234 3281 jus
250 3238 302 3280 qui
319 3235 451 3268 tutelam
468 3233 617 3275 geritzan
635 3231 702 3271 ejus
720 3236 850 3271 quoque
867 3234 921 3267 qui
936 3233 1000 3257 non
1009 3234 1062 3265 ge·

991 110 1254 155 NOODT
1312 107 1536 152 Corin.

1073 202 1140 234 rit?
1163 201 1246 233 hanc
1262 202 1467 243 quaestionem
1484 203 1555 237 finit
1570 203 1736 239 Africanus
1753 207 1774 239 l.
1790 206 1839 247 49.
1861 206 1901 240 D.
1912 205 1949 241 de

1073 244 1255 285 adquirenda
1270 245 1446 285 hereditare,
1471 246 1519 277 his
1538 247 1662 280 verbis:
1687 248 1835 290 l’upillum
1856 250 1945 282 etiam

1073 295 1102 316 eo
1122 291 1216 316 tutore
1239 285 1353 317 ααὲἶονε
1377 288 1429 328 qui
1458 287 1588 319 tutelam
1612 297 1676 321 non
1701 299 1814 331 gerat,
1838 292 1949 323 heredi-

1076 332 1165 357 tatem
1180 327 1310 358 adeundo
1329 328 1468 369 obligari,
1491 329 1544 361 ait.
1586 328 1649 361 Sed
1666 330 1865 372 Pomponius
1881 333 1901 365 l.
1912 343 1947 372 4.

1076 367 1118 399 D.
1137 368 1165 399 b.
1184 373 1205 399 t.
1229 376 1342 399 contra
1364 368 1487 408 scribit,
1511 372 1539 401 ἃ
1565 372 1653 411 quod
1678 372 1816 413 mireris,
1839 374 1947 405 verbis

1076 409 1168 450 plane
1183 409 1312 456 iisdem:
1336 408 1402 448 Erfi
1416 411 1553 452 pluribus
1570 414 1648 443 datis
1670 416 1831 453 tutoribus,
1857 416 1947 446 unius

1075 450 1235 482 austoricus
1249 449 1399 495 sufficiae,
1424 458 1519 483 tamen
1533 452 1564 491 fi
1585 459 1663 484 tutor
1685 453 1871 493 auftoretur,
1901 457 1950 487 cui

1076 490 1304 522 administratio
1321 493 1428 523 tutclae
1453 493 1599 526 concessa
1624 504 1687 526 non
1713 495 1777 534 est,
1799 497 1829 527 id
1852 502 1950 528 ratum

1074 534 1172 564 haberi
1187 542 1218 577 a·
1231 532 1355 563 Pratore
1371 543 1428 565 non
1449 536 1537 567 dehet.
1568 535 1608 567 Er
1625 537 1685 567 ideo
1698 543 1769 576 puto
1784 538 1882 568 verius
1899 537 1951 578 effa

1075 574 1149 615 qnod
1168 573 1256 614 Ofilio
1268 573 1414 614 placebat,
1432 574 1460 614 fi
1477 586 1506 607 eo
1526 582 1619 608 tutore
1640 577 1773 617 anelare,
1796 581 1847 620 qai
1870 586 1955 610 tate-

1077 617 1138 647 lam
1153 624 1218 645 non
1242 622 1349 655 gerat,
1371 624 1463 647 emam
1486 627 1503 648 a
1514 618 1642 658 pupillo,
1656 621 1753 660 sciens
1776 622 1868 651 alium
1888 620 1952 661 ejzu-

1078 655 1197 687 tutelam
1211 665 1327 697 gerere,
1352 657 1498 688 dominum
1511 668 1554 688 me
1568 668 1624 690 rzon
1636 660 1708 701 poffe
1718 660 1796 700 fieri.
1841 661 1913 692 Item
1922 660 1951 699 fi

1078 707 1107 728 eo
1133 696 1248 728 αιιὲἶονε
1271 706 1390 736 emam,
1420 699 1473 738 qai
1497 708 1516 729 a
1540 700 1639 731 tutela
1668 702 1765 733 fuerit
1792 710 1953 740 remotus;

1078 747 1130 769 nec
1146 738 1223 768 enim
1240 739 1270 782 id
1292 744 1391 769 ratum
1415 739 1521 770 haberi.
1565 739 1611 771 Ut
1638 742 1844 775 discutiantur
1867 752 1955 775 tene-

1078 779 1162 818 brae,
1187 779 1365 810 dividamus
1382 787 1522 812 tutorem
1540 782 1593 821 qui
1615 792 1679 814 non
1705 791 1794 824 gerat
1810 785 1954 816 tutelam.

1080 821 1216 868 primurn
1240 819 1276 851 fit
1299 820 1410 868 aliquis
1427 822 1480 862 qui
1498 822 1604 862 potest
1619 833 1747 865 gerere,
1771 824 1823 856 sed
1848 826 1953 857 hono-

1080 871 1122 894 ris
1138 870 1237 903 gratia
1253 870 1318 892 non
1336 870 1465 903 cogitur
1480 873 1612 904 gerere,
1635 874 1741 905 eoque
1766 866 1954 900 honorarius

1080 904 1258 948 appellatur
1277 910 1365 934 tutor
1380 906 1398 934 l.
1418 914 1446 945 3.
1465 904 1494 946 §.
1511 915 1542 937 2.
1563 905 1605 936 D.
1619 908 1653 937 de
1674 908 1784 938 admin.
1801 913 1889 939 tutor.
1915 910 1956 940 de

1081 945 1134 976 tali
1151 945 1356 989 accipiendus
1380 945 1425 976 est
1442 945 1613 979 Africanus
1630 949 1656 979 ὧ.
1677 948 1695 979 l.
1713 957 1765 988 49-
1807 948 1854 980 Sit
1879 949 1957 981 alius

1082 986 1136 1026 qui
1154 995 1218 1017 uon
1237 993 1319 1025 gerit
1337 987 1468 1019 tutelam
1485 1010 1495 1026 ‚
1518 989 1591 1028 quia
1616 989 1796 1029 prohibitus
1821 989 1865 1021 est
1886 1000 1957 1022 eam

1081 1036 1203 1068 gerere.
1237 1028 1299 1057 lioc
1324 1028 1433 1059 evenit
1459 1030 1487 1060 ei
1514 1031 1566 1069 qui
1592 1029 1765 1069 postulatus
1794 1039 1955 1072 tamquam

1082 1067 1256 1108 iui'pcfius,
1279 1076 1353 1100 ante
1377 1078 1470 1110 quain
1500 1069 1625 1103 finiatur
1647 1073 1808 1114 cognitio,
1833 1073 1865 1105 id
1891 1073 1958 1112 est,

1083 1118 1156 1141 ante
1176 1119 1270 1150 quam
1287 1119 1302 1140 a
1321 1112 1421 1142 tutela
1439 1120 1662 1153 removeatur,
1684 1115 1812 1145 interim
1830 1122 1957 1148 vetatur

1083 1160 1152 1183 eam
1171 1150 1382 1196 administrare
1405 1152 1434 1194 ᾗ.
1459 1163 1487 1194 7.
1510 1152 1586 1194 Inst.
1608 1155 1642 1185 de
1653 1154 1779 1196 suspebih
1798 1161 1888 1188 tutor.
1913 1157 1954 1189 de

1084 1192 1149 1224 hoc
1166 1200 1274 1224 tutore
1291 1192 1436 1225 suadeam
1454 1196 1593 1227 exaudiri
1611 1195 1824 1236 Pomponium
1842 1199 1869 1228 d.
1891 1198 1910 1229 l.
1929 1209 1960 1238 4.

1084 1235 1114 1265 ἂ
1131 1236 1171 1265 de
1189 1234 1241 1265 tali
1261 1233 1300 1265 ab
1320 1243 1360 1265 eo
1378 1235 1459 1275 dici,
1484 1237 1536 1268 cui
1551 1236 1762 1278 administratio
1780 1238 1874 1270 zutelae
1896 1248 1961 1270 con·

1083 1275 1153 1315 cesti
1171 1285 1228 1321 nim
1243 1274 1301 1316 eft,
1323 1285 1381 1316 pro
1392 1300 1401 1316 ,
1423 1278 1473 1309 cui
1491 1278 1657 1310 interdista
1673 1278 1718 1311 est
1734 1280 1843 1311 tutelae
1859 1280 1957 1312 admi-

1082 1319 1234 1348 ninixitio.
1259 1316 1304 1348 est
1320 1319 1406 1350 enim
1424 1321 1527 1351 λιτέτης
1540 1319 1639 1360 figura
1666 1330 1721 1360 per
1736 1330 1829 1360 quarn
1856 1322 1959 1354 minus

1084 1358 1217 1396 dicitur,
1241 1358 1311 1398 plus
1332 1358 1541 1401 significatur:
1572 1368 1605 1391 ut
1629 1361 1662 1393 in
1684 1362 1742 1393 illo
1764 1362 1887 1404 Virgilii
1905 1363 1956 1396 lib.

1083 1409 1116 1431 x.
1139 1398 1259 1431 AEneid.
1274 1401 1346 1439 veis.
1362 1409 1433 1441 907.

1147 1482 1152 1487 .
1169 1440 1341 1482 Juguloque
1358 1442 1437 1473 baud
1453 1444 1559 1483 inscius
1575 1445 1679 1486 accipit
1693 1445 1794 1486 ensem.

1089 1481 1153 1513 Ubi
1170 1481 1212 1513 fic
1228 1489 1320 1514 notat
1335 1482 1474 1515 Servius.
1519 1485 1759 1527 Liptotesflgara
1774 1485 1823 1527 esi.
1851 1495 1909 1519 non
1931 1496 1959 1519 e-

1087 1525 1149 1555 nim
1164 1523 1240 1554 dixit
1255 1532 1312 1555 non
1329 1525 1469 1565 ignarus,
1484 1524 1538 1564 sed
1552 1526 1704 1566 expediam
1719 1529 1849 1559 omnibus
1863 1531 1958 1560 votis?

1089 1573 1124 1599 ut
1140 1563 1277 1596 Munera
1296 1574 1356 1597 nec
1374 1565 1505 1607 sperno:
1529 1566 1560 1598 id
1573 1565 1632 1607 est,
1655 1568 1772 1600 libenter
1786 1570 1901 1610 accipio.
1921 1569 1961 1600 In

1087 1611 1141 1641 hac
1167 1612 1262 1639 autem
1293 1606 1398 1649 figura
1426 1607 1493 1649 plus
1526 1609 1697 1650 cogitatur,
1748 1619 1814 1641 uam
1842 1611 1965 1642 dicitur.

1088 1651 1140 1682 Sic
1158 1649 1291 1681 censeo:
1316 1653 1345 1682 <St
1362 1658 1411 1682 res
1428 1649 1527 1681 claret
1543 1660 1584 1682 ex
1610 1651 1629 1682 l.
1654 1660 1700 1690 14.
1747 1676 1748 1679 ,
1767 1661 1793 1683 1.
1811 1650 1848 1686 δ”
1865 1662 1895 1684 2.
1919 1651 1968 1684 D.

1088 1694 1122 1724 cle
1134 1691 1340 1732 filiationibus.
1383 1691 1439 1724 Est
1464 1701 1543 1724 vero
1568 1692 1632 1724 hoc
1655 1702 1695 1724 eo
1726 1693 1824 1734 magis
1851 1700 1965 1724 notan-

1089 1734 1187 1766 dum:
1217 1735 1290 1774 quia
1317 1733 1395 1766 mibi
1415 1733 1530 1766 videor
1554 1735 1739 1776 exemplum
1769 1735 1835 1774 ejus
1856 1733 1966 1776 figurae

1089 1776 1185 1808 etiarn
1207 1774 1449 1816 deprehendisse
1465 1777 1496 1807 in
1521 1775 1569 1807 liis
1589 1776 1696 1807 verbis
1721 1774 1848 1815 Ulpiani
1871 1777 1891 1808 l.
1916 1785 1965 1815 15.

1089 1817 1119 1859 §.
1135 1827 1164 1849 2.
1182 1816 1222 1848 D.
1243 1819 1276 1848 de
1297 1816 1407 1859 testam.
1425 1817 1546 1856 militis,
1572 1816 1781 1858 Testamentum
1806 1822 1873 1848 ante
1892 1818 1968 1848 mili-

1090 1862 1162 1890 ziam
1170 1858 1289 1898 fastum
1312 1870 1330 1890 a
1360 1859 1466 1895 milite,
1484 1857 1513 1897 fi
1535 1859 1567 1890 in
1590 1860 1693 1890 milicia
1716 1858 1876 1899 decefferi'c,
1894 1859 1965 1900 jure

1089 1900 1211 1931 militari
1235 1900 1350 1939 valere,
1373 1899 1394 1931 si
1419 1900 1526 1932 militis
1550 1900 1698 1932 voluntas
1720 1901 1875 1931 contraria
1900 1909 1967 1932 non

1088 1941 1144 1980 sit,
1172 1941 1271 1972 Divus
1288 1942 1359 1974 Pius
1374 1940 1524 1982 rescripfit.
1566 1941 1679 1973 Sensus
1698 1942 1823 1981 Ulpiani
1849 1941 1911 1973 est:
1934 1941 1966 1972 Si

1089 1982 1253 2015 manifesta
1272 1982 1317 2015 est
1332 1992 1417 2015 nova
1433 1984 1540 2014 militis
1556 1983 1713 2015 voluntas.
1736 1991 1806 2014 narn
1830 1982 1895 2014 boc
1916 1992 1967 2014 re-

1088 2023 1208 2065 scripsit
1224 2023 1266 2056 D.
1283 2025 1355 2057 Pius
1372 2024 1392 2055 l.
1409 2033 1438 2061 9.
1455 2023 1484 2065 §.
1507 2033 1532 2056 1.
1552 2023 1594 2056 D.
1613 2026 1670 2056 eod.
1694 2026 1737 2055 tit.
1763 2033 1798 2055 ut
1821 2025 1863 2055 ibi
1886 2033 1966 2055 con-

1087 2066 1163 2106 jicio
1179 2075 1220 2097 ex
1236 2066 1284 2097 his
1303 2066 1419 2098 verbis.
1443 2065 1526 2097 Nam
1549 2067 1598 2096 boc
1623 2074 1733 2108 quoque
1749 2066 1818 2107 jure
1843 2066 1966 2096 militari

1089 2108 1206 2148 incipiet
1222 2108 1342 2147 valere,
1374 2107 1402 2139 Si
1427 2106 1490 2138 hoc
1515 2107 1626 2139 maluit
1649 2107 1737 2139 miles.
1762 2107 1792 2138 &
1820 2107 1964 2148 alioquin

1091 2156 1224 2190 apparet
1241 2159 1280 2180 ex
1303 2149 1322 2180 1.
1339 2159 1388 2190 25.
1407 2148 1448 2180 D.
1465 2149 1524 2181 eod.
1542 2150 1588 2180 tic.

1133 2189 1233 2232 Quod
1254 2193 1370 2221 attinet
1395 2190 1434 2221 ad
1458 2199 1507 2220 res
1532 2190 1572 2222 de
1604 2190 1717 2231 quibus
1743 2190 1966 2231 interponatur

1092 2232 1281 2265 auotoritas:
1306 2231 1389 2263 nulla
1412 2230 1591 2264 differentia
1609 2231 1669 2264 est:
1695 2241 1795 2273 usque
1814 2233 1915 2270 adeo,
1932 2239 1968 2263 ut

1093 2274 1172 2305 velit
1189 2272 1377 2313 justinianus
1394 2274 1414 2304 l.
1429 2283 1458 2312 4.
1483 2272 1516 2305 C.
1533 2275 1567 2304 de
1590 2273 1700 2305 autlor.
1720 2271 1816 2315 proefl.
1842 2281 1967 2305 tutores

1093 2316 1123 2346 ἃ
1139 2322 1302 2347 curatores
1319 2315 1446 2356 pupillis
1463 2323 1501 2346 ac
1520 2316 1695 2347 minoribus
1717 2314 1820 2347 adess'e
1837 2323 1908 2346 cum
1930 2315 1965 2344 in.

1094 2356 1258 2396 civilibus,
1283 2364 1350 2388 tum
1373 2357 1403 2388 in
1419 2357 1632 2388 criminalibus
1648 2356 1753 2389 causis.
1777 2364 1897 2387 tantum
1914 2361 1966 2383 ca-

1094 2398 1235 2431 vendum
1258 2398 1375 2437 tutori;
1407 2407 1448 2429 ne
1478 2399 1600 2439 pupillo
1622 2398 1731 2429 auctor
1756 2397 1809 2428 fiat
1833 2395 1865 2426 in
1896 2403 1966 2425 rem

1094 2441 1268 2481 propriam.
1293 2449 1363 2471 nam
1381 2439 1446 2470 hoc
1461 2440 1570 2481 regula
1589 2439 1667 2480 juris
1693 2436 1876 2479 prohiberi,
1907 2434 1967 2466 Ul-

1095 2485 1206 2523 pianus
1220 2489 1334 2514 monet
1352 2481 1371 2513 l.
1390 2490 1412 2512 1.
1429 2480 1467 2515 &²
1482 2481 1501 2512 l.
1519 2490 1548 2521 7.
1560 2482 1607 2512 D.
1620 2480 1647 2510 h.
1659 2485 1679 2509 t.
1701 2487 1737 2509 ac
1754 2478 1846 2518 ponit
1857 2485 1968 2508 citem-

1095 2524 1199 2564 plum:
1222 2533 1295 2555 cum
1314 2530 1421 2562 tutor,
1445 2529 1499 2553 aut
1516 2522 1581 2561 ejus
1605 2519 1727 2556 servus,
1750 2528 1803 2549 aut
1826 2517 1929 2556 filius,
1951 2526 1969 2548 a

1096 2564 1221 2606 pupillo
1240 2564 1413 2605 stipulatur.
1456 2562 1507 2593 Ex
1522 2562 1632 2593 eadem
1648 2560 1738 2591 causa
1754 2560 1798 2590 ait
1817 2559 1973 2598 Ulpianus

1097 2606 1117 2638 l.
1135 2616 1165 2646 5.
1184 2607 1230 2637 D.
1247 2606 1275 2637 h.
1295 2611 1317 2638 t.
1340 2604 1421 2636 Item
1439 2603 1502 2642 ipse
1518 2609 1605 2633 tutor
1623 2601 1653 2632 ἃ
1671 2602 1824 2641 emptoris
1846 2601 1876 2632 ὅ(
1893 2604 1971 2631 ven-

1098 2648 1212 2679 ditoris
1239 2646 1347 2678 officio
1373 2644 1462 2684 fungi
1488 2652 1551 2675 non
1584 2642 1700 2683 potest.
1751 2641 1912 2673 Caeterum
1935 2648 1970 2673 ut

1098 2697 1164 2720 non
1181 2688 1273 2728 poffit
1290 2693 1376 2717 tutor
1394 2684 1516 2717 directo
1528 2684 1636 2715 auster
1653 2683 1719 2715 ficri
1736 2684 1766 2715 in
1783 2692 1849 2715 rem
1865 2683 1969 2714 suam:

1099 2729 1143 2761 ait
1160 2736 1266 2760 tamen
1285 2726 1457 2768 Ulpianus,
1480 2735 1536 2766 per
1551 2725 1811 2765 consequentiam
1830 2733 1903 2756 eum
1919 2733 1974 2755 au-

1101 2771 1223 2802 ctorem
1241 2769 1332 2807 fieri,
1354 2767 1494 2808 regulam
1517 2767 1595 2808 juris
1617 2776 1683 2798 non
1707 2766 1888 2806 prohibere.
1929 2764 1975 2796 Et

1101 2811 1148 2844 est
1171 2812 1201 2843 ei
1226 2810 1409 2850 exemplum
1432 2809 1465 2840 in
1487 2810 1514 2839 d.
1537 2808 1556 2840 l.
1585 2817 1611 2839 1.
1634 2806 1655 2839 fi
1675 2815 1762 2839 tutor
1785 2807 1905 2848 proprii
1928 2805 1975 2838 sui

1103 2852 1260 2885 debitoris
1277 2851 1485 2883 hereditatem
1503 2849 1630 2881 adeunti
1656 2849 1778 2889 pupillo
1804 2847 1974 2879 auctorita-

1104 2902 1172 2926 tem
1190 2892 1436 2930 accommodet,
1460 2891 1604 2931 quamvis
1620 2899 1677 2932 per
1694 2889 1758 2921 hoc
1775 2889 1828 2920 fiat
1845 2889 1912 2930 eJ'us
1921 2889 1975 2920 den

1103 2936 1200 2967 bitor.
1226 2935 1325 2976 prima
1342 2933 1446 2972 enim,
1467 2933 1589 2972 inquit,
1612 2932 1694 2963 ratio
1715 2931 1911 2962 auctoritatis
1937 2939 1974 2961 ea

1104 2977 1169 3015 est,
1191 2984 1226 3007 ut
1248 2975 1341 3006 heres
1360 2973 1430 3005 fiat:
1453 2983 1511 3014 per
1528 2971 1806 3013 consequentiam,
1830 2980 1866 3003 ut
1888 2971 1975 3003 debi-

1105 3026 1174 3050 tum
1197 3017 1316 3048 subeat.
1359 3014 1474 3054 Plane,
1496 3015 1517 3046 si
1542 3014 1647 3053 plures
1670 3012 1727 3045 fint
1751 3021 1872 3044 tutores
1893 3021 1973 3052 quo-

1104 3067 1175 3091 rum
1194 3059 1284 3090 unius
1307 3057 1475 3088 auctoritas
1491 3055 1623 3094 sufficit;
1646 3055 1706 3096 (de
1727 3055 1841 3094 quibus
1866 3053 1897 3084 in
1922 3063 1974 3083 ar-

1106 3099 1258 3132 tecessum
1275 3099 1360 3139 dixi)
1377 3099 1420 3128 ait
1437 3096 1721 3138 Ulpianus,altero
1739 3095 1868 3126 εωᾶοτε
1884 3094 1973 3134 poss'e

1105 3151 1179 3174 eum
1195 3141 1347 3182 obligai·i;
1369 3138 1433 3170 five
1451 3146 1591 3170 mutuam
1614 3137 1781 3179 pecuniam
1796 3136 1824 3167 ei
1841 3137 1915 3173 det,
1938 3135 1976 3167 si-

1106 3193 1145 3215 ve
1163 3183 1202 3214 ab
1220 3191 1260 3213 eo
1285 3180 1472 3221 stipuletur:
1496 3180 1647 3220 idemque
1669 3177 1731 3210 esse
1753 3177 1785 3209 in
1809 3178 1978 3219 emptione

1103 3225 1123 3256 l.
1141 3234 1172 3265 5.
1191 3229 1240 3266 pr.
1265 3222 1302 3259 ὃ)
1318 3223 1346 3265 ᾗ.
1367 3232 1394 3254 2.
1415 3222 1462 3255 I).
1477 3221 1506 3253 h.
1525 3227 1547 3253 i.
1929 3258 1980 3292 Ad
