2052 3487
495 76 1410 119 OBSERVAT10NUML113.I.

59 180 145 214 quam
167 169 230 202 alea
251 167 358 200 doinz'tzi
379 168 468 206 vitm,
490 175 524 198 ac
546 163 774 213 reis-arpinatis.-
812 165 883 212 Sic,
906 165 927 198 fi

59 211 267 249 fructuarius,
290 209 436 241 institutis
459 218 476 240 a
499 206 528 239 se
550 205 687 252 fodinis,
711 206 790 253 nihil
813 217 927 247 princi-

61 255 174 296 paliter
187 252 383 295 agriculturae
406 249 548 282 nocebit.
591 248 637 278 An
657 248 740 278 idem
762 249 925 288 dicemus,

60 296 81 328 11
101 296 207 327 vineas
226 317 236 333 ,
268 293 318 325 vel
339 291 460 323 arbusta
474 312 484 329 ,
514 290 565 322 vel
584 289 704 320 oliveta
721 312 730 328 ,
763 298 835 329 quae
858 290 927 335 fue-

62 345 135 368 runt
151 360 161 374 ‚
191 336 268 367 velit
285 333 445 374 dejicere?
469 332 520 363 sed
544 340 608 362 nou
633 337 722 370 put0.
748 340 813 376 non
839 341 925 378 enim

61 379 193 415 dubito,
216 377 289 417 quin
306 374 504 415 agriculturae
521 372 560 404 sic
579 372 679 417 pal-am
698 381 863 403 nociturus
878 374 925 404 sit.

63 421 151 459 quod
169 428 240 450 eum
257 416 363 453 facere
378 437 387 453 ‚
412 424 474 446 non
497 413 566 446 vult
585 412 746 452 Ulpianus.
789 412 872 445 Nam
889 414 927 445 ad

62 461 282 501 agriculturam
308 456 413 488 omnia
443 456 511 486 haec
542 455 703 495 pertinere
722 478 732 493 ‚
763 455 813 502 yel
844 456 927 487 Cato

63 501 222 538 ostendit,
245 498 291 531 De
305 507 334 529 re
351 495 456 537 rustica
479 507 504 528 ε.
526 505 553 528 1.
581 496 744 541 Praedium,
761 500 928 536 inquiens,

63 545 138 584 quod
161 543 286 583 primum
302 538 374 577 fiet,
389 537 420 576 fi
442 547 485 570 me
508 538 640 578 rogabis,
666 536 711 575 ch
732 539 835 584 aifatu.
881 538 928 585 De

62 585 192 615 ominibus
213 582 291 624 agris
313 582 472 620 optimoque
496 579 552 610 loco
571 580 600 617 si
623 580 721 609 emeris
731 589 927 625 Jugerangrz

61 632 193 662 centum,
215 626 300 654 vinea
318 619 357 660 est
365 622 481 661 prima,
498 619 528 659 si
544 624 612 652 vino
627 621 714 652 multo
732 620 806 660 fiet,
821 623 927 661 secun·

60 666 95 697 do
112 667 209 696 hortus
224 664 370 704 irriguus,
395 664 477 693 tertio
490 662 623 700 fizlt‘tium
639 685 648 700 ,
678 669 781 703 quarto
805 664 926 701 oletum,

59 708 160 748 quinto
172 711 309 746 pratum,
324 704 408 743 sexto
426 712 542 744 campus
557 705 791 743 frumentarius,
807 708 926 749 ⁸septimio

54 748 132 787 filva
156 748 272 784 coedua,
294 744 394 777 ottavo
415 743 582 786 arbustum,
613 755 686 776 trono
708 746 864 786 glandaria
875 745 928 791 ffl‘.

58 800 108 822 va.
151 787 269 819 Verum
294 795 379 827 poue
398 809 407 826 ,
439 797 457 818 e
486 787 620 819 metallis
653 787 785 827 majores
816 787 929 827 sperari

59 830 197 868 reditus,
221 837 313 869 quam
337 838 355 859 e
377 829 477 859 vineis
493 851 504 867 ,
525 829 685 868 olivetis,
710 837 763 860 aut
787 828 927 875 arbustis.

61 872 134 911 quid
151 869 319 903 dicemus?
331 869 523 910 dejecturum
541 880 576 901 ca
592 869 823 902 fructuarium?
841 871 928 901 absit.

59 914 156 953 Atqui
180 911 330 953 Ulpianus
355 917 384 943 α.
411 912 430 943 l.
461 920 506 952 13.
530 911 558 953 §.
579 923 609 952 5.
635 912 677 942 D.
698 913 729 942 de
746 910 902 951 usizsrutiu
919 934 929 949 ,

62 953 246 994 Etfiforte,
269 953 392 993 inquit,
415 954 446 983 in
470 954 520 983 hoc
537 954 613 994 qnod
630 951 777 993 instituit,
796 954 863 994 plus
888 962 930 1000 nj-

62 997 140 1027 ditus
154 994 210 1034 sit,
234 1004 320 1037 quam
336 995 368 1024 itt
391 996 502 1032 vineis,
526 995 572 1025 vel
586 994 728 1035 arbustis,
752 998 797 1025 vei
817 995 930 1025 olivetis

61 1047 122 1078 quae
143 1037 293 1076 fuerunt:
317 1034 447 1076 foifitczrz
472 1036 559 1067 etiam
588 1038 645 1067 baec
668 1037 785 1077 dejicere
812 1037 929 1076 poterit.

62 1078 128 1121 Qui
152 1077 278 1119 potest?
301 1086 335 1109 ut
355 1079 440 1109 enim
457 1083 757 1118 praeteream‚spem
779 1077 928 1123 (auctore

62 1121 184 1152 Seneca
204 1117 279 1160 epist.
299 1119 350 1160 x.)
372 1120 476 1150 incerti
491 1120 556 1149 bom·
572 1129 672 1150 nomen
690 1118 764 1159 effe:
785 1128 855 1158 quis
875 1116 928 1149 nisi

62 1161 192 1198 stultus,
215 1169 267 1192 aut
282 1160 403 1193 insanus
419 1183 429 1198 ,
459 1160 585 1198 vineas,
618 1161 669 1192 vel
694 1160 816 1207 arbusta
833 1183 842 1197 ,
875 1160 928 1206 §el

63 1204 206 1242 oliveta,
236 1202 369 1234 metallis
402 1209 505 1233 mutet
532 1204 651 1243 magnis
679 1201 849 1242 praesertim
873 1210 929 1246 im·

62 1245 187 1285 pensis,
218 1253 292 1283 quas
318 1253 362 1275 eae
386 1243 506 1275 fodinae
530 1244 723 1281 desiderant,
748 1243 800 1274 nisi
821 1252 860 1274 ex
884 1243 931 1274 his

63 1286 196 1326 majores
219 1286 322 1326 speret
345 1286 466 1317 reditus
483 1308 493 1324 ‚
519 1294 613 1326 quam
631 1295 671 1316 ex
689 1286 809 1331 vineis,
839 1283 929 1329 arbu-

61 1326 112 1358 stis
128 1350 138 1366 ,
161 1334 214 1358 aut
232 1327 386 1359 olivetis?
410 1335 507 1359 nemo
533 1336 622 1358 unus.
647 1335 711 1357 non
735 1336 820 1357 enim
848 1325 931 1356 fodi·

60 1377 107 1400 nae
134 1368 171 1399 ad
199 1369 443 1406 amoenitatem,
473 1369 504 1399 in
531 1377 625 1408 quam
659 1366 809 1413 impensae
834 1370 930 1398 etiam

62 1407 161 1441 stultae
188 1411 216 1441 ἃ
241 1413 350 1442 inanes
373 1411 561 1450 plerumque
584 1409 686 1447 fiunt,
711 1410 762 1440 sed
789 1417 867 1440 totae
891 1409 930 1440 ad

61 1451 248 1490 utilitatem,
272 1451 464 1484 referuntur.
497 1450 650 1491 Ulpianus
674 1460 859 1496 tamennon
877 1458 930 1489 pa-

63 1493 157 1531 titur,
180 1492 381 1525 fructuarium
399 1492 526 1525 metalla
545 1493 725 1530 instituere,
749 1492 802 1523 nisi
825 1492 846 1523 si
864 1500 929 1522 non

61 1533 99 1566 fit
113 1533 312 1566 necess'ariam
329 1535 392 1576 agri
411 1543 532 1576 partem
544 1534 619 1565 huic
635 1535 678 1565 rei
695 1541 930 1574 occupaturus,

61 1584 168 1615 neque
184 1576 382 1617 agriculturae
406 1575 583 1608 nociturus.
629 1574 745 1616 igitur,
769 1575 790 1607 si
813 1577 851 1606 ad
877 1572 931 1604 Ul-

59 1617 187 1657 pianum
205 1617 381 1656 spectamus
394 1641 405 1658 ,
427 1627 492 1649 non
511 1617 610 1648 debet
634 1616 841 1654 nuenarius,
865 1624 930 1656 quo

61 1667 101 1690 ex
125 1660 260 1691 metallis
287 1658 421 1698 maiores
444 1659 586 1690 inveniat
607 1658 749 1689 red-itus:
773 1666 873 1703 quam·
891 1666 932 1688 ex

59 1700 268 1741 agricultura,
293 1701 344 1731 vel
368 1700 494 1737 vineas,
516 1699 570 1730 vel
591 1699 732 1735 arbusta,
755 1700 807 1731 vel
832 1699 933 1745 olive-

59 1748 112 1778 ta,
137 1741 291 1780 dejicere:
315 1741 387 1781 quia
412 1750 477 1773 non
500 1740 598 1771 debet
619 1741 747 1773 metalla
770 1739 934 1786 instituere

58 1781 115 1822 spe
131 1782 255 1822 majoris
272 1782 437 1821 utilitatis3
460 1780 515 1813 nisi
532 1781 579 1812 his
596 1790 660 1813 non
677 1781 713 1828 sit
730 1780 933 1827 necessariam

64 1822 130 1863 agri
154 1831 275 1863 partem
298 1832 531 1863 occupaturus,
553 1832 614 1854 nec
628 1823 827 1863 agriculturae
846 1831 934 1868 noci-

64 1872 163 1896 turus.
211 1863 254 1896 Et
271 1889 281 1904 ‚
311 1863 332 1896 fi
355 1874 421 1896 rem
452 1871 598 1905 putamus
615 1887 625 1903 ‚
656 1864 744 1904 quod
760 1862 933 1895 fructuario

58 1905 110 1945 jus
124 1904 188 1945 est,
212 1905 388 1938 constituto
412 1906 441 1938 ei
459 1915 525 1937 nou
544 1905 690 1937 dominio
716 1906 802 1945 quod
827 1903 934 1936 fructu

60 1947 166 1978 libero
189 1955 284 1988 atque
309 1947 436 1979 infinito
467 1946 635 1985 censetur,
667 1946 719 1979 sed
749 1945 908 1977 usufructu
924 1970 934 1986 ‚

61 1987 129 2021 hoc
146 1987 209 2026 est,
233 1988 338 2020 frutra
362 1989 414 2029 qui
438 1988 490 2020 usu
511 1991 699 2027 coercetur,
723 1987 753 2019 &
768 1988 843 2019 ideo
861 1993 933 2035 pro-

60 2029 203 2070 prietarii
229 2030 328 2062 modo
352 2039 390 2061 ac
414 2030 457 2061 rei
492 2030 680 2062 conditione
703 2027 934 2074 circumscribi-

62 2078 132 2109 tur,
156 2078 191 2102 ut
215 2072 255 2103 de
278 2071 398 2103 domini
418 2071 576 2109 utilitate,
609 2080 650 2102 eo
675 2071 797 2117 invito,
830 2069 932 2116 dispo3

62 2120 117 2143 nat
133 2122 142 2151 ;
167 2113 195 2144 &
214 2113 306 2145 alieni
325 2112 415 2144 fundi
433 2112 518 2143 usum
536 2112 629 2150 aliurn
652 2111 769 2158 faciat,
791 2120 885 2158 quam
903 2121 932 2143 ei

63 2154 211 2185 dominus
228 2154 407 2187 conceffit?
431 2154 539 2195 Atque
563 2153 628 2184 hoc
655 2152 804 2184 Neratius
822 2162 852 2184 in
876 2152 933 2184 do-

62 2203 132 2226 mus
156 2195 313 2227 usufruttu
337 2196 484 2236 indigitat
505 2195 525 2226 b.
549 2204 600 2234 44.
632 2194 673 2226 D.
699 2197 732 2225 a'e
758 2194 935 2235 usufrutru:

65 2245 127 2266 nec
143 2237 167 2268 is
186 2245 325 2275 tantum,
349 2236 401 2268 sed
421 2236 574 2276 Ulpianus
596 2245 727 2282 quoque
745 2236 764 2267 l.
782 2246 810 2275 7.
829 2235 858 2277 ᾗ.
879 2236 934 2283 ult,

66 2275 103 2310 <⁶5⁹
125 2277 142 2307 l.
169 2287 193 2309 1.
220 2277 261 2309 D.
278 2279 336 2309 eod.
352 2281 397 2310 tit.
435 2279 528 2312 Adeo
538 2300 551 2316 ,-
571 2287 698 2317 quoties
717 2278 756 2309 de
773 2277 934 2308 fructuarii

64 2317 133 2358 jure
157 2318 331 2358 disputatur
347 2342 358 2358 ,
392 2328 562 2359 numquam
588 2321 739 2359 (1118111111-
757 2342 766 2356 ,
796 2328 934 2365 quantos

64 2360 224 2400 percipiat
247 2359 388 2399 fructus,
411 2360 462 2392 sed
487 2370 524 2392 an
545 2370 601 2392 eos
617 2370 698 2400 quos
717 2362 872 2400 percipit,
896 2361 936 2406 ad

67 2401 112 2431 rei
128 2402 348 2433 conditionem
368 2402 534 2443 percipiat.
575 2403 624 2433 An
642 2403 726 2447 aliud
743 2403 808 2448 agit
828 2400 935 2442 Ulpia-

65 2450 125 2473 nus
147 2442 167 2473 t.
187 2452 232 2482 153.
257 2442 284 2484 ὃ.
304 2443 358 2474 ult.
383 2443 424 2474 D.
441 2444 499 2477 eod.
518 2444 565 2474 tit.
591 2453 662 2474 cum
687 2453 749 2482 ait,
773 2450 793 2474 ii
821 2444 938 2489 domus-

66 2482 259 2515 ususfructus
284 2485 402 2525 legatus
425 2484 479 2523 sit,
503 2484 705 2516 fructuarium
726 2485 791 2515 illic
808 2493 935 2516 merito-

66 2520 110 2555 ria
132 2524 238 2556 facere
258 2535 322 2557 non
346 2527 485 2564 debere3
516 2535 576 2557 nec
595 2527 724 2558 domum
750 2535 806 2566 per
831 2535 936 2557 coena-

70 2565 140 2599 cula
155 2567 316 2604 dividere;
338 2577 399 2598 nec
419 2568 563 2599 balneum
582 2568 624 2598 ibi
639 2568 765 2606 facere,
788 2567 816 2598 ὅ(
835 2567 854 2599 si
871 2569 935 2599 bal-

73 2613 165 2637 neum
181 2606 216 2638 fit
231 2609 261 2639 in
278 2610 396 2648 domo,
421 2608 522 2641 usibus
541 2609 710 2641 dominicis
733 2609 860 2640 solitum
887 2619 938 2639 va-

74 2653 163 2683 care,
195 2657 258 2680 non
284 2650 369 2681 reste
386 2673 395 2688 ‚
427 2659 488 2681 nec
513 2660 552 2681 ex
577 2651 656 2682 boni·
679 2651 737 2682 viri
764 2651 938 2689 arbitratu,

75 2684 251 2727 saetarum,
269 2689 295 2720 >fi
317 2690 347 2722 id
372 2691 477 2722 locare
502 2693 657 2730 coeperst,
688 2700 722 2722 ut
744 2691 872 2732 publice
895 2692 938 2722 la-

75 2725 153 2756 vet?
182 2728 242 2759 Sed
260 2740 308 2760 res
325 2739 431 2771 certa;
455 2733 484 2764 ὅ(
502 2732 626 2773 subjicit
651 2733 764 2764 Paulus
786 2736 804 2762 t.
829 2742 874 2771 14.
894 2733 937 2764 D.

73 2767 130 2813 eqd.
152 2768 201 2802 tit..
240 2769 322 2802 Licet
341 2773 427 2804 multo
451 2777 547 2806 ritimis
568 2783 604 2805 ex
626 2784 659 2806 eci
677 2784 707 2805 re
720 2774 862 2813 frustum
873 2781 937 2814 per-

69 2817 95 2838 ci
119 2815 170 2839 zat.

97 2815 210 2889 Ρὸςίο,
236 2849 419 2894 Dionysium
444 2852 687 2888 Gothofredum
703 2880 713 2894 ‚
745 2856 786 2888 V.
814 2854 874 2887 CL.
899 2857 938 2887 ad

73 2889 103 2924 ι’ῗ.
121 2891 140 2921 l.
162 2900 207 2931 13.
234 2891 262 2932 §.
279 2903 308 2932 5.
331 2895 375 2924 tit.
395 2895 435 2925 E.
457 2895 633 2928 existimare
650 2921 660 2936 ,
686 2899 816 2930 domum
834 2906 851 2928 a
867 2896 938 2928 fun-

72 2933 117 2965 do
142 2930 343 2971 separandam
366 2935 452 2966 esse:
490 2936 520 2968 Gt
544 2937 566 2968 fi
592 2939 719 2977 quidem
743 2939 834 2970 fundi
858 2939 939 2970 usus-

72 2971 196 3004 fructus
218 2972 252 3004 sit
270 2984 280 3011 ;
313 2984 384 3005 eum
409 2985 426 3006 a
449 2974 619 3009 fructuario
638 2981 688 3012 vel
705 2980 820 3012 formae
839 2987 938 3010 niuta-

73 3014 163 3049 tione
179 3015 345 3051 meliorem
363 3013 431 3047 fieri
449 3017 562 3056 posse:
590 3017 612 3051 si
629 3021 758 3060 domus,
784 3030 848 3052 non
865 3029 938 3060 pos·

70 3055 102 3086 se
118 3067 126 3087 :
149 3055 315 3096 alteroque
336 3057 405 3088 casu
421 3067 554 3090 annonae
569 3061 714 3101 utilitati,
739 3063 840 3093 altero
857 3062 941 3095 urbis

71 3097 178 3128 decori
197 3098 345 3129 adversus
362 3100 486 3138 ruinas,
510 3102 641 3134 consuli.
682 3104 745 3134 Sed
761 3113 796 3134 ea
813 3102 940 3135 Gotho-

71 3136 154 3169 fredi
173 3137 326 3170 sententia
344 3141 475 3172 minime
497 3151 571 3172 vera
595 3143 650 3174 est.
695 3145 834 3176 Primum
852 3145 941 3177 enim.

1782 96 1863 133 257-

970 166 991 198 fi
1009 166 1199 202 fructuarius
1216 171 1331 204 aedium
1350 172 1522 213 parietibus
1540 173 1593 216 qui
1609 173 1705 207 rudes
1728 174 1852 207 essent”

970 218 1090 241 novum
1115 212 1282 245 tectorium
1301 237 1310 251 ,
1344 215 1374 246 id
1399 215 1444 246 est
1461 240 1470 253 ‚
1503 225 1621 248 novam
1648 216 1850 250 incrustatiof

969 259 1061 289 nem,
1086 252 1163 283 velit
1179 255 1345 294 imponere
1362 257 1378 288 ἱ)
1412 255 1517 297 Negat
1541 266 1648 290 tamen
1672 257 1847 290 Neratius*

968 291 1123 337 faciurum
1145 295 1175 326 id
1201 295 1254 327 suo
1275 297 1342 336 jure
1366 296 1569 331 fructuarium
1588 301 1615 331 cl.
1635 299 1654 330 l.
1670 310 1721 339 44.
1748 300 1788 331 D.
1813 290 1850 346 ιὶῗ1

969 333 1138 371 usafrzcciu.
1178 336 1239 367 Sed
1259 339 1287 369 ὅ(
1305 338 1324 369 ri
1341 339 1486 372 balneum
1506 341 1535 372 in
1551 341 1661 373 intima
1679 344 1779 373 domo
1799 341 1833 375 so

971 375 1063 406 litum
1084 374 1120 407 fit
1143 386 1256 409 vacare
1282 380 1451 412 dominicis
1475 381 1596 421 ufibus,
1620 391 1716 424 atque
1742 384 1773 414 id
1796 380 1847 414 lo‘

971 425 1043 447 care
1061 420 1197 458 coeperit
1213 420 1420 460 fructuarius,
1445 430 1479 453 ut
1504 424 1632 464 publice
1658 425 1762 463 lavet3
1786 413 1848 456 auc

971 457 991 489 si
1007 458 1037 502 in
1054 460 1153 490 domo
1172 460 1363 501 diversoria,
1380 464 1431 495 vel
1451 465 1509 496 alia
1531 467 1713 505 meritoria,
1736 453 1848 498 faeere

970 499 1066 532 velit:
1091 501 1160 540 quis
1178 511 1318 542 metuat,
1343 513 1383 535 ne
1409 505 1450 536 sic
1476 507 1561 537 ruina
1579 507 1780 539 deformetur
1795 517 1848 540 ur-

969 540 1019 572 bis
1040 542 1175 582 dignitas
1191 543 1208 574 ?
1239 542 1363 576 Tamen
1389 546 1460 578 haec·
1481 547 1510 578 ὅ(
1533 547 1640 580 similia
1667 548 1847 581 fruGtuario

970 584 1178 615 concedenda
1197 584 1278 623 esse,
1303 585 1459 627 Ulpianus
1475 597 1570 630 negat
1583 591 1611 620 d.
1628 590 1646 621 l.
1668 599 1713 631 13.
1738 591 1767 632 §.
1788 591 1848 623 ult.

970 632 1031 655 nec
1056 624 1146 655 aliam
1169 625 1213 656 ob
1238 626 1379 666 causam,
1410 638 1503 669 quain
1526 631 1615 671 quod
1640 640 1705 662 non
1730 632 1817 664 recte
1833 654 1848 672 ‚

970 673 1030 696 nec
1051 675 1090 697 ex
1120 667 1196 697 boni
1224 668 1281 699 viri
1307 669 1483 710 arbitratu;
1512 670 1652 705 facturus
1674 672 1720 705 sit.
1765 672 1848 707 Nou

971 706 1066 747 igitur
1083 708 1190 747 placet
1207 707 1406 742 Gothofrcdi
1430 711 1603 752 sententia,
1628 722 1780 754 quantum
1799 722 1850 746 at-

972 755 1053 778 tinet
1076 749 1114 780 ad
1139 750 1257 781 urbana
1288 753 1416 791 praedia.
1461 752 1535 786 Nec
1551 754 1679 787 felicior
1701 755 1746 787 est
1761 756 1850 787 circa.

972 788 1094 821 rustica.
1139 789 1226 832 Quid
1247 794 1330 824 enirn
1348 804 1483 826 annonae
1506 805 1578 828 cum
1599 797 1776 838 lapidicinis
1792 805 1850 828 aut

973 831 1110 862 metallis
1142 836 1182 863 de
1206 834 1321 873 quibus
1348 836 1491 876 loquitur
1517 836 1672 879 Ulpianus
1695 840 1723 870 d.
1749 838 1768 870 l.
1796 847 1849 880 13.

972 872 1000 913 ᾗ,
1017 882 1047 912 5.
1070 881 1143 904 cum
1168 874 1341 912 praei'ertim
1364 886 1428 909 non
1452 878 1506 910 hic
1529 887 1649 920 quaerat
1667 878 1848 919 Ulpianus,

973 922 1077 944 utrum
1095 914 1287 954 lapidicinae,
1312 925 1365 948 aut
1388 919 1628 953 nietallifodinae
1645 945 1655 960 ,
1677 931 1694 952 a
1712 920 1851 953 fructua-

973 955 1022 985 rio
1038 955 1155 994 possint
1181 959 1328 989 converti
1353 960 1383 991 in
1402 970 1495 1001 agros
1514 962 1656 1001 fertiles,
1678 962 1729 994 sed
1746 972 1786 994 an
1802 963 1850 994 vi-

973 1005 1059 1033 neae,
1085 997 1136 1028 vel
1154 997 1297 1037 arbusta,
1321 1001 1370 1030 vel
1389 1003 1527 1042 oliveta,
1544 1005 1660 1044 pnsslnt
1676 1014 1693 1035 a
1707 1004 1849 1036 fructua-

972 1037 1020 1068 rio
1039 1038 1150 1077 dejici,
1175 1047 1210 1069 ut
1236 1050 1331 1072 venas
1354 1042 1594 1081 lapidicinarum
1618 1047 1646 1078 &
1664 1046 1851 1086 huiusmodi

971 1080 1174 1110 metallorum
1191 1080 1338 1120 inquirat.
1382 1083 1457 1126 Qua
1477 1086 1508 1117 in
1533 1096 1566 1118 re
1586 1095 1708 1118 tantum
1739 1087 1857 1126 abest,

974 1128 1008 1150 ut
1030 1130 1166 1152 annonae
1189 1120 1282 1153 favor
1308 1132 1469 1165 vertatur,
1493 1135 1526 1158 ut
1552 1138 1569 1159 e
1585 1129 1749 1160 contrario
1765 1138 1851 1169 quae-

972 1170 1058 1192 ratur
1073 1185 1083 1199 ,
1115 1171 1151 1193 an
1177 1164 1375 1203 agriculturae
1401 1176 1522 1200 nocere
1542 1170 1635 1208 poffit
1658 1169 1851 1202 fructuarius

973 1203 1149 1240 lapidicinis
1175 1206 1204 1235 e<
1239 1206 1482 1240 metallifodinis
1503 1210 1681 1250 inslitutis3
1711 1213 1811 1243 modo
1826 1212 1852 1245 si

974 1253 1013 1275 ex
1032 1244 1079 1275 liis
1103 1246 1237 1285 majores
1260 1248 1401 1287 reditus,
1426 1258 1521 1289 quam
1545 1260 1585 1282 ex
1601 1252 1703 1283 vineis
1721 1277 1730 1291 ,
1755 1253 1852 1284 arbu-

974 1285 1044 1324 stis,
1069 1287 1118 1317 vel
1139 1287 1284 1326 olivetis,
1317 1289 1456 1331 denique
1487 1301 1529 1323 ex
1551 1293 1758 1334 agricultura,
1782 1293 1854 1334 spe-

973 1336 1041 1358 rare
1059 1327 1163 1368 poffi't.
1216 1328 1293 1361 Non
1317 1331 1413 1371 igitur
1437 1334 1565 1373 probari
1591 1335 1696 1375 potest
1719 1334 1853 1367 Gotho-

973 1367 1055 1399 fredi
1073 1369 1230 1401 sententia
1250 1382 1257 1402 :
1291 1378 1466 1414 verumque
1483 1374 1547 1414 est,
1571 1375 1777 1409 fruCiuarium
1795 1386 1853 1409 ne-

974 1419 1036 1449 que
1052 1420 1068 1440 a
1087 1412 1221 1450 domus,
1246 1421 1352 1453 neque
1377 1424 1393 1445 a
1418 1414 1529 1455 fundi,
1553 1419 1744 1450 conditione
1761 1428 1850 1450 rece-

973 1452 1049 1482 dere
1067 1452 1155 1492 poss‘e
1171 1462 1181 1491 3
1215 1453 1277 1484 sive
1292 1455 1505 1495 deteriorem,
1528 1457 1592 1490 sive
1609 1460 1795 1500 meliorem,
1819 1470 1854 1492 u-

974 1492 1202 1533 tilioremque,
1235 1495 1367 1526 domum
1395 1505 1449 1528 aut
1476 1498 1610 1531 fundum
1634 1500 1744 1532 facere
1762 1503 1853 1534 velit.

973 1533 1047 1565 Nec
1070 1534 1135 1574 jam:
1160 1536 1264 1568 verbis
1287 1546 1379 1577 opus.
1410 1539 1441 1570 id
1466 1539 1560 1580 ipsius
1586 1541 1770 1573 testimonio
1793 1542 1856 1574 Ul-

974 1576 1059 1617 piani
1086 1577 1297 1617 intelligitur:
1329 1588 1402 1610 cum
1427 1580 1456 1621 ᾗ.
1474 1591 1503 1619 4.
1526 1584 1555 1613 d.
1574 1581 1594 1612 l.
1616 1591 1662 1623 13.
1688 1583 1753 1614 hoc
1780 1584 1856 1623 est,

976 1627 1016 1647 eo
1036 1618 1066 1648 in
1085 1618 1160 1648 loco
1178 1628 1218 1649 ex
1235 1628 1300 1660 quo
1320 1620 1350 1651 in
1370 1620 1399 1661 §.
1417 1632 1447 1661 5.
1473 1621 1660 1664 insequente
1677 1625 1794 1656 deinde
1811 1627 1856 1658 ad

976 1658 1227 1690 metallifodinas
1245 1683 1255 1700 ‚
1286 1661 1535 1702 lapidicinasque
1553 1688 1563 1703 ,
1602 1665 1780 1698 illationem
1805 1666 1861 1698 fa-·

976 1701 1038 1738 cit,
1061 1699 1103 1732 fic
1121 1700 1238 1733 scribit.
1282 1702 1315 1733 St
1331 1703 1414 1742 forte
1434 1705 1583 1747 voluptare
1599 1706 1670 1746 fuit
1687 1709 1831 1748 praedium
1840 1726 1861 1748 ,..

975 1742 1140 1781 viridaria,
1163 1743 1210 1773 vet
1224 1742 1420 1784 gestationes,
1444 1747 1491 1777 vel
1516 1748 1863 1791 deambulationes,ar-2

976 1783 1086 1813 boribus
1113 1783 1300 1822 infrufiiztofis
1321 1792 1426 1826 opacas
1450 1793 1536 1830 atque
1566 1799 1692 1822 amaenas
1716 1791 1823 1823 habens
1839 1814 1855 1832 ,

976 1833 1034 1855 non
1058 1825 1137 1854 debet
1159 1825 1276 1866 dejicere
1289 1849 1300 1864 ,
1331 1834 1365 1858 ut
1380 1829 1462 1868 forte
1479 1831 1573 1861 hortos
1587 1831 1712 1863 olitorios
1721 1832 1825 1872 faciat
1840 1855 1856 1874 ‚

976 1864 1023 1895 vet
1039 1864 1120 1896 aliud
1139 1867 1209 1907 quid
1224 1868 1300 1908 quod
1322 1869 1360 1899 ad
1385 1871 1511 1903 reditum
1519 1871 1640 1912 spetiet.
1682 1873 1864 1916 Postremo3

977 1914 1039 1938 nec
1057 1906 1122 1937 hoc
1138 1908 1287 1940 omittam
1303 1931 1313 1948 ,
1336 1912 1425 1950 quod
1442 1910 1599 1953 Ulpianus
1620 1914 1650 1956 ᾗ.
1672 1918 1707 1946 σ.
1725 1916 1855 1958 ejusdem

977 1947 1102 1988 capitis,
1123 1948 1156 1979 id
1174 1947 1237 1988 est,
1262 1949 1327 1982 hoc
1349 1951 1419 1992 ipso
1442 1953 1655 1996 indocorquo
1672 1957 1713 1988 de
1729 1959 1855 1998 agitur,

977 1988 1110 2028 scribit,
1141 1988 1347 2034 fruCtuarium
1364 2016 1375 2032 ,
1406 1993 1427 2025 fi
1454 1995 1598 2038 instituat
1628 1998 1756 2030 metalla
1781 2006 1858 2039 quae

976 2037 1031 2061 aut
1045 2031 1111 2071 agri
1127 2032 1244 2064 coelum
1261 2042 1485 2075 corrumpant,
1508 2045 1563 2069 aut
1586 2038 1739 2079 majorem
1757 2049 1860 2080 appa-

976 2079 1079 2103 ratum
1110 2071 1170 2104 sint
1203 2073 1414 2108 desideratura
1430 2100 1441 2117 ,
1471 2086 1565 2119 quam
1588 2079 1740 2112 sustinere
1756 2081 1856 2122 poffit

976 2113 1225 2154 proprietarius,
1249 2125 1314 2147 non
1332 2118 1431 2150 videri
1448 2119 1527 2152 boni
1547 2121 1765 2154 viriarbitratu
1775 2122 1867 2165 frui,

977 2153 1054 2186 Hoc
1071 2156 1156 2187 enim
1171 2164 1238 2196 quo
1260 2159 1402 2198 pertinet
1418 2160 1435 2191 ’ἓ
1458 2161 1514 2193 nisi
1536 2170 1570 2193 ut
1597 2163 1732 2203 probet,
1757 2173 1855 2203 eum,

977 2197 1121 2236 quamvis
1144 2206 1185 2229 ex
1205 2199 1340 2231 metallis
1363 2202 1498 2241 majores
1514 2224 1525 2241 ,
1549 2212 1642 2243 quam
1662 2213 1702 2236 ex
1720 2205 1854 2246 agricul-

977 2245 1070 2276 tura,
1093 2239 1212 2271 reditus
1236 2239 1271 2271 sit
1297 2249 1526 2282 percepturus,
1549 2251 1657 2277 tamen
1681 2248 1856 2287 agricultu-

977 2289 1018 2310 rae
1035 2288 1130 2319 quam
1148 2280 1523 2320 invenit‚conditionem
1541 2294 1663 2318 mutare
1674 2297 1738 2319 non
1748 2288 1858 2329 posse.

1019 2320 1121 2359 Haec,
1144 2321 1289 2362 inquies,
1313 2332 1379 2362 quo
1403 2334 1540 2366 pergunt
1557 2328 1574 2359 ἰ)
1603 2337 1740 2368 nempe,
1764 2337 1798 2361 ut
1816 2338 1856 2361 on

978 2361 1138 2402 fiendam,
1165 2363 1248 2395 hunc
1266 2365 1391 2397 versum
1405 2368 1457 2407 qui
1475 2368 1519 2399 est
1536 2368 1612 2409 §.¹5.
1636 2371 1664 2401 (I.
1683 2370 1703 2400 l.
1726 2379 1771 2411 13.

1017 2403 1058 2435 Et
1071 2403 1100 2442 fi
1108 2405 1190 2444 forte
1204 2407 1233 2435 in
1250 2406 1301 2436 hoc
1317 2409 1390 2448 quod
1404 2406 1530 2448 instituit
1545 2433 1555 2447 ,
1581 2410 1650 2450 plus
1672 2412 1783 2442 reditus
1790 2411 1860 2452 βω

1060 2455 1148 2487 quain
1164 2447 1196 2477 in
1213 2447 1326 2486 vineis,
1350 2448 1396 2478 vel
1413 2448 1539 2490 arbustis
1558 2474 1567 2488 ,
1597 2451 1645 2482 vel
1661 2452 1773 2484 olivetis
1789 2464 1855 2495 quae

1052 2488 1181 2527 fuerunt
1191 2511 1200 2525 ‚
1216 2488 1347 2526 forfitan
1362 2491 1448 2521 etiam
1463 2493 1519 2523 haec
1533 2492 1652 2534 dejicere
1668 2496 1793 2534 poterit,

979 2528 1061 2560 maie
1077 2530 1203 2561 misceri
1221 2528 1349 2570 Ulpiani
1370 2531 1492 2570 verbis3
1518 2542 1591 2565 cum
1609 2534 1643 2565 sit
1658 2536 1788 2576 alicujus
1805 2536 1856 2569 In-

981 2571 1128 2609 terpretis
1141 2593 1150 2607 ‚
1173 2569 1300 2601 Veteris
1317 2572 1464 2612 quidem,
1488 2573 1542 2606 sed
1557 2576 1609 2617 qui
1627 2585 1732 2616 neque
1749 2579 1786 2609 ad
1797 2578 1855 2610 Ui-

979 2612 1065 2652 piani
1083 2619 1244 2649 mentem,
1269 2621 1375 2650 neque
1399 2615 1438 2645 ad
1456 2615 1531 2655 juris
1548 2617 1727 2658 rationem,
1751 2628 1856 2652 atten-

980 2654 1046 2689 dit;
1069 2654 1098 2683 ὅ(
1117 2652 1279 2691 sequentia
1301 2652 1429 2694 Ulpiani
1445 2657 1563 2696 verba,
1588 2658 1735 2701 Siquidem
1749 2662 1852 2701 eiper-

979 2695 1107 2724 mittitur
1123 2694 1269 2725 meliorare
1281 2697 1498 2738 proprietatem,
1515 2700 1778 2734 inconsideratius
1794 2712 1850 2734 ex-

980 2736 1105 2776 plicuit.
1144 2736 1192 2765 An
1218 2736 1268 2766 cui
1292 2738 1458 2777 probabile
1488 2740 1552 2780 fit,
1584 2740 1753 2782 Ulpianum
1771 2767 1783 2782 ‚
1818 2745 1853 2776 id

981 2776 1046 2814 est,
1070 2776 1235 2807 homiuem
1254 2778 1401 2818 dostum,
1424 2790 1576 2821 gravem,
1599 2793 1637 2815 ac
1655 2783 1849 2824 sapientem,

980 2818 1012 2848 in
1037 2826 1071 2848 re
1097 2817 1228 2849 minime
1250 2824 1454 2853 controversa
1475 2847 1484 2861 ,
1517 2824 1664 2864 scripsisse
1689 2825 1792 2857 secum
1818 2826 1852 2856 &-

981 2868 1054 2890 curn
1070 2857 1165 2890 Civili
1183 2858 1257 2898 jure
1276 2867 1338 2893 tam
1363 2863 1530 2897 manifeste
1554 2867 1746 2907 pugnantia?
1768 2866 1851 2898 mihi

982 2910 1047 2933 non
1065 2900 1200 2932 videtur.
1243 2900 1316 2933 Nec
1343 2911 1447 2937 tamen
1471 2907 1608 2948 ignoro,
1637 2917 1708 2938 eum
1726 2906 1852 2939 versum

982 2942 1078 2973 etiam
1093 2943 1176 2982 apud
1193 2941 1327 2976 Graecos
1343 2954 1471 2987 extare,
1495 2948 1608 2986 Bafilic.
1627 2949 1672 2978 tib.
1692 2951 1738 2978 16.
1761 2949 1807 2979 tit.
1822 2958 1853 2980 1.

982 2990 1048 3014 tom.
1077 2992 1105 3014 2.
1136 2991 1206 3024 pag.
1229 2995 1300 3026 250.
1359 2987 1423 3019 Sed¹
1447 2989 1479 3020 id
1504 2999 1568 3021 non
1594 2990 1656 3020 alio
1683 2989 1824 3024 pertinet
1840 3013 1856 3029 ‚

984 3033 1076 3063 quam
1103 3032 1137 3056 ut
1160 3034 1336 3067 appareat,
1375 3039 1415 3060 eo
1437 3030 1498 3070 jam
1525 3032 1601 3061 olim
1632 3029 1853 3064 deformatum

982 3065 1073 3097 fuiffe
1091 3065 1273 3106 Ulpianum.
1299 3071 1396 3111 igitur
1418 3080 1605 3111 quamquam
1630 3070 1718 3102 hunc
1743 3070 1853 3105 Graeci

983 3116 1112 3148 quoque
1124 3109 1318 3150 indigitat,
1345 3119 1450 3142 tamen
1477 3121 1517 3142 ne
1540 3111 1682 3151 Ulpiano
1698 3112 1852 3154 somnus,

981 3157 1022 3180 ne
1046 3150 1120 3190 quid
1144 3153 1272 3191 gravius
1305 3152 1407 3183 dicam
1431 3175 1440 3190 ‚
1476 3151 1649 3193 surrepsisse
1675 3155 1821 3187 videatur
1838 3179 1852 3194 ,

72 3180 160 3220 quod
176 3181 353 3220 periculum
371 3181 436 3222 est,
459 3192 500 3216 ne
515 3183 589 3215 urbs
605 3185 700 3218 ruinis
716 3185 937 3227 deformetur3
977 3199 1039 3233 ego
1070 3200 1143 3223 eum
1175 3194 1424 3234 interpolatione
1452 3200 1516 3227 tam
1538 3194 1682 3227 seditiosa
1715 3195 1745 3235 &
1768 3198 1853 3228 male

79 3252 87 3257 ,
112 3219 188 3253 Tam.
214 3222 241 3253 J.
315 3230 317 3232 ’

1422 3231 1484 3265 lii<

1793 3246 1848 3268 CO·
