2036 3495
469 79 539 116 DE
578 78 775 115 PAc'rls
817 87 876 112 ET
916 76 1467 116 TRANsAcmoNrnus.

90 186 95 187 ⁷
124 172 203 204 Dixi
228 179 299 210 quae
322 170 363 202 de
383 169 536 203 Scaevolae
554 167 707 200 sententia
725 166 818 197 habui
837 166 954 198 dicere.

80 213 153 247 Nec
171 215 285 254 ignoro
296 234 305 250 ,
322 211 384 243 ess‘e
403 213 441 243 ab
457 212 579 250 aliquot
594 210 680 240 annis
696 208 877 248 complures
889 207 954 239 Do-

84 256 152 288 ctos
170 257 254 285 viros
272 254 322 293 qui
346 253 404 284 hac
423 263 492 285 mea
510 251 752 288 observatione,
776 248 858 289 quali
876 249 953 281 clas·

82 296 146 329 fico
163 296 314 333 excitati,
326 293 448 326 diverso
464 293 638 324 commenti
653 300 770 332 genere
786 291 953 336 decurrant

83 338 123 370 ad
140 337 293 369 Scaevolae
310 335 538 367 defensionem.
579 333 641 365 Sed
661 342 724 363 non
743 341 888 370 memini,
913 332 952 362 ab

83 379 131 410 his
149 379 261 410 adduci
279 378 364 417 quod
381 377 555 408 scaevoiarn
579 374 737 405 absolvat:
760 374 857 404 modo
875 382 951 404 con-

83 419 202 452 sistatur
219 421 298 450 intra
317 418 450 458 speciem
468 418 507 448 de
525 425 584 457 qua
605 414 777 446 consulitur
796 414 948 445 Scaevola.

83 462 173 492 aliam
192 460 276 491 enim
294 460 409 500 quaeri,
433 467 524 498 quam
544 466 612 497 quae
632 457 662 487 in
679 457 706 487 d.
723 456 741 487 l.
763 465 808 494 14.
834 464 950 495 propo-

83 503 186 540 nitur,
204 502 278 541 quid
298 499 435 531 attinet?
460 498 585 539 Nempe
600 506 726 538 rogatus
746 496 808 527 fuit
825 497 951 527 Scaevo-

84 544 112 575 la
126 545 166 574 de
184 542 258 574 fasti
276 540 398 581 specie,
423 541 461 571 de
478 549 538 581 qua
555 548 639 576 erat,
663 546 696 569 ut
712 537 776 578 ipse
791 539 851 576 ait,
875 547 952 569 con-

84 583 244 616 troversia.
277 582 339 621 ejus
365 589 470 613 autem
496 580 612 621 speciei
632 580 707 611 fines
726 579 900 610 Scaevolam
921 580 952 610 in

83 624 307 665 respondendo
324 622 432 664 egredi
449 631 511 653 non
531 622 690 659 oportuit.
726 620 790 651 Nifi
810 621 878 660 quis
897 629 952 660 pu-

86 675 150 706 tet,
168 667 207 696 de
222 665 295 704 Jure
313 663 491 695 consultum
509 663 617 694 officio
640 663 693 693 suo
713 661 908 692 satisfacere:
933 660 953 692 si

85 706 266 739 Consultori
285 705 325 737 de
340 704 426 736 fae‘to
441 705 523 743 alio,
541 713 633 744 quam
650 704 677 734 ei
695 702 888 743 propositum
906 702 952 733 fu-

83 749 127 786 it,
143 746 342 786 respondeat.
372 746 434 777 Sed
453 745 515 777 hoc
532 746 623 776 nimis
640 744 815 776 absurdum.
840 753 903 775 non
923 753 953 774 e-

86 791 150 821 nim
167 788 208 820 fic
225 787 424 819 Consultoris
441 786 643 825 desiderium,
665 787 750 826 quod
768 785 881 822 debet,
899 785 953 816 im-

87 831 170 871 plet:
195 829 246 860 sed
271 830 360 869 quod
377 838 440 860 non
459 829 576 865 debet,
600 836 671 858 eum
691 827 824 858 ludibrio
845 826 951 857 habet.

85 879 279 911 utcumque:
305 872 391 901 usum
417 879 510 909 quem
529 869 650 909 praebet
669 869 729 899 tale
746 866 951 908 responsum?

85 911 131 944 Sit
147 913 242 953 igitur
256 912 285 942 ei
300 912 353 952 qui
370 912 488 942 auxilio
505 910 565 942 effe
581 910 733 940 Scaevolae
750 910 874 947 cupiat,
891 906 952 938 sola

86 954 156 985 haec
170 953 376 985 examinanda
388 952 506 992 species
524 961 593 992 quae
603 951 646 982 est
656 952 682 981 d.
693 951 711 981 l.
727 959 773 988 14,
785 950 954 980 Controver-

82 994 129 1034 fia
143 997 217 1026 inter
235 994 392 1034 legitimum
410 993 446 1028 ὅ)
460 994 596 1033 scriptum
617 992 741 1023 heredem
758 997 819 1022 orta
835 988 890 1030 est:
907 998 953 1020 ea-

87 1035 342 1076 quetransafflone
356 1034 447 1072 facia,
460 1041 536 1065 certa
552 1034 610 1075 lege
619 1033 710 1072 finita
726 1030 773 1072 eft.
800 1031 877 1063 Haec
889 1031 952 1070 spe-

87 1079 169 1109 cies:
186 1077 217 1108 in
229 1086 328 1117 eaque
345 1075 528 1115 {impliciter
539 1075 740 1114 accipiendus
752 1072 798 1104 est
813 1073 954 1118 legit—imus

89 1119 182 1151 heres
206 1118 258 1158 qui
285 1117 346 1149 sine
363 1117 551 1149 testamento
577 1116 663 1147 venit
680 1124 719 1146 ex
735 1115 805 1154 lege
820 1115 857 1144 ab
875 1119 953 1144 inte—

89 1160 191 1192 stato:
216 1159 347 1199 scriptus
365 1167 494 1196 contra,
520 1157 571 1197 qui
590 1155 777 1187 testamento
796 1154 953 1185 institutus

87 1201 143 1232 est.
168 1201 199 1231 id
216 1200 368 1231 convenit
384 1199 497 1230 rationi
514 1198 543 1229 ἃ
561 1198 639 1228 mori
660 1194 865 1240 propositi-ad
880 1204 955 1225 con-

90 1242 251 1274 sulendum
271 1240 365 1273 fatti:
387 1241 419 1272 in
444 1248 507 1281 quo
526 1239 603 1270 nihil
619 1237 771 1276 obscure,
794 1236 873 1267 nihil
890 1244 953 1267 am-

1799 92 1867 126 451

997 167 1111 208 bigne,
1127 167 1204 200 nihil
1221 168 1393 208 improprie
1409 169 1471 201 dici
1491 174 1633 209 oportet.
1662 167 1711 200 ΕΒ(
1726 170 1786 202 hac
1802 169 1870 211 spc-

997 209 1046 239 cie
1072 218 1168 248 porro
1192 208 1358 242 formanda
1381 210 1536 250 quaestio:
1559 218 1629 250 quae
1653 209 1715 248 ipsa
1739 220 1868 253 quoque

997 250 1100 281 verbis
1116 252 1143 282 d.
1163 251 1181 280 l.
1201 259 1245 289 14.
1270 252 1471 282 continetur:
1493 255 1531 282 *ea
1557 251 1688 292 quaestio
1712 253 1775 290 est,
1800 253 1867 284 Cre-

996 292 1098 321 ditores
1116 301 1199 332 quem
1215 294 1365 324 convenire
1377 292 1518 333 poffunt?
1542 291 1643 325 sensus
1664 294 1866 334 quaestionis,

996 340 1065 363 uter
1080 341 1097 363 a
1112 333 1252 364 defunsti
1268 335 1480 365 creditoribus
1498 335 1663 366 conveniri
1684 336 1798 374 debet,
1823 336 1865 367 le-

994 373 1140 414 gitimus,
1158 383 1195 405 an
1212 374 1368 415 scriptus?
1384 375 1429 406 Sit
1445 375 1539 416 igitur
1554 375 1622 406 haec
1639 375 1777 416 species,
1797 377 1865 408 haee

995 414 1144 455 quaestio,
1168 423 1264 455 atque
1280 417 1343 447 hoe
1362 415 1446 448 sensu
1465 416 1631 448 tractanda.
1676 417 1765 460 Quid
1782 418 1865 449 Scae·

995 456 1092 488 vola?
1117 465 1150 487 ut
1166 457 1283 495 debet,
1306 457 1451 488 continet
1468 456 1497 488 se
1521 457 1601 488 intra
1618 457 1690 490 faeti
1710 457 1864 499 speciem:

995 496 1046 528 sed
1063 498 1149 536 quod
1163 507 1225 529 non
1243 499 1358 536 debet,
1377 498 1507 539 negligit
1522 498 1602 537 juris
1618 498 1773 532 formam:
1798 510 1864 532 non

996 539 1115 578 palam:
1141 537 1192 570 sed
1210 540 1354 570 adhibito
1372 540 1484 570 colore
1502 540 1592 579 plane
1609 540 1801 580 imaginario.
1834 542 1860 573 is

995 580 1085 610 color
1110 579 1154 611 est
1178 581 1335 612 incertum
1360 580 1574 612 succeffionis:
1598 583 1701 620 quod,
1727 590 1761 613 ut
1780 582 1866 621 dixi,

996 621 1115 652 nullum
1139 620 1184 652 est
1206 622 1235 652 in
1262 622 1422 662 propoiita
1447 623 1560 660 specie.
1592 622 1634 652 ait
1660 631 1763 654 tamen
1783 623 1867 654 Sete-

996 663 1087 700 vola,
1111 662 1179 694 fieri
1204 663 1247 694 ob
1274 663 1429 694 incertum
1456 663 1675 695 succeffionis:
1700 672 1734 695 ut
1759 674 1866 704 neque

997 702 1128 743 scriptus
1154 704 1244 735 heres
1259 728 1268 743 ,
1290 714 1394 745 neque
1420 705 1578 745 legitimus
1605 705 1720 736 debeat
1743 706 1774 736 in
1793 707 1866 737 i'oli-

997 745 1070 774 dum
1095 745 1258 776 conveniri
1283 745 1459 777 actionibus
1481 745 1633 777 directis:
1665 747 1764 786 (quae
1787 746 1868 785 juris

996 785 1098 815 forma
1116 785 1310 818 observanda
1327 787 1411 818 foret
1427 797 1437 825 ;
1460 785 1481 818 fi
1499 787 1538 818 ad
1556 795 1678 819 certum
1695 789 1867 819 accederet

997 825 1172 871 succeffio)
1195 825 1245 857 sed
1269 836 1302 857 ut
1327 836 1461 867 uterque
1487 827 1523 859 fit
1547 828 1722 860 actionibus
1736 829 1867 860 utilibus

996 868 1237 898 conveniendus
1261 877 1319 907 pro
1344 877 1431 908 parte
1455 870 1646 902 hereditatis.
1692 870 1768 902 Hoc
1786 880 1865 902 vero

995 906 1178 946 responsum
1202 908 1246 939 est
1271 908 1346 939 mihi
1371 909 1562 949 suspectum,
1586 920 1652 942 rem
1670 921 1710 943 ex
1728 921 1805 942 vero
1822 921 1864 942 ae-

995 948 1129 980 stimanti
1149 947 1211 979 fine
1229 948 1354 980 affeetu.
1387 950 1538 981 abhorret
1555 953 1639 983 enim
1658 962 1673 982 a
1689 952 1794 984 forma
1812 953 1865 984 Ci-

996 989 1065 1020 vilis
1090 988 1192 1028 Juris;
1216 998 1250 1020 ut
1274 990 1387 1021 docui:
1411 991 1590 1023 consentire
1615 1004 1692 1025 vero
1719 1004 1791 1025 cum
1809 1003 1867 1033 ea,

998 1030 1136 1061 ostendit
1152 1040 1267 1062 nemo:
1291 1031 1345 1062 etfi
1362 1031 1412 1062 alii
1429 1033 1486 1063 alia
1503 1034 1664 1065 attulerint
1682 1036 1720 1067 ad
1736 1035 1866 1066 Scaevo-

997 1072 1032 1102 1ae
1049 1070 1184 1112 speciem
1196 1095 1205 1110 ‚
1228 1079 1281 1102 aut
1300 1072 1338 1103 ad
1356 1072 1506 1104 Scaevolae
1526 1075 1638 1113 verba,
1656 1077 1786 1116 ejusque
1802 1076 1868 1108 sen‘-

998 1112 1060 1143 sum
1080 1113 1207 1144 minime
1224 1113 1423 1154 pertinentia.
1447 1114 1541 1155 igitur
1558 1125 1653 1147 nemo
1669 1117 1865 1157 Scaevolam,

996 1153 1074 1184 ficut
1097 1162 1229 1193 oportet
1246 1177 1256 1193 ,
1288 1154 1455 1193 defendit3
1477 1164 1581 1195 neque
1599 1179 1609 1195 ,
1633 1166 1731 1196 puto,
1756 1158 1867 1190 defen-

997 1195 1052 1226 det
1071 1204 1235 1236 umquam:
1251 1196 1324 1237 quia
1340 1194 1469 1228 defendi
1486 1205 1550 1228 non
1571 1199 1695 1238 potest,
1712 1199 1796 1231 salvo
1814 1199 1865 1240 Ju÷

996 1245 1040 1268 re.

765 1339 792 1382 C
816 1356 837 1381 A
863 1357 881 1381 P
906 1356 928 1381 u
955 1358 976 1381 τ
1027 1346 1180 1382 XXIII.

382 1427 432 1462 An
450 1425 491 1467 &⁹
507 1428 622 1473 quando
637 1428 703 1474 quis
712 1426 828 1473 futuro
847 1427 948 1461 heredi
959 1429 1047 1473 1)αὲἳο
1052 1426 1111 1473 suo
1128 1425 1219 1475 poffit
1232 1427 1360 1474 prodff
1375 1434 1428 1463 aut
1445 1428 1574 1464 nocere?

92 1529 184 1604 Sed
198 1536 328 1571 apparet
344 1540 384 1562 ex
411 1531 438 1561 d.
456 1531 475 1562 l.
495 1540 542 1571 73.
559 1530 587 1572 §.
606 1530 659 1561 ult.
677 1528 720 1560 D.
746 1530 778 1560 cle
794 1529 898 1570 regulis
909 1529 958 1571 ju'-

158 1572 198 1601 ris
214 1594 224 1610 ,
247 1571 417 1603 Neminem
444 1573 632 1611 paciscendo
656 1571 745 1602 alteri
769 1580 882 1602 cavere
905 1578 959 1601 aut

93 1621 212 1644 nocere
237 1613 333 1652 poss‘e.

93 1653 171 1685 alter
190 1652 318 1686 fictione
335 1654 414 1694 Juris
433 1654 565 1684 habetur
582 1654 666 1685 idem
685 1652 872 1694 paciscenti:
896 1662 959 1693 quo

88 1704 133 1726 ,ex
152 1704 269 1735 genere
287 1695 332 1726 est
348 1694 477 1726 testator
495 1695 524 1726 &
542 1694 652 1733 heres,
676 1703 765 1734 pater
780 1694 810 1725 ὃς
827 1693 908 1725 filius
925 1696 958 1725 in

94 1735 158 1775 ejus
181 1735 338 1775 potestate
360 1735 516 1774 existens,
539 1736 614 1766 item
633 1736 779 1767 dominus
798 1735 826 1766 &
842 1734 957 1767 servus.

91 1775 145 1808 De
156 1775 273 1808 herede
283 1787 330 1808 res
341 1785 425 1808 certa
436 1800 445 1815 ,
461 1777 489 1808 ei
507 1776 650 1816 prodeffe
661 1775 801 1807 defuncti
813 1776 957 1816 pastum:

93 1817 157 1849 five
181 1818 208 1848 ei
233 1818 418 1849 nominatim
434 1817 518 1848 cavit
535 1818 552 1848 l.
572 1827 621 1858 33.
640 1817 681 1848 D.
711 1819 742 1847 de
757 1817 873 1857 potitis.-
895 1818 958 1849 five

95 1867 166 1889 eum
193 1868 257 1890 non
283 1859 472 1890 nominarit:
501 1868 572 1890 cum
597 1859 707 1898 utique
732 1858 802 1897 post
823 1866 958 1890 mortem

93 1898 175 1931 suam
191 1899 230 1930 ab
247 1910 286 1931 eo
305 1899 543 1940 repraesentetur
559 1900 576 1930 l.
586 1909 614 1936 9.
628 1899 668 1930 D.
687 1901 720 1930 de
729 1900 956 1939 probationibus.

93 1940 112 1973 l.
129 1945 156 1974 8.
176 1940 276 1982 §.pem
295 1940 338 1973 D.
352 1943 385 1972 de
396 1942 585 1982 pigneratitia
596 1940 714 1972 afflone.
739 1941 836 1972 debet
853 1949 958 1972 tamen

94 1983 124 2012 ei
141 1981 253 2012 cavisse
271 1989 428 2022 tamquam
449 1982 568 2013 heredi.
607 1991 678 2013 nam
696 1981 717 2012 fi
735 1990 888 2013 extraneo
905 1991 958 2022 pa-

96 2022 162 2054 &us
186 2021 238 2054 fit:
263 2033 327 2054 non
355 2024 439 2054 valet
465 2023 606 2063 pastum,
629 2022 684 2054 etfi
709 2032 780 2054 eum
808 2023 958 2055 heredem

94 2063 246 2095 instituit:
270 2065 388 2105 quippe
407 2073 478 2095 cum
499 2073 609 2095 verum
626 2063 679 2102 fit,
704 2064 790 2104 quod
807 2065 845 2095 ab
865 2065 957 2096 initio

94 2104 242 2136 vitiosum
259 2105 320 2143 est,
338 2115 377 2136 ex
393 2104 550 2146 postfacto
567 2114 631 2136 non
648 2104 898 2139 convalescerel.
912 2115 959 2144 17.

96 2145 126 2187 §.
143 2156 171 2184 4.
190 2146 232 2177 D.
249 2148 281 2176 de
291 2146 395 2186 pastis.
417 2146 478 2178 Sed
495 2155 554 2177 nec
571 2147 647 2178 illud
664 2147 877 2178 omittendum
895 2146 959 2186 est,

97 2187 182 2224 quod
192 2186 331 2219 defunCti
343 2187 466 2228 pactum
477 2187 584 2219 heredi
596 2195 661 2219 tum
674 2187 800 2228 prodest
812 2188 937 2220 demum
949 2210 958 2227 ‚

96 2226 117 2259 fi
134 2236 210 2258 unus
227 2227 281 2266 fit,
303 2236 356 2260 aut
379 2238 450 2260 cum
473 2229 576 2268 plures
596 2228 685 2267 sunt,
709 2229 876 2260 defunctus
893 2239 959 2261 om—

97 2268 189 2299 nibus
204 2277 313 2301 cavet:
330 2278 478 2301 caeterum
493 2269 512 2300 si
529 2270 633 2310 plures
649 2269 745 2301 habet
761 2270 913 2309 heredes,
929 2271 959 2301 &

96 2310 148 2340 uni
176 2309 360 2342 nominatim
386 2312 490 2348 cavit3
513 2320 577 2341 non
596 2311 679 2341 valet
698 2312 845 2350 pastum,
866 2312 922 2343 nisi
937 2311 959 2343 fi

94 2349 150 2389 fit,
172 2349 223 2381 Ne
241 2361 257 2381 a
273 2350 365 2382 Titio
389 2352 454 2391 ejus
481 2351 597 2383 herede
616 2360 741 2389 petatur
764 2354 790 2383 d.
810 2353 829 2384 ί.
847 2362 896 2394 33.
914 2352 956 2384 D.

98 2393 131 2421 de
149 2391 258 2431 paffls,
282 2399 313 2423 at
339 2391 360 2423 fi
384 2393 446 2423 tale
470 2391 522 2431 fit,
548 2401 581 2424 ut
605 2391 697 2424 Titio
716 2394 745 2424 ὅ(
765 2394 831 2434 ejus
849 2394 959 2425 heredi

97 2432 169 2472 Sejo
185 2433 299 2464 dentur
314 2441 462 2472 centum;
478 2442 541 2465 non
561 2434 661 2467 valet:
685 2443 817 2474 nempe,
835 2444 875 2466 ne
891 2435 959 2475 quis

100 2473 188 2504 alteri
211 2474 371 2515 adquirat,
395 2475 493 2515 qualis
516 2472 608 2507 Titio
633 2474 719 2515 Sejus
736 2485 772 2508 ea
788 2477 820 2509 in
836 2476 960 2517 stipula-

380 1612 475 1643 Nunc
493 1613 635 1644 addenda
652 1611 694 1643 est
711 1612 880 1653 exceptio:
905 1611 959 1643 niii

766 2584 978 2620 CAPUT

175 2654 226 2690 De
239 2661 321 2711 paeto
333 2662 432 2705 patris
447 2659 487 2699 ὃ)
497 2661 561 2707 filii
579 2665 609 2698 in
621 2664 771 2712 potestate
790 2664 961 2711 existentis.

105 2756 247 2828 Venio
273 2760 312 2809 ³5¹,
333 2759 563 2808 filiumfamilias
587 2765 616 2797 δι
634 2773 765 2806 patrem.
796 2777 867 2799 nam
886 2767 914 2799 ἃ
932 2766 964 2799 hi

119 2842 122 2846 Ι
186 2798 259 2846 Jure
277 2800 367 2846 Qvili
385 2810 442 2847 pro
460 2806 570 2837 iisdem
590 2807 753 2839 habentur.
783 2808 964 2841 Lactantius

102 2840 149 2871 lib.
169 2850 197 2879 4.
216 2839 322 2887 Dtvm.
339 2841 436 2889 fi'ffff·
454 2853 477 2874 c.
496 2855 543 2881 29·
588 2847 661 2878 Cum
686 2850 750 2888 quis
765 2850 846 2880 hahet
865 2850 964 2889 filium

102 2891 184 2922 quem
209 2891 291 2911 unice
315 2883 427 2923 (aliga,
451 2887 500 2925 qui
522 2887 664 2924 zamenfit
681 2890 712 2918 in
728 2891 806 2921 domo
822 2891 857 2925 ὅ)
874 2901 963 2922 manu

95 2924 211 2963 putris:
226 2922 290 2952 licet
309 2924 333 2952 ei
351 2933 450 2954 nomen
467 2926 571 2957 dommi
580 2927 796 2971 potestatemque
812 2934 960 2969 concedat,

100 2963 182 2994 civili
197 2970 291 2994 tanzen
303 2964 370 3004 jure
390 2963 426 2998 &2⁹
443 2966 539 2996 domus
554 2978 614 2998 una
630 2968 665 3002 ὅ)
681 2979 755 3000 unus
766 2972 896 3003 dominus
913 2982 962 3003 no-

100 3006 236 3035 minatur.
261 3005 358 3045 igitur
374 3006 550 3045 paciscente
565 3007 648 3048 filio,
672 3009 724 3040 Ne
740 3020 755 3041 a
772 3021 860 3050 patre
878 3021 964 3052 peta-

100 3052 170 3084 tur-3
186 3046 268 3076 valet
284 3046 408 3086 pactum
420 3071 428 3083 ,
447 3047 474 3077 ὅ(
487 3050 619 3089 adquirit
637 3052 714 3090 patri
726 3055 961 3092 exceptionem.

100 3095 161 3117 nec
171 3086 287 3124 refert,
306 3096 408 3118 utrum
421 3088 592 3126 paciscatur
609 3091 648 3121 de
666 3101 705 3122 eo
723 3094 810 3131 quod
827 3103 899 3125 cum
918 3096 963 3135 ip-

100 3127 156 3164 so,
176 3137 212 3157 an
231 3128 269 3158 de
287 3137 326 3158 eo
346 3132 429 3168 quod
448 3138 518 3161 cum
540 3139 644 3171 patre,
666 3133 861 3166 contrastum
882 3135 926 3167 est
941 3136 961 3168 l.

103 3167 264 3240 ιῖῂὲηαὶῖ
282 3169 301 3201 l.
324 3174 367 3204 18.
387 3171 406 3202 l.
428 3179 437 3201 1
445 3181 473 3207 ι).
490 3171 531 3205 D.
552 3174 584 3204 de
593 3172 698 3214 pastis.
742 3173 851 3217 Quid,
872 3176 894 3210 fi
909 3186 962 3219 pa·

1000 1531 1089 1562 'tione
1112 1531 1177 1571 est;
1201 1540 1273 1563 cum
1297 1540 1369 1563 eum
1386 1541 1404 1563 e
1420 1530 1507 1578 Lege
1532 1528 1870 1578 Duodecim-Tabula-

1000 1582 1074 1645 ¹1:2¹3}
1079 1582 1261 1654 diffiditis
1260 1583 1298 1644 {³0⁵
1305 1572 1471 1653 15553‘1'231‘.
1483 1571 1869 1659 ss³sszlitssgssl¹3⁵u¹sssssizssiz

1003 1655 1125 1701 tionem
1143 1655 1376 1702 hereditariam.
1418 1654 1512 1692 Hoc,
1535 1653 1557 1685 fi
1580 1653 1616 1685 fit
1634 1654 1730 1700 dandi
1748 1653 1812 1700 obli
1838 1662 1869 1700 a·

1002 1697 1175 1769 agritii.
1187 1694 1609 1778 irssnagssffgflffssifflfiffssssss
1619 1693 1756 1775 ;¹¹‘v{i¹.{i¹}
1768 1695 1807 1767 {a
1825 1704 1873 1782 stif-

1001 1779 1023 1809 li
1041 1777 1132 1809 Titio
1148 1778 1277 1819 prodest
1292 1779 1311 1810 l.
1333 1788 1398 1819 137·
1414 1779 1442 1820 §.
1456 1777 1514 1818 fin.
1533 1777 1576 1809 D.
1594 1779 1626 1809 de
1637 1779 1787 1808 verborum
1803 1777 1871 1808 ohlia

997 1820 1183 1860 gozionibus:
1207 1821 1279 1858 quia
1302 1819 1386 1851 faeta
1407 1822 1489 1851 inter
1507 1820 1613 1860 plures
1629 1819 1763 1850 heredes
1780 1817 1871 1859 Lege

1000 1861 1187 1892 Duodecim
1203 1860 1400 1893 Tabularum
1417 1871 1482 1892 non
1499 1861 1692 1892 dividuntur.

1042 1901 1104 1933 Sed
1118 1903 1388 1942 quemadmodum
1404 1902 1543 1934 defuncti
1559 1901 1682 1942 pastum
1696 1900 1800 1942 potest
1816 1901 1872 1933 he·

1001 1944 1069 1975 redi
1096 1943 1260 1983 prodeffe3
1284 1944 1327 1975 ita
1353 1945 1382 1975 ei
1406 1953 1524 1975 nocere
1540 1943 1617 1975 nihil
1636 1950 1721 1974 vetat
1737 1942 1756 1973 l.
1773 1953 1822 1982 52.
1841 1943 1872 1984 §.

1004 1993 1029 2016 1.
1041 1983 1082 2015 D.
1098 1985 1130 2015 de
1144 1984 1253 2024 poetis.-
1269 1985 1332 2016 five
1347 1985 1381 2017 sit
1397 1994 1476 2016 unus
1487 2008 1495 2023 ‚
1510 1984 1573 2016 five
1589 1983 1646 2016 sint
1663 1985 1785 2021 plures:
1802 1993 1872 2015 mo-

1002 2027 1044 2057 do
1063 2026 1105 2057 nil
1124 2024 1177 2056 fiat
1194 2034 1306 2058 contra
1322 2026 1439 2066 Legem
1457 2025 1639 2057 Duodecim
1655 2024 1871 2064 Tabularum,

1005 2066 1147 2113 defunsti
1164 2076 1204 2099 tes
1219 2068 1354 2113 alienum
1372 2068 1454 2098 inter
1471 2067 1647 2098 coheredes
1665 2065 1813 2112 ipsqjure
1824 2067 1870 2096 di-

1004 2109 1177 2139 videntem.
1208 2109 1343 2148 promde
1361 2108 1446 2139 valet
1469 2108 1592 2148 pactio,
1616 2107 1668 2139 Ne
1685 2116 1737 2137 um
1754 2116 1793 2137 ex
1816 2107 1872 2138 he-

1003 2149 1129 2181 redibus
1145 2149 1284 2181 solvatur
1301 2149 1388 2188 quod
1406 2149 1433 2180 ei
1452 2149 1620 2180 debebitur
1638 2147 1738 2181 diviso
1756 2147 1871 2179 defun-

1003 2190 1041 2222 Cti
1061 2199 1121 2221 aere
1136 2191 1250 2221 alieno.
1284 2199 1360 2222 tunc
1376 2191 1459 2222 enim
1476 2191 1519 2221 illi
1534 2197 1631 2222 nocet
1648 2189 1792 2230 pastum3
1815 2198 1871 2221 ne-

1001 2241 1063 2272 que
1087 2231 1195 2262 divifio
1231 2230 1324 2273 Legis
1353 2230 1537 2263 Duodecim
1565 2230 1760 2263 Tabularum
1784 2230 1870 2261 laedi-

1002 2281 1061 2303 tur.
1093 2279 1260 2312 caeterum,
1284 2281 1318 2304 ut
1343 2282 1421 2304 unus
1447 2273 1524 2304 nihil
1550 2272 1675 2311 solvat,
1699 2272 1777 2302 alter
1802 2271 1873 2302 soli-

1001 2314 1075 2344 dum
1106 2312 1204 2344 solvat
1221 2337 1230 2351 ,
1261 2315 1346 2345 nulla
1369 2314 1515 2354 pactione
1544 2313 1626 2344 effici
1652 2311 1774 2354 potest:
1798 2321 1872 2344 cum

1002 2353 1185 2386 Duodecim
1211 2353 1345 2387 Tabulis
1370 2364 1544 2396 repugnem
1568 2355 1597 2385 δι
1624 2354 1773 2385 heredem
1791 2362 1871 2384 one-

1001 2403 1068 2433 ret,
1093 2396 1146 2427 ubi
1165 2395 1348 2428 defunctum
1373 2406 1438 2427 non
1455 2395 1656 2436 repraesentat
1672 2395 1692 2425 l.
1708 2404 1755 2435 33.
1777 2394 1817 2425 D.
1836 2396 1870 2424 cle

997 2436 1110 2508 1arigim,
1129 2437 1236 2480 junsta
1253 2438 1270 2470 l.
1290 2442 1339 2480 56.
1355 2438 1384 2480 §.
1404 2447 1429 2470 1.
1447 2437 1490 2469 D.
1515 2438 1548 2468 cle
1562 2438 1708 2468 ‘verborum
1725 2435 1871 2477 obligatio·

1000 2487 1030 2508 m
1051 2487 1094 2509 us.

1038 2584 1069 2620 X
1079 2585 1109 2620 X
1121 2586 1134 2620 I
1145 2586 1192 2622 V.

997 2666 1069 2700 item
1088 2666 1122 2700 clo
1138 2667 1224 2712 1)αὲἲο
1232 2664 1324 2711 ser-vi
1341 2659 1442 2712 qaifit
1460 2667 1490 2702 in
1511 2667 1623 2702 domini
1636 2666 1796 2715 potestate.

1007 2767 1140 2799 ciscatur
1157 2767 1257 2806 filius,
1280 2767 1333 2800 Ne
1350 2778 1366 2800 a
1385 2768 1415 2801 se
1431 2771 1580 2810 petatur?
1601 2770 1661 2810 jam
1679 2768 1699 2800 fi
1715 2769 1779 2809 ipse
1796 2777 1872 2799 eon·

1006 2811 1167 2847 veniatur,
1189 2809 1295 2849 (quod
1313 2811 1416 2850 potest
1431 2811 1497 2843 fieri
1521 2812 1600 2853 l.39.
1618 2811 1659 2842 D.
1676 2813 1708 2840 sle
1725 2810 1869 2850 obligati‘w

1006 2851 1089 2880 nibus
1105 2850 1140 2884 δ’
1155 2849 1330 2893 actionibus)
1353 2853 1493 2892 proderit
1516 2855 1546 2884 ei
1570 2853 1710 2893 paetum:
1735 2860 1793 2881 nec
1811 2849 1869 2880 mi-

1007 2900 1064 2922 nus
1089 2892 1187 2930 patri,
1210 2892 1229 2923 fi
1255 2893 1293 2923 de
1317 2895 1462 2933 peculio,
1488 2895 1539 2926 vel
1567 2895 1605 2925 de
1629 2895 1658 2924 in
1678 2900 1742 2922 rem
1761 2889 1869 2927 verso,

1006 2932 1058 2963 vel
1076 2931 1157 2972 quasi
1183 2931 1330 2965 defensor
1352 2934 1426 2973 filii,
1450 2935 1470 2967 fi
1487 2935 1551 2966 hoc
1566 2934 1730 2969 maluerit,
1752 2940 1870 2961 conve-

1006 2974 1110 3004 niatur
1125 2974 1143 3004 l.
1159 2983 1202 3011 19.
1220 2974 1246 3017 §.
1266 2984 1291 3006 1.
1308 2975 1327 3007 l.
1338 2986 1385 3009 20.
1402 2977 1443 3008 D.
1461 2979 1493 3007 de
1504 2976 1606 3017 pastis.
1631 2972 1774 3014 proderit
1791 2980 1870 3011 quo-

1007 3023 1069 3051 que
1087 3015 1192 3047 heredi
1211 3017 1325 3056 patris,
1349 3019 1425 3049 vivo
1442 3017 1518 3049 filio.
1547 3015 1616 3056 post
1637 3021 1772 3044 mortem
1791 3021 1869 3042 vero

1007 3055 1080 3093 filii,
1104 3065 1163 3087 nec
1188 3058 1268 3097 patri
1294 3060 1454 3098 proderit,
1478 3067 1537 3089 nee
1562 3055 1671 3086 heredi
1691 3054 1772 3094 ejus:
1797 3053 1871 3093 quia

1006 3096 1167 3138 personale
1186 3098 1307 3138 pastum
1326 3099 1370 3131 est
1386 3101 1405 3132 l.
1425 3109 1472 3131 21.
1491 3098 1531 3129 D.
1551 3097 1607 3126 eod.
1625 3098 1671 3125 tic.

1045 3137 1141 3180 Quod
1167 3139 1206 3170 dc
1224 3138 1289 3171 filio
1309 3141 1393 3179 dixi,
1418 3138 1520 3181 potest
1538 3138 1576 3168 dc
1597 3136 1686 3167 servo
1703 3136 1784 3168 dici:
1807 3135 1870 3168 five

1004 3179 1179 3255 paciscaturl
1191 3181 1230 3254 (lie
1242 3191 1282 3213 eo
1295 3183 1383 3223 quod
1400 3191 1471 3214 cuin
1488 3178 1573 3219 ipso,
1589 3177 1652 3210 five
1669 3177 1708 3209 de
1725 3187 1765 3209 eo
1783 3176 1872 3217 quod

1229 3232 1246 3253 a
1796 3226 1869 3249 cum
