2036 3495
139 218 232 250 cautio
249 210 495 251 Senazusconsuiti
517 209 689 250 necffl'aria3
704 208 757 248 sed
774 205 825 252 illu
832 206 918 246 stila,
934 206 1009 239 Boni

136 262 197 291 viri
213 259 355 290 arbitratu
371 254 491 291 usurum
508 252 689 288 fruiturum.
732 248 935 289 Significatur
955 257 1007 280 au-

138 309 223 337 tem,
247 299 390 328 vasorum
408 292 518 324 relidto
537 290 716 328 usufructu,
739 297 806 321 non
822 290 1008 322 cautionem

140 340 224 382 quasi
240 334 430 369 ususfructus
446 331 631 365 desiderari:
648 332 795 363 sedilium
811 339 883 371 quae
899 331 945 363 est
961 340 1015 363 ve-

140 385 184 419 xi,
208 379 295 419 cujus
319 377 442 408 initium
466 373 530 413 est,
554 373 627 405 Boni
649 374 710 404 viri
727 374 874 404 arbitratu
891 376 1013 409 usurum

134 423 313 462 fruiturum.
355 415 506 448 Similiter
522 422 553 446 in
569 416 589 446 l.
611 424 657 455 13.
675 414 717 445 D.
733 415 766 445 cie
783 414 940 454 usufrubiu
956 424 1011 446 ex-

142 471 204 500 tat,
229 460 262 491 Si
283 457 470 500 ususfrubius
492 457 603 498 legatus
619 457 679 495 fit,
702 465 760 487 non
779 458 863 496 prius
885 458 1013 487 dandam

141 503 278 535 aaronem
299 498 519 541 usufrufluario
537 520 546 536 ,
570 507 657 539 quam
670 499 876 539 satisdederit,
890 498 926 538 se
948 499 1012 529 boni

138 546 197 575 viri
211 545 355 574 arbitratu
369 544 487 579 usuram
496 541 680 579 fruiturum.
718 545 776 579 pro
788 562 797 578 ,
821 548 887 570 non
905 540 1010 580 prius,

137 595 230 625 quarn
255 583 458 615 fructuariam
485 583 666 612 cautionem
695 579 884 621 prmstiterit.
939 579 1010 611 Nec

137 635 261 658 tantum
284 624 459 665 Ulpianus,
483 622 536 654 sed
561 626 590 653 ot
615 622 793 663 Imperator
810 622 1012 660 Alexander,

135 669 162 700 is
187 668 275 707 cujus
301 666 488 698 sententiam
506 665 696 704 quaerimus,
721 671 789 694 eam
808 662 976 694 formulam
995 673 1012 693 a

136 709 244 750 priore
261 709 325 749 ejus
342 716 430 748 parte
447 706 585 746 appellat
602 706 619 735 l.
632 716 661 744 4.
680 705 712 736 C.
730 706 788 735 eod.
808 707 854 735 tit.
879 713 952 736 cum
970 703 1011 735 fic

136 749 299 789 rescribit,
328 747 494 789 Usufrukiu
516 745 685 786 constituto,
709 746 881 787 consequens
895 744 954 786 eft,
978 751 1012 776 ut

129 792 286 832 satisdatio
304 792 369 822 boni
385 791 444 820 viri
460 790 606 820 arbitratu
620 789 782 829 praebeatur
791 789 826 818 ab
841 797 869 818 eo
881 789 1012 828 cuiquem

136 834 167 864 id
182 834 354 865 commodum
366 832 519 872 pervenit,
541 831 615 872 quod
630 829 740 862 nullam
756 827 891 867 laefionem
904 838 940 860 ex
955 829 1010 869 usa

130 875 303 915 proprietati
326 873 453 912 adferat.
497 871 616 903 Evenit
640 873 672 903 ὅτ.
695 871 789 909 alibi,
813 879 848 901 ut
865 880 883 901 a
901 871 1010 911 primis

136 915 239 946 Edisti
259 915 362 946 verbis
380 922 446 954 quo
462 913 666 944 interditfftum
689 921 742 943 aut
757 912 840 943 acrio
856 913 1009 952 proponi-

140 965 190 988 tur
202 980 211 995 ,
235 957 317 987 aftio
334 963 387 987 aut
404 954 609 986 interdictum
632 954 829 995 appelletur:
853 954 884 984 ὅ(
901 962 1009 984 exem·

136 999 224 1039 plum
241 999 270 1029 in
287 998 307 1029 l.
330 1006 356 1029 1.
376 996 416 1027 D.
447 995 533 1028 Ouod
557 997 734 1037 legatorum:
760 995 790 1026 in
816 1003 877 1032 qua
901 993 1007 1034 Ulpia-

137 1049 214 1078 nuS,
238 1039 321 1078 Hoc,
346 1028 677 1078 inquit‘Jintcrazcium
697 1036 786 1077 vulgo
811 1035 911 1077 Quod
930 1036 1011 1076 lega-

138 1088 242 1112 torum
258 1080 429 1122 appellatur.
460 1078 574 1114 Unde.
591 1077 643 1110 nisi
662 1087 679 1109 a
695 1079 802 1118 primis
820 1077 921 1108 Edisti
942 1086 1010 1108 ver-

132 1122 180 1155 bis
205 1131 276 1162 quae
301 1121 370 1153 sunt
396 1122 426 1152 in
443 1120 471 1162 §.
496 1130 523 1151 2.
549 1120 673 1161 ejusdem
689 1119 765 1150 loci?
788 1118 830 1150 Et
846 1119 875 1149 in
892 1119 912 1148 ἰ.
935 1127 962 1149 1.
980 1118 1010 1159 §.

136 1173 161 1194 1.
192 1163 232 1195 D.
278 1163 412 1206 Quorum
438 1171 574 1193 [tonorum
599 1160 670 1192 infit
688 1184 698 1199 ,
737 1160 802 1191 Hoc
823 1159 1012 1191 interdictum

133 1204 285 1247 Quorum
304 1210 460 1236 bonorum
481 1203 651 1243 appellatur.
676 1210 793 1242 nempe
809 1210 825 1232 a
847 1201 954 1242 primis
975 1200 1013 1231 E-

134 1247 208 1278 difti
236 1247 339 1278 verbis
366 1255 436 1285 quat:
460 1244 527 1275 sunt
545 1245 574 1274 in
595 1243 752 1283 principio
771 1243 910 1282 ejusdem
929 1241 1012 1282 capi-

135 1289 184 1320 tis.
220 1287 282 1319 Sed
298 1289 326 1319 (St
341 1288 421 1318 certi
441 1285 603 1317 condistio
624 1293 777 1323 vocatur,
802 1283 884 1315 aCtio
901 1282 936 1314 Si
951 1293 1009 1313 cer-

136 1335 324 1369 rumpentur
340 1329 359 1359 l.
382 1337 407 1358 1.
430 1327 471 1358 D.
493 1329 525 1357 de
541 1325 714 1357 condidione
730 1326 897 1356 triticiuria.
945 1323 1009 1354 Un-

136 1372 195 1407 dc,
221 1370 272 1401 nili
298 1379 313 1400 a
341 1370 447 1409 primis
473 1367 575 1399 Edifti
600 1367 704 1399 verbis
729 1375 796 1407 quo
822 1364 1010 1407 promissas

138 1411 278 1442 Praetore
296 1411 365 1442 haec
382 1410 465 1441 attio
481 1409 567 1440 fuit?

179 1454 344 1484 Addamne
367 1452 396 1482 δι
425 1451 544 1481 sextum
569 1449 751 1489 exemplum
778 1458 818 1479 ex
841 1446 924 1487 Gajo
945 1447 964 1478 l.
981 1450 1012 1478 6.

143 1493 185 1525 D.
204 1495 236 1524 de
253 1491 520 1524 transnatamus?
543 1491 677 1528 addam,
702 1491 859 1526 maxime,
885 1488 958 1528 quia
979 1489 1011 1519 in

139 1534 353 1575 superioribus
375 1542 425 1563 res
450 1540 570 1562 tantum
592 1539 665 1561 cum
683 1529 912 1571 Interpretibus
930 1528 1010 1568 fuit;

139 1576 171 1606 in
197 1575 260 1605 hoc
286 1583 366 1604 vero
391 1573 487 1603 etiam
511 1581 584 1604 cum
612 1571 693 1610 luris
723 1572 915 1602 Architettis
941 1571 1014 1602 erit.

137 1615 246 1647 Verba
273 1613 344 1655 Gaji
356 1637 365 1652 ,
387 1613 435 1645 De
449 1614 493 1644 bis
509 1611 703 1650 controversiis
720 1622 781 1654 quae
795 1622 833 1644 ex
848 1610 1012 1651 testamento

133 1656 378 1699 proficilcumur‚
401 1664 493 1697 neque
510 1652 651 1696 transigi,
665 1663 756 1694 neque
771 1656 888 1695 exquiri
903 1656 1014 1684 ‘ceritas

135 1699 220 1730 aliter
237 1695 346 1739 potest,
370 1706 458 1739 quam
481 1695 611 1737 inspeetis
631 1696 806 1737 cognitisque
820 1696 915 1726 verbis
931 1692 1013 1735 testa-

133 1742 233 1771 menti.
269 1737 316 1771 Ex
335 1739 383 1771 his
399 1737 504 1770 verbis
522 1737 679 1777 colligunt
697 1736 892 1776 Interpretes
904 1759 914 1773 ‚
938 1745 1011 1776 pau-

132 1782 179 1813 cis
206 1781 371 1822 exceptis,
394 1779 540 1821 plerique
565 1787 697 1816 omnes,
719 1777 794 1817 ,lure
816 1777 914 1808 Civili
944 1786 1010 1808 non

158 1822 223 1855 offe
240 1820 365 1863 transigi
382 1822 423 1853 de
438 1817 663 1852 controversiis
678 1828 719 1850 ex
733 1817 924 1850 testamento
940 1827 1012 1859 pro-

129 1831 348 1897 ficiscemibus
360 1886 370 1902 ,
385 1870 460 1894 ante
477 1871 542 1893 non
561 1860 708 1902 inspectis
724 1861 790 1900 ejus
809 1860 934 1891 verbis:
954 1868 1010 1898 ac,

132 1905 155 1939 fi
171 1905 253 1937 faCta
268 1905 305 1937 sit
333 1903 503 1936 transactio
516 1926 526 1942 ,
547 1912 612 1934 non
630 1902 745 1933 valere.
784 1900 848 1933 Sed
865 1900 1013 1932 assentior

133 1947 259 1988 jacobo
276 1945 408 1978 Labitto
418 1969 429 1986 ,
447 1945 543 1977 Primo
559 1943 669 1976 Indicis
674 1944 726 1982 fici
743 1943 814 1981 usu,
829 1952 859 1974 n.
879 1951 925 1983 13.
941 1949 1011 1984 pag.

135 1998 205 2028 297.
232 1988 269 2023 ὃ*
284 1988 368 2030 seqq.
397 1986 608 2023 existimanti,
631 1984 703 2026 post
730 1983 893 2024 Cujacium
916 1984 963 2014 lib.
982 1993 1011 2024 3.

139 2030 281 2070 Observac
297 2040 321 2061 c.
333 2039 383 2071 37.
408 2036 579 2069 numquam
597 2035 667 2058 eam
678 2024 762 2065 Gajo
779 2033 919 2056 mentem
935 2024 1011 2056 fuis-

135 2070 168 2102 se
179 2094 188 2109 ,
205 2080 395 2111 quamquam
411 2069 503 2101 fuifl‘e
514 2068 609 2101 etiam
619 2067 700 2107 Juris
711 2066 888 2098 Architecti
899 2066 1009 2096 velint.

122 2110 229 2144 ¹Nihil
245 2113 329 2143 enim
345 2113 451 2143 verius
468 2110 533 2150 est,
557 2118 650 2148 quam
676 2117 744 2139 eam
764 2108 1011 2139 transactionem

135 2160 287 2194 tempore
303 2152 374 2193 Gaii
391 2151 529 2184 valuisse.
561 2151 603 2182 Et
621 2150 712 2188 sane,
735 2147 757 2180 fi
772 2150 810 2180 ad
829 2150 1011 2190 aequitatem

136 2193 340 2236 respiciamus
351 2217 360 2233 ,
377 2194 451 2234 quid
468 2193 587 2233 aequius
603 2191 667 2230 est,
678 2199 772 2231 quarn
788 2191 859 2222 lites
876 2190 1010 2231 partium

136 2235 290 2268 consensu
306 2235 392 2267 bona
407 2234 470 2266 fide
488 2233 604 2275 sopitas
616 2257 626 2272 ,
641 2233 739 2263 altera
753 2233 871 2270 invita,
886 2241 950 2262 non
968 2241 1014 2262 rc-

135 2276 272 2310 suscitari
285 2299 294 2315 ,
309 2287 350 2308 ne
365 2276 410 2307 ob
426 2273 549 2306 causam
565 2275 693 2314 quidem
711 2282 776 2305 non
795 2273 923 2314 inspecti
940 2280 1014 2303 ante

136 2317 346 2351 testamenti?
370 2326 440 2358 quae
458 2317 543 2348 enim
565 2315 729 2347 neceffitas
746 2315 920 2356 legatario,
944 2323 1014 2345 ver·

136 2361 170 2392 bi
186 2360 303 2401 gratia.
325 2357 408 2398 fuit,
424 2356 592 2401 transigere
608 2358 648 2388 de
666 2356 872 2395 testamento,
890 2365 931 2387 eo
948 2364 1014 2387 non

136 2401 309 2442 inspecto?
332 2401 426 2442 plane
444 2399 538 2431 nulla.
568 2405 642 2430 ante
668 2400 772 2436 enim,
798 2407 891 2438 quam
915 2406 1012 2428 trans·

137 2444 222 2484 egit,
246 2443 351 2483 potuit
373 2441 412 2473 ab
438 2441 576 2480 herede,
601 2447 635 2471 ut
659 2439 713 2471 sibi
732 2438 824 2470 fieret
841 2439 906 2479 ejus
923 2437 1014 2478 inspi-

137 2484 244 2516 ciendi
261 2483 526 2523 describendique
551 2481 665 2523 copia,
686 2487 800 2518 petere
815 2481 866 2511 vel
886 2489 943 2521 per
967 2480 1013 2510 in-

136 2524 306 2556 terdicrum
331 2524 384 2556 De
409 2524 523 2555 tabulis
540 2523 751 2560 exhibendis,
773 2521 824 2553 vel
841 2531 881 2552 ex
898 2521 1014 2552 Edicto

135 2565 421 2608 Quemadmodum
440 2564 629 2597 testamenta
645 2563 835 2603 aperiantur.
868 2562 903 2594 Id
920 2562 941 2594 fi
959 2572 1012 2594 ne-

135 2608 273 2650 glexerit
289 2606 416 2645 facere,
432 2616 504 2638 cum
522 2605 625 2647 poss'et
636 2629 645 2644 ,
664 2605 818 2645 laesusque
831 2604 1013 2635 transafitio·

135 2658 178 2681 ne
202 2647 256 2680 fit:
279 2647 376 2678 habet
397 2649 486 2689 quod
507 2647 561 2679 fibi
579 2671 589 2687 ,
612 2656 676 2678 non
702 2647 790 2686 quod
815 2645 1013 2683 adversario,

133 2691 295 2731 imputet3
311 2689 341 2719 δι
357 2689 450 2728 ideo,
467 2689 487 2721 fi
500 2690 648 2721 damnum
663 2688 764 2730 passus
780 2686 843 2725 est,
861 2688 932 2727 quia
948 2686 1012 2717 cul-

136 2741 179 2773 pa
201 2730 253 2762 fua
280 2729 380 2771 passus
404 2730 466 2768 est,
488 2740 554 2762 non
578 2730 767 2772 intelligitur
793 2727 892 2769 passus
915 2727 977 2759 effe
993 2727 1013 2758 l.

137 2782 209 2814 203.
233 2771 272 2805 D.
294 2773 326 2803 de
340 2771 446 2812 regulis
456 2772 557 2813 juris;
573 2773 712 2813 denique
723 2794 732 2810 ,
749 2780 814 2803 non
832 2770 929 2801 habet
943 2778 1014 2801 cau-

136 2813 199 2847 sam
211 2837 220 2854 ,
243 2822 300 2845 cur
316 2813 416 2850 velit,
432 2812 564 2844 rescindi
581 2813 826 2846 transactionem
845 2821 940 2853 quarn
959 2819 1015 2842 vo-

136 2854 328 2893 lens'fecit,
351 2853 406 2886 etsi
431 2861 550 2884 eventu
568 2854 656 2886 laesus
677 2855 730 2887 fit:
755 2854 855 2886 modo
875 2853 919 2884 nil
936 2852 1015 2884 dolo

132 2898 226 2932 malo
249 2895 366 2928 fastum
391 2894 426 2926 fit
443 2894 463 2925 l.
481 2903 511 2934 7.
527 2894 556 2935 ᾗ.
579 2904 625 2927 io.
644 2895 686 2928 D.
710 2898 743 2927 de
756 2895 862 2937 pastis.
907 2894 1016 2935 Atque

137 2941 178 2972 ad
202 2939 285 2970 hanc
306 2936 481 2969 naturalem
499 2937 681 2975 aequitatem
699 2938 825 2969 accedit
845 2936 1016 2969 auctoritas

138 2980 311 3014 Praetoris:
336 2979 389 3020 qui
414 2976 604 3021 generaliter
630 2978 792 3017 promisit,
817 2978 940 3010 servare
964 2986 1015 3018 pa-

138 3022 188 3055 sta
205 3031 275 3063 quae
291 3029 395 3061 neque
412 3019 489 3052 dolo
505 3017 608 3054 ma10‚
624 3028 729 3058 neque
746 3019 891 3052 adversus
908 3020 1015 3061 leges,

139 3073 247 3105 neque
261 3064 294 3095 in
305 3061 449 3094 fraudem
466 3061 570 3100 legum
585 3058 668 3090 sacia
684 3069 776 3091 erunt
791 3061 811 3092 l.
829 3070 858 3101 7.
877 3061 896 3103 §
925 3071 954 3102 7.
970 3060 1013 3092 D.

139 3106 292 3148 desinetis.
331 3103 429 3137 Nulla
445 3108 552 3135 autem
566 3099 638 3147 leJt,
662 3108 715 3131 aut
731 3101 940 3147 constitutio,
963 3110 1016 3134 aut

141 3150 239 3184 etiam
250 3146 332 3188 juris
348 3146 577 3189 regula,extat
589 3150 623 3175 in
639 3149 708 3174 tota
726 3143 937 3185 antiquitate,
953 3153 1016 3186 qua

717 119 1027 156 Gi-:Riixnt
1073 117 1305 154 Noonr

1048 207 1217 239 transactio
1242 208 1284 240 de
1303 205 1531 239 controversiis
1555 214 1597 238 ex
1613 206 1804 240 testamento
1826 209 1924 250 profi-

1049 248 1262 288 ciscentibus,
1285 249 1397 290 utique
1412 248 1498 280 bona
1518 246 1604 287 fide,
1626 247 1709 280 facta
1726 248 1926 290 improbetur

1049 289 1143 329 ideo,
1166 291 1255 331 quod
1271 289 1353 322 facta
1370 290 1406 322 fit
1421 299 1486 322 non
1511 288 1659 330 inspeetis
1684 289 1860 322 testamenti
1882 300 1927 323 ta,-

1048 331 1147 363 bulis.
1191 331 1278 377 Quin
1293 339 1406 364 contra
1424 331 1651 372 rescripserunt
1667 330 1770 372 Impp.
1793 330 1927 364 Diocle-

1055 373 1159 404 tianus
1184 374 1213 405 ἃ
1236 373 1451 406 Maximianus
1473 372 1493 404 1.
1516 383 1562 409 19.
1583 374 1650 404 Cod.
1675 374 1708 403 de
1725 372 1926 406 transabiioni-

1054 415 1128 454 bus,
1148 414 1209 446 Sub
1227 421 1371 456 proetextu
1396 414 1582 455 instrumenti
1592 412 1654 455 post
1670 416 1788 454 reperti,
1813 421 1927 446 transa-

1053 454 1173 487 &iomm
1188 457 1261 487 bona
1271 456 1332 496 fide
1343 457 1481 497 finitam,
1501 457 1625 497 rescindi
1634 456 1706 498 jura
1719 465 1777 486 non
1791 456 1866 496 pati.
1890 456 1926 489 ld

1055 505 1135 528 vero
1156 496 1179 529 fi
1199 499 1307 538 placet
1332 499 1364 530 in
1387 498 1617 536 instrumento,
1642 497 1672 528 ὅ(
1689 505 1762 528 ante
1785 506 1850 528 non
1874 506 1927 529 co-

1052 539 1145 579 gnito
1161 562 1171 577 ‚
1201 539 1232 570 &
1257 538 1328 580 post
1350 540 1478 573 demum
1504 547 1652 581 reperto:
1676 546 1796 579 quanto
1822 539 1926 571 verius

1054 580 1152 611 fuerit
1173 580 1204 611 in
1227 580 1436 619 testamento,
1461 581 1516 613 etfi
1531 589 1604 612 ante
1621 590 1684 612 non
1702 579 1862 621 inspesto,
1885 587 1928 612 ta-

1054 630 1128 653 men
1143 628 1217 653 ante
1233 623 1393 662 cognito?
1417 625 1459 654 At
1475 622 1574 663 Gaius
1590 621 1694 654 obstat
1709 624 1737 653 ιι.
1755 622 1773 652 l.
1792 625 1821 652 6.
1841 620 1880 653 D.
1896 622 1928 652 cle

1055 662 1307 695 transabiionibus.
1332 663 1466 696 Fateor:
1483 664 1536 695 sed
1555 664 1634 695 vitio
1644 662 1856 694 Tribonianiz
1872 663 1927 702 qui

1055 705 1120 735 hoc
1134 712 1248 744 caput,
1278 705 1385 745 (quod
1402 706 1552 746 praeclare
1569 706 1823 736 animadvertere
1840 703 1929 744 Cuju-

1053 748 1139 785 cius,
1163 746 1194 777 ἂ
1220 744 1386 787 Labittus)
1415 755 1433 778 a
1455 746 1509 778 suo
1529 745 1668 778 avulsum
1695 746 1807 784 titulo,
1831 745 1861 776 in
1879 745 1926 776 lo-

1052 797 1128 819 cum
1143 787 1238 827 plane
1256 787 1392 819 alienum
1411 788 1558 828 imperite
1575 788 1753 820 transmisit.
1779 787 1823 818 uti
1853 796 1891 817 ue
1906 785 1928 818 fi

1053 830 1119 870 ejus
1137 828 1305 868 Inscriptio
1328 830 1441 869 capitis
1460 830 1677 869 expendatur,
1701 838 1771 869 quae
1796 828 1829 860 In
1845 829 1928 868 crip-

1052 872 1100 902 tio
1115 870 1214 902 habet
1230 870 1328 912 Gajus
1345 869 1392 901 lib.
1409 869 1519 901 XVII.
1544 870 1593 901 Ad
1609 870 1748 902 Edictum
1759 870 1931 902 Provincia-

1052 912 1095 943 le:
1118 918 1249 953 apparet
1261 934 1271 949 ,
1287 913 1317 942 id
1337 912 1498 951 pertinere
1513 921 1578 943 non
1596 914 1633 943 ad
1651 911 1801 943 Edictum
1818 912 1857 942 dc
1875 920 1927 950 pa-

1052 954 1110 985 etis
1127 963 1164 984 ac
1180 952 1460 984 transactionibus:
1486 952 1538 984 sed
1556 954 1594 985 ad
1612 952 1757 985 EdiCtum
1781 954 1822 984 de
1842 953 1930 983 tabu-

1054 996 1090 1026 lis
1107 995 1297 1035 aperiendis.
1330 993 1402 1024 Nec
1416 994 1522 1025 verbis
1540 1003 1640 1034 opus:
1663 996 1765 1035 arguit
1781 994 1844 1024 hoc
1860 994 1879 1024 l.
1903 1003 1930 1026 1.

1053 1039 1085 1068 in
1098 1043 1143 1077 pr.
1165 1035 1200 1070 ὅ)
1216 1035 1245 1077 §.
1268 1045 1292 1066 i.
1316 1035 1357 1067 D.
1384 1034 1562 1075 Testamenta
1588 1036 1824 1075 quemadmodum
1838 1036 1930 1075 aperi-

1054 1084 1163 1109 antur.-
1185 1086 1256 1117 quse
1281 1076 1325 1108 est
1349 1086 1389 1108 ex
1409 1077 1525 1108 eodem
1543 1075 1615 1116 Gaji
1636 1077 1717 1108 libro
1733 1075 1840 1108 XVll.
1882 1076 1930 1108 Ad

1054 1119 1201 1150 Edictum
1224 1118 1437 1150 Provinciale.
1472 1126 1623 1158 praeterea
1641 1117 1745 1149 adfert
1764 1118 1806 1148 ibi
1832 1116 1928 1156 Gajus

1056 1161 1132 1192 illud
1150 1159 1315 1198 EdiCtum,
1334 1161 1363 1190 (St
1375 1160 1581 1191 commendat
1598 1158 1668 1199 ipsis
1683 1160 1711 1190 d.
1730 1159 1750 1190 l.
1766 1163 1795 1191 6.
1813 1159 1932 1191 verbis.

1056 1201 1220 1238 luterem,
1242 1208 1413 1240 utrumque
1432 1199 1669 1233 demonstrasse.
1700 1199 1811 1231 Sensus
1827 1199 1930 1231 Ediffi

1057 1243 1126 1274 talis
1144 1242 1198 1273 est.
1241 1241 1384 1273 Omnibus
1401 1244 1566 1283 quicunque
1583 1241 1740 1279 desiderant
1757 1241 1873 1272 tabulas
1890 1247 1928 1271 te-

1048 1283 1188 1324 stamenii
1211 1284 1360 1322 inspicere,
1384 1283 1429 1313 vet
1443 1285 1531 1313 etiam
1548 1283 1714 1322 describere,
1737 1283 1929 1321 inspiciendi,

1053 1325 1226 1360 describendi
1247 1334 1281 1354 ue
1299 1322 1466 1364 potestatem
1474 1324 1629 1363 faciurum
1638 1324 1672 1363 χέ’
1695 1324 1804 1354 Praetor
1815 1324 1929 1364 pollice-

1053 1374 1112 1399 tur.
1147 1365 1210 1397 Hic
1239 1375 1246 1387 ¹
1258 1365 1331 1396 dicti
1349 1365 1466 1396 sensus:
1481 1365 1722 1396 commendatio
1737 1373 1841 1396 autem
1859 1374 1930 1404 qnae

1055 1417 1121 1438 non
1137 1405 1287 1438 Praetoris
1308 1405 1371 1444 est,
1396 1405 1446 1437 sed
1464 1405 1533 1446 Gaji
1547 1429 1557 1443 ,
1581 1406 1650 1436 talis
1674 1406 1730 1437 est.
1779 1405 1863 1436 Ratio
1880 1417 1930 1437 αα-

1054 1455 1109 1479 tem
1125 1448 1212 1489 hujus
1229 1447 1330 1478 Ea'iffl
1344 1446 1495 1487 manifesta
1513 1444 1561 1487 est.
1586 1457 1675 1488 neque
1691 1446 1836 1484 enimsine
1846 1448 1930 1488 jusii-

1054 1500 1083 1521 ce
1109 1487 1251 1530 transigi,
1275 1498 1364 1529 neque
1385 1490 1464 1529 apud
1481 1489 1608 1529 judicem
1630 1489 1744 1528 exquiri
1764 1489 1872 1519 veritas
1896 1490 1928 1518 de

1053 1533 1098 1562 bis
1113 1528 1330 1567 controveifiir,
1353 1539 1415 1571 quae
1431 1539 1468 1560 ex
1484 1528 1647 1569 testamento
1663 1527 1906 1569 proficiseerentur
1917 1552 1928 1567 ‚

1051 1573 1140 1604 aliter
1160 1568 1268 1612 potest,
1291 1581 1377 1612 qzmm
1400 1569 1532 1610 inspeftz's
1556 1572 1716 1611 cognicisve
1732 1572 1826 1600 verbis
1844 1568 1928 1610 testa-

1054 1613 1152 1645 menti.
1170 1612 1222 1644 Sic
1239 1611 1356 1652 Gajus:
1373 1612 1579 1643 &vei-iffime.
1604 1610 1681 1642 Non
1695 1612 1782 1642 enim
1800 1612 1930 1651 quaerit,

1055 1664 1092 1685 an
1111 1655 1151 1685 de
1171 1652 1350 1684 testamenti
1374 1653 1506 1690 tabulis,
1532 1661 1596 1684 non
1613 1652 1759 1691 inspectis
1777 1653 1930 1694 cognitis-

1056 1706 1096 1725 ve
1112 1695 1178 1735 ejus
1193 1695 1298 1725 verbis
1309 1717 1318 1731 ,
1334 1694 1408 1734 Jure
1418 1693 1514 1725 Civili
1528 1692 1651 1735 transigi
1663 1694 1775 1734 poffit3
1791 1693 1871 1733 &‚fi
1885 1693 1929 1725 fa-

1057 1737 1106 1768 &a
1123 1735 1160 1768 iit
1180 1735 1369 1773 transactio,
1392 1744 1430 1766 an
1451 1735 1629 1767 infirmetur
1647 1735 1741 1766 Civili
1757 1735 1842 1774 =lure.
1867 1734 1931 1766 Mi-

1054 1780 1150 1809 nime.
1173 1778 1213 1808 de
1231 1786 1272 1807 eo
1285 1777 1370 1808 enim
1387 1777 1430 1808 nil
1449 1777 1550 1809 edixit
1566 1776 1697 1808 Praetor.
1720 1776 1810 1819 Quid
1826 1777 1928 1818 ergo?

1055 1827 1178 1850 tantum
1206 1817 1346 1849 ostendit
1369 1817 1467 1858 Gaius
1483 1841 1493 1856 ,
1522 1819 1553 1849 id
1577 1817 1725 1849 EdiCtum
1749 1827 1765 1848 a
1791 1817 1929 1849 Praetore

1055 1860 1173 1892 summa
1190 1859 1314 1891 ratione
1331 1862 1487 1900 proponi:
1514 1859 1635 1900 quippe
1657 1868 1697 1890 eo
1714 1858 1870 1900 special-e,
1893 1865 1930 1891 ut

1055 1902 1204 1933 omnibus
1220 1902 1415 1942 quicumque
1433 1899 1626 1939 desiderant,
1645 1899 1823 1932 testamenti
1841 1900 1927 1932 tabu-

1057 1944 1100 1975 las
1117 1941 1289 1983 inspicere,
1309 1943 1359 1973 vel
1375 1941 1555 1974 describere
1566 1965 1575 1981 ,
1590 1941 1645 1973 fiat
1659 1941 1928 1982 inspiciendi,de-

1056 1984 1275 2022 scribendive,
1299 1985 1403 2023 copia.
1447 1984 1497 2015 Ad
1521 1984 1596 2024 quid
1613 1983 1630 2015 ⁸?
1654 1991 1707 2022 ut,
1729 1982 1751 2015 fi
1775 1984 1816 2015 de
1841 1983 1928 2015 testa-

1056 2035 1167 2058 mento
1187 2025 1286 2056 velint
1301 2027 1424 2066 litigare
1439 2025 1521 2065 apud
1536 2025 1681 2064 judicem
1693 2047 1702 2061 ‚
1721 2025 1835 2056 veritas
1851 2023 1926 2056 faci-

1055 2068 1113 2099 lius
1136 2067 1262 2106 exquiri
1288 2067 1398 2107 possit:
1422 2066 1466 2098 sin
1483 2067 1595 2097 malint
1614 2066 1781 2107 transigere
1796 2065 1859 2097 fine
1876 2065 1924 2105 Ju-

1055 2109 1145 2146 dice,
1169 2116 1263 2148 quam
1290 2109 1434 2146 litigare,
1455 2108 1551 2139 etiam
1569 2106 1785 2139 controversia
1802 2106 1863 2139 fine
1877 2106 1924 2146 Ju-

1055 2151 1127 2181 dice
1143 2150 1296 2188 componi
1322 2150 1486 2189 aliquanto
1502 2149 1704 2180 commodius
1722 2148 1824 2189 posiit.
1869 2148 1925 2189 lgi-

1055 2198 1105 2222 tur
1129 2190 1233 2221 voluit
1256 2191 1386 2231 quidem
1412 2190 1533 2221 Praetor
1550 2213 1560 2228 ,
1591 2190 1722 2221 auetore
1746 2188 1846 2230 Gajo,
1869 2199 1923 2220 eos

1053 2232 1109 2273 qui
1131 2231 1197 2262 boc
1220 2239 1336 2272 agunt,
1360 2239 1395 2262 ut
1417 2232 1506 2263 litem
1531 2232 1571 2262 de
1595 2231 1785 2263 testamento
1802 2239 1924 2269 ortam,

1055 2281 1258 2314 quacumque
1274 2273 1398 2304 ratione
1421 2274 1590 2311 dirimant,
1612 2273 1747 2312 proditis
1766 2272 1927 2304 testamen-

1057 2316 1080 2346 ti
1103 2314 1218 2345 tabulis
1238 2314 1366 2354 Juvare.
1391 2324 1432 2345 ne
1454 2315 1623 2346 laedantur:
1649 2314 1700 2345 sed
1720 2323 1783 2345 non
1808 2314 1926 2352 voluit,

1057 2355 1302 2388 transactionem
1314 2379 1323 2395 ,
1343 2355 1365 2387 si
1380 2356 1586 2388 nihilominus
1601 2355 1636 2387 fit
1647 2355 1730 2386 bona
1744 2354 1807 2385 fide
1825 2353 1926 2391 fasta,

1057 2407 1123 2429 non
1150 2395 1298 2437 inspectis
1324 2396 1503 2429 testamenti
1525 2397 1631 2428 verbis
1648 2420 1657 2435 ,
1680 2395 1856 2428 rescindere
1881 2395 1926 2425 ob

1055 2437 1177 2470 causam
1190 2448 1255 2469 non
1273 2438 1401 2479 inspecti
1419 2447 1493 2470 ante
1509 2438 1696 2469 testamenti.
1711 2437 1742 2468 id
1758 2436 1843 2467 enirn
1859 2444 1925 2467 non

1055 2490 1096 2511 co
1122 2480 1212 2511 itavit
1236 2479 1376 2519 Praetor;
1399 2481 1510 2521 utique
1526 2480 1566 2509 de
1581 2488 1623 2510 eo
1642 2479 1773 2508 verbum
1790 2486 1854 2508 non
1872 2477 1926 2508 ad-

1054 2489 1155 2560 ἀίεῗίῑς
1178 2529 1285 2562 neque
1301 2522 1384 2553 adeo
1402 2521 1509 2562 potuit
1525 2519 1638 2560 Gejus,
1661 2519 1727 2559 eJ'us
1744 2518 1925 2559 interpres,

1055 2562 1111 2595 nisi
1127 2562 1302 2603 desiperet,
1318 2563 1444 2594 dicere:
1460 2572 1496 2594 ac
1511 2563 1645 2602 proinde
1661 2560 1682 2592 fi
1699 2569 1738 2591 ex
1750 2558 1820 2599 Gaji
1839 2568 1926 2591 men-

1057 2613 1109 2643 te,
1134 2611 1169 2635 ut
1185 2604 1304 2643 debet,
1326 2613 1400 2636 cum
1417 2613 1526 2635 verum
1544 2603 1711 2642 quaeritur,
1737 2601 1926 2641 explicanda

1055 2645 1094 2678 sit
1108 2643 1173 2676 sive
1190 2646 1220 2676 d.
1238 2645 1257 2676 l.
1277 2654 1303 2676 1.
1319 2644 1348 2686 §.
1371 2655 1396 2678 1.
1421 2644 1484 2677 five
1506 2645 1534 2676 cl.
1551 2645 1571 2675 l.
1589 2648 1618 2675 6.
1643 2652 1713 2679 quae
1736 2652 1776 2674 ex
1801 2642 1853 2674 illa
1875 2642 1927 2673 de-

1057 2686 1171 2728 scripta
1187 2685 1252 2726 est;
1275 2694 1425 2727 apparet,
1449 2693 1592 2718 neutram
1610 2683 1767 2723 resistere,
1789 2692 1855 2724 quo
1872 2684 1926 2715 mi-

1057 2737 1116 2760 nus
1141 2728 1245 2760 valeat
1266 2729 1437 2759 transastio
1460 2728 1500 2759 de
1518 2727 1728 2764 testamento»,
1750 2726 1845 2757 etiam
1862 2733 1927 2757 non

1057 2768 1205 2810 inspeetis
1222 2770 1288 2809 eius
1307 2769 1441 2802 tabulis:
1463 2769 1536 2809 quia
1552 2767 1670 2809 Gajus,
1694 2777 1766 2799 cum
1784 2768 1845 2806 ait,
1867 2765 1927 2798 Ne-

1041 2820 1113 2853 que
1138 2811 1215 2842 enim
1234 2809 1299 2849 fine
1313 2810 1414 2852 judice
1436 2811 1577 2852 transigi,
1600 2818 1690 2851 neque
1714 2810 1791 2850 apud

1057 2853 1174 2895 eoeqwin'
1189 2853 1300 2883 veritas
1314 2854 1348 2883 cle
1362 2852 1406 2899 his
1423 2849 1621 2890 controversiis
1636 2860 1701 2898 quie
1716 2860 1752 2896 esic
1767 2809 1928 2897 ῑςζιζέφιξιιεῖιᾝ

1051 2893 1322 2936 Ρτοῇσῐβῑετοηταν,
1345 2892 1430 2924 aliter
1447 2890 1558 2935 potest:
1578 2902 1666 2934 quam
1689 2890 1818 2933 inlpefflu
1835 2899 1928 2931 cogm-

1058 2937 1133 2968 tisve
1163 2936 1257 2967 verbis
1279 2932 1440 2976 testamenti
1456 2958 1466 2974 ,
1498 2943 1619 2967 tanturn
1644 2934 1685 2965 de
1706 2932 1793 2964 facto
1817 2931 1927 2970 loquu-

1059 2985 1109 3011 tus
1123 2977 1187 3017 est,
1210 2978 1251 3009 de
1271 2977 1337 3008 'ure
1354 2977 1506 3016 loquutus
1520 2986 1585 3008 non
1605 2975 1660 3008 est.
1700 2973 1762 3006 Sed
1775 2973 1840 3004 hoc
1855 2980 1928 3003 cum

1058 3021 1162 3052 minus
1183 3019 1247 3051 vidi
1275 3026 1308 3050 et
1331 3017 1471 3059 Jacobus
1505 3018 1651 3058 Cuiacius
1673 3017 1712 3047 ad
1732 3015 1752 3045 l.
1780 3022 1806 3045 1.
1830 3011 1872 3043 D.
1894 3013 1927 3043 de

1058 3060 1302 3093 transatiionihus
1315 3083 1326 3100 ,
1357 3060 1485 3102 egregie
1508 3057 1686 3091 observavit
1708 3053 1843 3102 jacobus
1864 3051 1925 3085 La-

1056 3104 1179 3178 ⁶bintus,
1201 3104 1231 3135 d.
1248 3102 1301 3136 loc.
1325 3101 1356 3135 Gt
1369 3101 1528 3136 Antonius
1541 3099 1662 3138 Faber,
1680 3094 1861 3129 Ratzonalzb.
1877 3095 1926 3127 ad.

1840 3258 1922 3290 CA·
