2036 3495
563 92 633 143 Ab
659 91 750 141 Lm.
777 88 959 142 X.T1·r.
988 89 1053 144 IV.
1092 92 1369 147 Adeii'aibemi’um.

61 190 184 240 babere
195 201 302 247 potest
316 202 355 234 de
365 200 431 232 hoc
440 199 575 231 damno:
593 195 666 239 quia
680 196 745 227 n‘on
763 195 869 236 potest
886 205 938 229 ne.

60 249 147 291 gari,
172 256 237 278 rem
257 243 318 276 effe
335 251 479 283 ruptam,
503 239 567 272 five
584 245 778 287 corruptam.
818 237 875 284 'Sic
893 238 937 285 est

61 292 102 322 ‘ex
120 289 224 321 subtili
240 287 325 327 jure:
344 284 444 315 verbo
463 280 736 324 exhibendi,quod
755 278 799 310 est
816 289 846 327 in
864 279 937 312 Edr-

63 331 116 364 ‘tio
161 338 282 361 tantum
306 327 421 358 nudam
447 323 618 365 prael‘entiae
641 330 686 352 rei
701 320 936 361 praestationem

61 354 266 414 significante.
288 375 320 399 at
337 366 452 399 nonita
467 364 510 396 est
521 374 560 395 ex
572 363 674 394 Edicu
693 370 812 394 mente.
838 362 933 409 testes

60 410 324 446 Diocletianus&
338 407 552 440 Maximianus
572 405 590 436 l.
613 414 640 446 7.
661 404 693 435 C.
713 404 740 435 b.
762 410 781 451 t.
807 403 933 452 V¹F³.¹¹.³'

59 457 106 487 nis
123 453 309 495 quibusdam
327 450 391 481 hoc
410 449 508 481 modo
526 446 751 478 rescribentes:
770 445 933 478 Exhibitw-

60 498 106 528 nis
116 494 274 536 neceffitate
291 498 419 529 tenetur,
435 491 486 532 qui
492 488 668 531 facultatem
683 489 805 527 hahens,
821 489 935 528 culpam

59 538 106 570 vel
128 538 221 569 dolum
245 536 276 565 in
300 533 433 574 explendo
454 537 593 572 praecepto
609 531 779 562 committit.-
800 531 843 561 ita
861 536 894 560 ut
905 526 934 567 fi

59 589 117 611 rem
133 578 295 609 deteriorem
309 573 455 609 exhibuit,
472 574 610 613 aequitas,
626 572 809 603 exhibitionis
818 569 933 612 perfici-

59 628 110 658 at,
128 626 161 651 ut
176 618 307 660 quamvis
326 617 362 646 acl
377 615 568 646 exhibendum
588 615 639 654 agi
654 624 709 644 nori
725 612 827 653 poffit:
840 614 871 643 in
884 611 933 651 fa-

57 661 136 693 &um
152 669 245 691 tumen
259 657 332 689 aelio
349 662 448 687 contra
465 665 528 686 eum
547 656 639 687 detur.
672 655 885 695 Imperatores
903 661 932 684 a—

55 704 142 743 junt,
160 702 180 733 fi
197 708 343 732 extetres
361 707 453 738 quam
470 696 625 728 exhibere
641 696 742 736 judex
759 696 932 727 interlocu-

57 745 146 775 tione
166 742 214 773 sua
229 739 367 781 juss'erit;
393 741 421 770 ὅ(
440 738 591 780 poss'ess'or
607 748 677 770 eam
696 739 789 784 culpa
807 737 857 768 vel
876 738 932 768 do·

56 784 89 816 lo
113 782 226 815 fecerit
243 782 455 820 deteriorem,
479 781 644 820 expletum
662 780 790 819 quidem
806 777 868 810 effe
883 777 933 818 Ju-

54 825 132 861 ,dicisv
152 831 367 864 praeceptum,
390 823 422 855 id
439 822 501 860 est,
522 821 633 862 jussum
646 844 656 860 ,
673 819 844 852 secundum
863 829 930 865 ver-

53 867 92 899 ba
103 866 223 898 Edicti:
240 864 312 905 quia
330 865 441 905 utique
458 864 600 896 exhibita
616 873 666 895 res
685 863 747 901 est,
763 861 814 893 sed
833 869 930 901 aequi-

52 902 150 941 ⁴tatem
164 905 391 946 exhibitionis,
408 905 509 936 uuicti
527 912 634 936 mente
653 901 930 944 comprehensam,

52 950 209 992 perficere
235 956 358 984 tamen,
383 956 418 978 ut
434 948 465 978 in
489 946 608 978 factum
626 945 708 977 aetio
726 953 838 991 contra
855 953 929 975 eum

53 992 157 1023 detur.
181 988 273 1022 Αξὶίο
290 990 321 1020 in
340 988 458 1020 factum
477 988 521 1019 est
537 988 622 1019 astio
638 988 742 1025 utilis,
765 993 801 1018 ut
818 985 885 1031 inl.
899 994 928 1025 3.

52 1026 81 1076 §
102 1042 147 1073 14.
160 1032 187 1063 h.
206 1039 228 1063 t.
245 1031 274 1063 ἂ
293 1031 372 1071 saepe
391 1031 473 1062 alias.
497 1029 642 1061 Vidimus
658 1028 761 1061 Edicti
781 1027 929 1058 subtilita-

55 1083 120 1106 tem
130 1098 140 1112 ,
156 1073 250 1106 etiam
267 1073 449 1111 aequitatem
460 1081 499 1102 ex
512 1072 576 1110 ejus
588 1079 705 1103 mente.
728 1069 832 1116 adhuc
843 1077 928 1110 quae-

52 1111 152 1148 ‘tenda
169 1114 214 1148 est
232 1113 368 1145 inventa·
384 1112 539 1154 aequitatis
556 1111 646 1143 ratio.
677 1111 765 1158 Mihi
778 1111 847 1142 haec
863 1109 928 1141 suc·

53 1157 169 1189 ‘curritz
193 1156 281 1196 quod
308 1154 444 1187 Veteres
469 1155 638 1186 noluerunt
662 1152 839 1197 stare'intra
856 1159 929 1192 pro·

52 1198 223 1239 prietatem
248 1197 358 1236 verbi,
383 1196 546 1227 Exhihere:
570 1196 658 1235 quod
682 1193 772 1225 estin
793 1192 927 1230 Edicto,

55 1240 85 1272 &
103 1239 263 1281 praesentis
280 1239 323 1270 rei
343 1236 545 1270 exhibitione
555 1235 662 1268 finitur
678 1235 696 1267 l.
712 1235 797 1282 ²²2²·
815 1234 868 1265 ult.
885 1232 930 1280 D.

52 1282 87 1312 de
102 1282 181 1313 verb.
192 1278 299 1322 signif.
329 1279 381 1311 sed
406 1278 556 1318 exemplo
575 1277 682 1324 verbi,
706 1274 869 1316 restituere,
886 1280 929 1322 'in

51 1316 169 1354 Edicto
193 1322 233 1354 de
256 1320 301 1352 rei
325 1320 541 1351 vindicatione
565 1319 603 1350 ad
620 1324 930 1363 cujuspiaeparatio·

53 1372 129 1396 nem
146 1362 305 1394 exhibitio
322 1362 483 1402 pertinet,
499 1360 530 1391 id
547 1359 678 1391 verbum
689 1359 853 1399 aliquanto
865 1357 930 1405 ple-

50 1406 121 1438 nius
138 1404 310 1445 explicare.
334 1400 434 1444 Igitur
444 1410 479 1433 ut
495 1402 646 1440 verbum,
661 1398 807 1440 restituit,
823 1399 868 1431 est
883 1408 929 1448 Ju-

50 1442 94 1479 ris
111 1446 130 1477 l.
145 1446 198 1478 ult.
217 1445 246 1487 §.
264 1452 290 1476 1.
308 1443 350 1475 D.
367 1445 396 1476 d.
413 1449 435 1475 t.
459 1443 501 1475 fic
516 1442 655 1483 placuit,
680 1442 834 1479 verbum,
849 1440 928 1488 exiii-

51 1489 131 1526 bere,
156 1497 196 1519 ex
208 1487 279 1527 jure
297 1485 351 1517 hic
367 1484 485 1526 aliquid
513 1484 669 1516 mutuari:
692 1483 930 1530 cum-alioquin

51 1528 89 1561 sit
114 1529 206 1560 fasti:
231 1529 260 1559 &
283 1527 551 1566 quemadmodum
577 1523 703 1566 restituit
728 1533 866 1570 qui-non
883 1523 930 1555 so-

52 1570 119 1602 lum
133 1567 249 1608 corpus
261 1592 270 1608 ,
287 1568 337 1600 sed
349 1569 444 1600 etiam
460 1577 590 1599 omnem
607 1576 673 1598 rem
691 1567 928 1597 conditionem-

54 1610 120 1651 'que
136 1611 258 1641 reddita
270 1609 358 1640 causa
375 1609 497 1648 praestat
514 1611 541 1640 d.
558 1609 578 1640 l.
597 1608 650 1639 ult.
661 1608 690 1650 §.
714 1617 737 1639 1.
757 1606 831 1654 ἐξά.
849 1608 929 1639 l.22÷

56 1651 101 1684 ita
122 1652 273 1691 Ulpianus
290 1651 309 1682 l.
325 1654 355 1687 ’9.
372 1650 401 1692 §.
412 1661 440 1691 5.
458 1651 484 1681 b.
499 1655 518 1681 t.
544 1650 575 1681 in
591 1649 856 1692 interpretatione
875 1648 928 1680 hu-

53 1691 102 1734 jus
123 1692 242 1730 Ethai,
267 1691 449 1735 Quantum,
473 1692 595 1732 inquit,
618 1692 655 1723 ad
672 1689 754 1722 hanc
770 1690 929 1722 atilionem

55 1737 190 1770 attinet,
215 1733 377 1765 Exhibei·e
395 1733 459 1773 est,
479 1732 509 1764 in
528 1734 640 1765 eadem
656 1732 745 1763 causa
763 1732 927 1779 prestare,

55 1775 87 1813 in
106 1785 165 1816 qua
177 1775 235 1806 fuit
247 1798 256 1814 ,
273 1785 344 1806 cum
360 1774 510 1813 judicium
528 1776 826 1818 acciperetur-:pari
842 1782 926 1820 pror3

55 1814 105 1849 sus
123 1816 221 1848 modo
239 1826 304 1857 quo
316 1816 462 1857 restituere
477 1817 631 1856 accipitur
648 1816 679 1847 in
696 1815 812 1847 Edicto
831 1817 871 1846 de
884 1823 929 1846 rel

54 1859 295 1890 vindicatione:
319 1864 401 1889 adeo
420 1867 493 1888 cum
512 1858 638 1889 aftione
656 1857 694 1888 ad
711 1857 929 1888 exhibendum

52 1894 175 1940 agitur,
192 1900 334 1940 quamvis
345 1909 407 1930 non
423 1900 461 1930 de
478 1898 691 1937 restituendo,
709 1897 761 1930 sed
776 1898 929 1930 exhiben-

56 1942 100 1972 do
129 1942 247 1981 agitur3
273 1942 424 1972 exhibere
449 1940 512 1977 est,
537 1941 577 1972 lic
599 1940 776 1979 exhibere,
799 1947 834 1972 ut
857 1940 929 1980 quis

51 1984 180 2021 eopiam
207 1982 251 2013 rei
278 1982 417 2020 habens,
441 1981 534 2021 poflit
558 1982 674 2021 exequi
692 1981 816 2013 :it‘tione
834 1990 928 2027 quam

55 2023 224 2055 destinavit
247 2024 277 2054 in
303 2024 386 2055 nulla
409 2022 498 2054 causa
522 2023 582 2063 (sic
609 2023 798 2063 legendum,
821 2028 928 2062 caula,

51 2058 118 2097 hon
145 2065 228 2105 casu,
256 2073 288 2095 ut
311 2065 356 2096 est
371 2063 563 2104 Florentiae)
588 2074 682 2105 quam
696 2063 834 2097 intendit
850 2064 929 2096 laesa.

52 2105 195 2144 Exposui
214 2106 332 2137 sensum
352 2106 477 2146 Ulpiani
494 2107 520 2137 d.
538 2107 557 2136 l.
574 2116 602 2143 9.
622 2106 649 2147 ὃ.
666 2116 696 2146 5.
722 2115 818 2147 atque
843 2107 929 2139 idem

53 2148 257 2188 applicandus
276 2148 400 2187 juliano
418 2148 495 2187 l.42.
510 2149 555 2179 L).
575 2148 626 2178 Aa
642 2148 748 2189 Legem
759 2148 928 2196 Aquiliam.-

54 2198 148 2228 quam
167 2189 250 2220 enim
269 2198 362 2220 vocat
378 2189 517 2220 astionem
533 2190 570 2220 ad
586 2189 776 2221 exhibendum
793 2189 838 2221 est
854 2188 930 2222 αὲἶιο

15 2257 17 2259 .
53 2230 232 2269 insuetum,
256 2239 349 2270 quam
369 2232 478 2262 utilem
494 2231 661 2270 appellavi.

92 2271 166 2303 Nec
190 2272 254 2303 hoc
277 2271 375 2304 fuerit
399 2281 416 2303 a
433 2272 556 2303 ratione
580 2272 736 2311 alienum,
760 2272 928 2319 postquam

52 2313 189 2354 placuit,
214 2323 280 2344 rem
298 2313 328 2344 in
347 2314 458 2345 eadem
472 2313 616 2345 exhiberi
633 2314 722 2345 causa
739 2314 770 2346 in
788 2323 854 2359 qua·
867 2315 929 2347 fuit

53 2363 202 2394 tempore
220 2355 282 2386 litis
301 2354 504 2392 contestatae,
521 2354 542 2386 fi
558 2365 607 2387 res
625 2355 773 2396 usucapta
793 2355 830 2387 fit
847 2364 930 2389 inter

51 2404 158 2427 moras
181 2396 375 2434 exhibendi,
401 2396 603 2437 possess'orem
626 2395 834 2429 nihilominus
850 2407 928 2430 con-

51 2437 193 2468 demnari
220 2437 249 2478 §.
274 2448 303 2478 3.
329 2435 403 2479 Jnft.
425 2439 459 2469 de
478 2437 550 2478 offic·
570 2439 680 2484 Judic.
695 2439 797 2484 adeo,
819 2446 855 2470 ut
870 2438 928 2472 Ul-

51 2477 160 2518 pianus
176 2478 236 2517 ait,
252 2478 281 2517 st
294 2478 353 2520 post
371 2480 449 2510 litem
463 2478 668 2520 contestatam,
692 2484 866 2521 usucaptum
880 2491 928 2513 ex·

53 2519 146 2550 bibecit
158 2544 166 2558 ‚
181 2530 238 2551 non
252 2522 368 2552 videtur
382 2521 546 2562 exhibuiffle.
570 2521 676 2566 Quam
694 2522 738 2553 ob
755 2522 847 2567 rem?
865 2524 928 2562 ait,

54 2560 120 2591 eum
130 2562 234 2600 petitor
250 2563 433 2594 intentionem
443 2563 531 2603 suam
543 2564 710 2604 perdiderit.
735 2564 810 2604 quid
826 2564 927 2597 inde?

54 2600 96 2632 fic
113 2606 209 2640 porro
221 2601 334 2636 infert:
352 2605 411 2635 ideo
427 2605 536 2641 absolvi
550 2614 614 2636 eum
630 2615 688 2636 non
704 2611 837 2645 oportere.
863 2605 928 2638 Ex-

54 2641 133 2680 cipit
159 2649 282 2676 tamen:
305 2643 375 2682 Nisi
394 2652 518 2685 paratus
535 2645 576 2683 sit
592 2649 712 2687 repetita
728 2649 772 2678 die
789 2648 925 2679 intentio-

2 2697 5 2700 ν
53 2692 117 2713 nem
123 2683 284 2724 sustipere:
306 2686 350 2716 ita
373 2688 405 2716 ut
420 2687 543 2726 fruetus
558 2688 717 2729 secundum
733 2688 840 2730 Legem
857 2687 927 2730 ‹efii-

53 2731 177 2755 mentur.
200 2725 252 2757 Sic
272 2723 422 2765 Ulpianus
438 2728 455 2758 l.
468 2738 494 2765 9.
513 2728 541 2770 §.
561 2732 590 2760 6.
612 2730 657 2760 D.
675 2729 703 2760 b.
722 2737 742 2760 t.
769 2731 831 2761 Sed
852 2731 926 2771 quia

54 2765 220 2797 obscurius
241 2789 251 2805 ‚
283 2769 390 2807 paucis
415 2769 575 2801 illustrabo
600 2769 727 2802 sensum.
751 2781 846 2812 quam
871 2772 925 2804 ille

53 2815 172 2844 vocat,
195 2807 354 2848 Repititam
377 2810 469 2849 diem,
491 2810 645 2851 Budaeus,
669 2812 780 2844 Annot.
796 2815 827 2844 in
845 2813 924 2844 Pan·

52 2848 124 2880 dett.
149 2856 177 2888 p.
201 2859 269 2890 225.
295 2850 521 2889 interpretatur
539 2874 548 2890 ‚
579 2853 749 2887 retrorsum
774 2855 927 2894 petitam,

54 2898 88 2921 ut
106 2892 136 2921 in
153 2890 171 2921 l.
183 2900 210 2930 3.
232 2892 276 2922 l).
295 2890 482 2931 defid.z'njtr.
498 2894 540 2924 ita
555 2896 613 2925 erit
631 2895 749 2928 sensus:
765 2895 831 2928 Nifi
849 2906 926 2937 pos-

52 2931 149 2963 sess'or
165 2932 268 2970 dicat,
295 2931 324 2963 se
342 2932 403 2963 esse
420 2942 583 2973 paratum,
598 2936 629 2966 id
648 2936 710 2977 est,
733 2938 834 2970 actori
853 2947 926 2978 pro-

52 2973 179 3010 mittat,
203 2971 357 3013 suscipere
383 2974 448 3013 ejus
474 2973 707 3017 intentionem,
730 2979 795 3011 five
811 2980 841 3010 in
859 2989 926 3011 rem

52 3014 210 3047 aaronem
221 3037 230 3052 ,
247 3024 317 3054 quae
334 3016 407 3047 alias
423 3014 590 3055 sequutura
605 3018 729 3057 fuiffet3
745 3030 864 3061 eaque,
881 3028 928 3052 et-

86 3055 150 3096 jam
168 3065 335 3096 perempta
352 3056 561 3098 usucapione,
579 3060 616 3090 ad
633 3060 864 3093 restitutionem
882 3070 927 3093 te-

52 3098 122 3130 neri
136 3107 227 3129 exeo
238 3098 288 3129 die
305 3107 371 3139 quo
389 3097 433 3130 est
442 3100 545 3131 astum
556 3101 594 3131 ad
611 3101 927 3143 exhibendmmper-

50 3139 127 3171 inde
148 3139 233 3179 quasi
256 3139 405 3180 usucapio
430 3141 515 3172 nulla
537 3140 764 3175 intervenisset.
788 3146 878 3185 quod
906 3144 927 3177 fi

51 3177 127 3212 fiat:
147 3180 208 3220 jam
225 3181 250 3211 is
266 3183 327 3212 erit
345 3183 470 3221 exitus3
493 3191 528 3214 ut
545 3184 575 3214 &
593 3183 713 3216 fructus
729 3195 769 3217 ex
786 3187 926 3224 repetita

50 3222 176 3296 illas-offe
189 3221 385 3295 ffiaestentur
408 3223 579 3258 secundum
597 3226 719 3268 legem:
741 3227 774 3260 id
790 3227 855 3268 est,
880 3228 925 3262 se-

146 3273 166 3295 b.
233 3286 241 3296 ο

1797 108 1864 160 'ms

981 199 1123 232 cundum
1149 200 1387 240 prorniffionem
1412 201 1465 234 illa
1488 203 1711 236 conventione
1728 193 1860 237 fastam}

982 240 1035 272 nisi
1052 242 1122 281 quis
1139 242 1247 281 malit,
1270 243 1377 283 (quod
1396 243 1494 275 visum
1514 244 1665 285 Cujacio,
1687 245 1736 277 lib.
1754 256 1781 283 9·
1801 246 1859 278 Ob-

971 286 1053 321 serv.
1070 292 1093 313 c.
1115 283 1181 323 19)
1200 283 1373 316 secundum
1390 286 1497 326 Legem
1512 286 1672 328 explicare
1687 287 1859 320 secundum

979 322 1102 362 Legem
1120 324 1305 357 Duodecim
1321 325 1529 359 Tabularum.
1789 365 1791 370 f

1017 364 1128 395 Debet
1152 366 1249 406 igitur
1275 366 1427 407 possessor
1447 370 1548 408 (nam
1571 377 1771 403 revertemur
1789 371 1858 411 eo)

976 415 1042 437 rem
1068 415 1140 437 cum
1168 407 1217 437 sua
1241 408 1328 438 causa
1348 410 1480 448 petitori
1499 411 1675 444 restituere.
1700 413 1752 445 sed
1769 412 1860 454 Justi-

976 447 1088 480 nianus
1105 447 1133 488 §.
1146 458 1174 489 3.
1196 447 1266 489 lust.
1284 451 1317 480 de
1333 448 1405 490 offic.
1417 451 1521 491 Judic.
1537 454 1600 491 ait,
1617 454 1762 493 Judicem
1781 464 1858 495 praer

977 497 1065 520 terea
1089 497 1245 529 oportere
1272 490 1391 522 habere
1408 494 1565 525 rationem
1581 494 1740 528 fruetuum
1758 496 1859 533 medii

976 532 1151 576 temporis»,
1174 530 1206 562 id
1232 530 1277 562 est
1293 556 1302 570 ,
1327 532 1392 571 eJus
1418 535 1505 574 quod
1529 535 1600 573 post
1624 546 1793 578 acceptum
1818 538 1857 570 ad

976 572 1193 604 exhibendum
1210 573 1363 612 judicium
1376 598 1384 612 ‚
1399 583 1473 606 ante
1486 585 1552 607 rem
1568 577 1741 616 judicatam
1759 577 1857 611 inter-

975 613 1109 645 cefferit.
1155 614 1308 646 Similiter
1331 616 1374 646 ait
1393 617 1544 656 Ulpianus
1565 621 1593 649 α.
1610 619 1629 649 l.
1650 629 1678 654 9·
1699 620 1727 662 §.
1747 630 1774 661 7.
1791 621 1818 652 h.
1836 626 1855 651 t.

974 655 1125 687 Sabinum
1137 655 1290 696 putaviss'e
1300 680 1310 695 ‚
1327 665 1450 696 partum
1463 668 1595 700 quoque
1606 660 1854 694 restituendum:

974 696 1039 728 five
1066 706 1232 737 praegnans
1254 697 1354 729 fuerit
1372 700 1504 739 mulier,
1528 700 1591 732 five
1611 700 1720 741 postea
1737 711 1857 735 conce-

998 738 1077 770 erit:
1101 747 1236 779 eamque
1260 738 1448 774 sententiam
1466 742 1495 773 ὅ(
1512 741 1699 782 Pomponio
1715 745 1857 785 probari.

1002 780 1073 812 ossit
1090 788 1223 821 quoque
1241 780 1304 812 huc
1322 781 1435 814 referri
1451 784 1539 823 quod
1551 784 1582 816 in
1598 784 1615 815 l.
1627 795 1644 816 2
1673 786 1716 816 D.
1736 787 1769 816 cle
1786 786 1856 827 usic-

973 823 1014 852 ris
1029 823 1072 852 ait
1088 822 1294 862 Papinianus,
1313 824 1411 864 vulgo
1422 833 1587 866 receptum
1606 826 1685 858 ess'e:
1703 830 1857 868 utquam-

974 864 1022 894 vis
1041 863 1071 894 in
1092 863 1257 903 personam
1271 864 1374 896 actum
1392 866 1446 906 fit,
1465 867 1537 907 post
1554 868 1643 900 litem
1663 876 1768 900 tamen
1781 878 1858 901 con-

973 904 1118 936 testatam
1142 905 1231 936 causa
1255 906 1428 946 praestetur.
1455 909 1484 939 ἃ
1509 918 1608 950 porro
1633 910 1743 949 addit,
1767 912 1856 951 quod

972 945 1065 986 hujus
1088 945 1251 986 opinionis
1275 949 1358 979 ratio
1382 950 1553 989 redditur,
1586 952 1738 992 quoniam
1761 953 1856 995 quale

972 987 1036 1026 est,
1060 995 1133 1019 cum
1161 987 1298 1028 petitur,
1322 990 1385 1021 tale
1404 990 1468 1022 dari
1486 993 1604 1032 debet,
1629 1003 1666 1025 ac
1683 1003 1857 1034 propterea

971 1037 1085 1070 captos
1094 1028 1216 1062 fructus
1227 1054 1235 1068 ‚
1247 1039 1437 1073 partumque
1447 1034 1569 1065 editum
1580 1035 1699 1066 rellitui
1710 1044 1854 1077 oportet.

1014 1069 1091 1102 Non
1110 1071 1148 1102 ad
1167 1071 1236 1102 haec
1262 1072 1393 1104 subfistit
1410 1073 1439 1105 in
1457 1076 1484 1105 d.
1504 1075 1524 1106 l.
1544 1086 1573 1113 9.
1601 1075 1775 1117 Ulpianus3
1800 1077 1853 1110 sed

971 1112 1003 1144 in
1019 1112 1047 1154 §.
1067 1113 1120 1144 ult.
1132 1119 1291 1153 practerea,
1314 1114 1436 1155 inquit,
1459 1117 1600 1149 utilitates
1615 1117 1645 1156 fi
1668 1129 1731 1160 quae
1747 1119 1853 1160 amzffie

964 1154 1040 1195 sunt
1067 1156 1099 1185 ob
1121 1155 1190 1193 hoc,
1214 1158 1290 1197 quod
1314 1166 1371 1188 non
1394 1158 1565 1197 exhibetur,
1589 1161 1636 1191 vel
1652 1162 1765 1192 tardius
1782 1162 1853 1203 quid

972 1196 1141 1234 exhibetur,
1165 1194 1339 1237 aestzmandae
1354 1209 1372 1230 a
1388 1198 1498 1238 Judice
1511 1202 1591 1238 lunt.
1628 1201 1763 1243 Subjicit
1777 1212 1853 1244 por-

972 1246 1026 1268 ro:
1051 1237 1092 1268 Et
1116 1239 1176 1269 ideo
1202 1239 1348 1270 Neratius
1365 1241 1408 1270 ait
1421 1264 1429 1279 ‚
1453 1241 1610 1274 utilitatem
1629 1243 1735 1275 actoris
1751 1245 1852 1276 ‘venire

972 1279 1003 1309 in
1020 1277 1252 1319 oeflimcztionem,
1266 1290 1324 1312 non
1340 1284 1446 1322 quanti
1460 1292 1503 1313 res
1511 1282 1570 1321 sit.-
1586 1294 1647 1325 quae
1665 1286 1855 1322 utilitas,in·

971 1321 1056 1361 quit,
1073 1322 1217 1353 interdum
1226 1323 1346 1354 minoris
1356 1324 1428 1362 erit,
1438 1334 1525 1365 quam
1534 1335 1578 1356 res
1584 1328 1648 1358 erit.
1665 1327 1721 1357 Sed
1731 1326 1799 1366 &fi
1808 1328 1853 1369 he:

971 1363 1080 1393 reditas
1089 1362 1189 1403 amiffa
1197 1362 1279 1401 fitoh
1295 1364 1357 1404 hoc,
1367 1367 1442 1405 quod
1451 1368 1552 1404 servus
1561 1377 1618 1398 non
1628 1368 1809 1407 exhiheatur,
1818 1379 1853 1401 cte

971 1402 1137 1444 quiffimum
1146 1402 1184 1445 eft
1193 1403 1330 1444 aestimari
1338 1406 1428 1447 officio
1433 1408 1543 1448 judicis
1559 1411 1699 1441 dainnum
1710 1411 1853 1443 beredita-

974 1446 1012 1476 tis
1030 1446 1047 1476 l.
1061 1446 1144 1477 11.h.
1165 1452 1186 1478 t.
1211 1446 1285 1479 Nec
1302 1448 1372 1479 haec
1390 1458 1460 1489 pars
1475 1451 1666 1491 negligenda
1678 1451 1742 1484 fuit
1756 1453 1856 1484 inter-

973 1488 1112 1528 pretanti
1136 1486 1242 1520 Edicti
1260 1497 1413 1521 mentem.
1437 1500 1508 1522 nam
1527 1493 1699 1532 Ulpianus,
1723 1501 1758 1525 ut
1775 1494 1853 1527 milii

973 1529 1120 1567 videtur,
1146 1530 1264 1561 indicat
1289 1531 1379 1562 hisce
1409 1531 1532 1570 verbis,
1557 1535 1595 1565 ad
1620 1534 1696 1575 quid
1716 1535 1799 1567 adtio
1814 1537 1853 1569 ad

972 1569 1189 1602 exhibendum
1207 1581 1223 1602 a
1240 1572 1380 1604 Praetore
1396 1573 1510 1613 detur3
1530 1573 1549 1605 fi
1567 1584 1632 1606 non
1653 1575 1688 1607 fit
1705 1586 1722 1607 a
1735 1577 1855 1616 poffes-

971 1610 1040 1642 sore
1052 1612 1186 1651 paritum
1201 1612 1319 1652 Judicis
1337 1614 1479 1646 arbitrio.
1502 1614 1593 1647 Dixit
1608 1615 1696 1649 forte
1714 1617 1855 1661 Praetorg

972 1661 1006 1684 ut
1021 1652 1109 1693 posui
1126 1653 1156 1684 in
1170 1654 1318 1686 Formula
1334 1655 1436 1688 Edie'ti
1448 1680 1457 1696 ,
1475 1656 1593 1701 Quanti
1609 1668 1640 1690 ea
1655 1669 1699 1689 res
1716 1662 1789 1698 erit,
1800 1661 1856 1702 ju-

971 1696 1080 1725 dicium
1097 1696 1176 1726 dabo.
1199 1696 1262 1728 Sed
1280 1695 1454 1738 Ulpianus,
1472 1699 1688 1732 animadversa
1704 1699 1854 1735 Praetoris

971 1737 1143 1776 aequitate,
1160 1746 1254 1778 quam
1272 1738 1302 1769 in
1319 1738 1535 1779 superioribus
1552 1742 1662 1782 attigi,
1683 1752 1749 1775 non
1769 1744 1857 1776 vide-

972 1784 1024 1809 tur
1043 1787 1079 1809 ea
1097 1779 1191 1810 verba
1211 1779 1260 1811 sua
1281 1780 1443 1813 aestiinaffe
1461 1784 1682 1824 proprietate3
1709 1785 1761 1817 sed
1781 1795 1854 1826 per·

971 1819 1046 1850 inde
1062 1820 1238 1861 accepisse,
1255 1822 1338 1862 quasi
1357 1823 1633 1864 dixissetPraetor‚
1650 1826 1758 1864 quanti
1770 1827 1856 1860 aelo-

971 1861 1014 1893 ris
1038 1861 1175 1893 intersit:
1198 1862 1239 1894 sic
1261 1863 1346 1895 enim
1369 1867 1676 1899 condemnationem
1694 1867 1783 1907 fieri,
1807 1869 1855 1902 in?-

973 1902 1060 1933 dicat
1086 1902 1265 1942 Imperator
1288 1905 1316 1947 §i
1335 1916 1363 1946 3.
1388 1906 1460 1947 Infi.
1478 1909 1511 1938 de
1527 1907 1598 1950 offic.
1618 1908 1723 1949 Judic.
1751 1909 1854 1944 Datur

973 1945 1069 1985 igitur
1088 1945 1171 1988 afli-o
1196 1947 1234 1977 ad
1258 1948 1495 1987 exhibendum,
1520 1959 1585 1981 non
1606 1953 1644 1982 ad
1669 1950 1763 1983 solius
1783 1954 1855 1986 cora

972 1986 1060 2027 poris
1070 2010 1080 2025 ,
1095 1988 1180 2018 reive
1191 2011 1199 2026 ‚
1211 1987 1454 2022 aestimationem
1467 2000 1561 2031 quam
1572 1991 1711 2024 formula
1724 2017 1732 2031 ,
1743 1993 1854 2034 Quan-

974 2028 997 2059 ti
1016 2037 1066 2059 res
1084 2028 1128 2059 est
1146 2030 1274 2070 proprie
1294 2030 1433 2071 designat
1451 2032 1468 2063 l.
1483 2042 1548 2073 193·
1567 2034 1853 2079 D.1Ieverb.fignif.

972 2068 1025 2100 sed
1047 2071 1086 2100 ad
1112 2080 1209 2101 omne
1227 2072 1314 2111 quod
1332 2073 1430 2104 actori
1448 2074 1543 2113 absit,
1568 2077 1722 2117 quodque
1742 2077 1853 2111 lucrari

972 2110 1145 2151 potuisset3
1169 2111 1189 2143 si
1215 2122 1265 2143 res
1282 2114 1426 2146 exhibita
1451 2115 1578 2148 fuisset:
1602 2116 1667 2149 hoc
1683 2119 1767 2151 enim
1785 2118 1856 2152 vcr-

972 2153 1035 2190 bo,
1052 2152 1084 2184 id
1101 2154 1188 2192 quod
1204 2154 1353 2193 interest,
1376 2159 1562 2193 continetur
1578 2158 1659 2200 l.1'3.
1677 2160 1724 2192 D.
1744 2160 1856 2194 Ratarii

971 2203 1030 2225 rem
1057 2195 1122 2225 hab.
1148 2204 1254 2233 eoque
1278 2200 1377 2228 modo
1401 2199 1496 2230 ctiam
1513 2199 1706 2239 formulam,
1731 2199 1856 2244 Quanti

971 2245 1021 2268 res
1036 2235 1098 2275 est,
1114 2235 1187 2268 alibi
1199 2236 1334 2281 Veteres
1346 2240 1581 2279 explicuerunt.
1607 2241 1770 2277 Convenit
1785 2253 1855 2278 cer-

973 2285 1006 2308 te
1031 2287 1072 2308 ex
1093 2277 1249 2310 sententia
1273 2278 1395 2312 heratii
1420 2291 1514 2320 quarn
1535 2281 1689 2323 Ulpianus
1704 2285 1806 2317 refert
1822 2287 1852 2319 d.

970 2318 999 2360 ἓ.
1018 2319 1073 2350 ult.
1099 2320 1170 2351 talis
1196 2321 1371 2361 explicatio
1394 2323 1505 2355 officio
1530 2325 1587 2355 viri
1604 2325 1700 2356 boni:
1722 2326 1854 2359 arbitra-

972 2361 1062 2400 turi,
1096 2362 1172 2401 quid
1198 2371 1323 2402 aequum
1347 2364 1383 2395 sit
1406 2364 1587 2405 observari;
1611 2376 1652 2397 ne
1675 2367 1783 2408 aCtor,
1807 2371 1851 2402 ob

970 2403 1207 2435 contumaciam
1225 2413 1278 2435 aut
1295 2405 1421 2446 cuipam
1442 2406 1638 2446 poffefforis,
1656 2418 1720 2441 uon
1738 2419 1850 2450 paren—

971 2444 1013 2474 tis
1036 2450 1202 2485 prae'cepto
1227 2445 1365 2485 judicis,
1388 2447 1441 2479 vel
1468 2448 1585 2480 damno
1600 2449 1772 2491 afficiatur,
1796 2453 1850 2486 vel

970 2482 1062 2517 lucro
1082 2495 1197 2517 careat.
1242 2486 1402 2520 Caeterum
1420 2499 1480 2520 nec
1498 2490 1564 2521 hoc
1580 2491 1661 2523 male
1676 2491 1848 2535 Neratius,

970 2534 1005 2558 ut
1022 2527 1108 2559 idem
1125 2527 1226 2559 refert
1246 2527 1419 2570 Ulpianus:
1436 2532 1524 2571 quod
1541 2541 1614 2564 cum
1631 2533 1746 2566 actoris
1764 2535 1848 2568 utili-

970 2576 1018 2599 tas
1041 2569 1130 2600 venit
1148 2569 1178 2601 in
1198 2570 1279 2601 hanc
1302 2571 1481 2613 astionem3
1505 2582 1570 2605 non
1588 2577 1703 2616 quanti·
1716 2586 1766 2608 res
1783 2575 1847 2612 este¹

969 2618 1007 2641 ea
1024 2610 1143 2641 utilitas
1161 2612 1320 2644 interdum
1337 2614 1467 2645 minoris
1488 2615 1567 2655 erit,
1583 2625 1676 2656 quam
1695 2615 1744 2651 res
1760 2621 1832 2655 erit.

1013 2651 1183 2692 Reliquum
1202 2653 1263 2691 est,
1281 2663 1315 2684 ut
1335 2655 1497 2688 videamus
1514 2666 1579 2697 quo
1597 2660 1698 2691 modo
1716 2661 1846 2693 aestima-

969 2693 1092 2724 tionem
1111 2693 1178 2724 fieri
1197 2703 1356 2734 oporteat.
1381 2695 1416 2728 fit
1432 2707 1538 2730 autem
1552 2722 1560 2737 ‚
1575 2701 1747 2741 aliquando
1764 2703 1803 2733 ab
1818 2713 1847 2741 a·

969 2734 1078 2769 Ctore.
1097 2735 1268 2775 aliquando
1287 2747 1302 2769 a
1322 2737 1453 2777 Judice:
1477 2741 1516 2771 ab
1534 2741 1642 2774 actore
1662 2744 1806 2783 quidem,
1824 2742 1844 2774 si

967 2775 1148 2815 poss'ess'oris
1167 2777 1259 2809 dolus
1275 2787 1328 2810 aut
1344 2780 1545 2813 contumacia
1563 2783 1744 2822 accusetur,
1764 2785 1846 2824 jure-

968 2817 1102 2857 jurando
1121 2818 1258 2864 inlitem
1275 2819 1311 2852 fit
1334 2831 1374 2853 ex
1391 2821 1561 2855 affeetione
1577 2827 1672 2858 etiam
1692 2827 1720 2856 in
1742 2824 1845 2856 infini-

971 2866 1039 2904 tum
1058 2859 1077 2903 l:
1097 2869 1127 2900 3.
1147 2860 1175 2900 ᾗ.
1194 2869 1220 2891 2.
1237 2861 1264 2891 h.
1283 2868 1303 2893 t.
1318 2872 1334 2894 a
1351 2863 1463 2903 judice
1480 2876 1577 2904 vero,
1594 2866 1614 2897 fi
1633 2874 1754 2897 tantum
1774 2876 1846 2905 pos-

970 2898 1091 2931 sessoris
1108 2902 1200 2941 culpa
1219 2901 1272 2934 fit:
1297 2904 1327 2936 ὅ(
1345 2912 1410 2937 tum
1428 2916 1492 2938 non
1511 2918 1552 2938 ex
1570 2907 1741 2938 affcctione
1757 2907 1793 2938 fit
1812 2910 1844 2940 in

970 2939 1147 2980 infinitum3
1168 2941 1219 2974 scd
1243 2953 1284 2976 ex
1311 2947 1354 2978 rei
1379 2948 1514 2980 veritate
1530 2949 1546 2979 l.
1562 2958 1591 2986 4.
1607 2948 1634 2989 §.
1652 2948 1705 2979 ult.
1720 2949 1738 2978 l.
1756 2956 1844 2990 5.pr.

972 2981 1009 3016 ὅ)
1025 2981 1054 3024 §.
1066 2992 1092 3024 3.
1114 2984 1160 3014 l).
1178 2986 1212 3015 de
1228 2986 1259 3017 in
1275 2988 1353 3019 litem
1363 2989 1503 3031 jurando.
1527 2989 1603 3020 Hoc
1621 2998 1706 3019 nunc
1721 2990 1846 3032 obite&

972 3023 1025 3055 sed
1042 3034 1082 3055 ex
1099 3025 1241 3065 professo
1266 3029 1449 3062 [vastabitur
1466 3029 1548 3062 infra
1565 3029 1618 3061 sub
1637 3027 1773 3070 Tituio,
1796 3031 1845 3064 De

971 3065 1003 3096 in
1017 3065 1094 3097 litem
1104 3067 1242 3107 jurando.
1650 3101 1653 3104 Α
1777 3111 1780 3114 Δ

1008 3106 1169 3141 Hactenus
1185 3111 1343 3143 consuluit
1356 3113 1458 3154 Judex
1477 3111 1605 3143 utilitati
1623 3112 1755 3152 actoris,
1771 3113 1847 3157 pro}

969 3147 1040 3180 bata
1065 3150 1130 3189 ejus
1156 3152 1348 3185 intentione.
1390 3154 1492 3185 Porro
1517 3154 1647 3193 addam,
1671 3158 1758 3196 quod
1783 3166 1845 3188 nec

967 3190 1173 3234 poss'ess'orem
1191 3195 1354 3235 negligere
1378 3204 1449 3225 eum
1475 3203 1617 3234 oportet.
1643 3205 1714 3229 nam
1741 3199 1760 3230 fi
1777 3201 1845 3234 non

964 3241 1056 3274 paret
1073 3235 1161 3306 oBuod
1181 3235 1318 3268 intendit
1337 3236 1445 3274 actor3
1469 3244 1594 3276 aequum
1610 3236 1675 3281 est,
1697 3240 1846 3315 postella}¹

1118 3277 1133 3305 b
1157 3283 1175 3306 2·
1775 3282 1810 3314 r'e
