2052 3487
183 99 254 132 240

179 177 271 210 Idem
297 181 351 207 aut
373 172 470 205 simile
496 168 645 201 observat
684 165 772 199 Dion
805 166 1008 208 Coccejanus
1029 167 1061 198 in

183 218 340 258 Excerplis
363 225 398 246 ex
416 211 600 244 Colleezanez's
626 207 814 249 Constantini
835 207 964 250 Augusti
989 209 1063 240 Por-

179 261 379 301 phyrogenetae
397 277 406 292 ,
429 262 500 293 quae
520 251 641 284 Parisiis
668 250 770 282 edidit
788 249 949 283 Henricus
971 250 1063 282 Vale·

185 300 266 332 fius:
289 306 361 329 curn
379 297 419 326 de
442 295 639 334 imperatore
656 291 823 323 Antonino
839 290 1001 323 Caracalla
1019 290 1061 322 fic

183 340 293 373 scribit
310 345 380 378 pag.
401 345 471 376 755.
505 335 578 366 Cum
601 333 658 374 ipse
679 334 807 364 omnium
828 333 991 364 mortalium
1012 342 1063 363 no·

184 381 305 422 tzffimus
330 377 444 409 adulter
459 400 468 415 ,
501 377 596 417 quoad
623 375 727 406 babilis
746 375 812 412 fuit
834 375 873 405 ad
897 373 1060 410 Venerem,

189 419 324 460 extitiffet
338 443 347 457 ,
370 419 440 449 alios
459 425 556 448 tamen
573 417 697 458 ejusdem
719 417 848 446 criminis
871 424 930 446 reos
947 414 983 450 ὅ)
999 416 1061 446 ode-

188 472 234 494 rat
252 461 288 496 &⁹
309 465 413 502 praetcr
425 459 477 500 jus
494 469 528 490 ac
544 468 647 489 morem
665 459 757 498 capite
769 455 918 497 plectebat.
960 456 1063 488 Nota-

186 505 259 536 bilis
280 504 331 533 hic
354 500 471 532 Dionis
494 501 604 538 locus3
628 508 685 536 ae,
710 499 799 539 quod
815 499 934 536 miror,
958 497 1063 529 adhuc

185 556 204 577 a
227 545 315 576 nullo
342 542 506 574 adduCtus.
550 540 649 572 Poena
670 540 765 581 igitur
786 539 934 571 adulterii
957 548 1063 579 neque

183 585 351 627 August0,
374 592 480 623 neque
504 584 672 614 Antonino
699 580 882 619 Caracalla,
905 580 1062 620 imperan-

188 637 242 666 te,
267 627 410 666 capitalis
430 625 509 656 fnit:
533 633 587 661 ac,
611 623 632 654 si
654 623 704 654 cui
728 633 744 654 a
768 622 916 662 Principe
939 629 992 652 aut
1007 621 1061 653 Se-

185 679 262 701 natu
286 669 524 708 imponeretur3
548 673 663 696 contra
678 664 727 704 jus
750 673 788 695 ac
812 672 936 709 rnorem
959 665 1062 703 impo-

185 711 345 743 nebatur:
369 710 399 740 <Sc
417 709 491 739 ideo
509 708 538 738 in
553 705 798 747 Magistratuum
816 705 1005 745 cognitione
1021 705 1062 735 de

186 762 249 792 qua
266 752 319 783 hic
340 751 480 791 agimus,
504 748 542 779 ad
569 747 753 786 exemplum
773 746 854 777 trahi
881 755 947 777 non
966 746 1063 777 debe-

186 794 243 825 bat
266 794 284 824 l.
314 800 338 823 1.
371 791 399 833 δ.
420 801 449 823 2.
477 789 518 821 D.
542 791 575 820 de
600 787 857 829 Constitutionibus
882 787 1060 826 Principum.

185 836 249 867 Sed
270 835 333 865 noc
350 836 428 864 citra
448 840 580 862 omnem
598 831 832 861 dubitationem
848 828 894 860 est
908 830 991 869 apud
1000 829 1062 861 Ve-

188 886 273 908 teres
290 873 539 914 jurisconsultos
557 882 596 903 ex
617 872 732 912 quibus
749 870 877 902 collecti
895 869 963 902 sunt
983 870 1062 901 Pan-

187 918 351 950 dectarurn
375 916 457 947 libri.
500 913 551 945 Ex
575 914 622 946 his
639 914 724 945 enim
742 912 856 944 Paulus
872 911 920 943 lib.
941 921 969 942 2.
992 912 1062 942 Sen-

187 961 365 995 tentiarum,
388 958 434 988 tit.
453 959 503 987 26.
528 955 558 997 §.
581 965 627 994 13.
660 954 827 991 adulterii,
851 954 973 993 inquit,
997 963 1062 984 con-

189 999 285 1031 viftas
311 999 439 1031 mulieres
463 997 586 1028 dimidia
604 1002 689 1037 parte
713 997 787 1027 dotis
811 993 848 1029 ὅ)
873 997 960 1026 tertia
980 1001 1063 1033 parte

186 1044 325 1074 bonorum
349 1050 383 1071 ac
404 1039 573 1080 relegatione
598 1040 631 1069 in
653 1037 776 1075 insulam
787 1037 902 1077 placuit
927 1037 1060 1067 coerceri:

187 1083 329 1115 adulteris
353 1091 420 1112 vero
437 1082 508 1111 viris
521 1081 590 1120 pari
604 1082 635 1110 in
650 1078 776 1119 insulam
792 1079 963 1118 relegatione
978 1078 1061 1108 dimi-

187 1127 267 1156 diam
282 1126 416 1155 bonorum
438 1127 551 1162 partem
565 1121 696 1161 azaferri,
722 1121 870 1151 dummodo
888 1120 920 1149 in
936 1121 1062 1159 diversas

187 1167 295 1206 insulas
328 1166 493 1206 relegentur.
540 1162 637 1194 Poena
666 1163 760 1203 igitur
784 1160 930 1192 adulterii
957 1170 1062 1200 neque

186 1204 279 1249 Lege
296 1206 394 1246 Julia,
419 1213 522 1244 neque
534 1204 621 1236 Pauli
639 1211 807 1243 tempore,
823 1202 965 1242 capitalis
980 1201 1061 1239 fuit3

185 1248 240 1281 sed
257 1248 319 1279 fuit
336 1247 490 1287 relegatio
513 1246 543 1276 dc
561 1245 679 1276 amiffio
698 1245 794 1285 partis
811 1244 896 1275 dotis
920 1243 950 1274 ἀ
966 1243 1063 1284 partis

186 1292 360 1322 bonorum.
405 1287 550 1326 Amplius
574 1285 681 1317 scribit
709 1286 822 1316 Paulus
846 1285 865 1316 l.
895 1291 942 1319 123.
967 1284 1007 1315 D.
1032 1286 1064 1314 de

188 1330 327 1371 testibus.
352 1330 439 1369 quod
463 1328 533 1360 Lex
548 1327 628 1367 Julia
648 1328 689 1358 de
707 1327 868 1358 adulteriis
890 1326 1062 1366 prohibet,

189 1371 406 1404 testimonium
424 1370 531 1401 dicere
550 1371 796 1400 condemnatam
815 1367 990 1398 mulierem.
1009 1366 1064 1398 Ul-

188 1415 300 1454 pianus
319 1421 448 1452 quoque
473 1412 493 1442 l.
515 1419 564 1447 29.
588 1410 617 1451 §.
641 1419 665 1441 1.
689 1409 732 1440 D.
754 1410 805 1440 Ad
823 1408 930 1449 Legem
948 1409 1065 1448 Juliam

191 1457 225 1486 de
248 1454 397 1486 adulteriis
423 1453 483 1491 ait,
508 1451 595 1492 Lege
618 1450 698 1489 Julia
721 1451 846 1488 caveri,
871 1458 926 1489 ut,
952 1449 971 1481 fi
995 1451 1065 1491 quis

191 1495 337 1528 adulterii
363 1495 544 1526 damnatam
569 1491 670 1524 sciens
685 1491 813 1525 duxerit
837 1500 972 1524 uxorem
988 1515 999 1532 ,
1029 1501 1066 1523 ea

792 74 1380 115 GanARnrNoonT

1104 165 1194 207 Lege
1212 173 1368 199 teneatur.
1392 165 1500 209 Quid,
1515 165 1537 198 fi
1553 174 1622 199 earn
1639 175 1705 200 non
1724 174 1856 204 uxorem
1874 173 1973 207 duxe-

1104 209 1165 244 rit3
1189 206 1242 239 sed
1261 209 1292 240 in
1317 209 1536 240 concubinatu
1560 208 1730 242 habuerit?
1753 211 1797 242 ait
1815 212 1971 254 Ulpianus

1103 251 1123 280 l.
1144 258 1171 280 1.
1195 248 1225 291 §.
1244 259 1272 281 2.
1296 249 1339 281 D.
1357 251 1391 281 de
1404 251 1590 289 concubinis,
1614 250 1679 295 Qui
1699 252 1865 285 damnatam
1887 258 1972 288 adul-

1104 291 1170 321 terii
1185 291 1217 321 in
1231 292 1422 323 concubinatu
1438 291 1559 331 habuit,
1583 301 1641 323 non
1654 298 1724 332 puto
1742 292 1820 334 Lege
1834 294 1922 334 Julia
1936 299 1971 328 de

1104 331 1256 363 adulteriis
1272 334 1361 364 teneri
1376 344 1384 365 :
1406 334 1540 374 quamvis
1556 331 1586 371 fi
1609 342 1726 365 uxorem
1746 343 1809 365 eam
1824 336 1946 376 duxzffet
1960 360 1973 376 ,

1104 378 1256 404 teneretur.
1298 373 1400 415 Igitur
1420 384 1515 415 poena
1537 375 1681 406 adulterii
1705 383 1811 415 neque
1833 375 1920 409 Pauli
1944 378 1975 412 ὅ(

1105 412 1236 454 Ulpiani
1264 421 1412 456 tempore
1429 438 1440 455 ,
1469 425 1576 457 neque
1599 414 1689 457 Lege
1709 415 1808 456 Julia,
1831 419 1974 458 capitalis

1104 454 1178 487 fuit.
1201 455 1343 496 alioquin
1361 457 1438 497 quid
1454 457 1531 488 utile
1551 456 1632 496 fuit,
1657 458 1846 489 nominatim
1870 460 1975 498 prohi-

1105 496 1183 541 bere
1202 506 1239 542 ea
1257 496 1365 539 Lege,
1389 508 1431 530 ne
1446 499 1558 530 mulier
1575 499 1721 530 adulterii
1739 499 1905 540 damnata,
1927 509 1973 532 te·

1105 537 1290 569 stimonium
1308 539 1411 578 dicat;
1437 549 1520 571 neve
1541 542 1611 580 quis
1628 540 1776 571 adulterii
1794 541 1972 575 damnatam

1106 588 1241 610 uxorem
1265 579 1371 612 ducat.
1421 580 1643 622 Superioribus
1670 583 1796 613 accedit
1820 582 1975 616 Marciani

1106 619 1323 653 testimonium
1342 621 1362 653 l.
1370 631 1400 661 5.
1419 621 1461 654 D.
1479 624 1512 654 <Ie
1527 621 1810 664 quaeJiionibu5:qui
1828 624 1974 663 ait,eum

1106 661 1159 702 qui
1184 662 1304 702 duplex
1330 665 1451 695 crimen
1478 663 1666 695 commifiss'e
1688 664 1828 704 dicitur,
1858 675 1974 707 nempe

1105 702 1260 734 incestum
1286 703 1316 734 ἂ
1339 705 1549 743 adulterium,
1573 704 1634 736 effe
1659 705 1691 736 in
1714 705 1844 738 insulam
1863 708 1976 746 depor-

1106 744 1248 775 tandum.
1293 744 1340 776 Ea
1355 755 1433 777 vero
1448 746 1633 786 deportatio
1649 745 1694 777 est
1711 755 1804 786 poena
1819 748 1975 789 incestus,

1105 794 1203 825 atque
1219 785 1281 825 ipsa
1297 788 1425 826 gravior
1442 797 1537 828 poena
1555 788 1719 819 adulterii:
1743 797 1777 819 ut
1790 789 1902 821 Paulus
1918 791 1974 821 do-

1107 834 1160 858 cet
1182 828 1211 857 d.
1232 828 1276 857 tit.
1297 832 1345 858 26.
1369 828 1398 869 §.
1422 838 1467 870 13.
1487 828 1523 862 C?
1543 838 1588 865 14.
1613 827 1701 860 Idem
1718 829 1852 871 intelligi
1871 831 1976 871 potest

1107 877 1147 899 ex
1169 869 1260 899 Arrio
1278 868 1462 901 Menandro
1482 871 1502 901 l.
1521 881 1549 908 4.
1572 870 1601 911 §.
1623 880 1651 910 7.
1677 869 1718 901 D.
1742 874 1776 901 de
1792 881 1822 902 re
1845 873 1973 904 virilitati.

1105 917 1202 950 negat
1219 910 1323 949 enim,
1347 912 1495 943 adulterii
1512 912 1561 942 vel
1580 911 1688 952 aliquo
1704 912 1827 950 judicio
1844 913 1974 954 publico

1105 953 1272 982 damnatos
1287 975 1297 991 ,
1320 952 1402 983 inter
1419 953 1536 984 milites
1554 952 1615 984 esse
1633 954 1846 993 recipiendos.
1888 954 1976 986 Non·

1105 1002 1146 1024 ne
1164 994 1290 1033 inepte:
1314 993 1369 1025 nisi
1384 995 1410 1024 ei
1430 995 1585 1032 liqueret,
1609 995 1673 1033 ejus
1690 1003 1836 1034 ternpore
1853 996 1977 1028 damna-

1108 1042 1157 1065 tos
1179 1035 1347 1072 adulterii,
1373 1045 1435 1066 non
1453 1035 1545 1067 fuisse
1563 1034 1696 1067 affectos
1716 1045 1810 1075 poena
1838 1039 1974 1070 mortis?

1107 1075 1209 1106 Mitto
1224 1098 1234 1113 ,
1258 1078 1346 1116 quod
1366 1077 1553 1117 Papinianus
1573 1077 1591 1107 l.
1615 1086 1661 1118 13.
1686 1076 1728 1108 D.
1752 1080 1786 1108 de
1800 1078 1844 1110 his
1863 1089 1927 1119 quae
1944 1085 1978 1110 ut

1105 1118 1237 1158 indignis
1260 1118 1320 1156 ait,
1345 1117 1519 1156 Maevium,
1541 1120 1573 1150 in
1598 1119 1757 1150 adulterio
1780 1119 1977 1160 Semproniae

1106 1160 1308 1197 damnatum,
1333 1162 1479 1191 eamdem
1501 1160 1742 1199 Semproniam,
1767 1170 1832 1192 non
1851 1164 1976 1194 damna-

1107 1208 1190 1238 tam,
1215 1199 1336 1231 duxisse
1361 1211 1514 1241 nxorem3
1546 1211 1683 1242 eumque
1707 1203 1898 1235 morientem
1924 1204 1979 1235 lie-

1106 1242 1216 1272 redem
1234 1250 1303 1272 earn
1322 1242 1488 1283 reliquisse.
1530 1242 1564 1274 Id
1590 1252 1671 1274 vero
1696 1243 1772 1282 quid
1796 1245 1864 1275 vult
1880 1268 1889 1283 ‚
1920 1245 1975 1277 nifi

1106 1284 1285 1314 adulterum
1298 1307 1307 1320 ‚
1325 1284 1380 1315 etsi
1397 1285 1545 1316 adulterii
1565 1285 1766 1323 damnatum,
1784 1293 1888 1317 tamen
1909 1296 1976 1319 non

1106 1323 1197 1355 fuiffe
1220 1325 1401 1356 damnatum
1427 1327 1467 1357 ad
1492 1326 1660 1365 capitalem
1687 1335 1813 1365 poenam
1830 1326 1847 1358 ἵ)
1877 1327 1976 1359 Poena

1107 1366 1201 1406 igitur
1222 1366 1367 1397 adulterii
1393 1376 1498 1407 neque
1516 1367 1603 1409 Lege
1622 1367 1722 1407 Julia,
1746 1377 1851 1408 neque
1873 1370 1978 1399 Anto·
2011 1391 2015 1392 γ

1108 1408 1184 1438 nino
1203 1406 1362 1438 Caracalla
1383 1408 1549 1448 Principe,
1571 1417 1676 1450 neque
1703 1408 1784 1442 adeo
1803 1409 1977 1444 Pandecta-

1108 1457 1177 1480 rum
1193 1448 1286 1490 Jure,
1308 1450 1450 1491 capitalis
1470 1448 1543 1482 fuit.

897 1614 1110 1652 Carui-
1161 1612 1275 1650 XVI.
1392 1618 1406 1625 ·

187 1709 270 1757 Imp.
298 1704 519 1744 Alexandrum
545 1707 567 1742 l.
588 1717 622 1750 9.
660 1706 693 1743 C.
720 1707 761 1742 acl
790 1707 890 1753 Iegem
915 1706 1042 1752 Juliam
1067 1705 1101 1739 cle
1126 1705 1287 1741 adulteriis
1312 1705 1411 1741 videri
1438 1705 1633 1751 inquinatum
1658 1704 1752 1751 inepti
1777 1705 1905 1742 hominis
1929 1707 1979 1748 iri-I

261 1759 487 1806 terpretatione.

256 1876 270 1901 t
291 1867 448 1909 obstrepit
469 1866 653 1900 Alexander
674 1865 693 1897 l.
712 1874 742 1902 9.
769 1865 803 1897 C.
827 1865 878 1897 Aa
895 1864 985 1907 legem
1005 1862 1065 1905 Ju-

276 1911 345 1942 liam
367 1912 400 1941 de
423 1909 585 1940 adulteriis.
627 1906 735 1939 Verba
752 1907 937 1939 Alexandri.

190 1951 327 1994 Castitati
350 1957 506 1992 temporum
521 1959 647 1982 meorum
663 1950 818 1987 convenit,
841 1948 900 1988 lege
921 1947 1010 1988 Julia
1031 1948 1065 1978 de

223 1994 369 2035 pudicitia
385 1995 554 2024 damnatam
569 1992 601 2022 in
612 1991 706 2032 poenis
724 1991 859 2032 legitimis
872 1990 1063 2029 perseverare.

231 2035 296 2080 Qui
310 2041 407 2066 autem
423 2034 560 2065 adulterii
574 2034 760 2070 damnatam,
776 2029 806 2068 fi
827 2040 995 2072 quocunque
1009 2040 1065 2061 mo—

227 2080 262 2108 do
273 2085 391 2117 poenam
407 2076 557 2115 capitalem
575 2075 717 2112 evaserit,
735 2074 832 2113 sciens
853 2073 971 2103 duxerit
991 2081 1065 2102 uxo·

225 2128 285 2150 rem
309 2117 378 2158 [vel
395 2116 567 2158 reduxerit]
589 2117 685 2147 eadem
708 2116 767 2157 lege
792 2123 829 2146 ex
852 2113 941 2153 causa
962 2113 1065 2144 lenoci-

229 2162 273 2190 nii
293 2161 441 2199 punietur.

190 2200 280 2243 Quid
310 2201 444 2231 dicimus
462 2199 479 2230 ‘?
504 2199 679 2230 adventitia
700 2197 763 2229 esse
786 2197 854 2228 haec
876 2195 974 2228 verba
994 2219 1003 2234 ,
1034 2195 1067 2227 Si

188 2250 360 2284 quocunque
384 2241 463 2271 modo
491 2247 605 2279 poenam
627 2239 776 2279 capitalem
808 2237 958 2277 evaserit?
986 2237 1067 2268 Sunt

189 2284 245 2324 qui
271 2290 393 2323 negent
417 2280 597 2313 Doffiffimi
624 2279 704 2312 Viri.
729 2279 792 2311 effe
814 2288 944 2320 quoque
968 2280 1065 2310 video

192 2326 246 2365 qui
265 2324 434 2356 affirment.
457 2322 521 2354 Sed
537 2322 641 2354 neutri
658 2322 749 2362 quod
766 2322 899 2360 volunt,
915 2321 1065 2361 probant.

188 2366 238 2398 lta
255 2365 333 2398 nihil
350 2365 517 2405 promovit
540 2363 689 2395 industria
712 2365 743 2395 in
772 2363 902 2394 alteram
923 2371 1066 2403 partem;

189 2408 240 2446 &,
263 2417 337 2438 cum
359 2406 491 2438 multum
509 2415 569 2446 pro
593 2414 728 2445 utraque
750 2403 909 2435 sudaverit
928 2427 938 2443 ,
961 2405 1066 2435 adhuc

187 2450 350 2480 incertum
375 2448 546 2488 relinquit,
573 2447 650 2487 quid
675 2450 707 2478 in
731 2444 849 2477 summa
868 2454 938 2486 agat
962 2445 1066 2486 Impe-

186 2499 297 2528 rator,
329 2490 521 2521 Alexander.
567 2488 659 2520 Nihil
684 2496 791 2519 tamen
816 2489 922 2518 verius
945 2486 1012 2524 est,
1044 2486 1065 2518 fi

186 2541 242 2562 me
264 2531 395 2569 audies,
427 2539 520 2570 quam
548 2529 777 2571 interpolatum
807 2528 870 2560 esse
902 2529 968 2559 hoc
998 2528 1064 2568 ejus

187 2571 412 2611 Rescriptum,
434 2580 530 2612 atque
548 2572 667 2611 inepte.
698 2571 775 2603 Hoc
793 2571 900 2609 enim,
925 2569 946 2601 fi
965 2571 1064 2609 patie-

187 2616 250 2651 ris.
274 2613 407 2644 addam:
430 2622 466 2643 ac
481 2636 491 2651 ,
514 2613 535 2645 fi
554 2614 703 2652 dubites,
725 2621 794 2644 rern
820 2611 877 2642 tibi
901 2611 1064 2642 auctorem

187 2655 302 2693 dabo3
335 2653 356 2685 fi
384 2654 520 2694 primum
545 2655 684 2693 dixero,
715 2654 792 2694 quid
820 2653 905 2693 apud
928 2653 1064 2684 Alexan-

188 2697 283 2729 drum
309 2693 346 2726 fit
362 2717 371 2733 ,
406 2694 588 2726 Convenire
606 2704 787 2737 temporum
812 2694 971 2731 castitati,
999 2703 1066 2725 mu-

188 2739 302 2770 lierem
328 2736 417 2777 Lege
443 2736 524 2775 julia
548 2737 748 2775 damnatam,
771 2738 803 2768 in
818 2737 908 2776 paenis
933 2735 1066 2776 legitimis

183 2781 378 2822 perseverare.
420 2776 505 2808 Puto
523 2786 646 2816 autem,
669 2779 734 2809 hoc
759 2778 863 2816 velle,
886 2778 1063 2808 convenire

190 2820 349 2861 temporis
366 2817 520 2852 castitati.
544 2827 656 2857 poenas
679 2829 749 2859 quae
766 2819 921 2850 damnatae
938 2819 1063 2849 mulieri

188 2863 282 2903 Lege
298 2860 378 2901 Julia
392 2859 451 2891 sint
468 2859 614 2898 inflictae,
637 2861 668 2891 in
685 2869 722 2891 ea
738 2870 802 2892 non
821 2859 981 2892 definere:
998 2859 1062 2891 five

189 2903 368 2937 convenire
386 2924 396 2940 ,
426 2901 593 2932 mulierem
624 2900 713 2942 Lege
745 2901 824 2940 Julia
856 2902 1062 2939 damnatam,

187 2956 255 2979 non
272 2943 397 2977 liberari
417 2944 519 2983 poenis
536 2950 612 2981 quas
632 2951 668 2972 ea
686 2951 726 2972 ex
737 2941 823 2983 Lege
840 2942 1062 2981 patiatur3sed

187 2991 220 3021 in
240 2988 277 3018 iis
295 2985 475 3026 perdurare.
505 2983 694 3024 Perseverare
712 2983 816 3021 enim,
839 2983 861 3015 fi
881 2984 970 3015 verbi
988 2993 1061 3024 pro-

190 3031 360 3069 prietatem
384 3025 559 3066 sequimur,
582 3024 627 3056 est
644 3025 818 3065 perdurare:
849 3033 887 3055 ac
903 3025 1062 3065 perseverat

188 3073 223 3103 id
240 3069 327 3111 quod
346 3068 467 3107 coepit,
490 3075 562 3098 cum
581 3075 648 3097 non
669 3064 791 3096 definit.
837 3064 886 3096 Eo
905 3066 990 3097 sensu
1007 3065 1063 3098 Ul-

188 3114 301 3153 pianus
325 3110 345 3141 l.
367 3119 414 3149 14.
436 3108 467 3151 §.
485 3119 515 3149 5.
541 3107 582 3138 D.
609 3107 643 3139 de
667 3106 801 3138 AEdilitio
822 3105 922 3137 Edicto
942 3129 951 3144 ,
983 3107 1065 3147 Ego,

190 3154 318 3193 inquit,
335 3157 425 3191 puto,
444 3149 473 3189 fi
495 3150 609 3182 morbus
632 3146 735 3187 desinit
752 3170 761 3185 ‚
791 3156 849 3177 non
871 3145 922 3187 effe
946 3148 1067 3179 redhibi-

192 3194 266 3228 tioni
283 3193 393 3226 locum.-
407 3190 459 3231 fin
473 3198 570 3227 autem
586 3191 693 3229 vitizlm
705 3193 883 3232 perseveret,
906 3188 1065 3224 redhibitio·

539 1756 621 1803 Ejus
648 1756 705 1792 Ioci
730 1767 821 1791 verus
846 1753 888 1795 ὅ)
912 1757 1016 1791 clarus
1032 1753 1156 1802 stnsus.

1107 1873 1171 1895 nem
1187 1863 1280 1896 locum
1297 1863 1407 1895 babere.
1449 1862 1490 1895 Et
1514 1864 1544 1896 in
1568 1865 1588 1897 l.
1605 1873 1633 1905 7.
1658 1865 1687 1908 §.
1707 1874 1733 1898 1.
1756 1865 1799 1897 D.
1816 1866 1849 1897 de
1865 1865 1983 1901 accafaq

1108 1907 1243 1937 tionibus.
1290 1905 1397 1937 Verba
1421 1903 1559 1946 Ulpiani.
1602 1907 1715 1939 Caverit
1736 1907 1976 1949 itaquefingulz',

1107 1949 1183 1989 quod
1198 1948 1305 1978 crimen
1322 1948 1469 1988 objicient,
1495 1947 1533 1983 ὅ)
1551 1955 1685 1989 praeterea
1704 1953 1929 1988 perseveraturos
1943 1949 1980 1989 se
2024 1945 2028 1950 “

1108 1999 1139 2019 in
1162 1991 1280 2020 crimine
1300 1998 1389 2031 usque
1410 1990 1448 2018 ad
1460 1989 1647 2028 sententiam.
1693 1989 1731 2021 Pa
1758 1990 1879 2022 inianus
1899 2000 1981 2030 quo·

1109 2039 1171 2071 que
1191 2031 1213 2063 l.
1233 2040 1280 2070 15.
1304 2030 1332 2071 §.
1354 2039 1379 2060 1.
1403 2029 1445 2060 D.
1465 2032 1498 2061 de
1521 2030 1672 2071 inofficiofi)
1699 1999 1881 2072 testamento,
1913 2032 1978 2062 He-

1107 2072 1195 2110 redi,
1226 2072 1373 2112 inquiens
1389 2094 1399 2110 ,
1428 2071 1490 2112 ejus
1512 2074 1564 2112 qui
1582 2072 1644 2113 post
1669 2073 1747 2103 litem
1769 2074 1803 2103 de
1825 2071 1978 2112 inofficioso

1103 2118 1301 2154 preparatam
1316 2136 1325 2151 ‚
1347 2118 1461 2143 mutam
1477 2116 1644 2152 voluntate,
1668 2113 1795 2153 deceffit,
1818 2123 1874 2144 non
1891 2115 1981 2144 datur

1109 2156 1143 2185 cle
1161 2152 1311 2195 inofficioso
1327 2154 1460 2194 querela:
1483 2164 1540 2185 non
1565 2157 1640 2186 enim
1660 2154 1768 2195 sufficit
1792 2155 1870 2185 litem
1895 2153 1979 2194 insli-

1110 2202 1207 2234 tuere,
1224 2196 1254 2233 si
1268 2205 1325 2226 non
1339 2205 1370 2225 m
1387 2205 1420 2226 ea
1435 2196 1601 2235 perseveret.
1645 2196 1743 2237 Igitur
1764 2195 1784 2226 fi
1802 2196 1975 2228 Alexandri

1109 2236 1231 2268 sensum
1248 2237 1418 2267 verborum
1437 2237 1549 2276 quibus
1569 2239 1637 2268 usus
1654 2237 1885 2277 est,potestate
1901 2237 1978 2268 aesti-

1108 2278 1289 2310 mabimus:
1320 2278 1435 2318 (quod
1464 2278 1584 2309 bonum
1613 2280 1708 2310 decet
1738 2278 1979 2319 Interpretem)

1109 2328 1263 2360 apparet,
1292 2320 1380 2358 quod
1411 2320 1476 2350 dixi
1494 2343 1503 2358 ,
1534 2320 1701 2359 pulchrum
1728 2328 1824 2359 atque
1850 2320 1977 2360 elegans

1110 2361 1173 2393 hoc
1190 2368 1286 2402 caput
1302 2360 1474 2392 stultiffima
1491 2361 1669 2401 adjectione
1685 2360 1747 2393 effe
1764 2361 1978 2392 deformatum

1108 2404 1149 2434 ab
1166 2403 1348 2442 Interprete
1366 2411 1430 2433 non
1449 2402 1520 2433 satis
1537 2403 1683 2443 provido.
1708 2402 1821 2434 Itane?
1838 2401 1891 2434 nifi
1908 2411 1978 2443 pot-

1109 2444 1154 2475 est
1172 2445 1229 2475 tibi
1248 2445 1336 2474 sanus
1362 2444 1461 2475 videri
1482 2444 1689 2482 Alexander;
1718 2445 1793 2475 dum
1819 2444 1880 2481 ait,
1902 2453 1978 2475 con-

1109 2487 1221 2517 venire
1246 2493 1427 2524 temporum
1453 2485 1578 2517 snorum
1604 2485 1763 2523 castitati,
1794 2485 1978 2524 mulierem,

1107 2527 1197 2568 Lege
1214 2526 1293 2567 Julia
1312 2528 1350 2556 de
1366 2527 1520 2566 pudicitia
1535 2527 1713 2557 damnatam
1725 2550 1734 2565 ,
1758 2526 1977 2567 perseverare,

1107 2568 1171 2600 five
1194 2568 1363 2609 perdurare
1379 2590 1388 2605 ‚
1412 2568 1443 2598 in
1469 2567 1617 2607 legitimis
1639 2569 1760 2608 poenis,
1791 2569 1822 2599 id
1846 2568 1890 2599 est
1908 2592 1917 2605 ,
1947 2569 1978 2599 in

1107 2610 1234 2649 capitali
1258 2609 1310 2639 seu
1333 2609 1446 2640 mortis
1471 2618 1564 2648 poena
1590 2618 1651 2649 qua
1681 2619 1722 2640 ex
1754 2609 1839 2650 Lege
1867 2608 1979 2640 affecta.

1108 2651 1170 2683 fit:
1200 2660 1237 2682 ac
1259 2649 1281 2681 fi
1305 2651 1385 2680 hanc
1409 2659 1535 2689 poenam
1552 2673 1562 2688 ,
1593 2650 1761 2691 postquam
1789 2649 1893 2681 occisa
1914 2650 1978 2688 est,

1109 2700 1316 2733 quocumque
1338 2692 1437 2723 modo
1455 2690 1588 2723 evaserit
1604 2715 1613 2730 ,
1639 2701 1773 2732 eamque
1790 2691 1890 2724 sciens
1908 2693 1977 2732 quis

1107 2743 1242 2765 uxorem
1260 2733 1406 2770 duxerit,
1429 2732 1479 2763 vel
1502 2733 1688 2764 reduxerit:
1711 2743 1783 2765 eum
1808 2733 1860 2773 qui
1879 2734 1911 2764 id
1928 2732 1976 2763 fe-

1107 2776 1208 2813 cerit,
1231 2775 1342 2806 eadem
1366 2772 1454 2814 Lege
1471 2782 1512 2805 ex
1529 2773 1618 2805 causa
1637 2775 1786 2806 lenocinii
1803 2775 1914 2814 puniri.
1947 2773 1976 2805 Is

1107 2817 1136 2848 &
1156 2826 1220 2848 non
1245 2815 1322 2846 alius
1347 2814 1411 2853 est,
1434 2814 1455 2846 fi
1476 2816 1649 2847 retinemus
1667 2816 1840 2847 verborum
1863 2813 1977 2857 fignifi-

1105 2858 1286 2896 cadonem,
1311 2857 1446 2897 vulgatae
1467 2855 1568 2888 sensus
1589 2857 1734 2889 lectionis
1751 2856 1804 2888 sed
1820 2866 1884 2888 non
1903 2865 1978 2887 con-

1105 2900 1194 2930 venit
1216 2898 1288 2930 sano
1313 2897 1436 2928 homini
1454 2918 1463 2933 ,
1493 2899 1611 2930 nedum
1638 2898 1768 2938 sapienti
1793 2898 1822 2929 δι
1845 2898 1976 2938 egregio

1105 2940 1257 2980 Principi.
1302 2937 1384 2980 Quis
1400 2940 1483 2970 enim
1501 2949 1651 2980 umquam
1668 2940 1845 2975 dubitavit,
1871 2945 1977 2969 utrum

1106 2984 1219 3014 mulier
1245 2980 1358 3012 affecta
1382 2981 1493 3011 mortis
1516 2990 1609 3021 poena
1625 3004 1634 3019 ‚
1665 2982 1697 3012 in
1721 2991 1757 3012 ea
1776 2977 1974 3021 perseverare

1107 3022 1250 3055 debeat?
1274 3032 1311 3053 an
1330 3031 1398 3053 eam
1420 3023 1576 3060 evadere,
1601 3024 1632 3054 id
1656 3023 1717 3061 cst,
1742 3031 1780 3052 an
1801 3018 1902 3050 occisa
1926 3028 1976 3050 re-

1105 3065 1283 3104 viviscere,
1315 3063 1344 3095 &
1369 3064 1510 3102 nubere,
1534 3064 1659 3104 poffit?
1690 3063 1788 3104 Igitur
1813 3060 1900 3101 quod
1922 3068 1975 3091 res

1109 3107 1266 3148 postulat,
1291 3104 1502 3136 scribendum.
1949 3141 1955 3147 ⁶

1153 3146 1290 3187 Casinati
1309 3152 1462 3186 temporum
1486 3155 1609 3177 meorum
1632 3144 1780 3181 convenit,
1804 3142 1862 3184 lege
1885 3140 1976 3182 Jalza

1148 3192 1181 3222 ae
1191 3189 1335 3232 paclIcilia
1357 3189 1522 3224 (humatam
1546 3188 1578 3221 in
1595 3187 1687 3227 paenis
1708 3184 1841 3227 legitimis
1851 3187 1978 3252 perlevi-

1306 3232 1309 3233 ’
1902 3232 1949 3256 rar
1966 3243 1974 3254 2
