2036 3495
546 85 613 122 An
639 85 728 120 L113.
759 85 882 121 XXIII.
913 85 1012 123 T1T.
1040 79 1081 123 ΙΙ.
1108 87 1160 122 De
1175 88 1238 122 ritu
1252 88 1439 136 ›ii-ipti‘aru'm,

98 178 327 217 interserunt,
350 184 407 219 per
432 174 555 217 nuptias
580 176 784 216 copulantur,
809 176 838 206 ἂ
865 176 963 206 altera

94 223 136 252 ad
161 221 287 251 alterius
317 218 518 261 cognationis
553 216 648 262 finem
671 218 805 263 accedit.
849 216 961 247 Sensus

97 261 290 298 Moticstini‚
313 261 537 300 cognationem
562 267 651 288 unius
675 266 892 303 conjugis—per
908 266 961 288 nu-

99 303 179 344 ptias
196 303 347 333 accedere
363 302 401 333 ad
420 299 514 332 finem
532 299 730 338 cognationis
745 300 892 329 alterius:
909 307 956 329 ea-

99 354 161 384 que
184 341 389 383 copulatione
412 341 479 373 fieri
502 339 694 371 affinitatem.
722 339 908 370 Modestino
925 347 952 369 u-

97 385 238 424 triusque
253 384 452 424 cognationis
470 380 538 413 finis
555 378 599 410 est
615 381 744 411 maritus
762 381 889 412 &oxma
913 379 957 410 lta

97 427 182 464 vult,
206 426 305 457 mariti
322 432 473 465 cognatos
490 421 554 453 fieri
573 420 681 453 affines
699 422 809 460 uxori,
834 423 863 452 Gt
880 430 955 451 uxo-

95 474 136 498 ris
153 475 307 505 cognatos
323 465 389 497 fieri
413 463 520 494 affines
545 463 677 500 marito,
701 463 863 502 utriusque
883 467 960 492 vero

101 498 258 547 cognatos
275 508 356 538 inter
373 504 402 535 se
418 513 482 536 non
500 501 564 534 fieri
583 503 701 535 affines.
726 503 826 545 Quod
843 503 871 534 ἃ
925 512 957 532 ο-

95 541 172 580 iiat‘o
189 548 283 579 visum
300 546 336 577 ad
351 545 540 576 Terentium
559 545 680 586 Adelph.
701 550 769 585 58.
792 545 862 583 ubi,
909 550 958 574 xo·

96 591 156 627 ris,
188 589 306 629 inquit,
349 588 463 628 cognati
495 587 596 617 marito
625 584 724 626 affines
748 585 832 626 sicne.
867 585 958 616 Adeo

96 631 230 662 affinitas
256 628 320 666 est,
341 627 537 659 neceffitudo
561 627 642 658 inter
668 635 762 658 unum
789 626 958 667 conjugem

95 675 123 703 ὣς
148 671 272 702 alterius
298 668 442 710 conjugis
466 668 636 709 cognatos:
660 668 800 708 licetque
827 669 958 698 demon-

95 713 222 744 strandae
238 711 282 742 rei
298 711 404 749 causa,
421 710 485 750 ejus
503 711 577 741 duas
594 708 702 740 facere
721 708 958 740 lineas:rcttam

95 757 123 785 ὥς
147 752 369 784 transversam:
392 752 542 791 exemplo
572 751 791 790 cognationis:
816 750 901 790 cujus
924 749 944 780 si

94 794 290 826 mulachrum
323 792 380 825 est.
412 792 558 824 Affinium
588 799 692 822 tamen
716 792 829 832 gradus
857 790 958 835 nullos

98 836 178 874 esse,
211 834 412 866 Modestinus
446 832 549 864 scribit
566 843 573 863 :
609 834 708 873 magis
739 833 865 863 nomina
894 832 955 877 diei

98 879 125 909 cl.
141 878 159 907 l.
176 886 204 915 4.
219 876 248 917 §.
266 886 295 915 4.
311 874 527 914 convenitque
541 872 690 911 Titulus,
726 873 821 903 etiam
852 872 956 919 inse-ri·-

97 919 169 957 ptio
186 919 207 947 l.
229 926 271 948 ιο.
291 917 317 947 d.
334 922 355 948 t.
373 915 419 946 De
430 917 566 957 gradibus
582 914 771 954 &adfinibus
789 913 824 948 ὅ)
839 923 958 944 nammi-

97 962 146 990 lius
163 968 266 989 eorum.
291 958 404 990 Paulus
423 965 534 988 contra
549 958 575 987 d.
591 957 609 987 l.
637 956 683 988 io.
708 954 955 995 Jnriiconsulciis,

97 1001 220 1039 inquit,
243 1005 427 1040 cognatorum
440 1000 551 1039 gradus
572 997 608 1032 ἑὸ)
624 995 765 1037 adfinium
786 996 858 1036 noffe
873 997 960 1028 debet.

100 1041 167 1072 Nisi
184 1039 251 1081 quis
268 1040 373 1071 malit:
396 1039 629 1079 Jurisconlultus
654 1045 836 1083 cognatorum
851 1039 961 1079 gradus

104 1082 140 1117 ὅ)
155 1081 296 1121 adfinium
312 1082 426 1112 nomina
443 1079 515 1120 noffe
533 1081 631 1119 debet„
657 1079 730 1111 Hoc
745 1079 766 1110 ss
782 1088 883 1110 minus
898 1079 962 1125 pla.

101 1132 173 1155 cet:
198 1131 362 1161 putemus,
387 1131 449 1152 non
470 1121 530 1152 eise
553 1121 690 1152 affinium
714 1123 826 1161 gradus
842 1128 962 1160 propri·

103 1174 158 1202 os;
183 1163 232 1194 sed
248 1163 309 1194 esse
325 1164 512 1202 improprios
528 1162 556 1193 δι
574 1161 655 1201 quasi
673 1162 804 1202 gradus;
828 1171 961 1200 quomo-

103 1208 145 1237 do
159 1206 240 1244 apud
261 1204 419 1235 Donatum
435 1205 472 1234 ad
487 1203 674 1234 Terentium
684 1204 710 1233 d.
722 1203 770 1233 loc.
789 1202 884 1233 Multi
893 1211 962 1243 grn-

102 1250 156 1277 (ius
173 1246 208 1280 ἐξ
223 1246 314 1277 veluti
330 1247 404 1276 ruini
420 1245 714 1285 lumprqainquitazz's
723 1244 753 1273 in
769 1242 911 1282 affinitate
926 1243 963 1278 &⁵

104 1288 270 1327 cognatione
284 1285 415 1326 dispuliti.
449 1285 493 1316 lta
511 1286 630 1324 prorsus
646 1294 711 1324 quo
724 1288 821 1324 gradu
836 1285 906 1324 quis
918 1285 962 1315 est

104 1327 217 1360 marito
241 1335 410 1368 cognatus,
435 1336 476 1356 eo
499 1327 594 1365 gradu
618 1327 707 1356 uxori
733 1325 776 1356 est
791 1324 907 1356 affinis:
931 1326 961 1357 &

104 1372 174 1400 vice
199 1369 303 1405 versa,
327 1377 390 1407 quo
411 1367 506 1407 gradu
525 1367 592 1406 quis
617 1368 707 1397 uxori
724 1365 769 1397 est
786 1375 959 1407 cognatuS,

104 1419 145 1441 eo
162 1410 257 1449 gradu
274 1411 387 1439 mai-ito
404 1407 447 1438 est
463 1407 573 1439 affinis.

140 1450 235 1482 Nunc
251 1459 307 1491 age
323 1448 460 1480 affinium
478 1448 600 1488 nuptias
617 1449 860 1480 consideremus.
883 1448 961 1480 Sunt

101 1492 147 1522 iia:
166 1494 195 1522 in
221 1491 301 1522 linea
319 1491 401 1521 reeta
427 1489 610 1529 prohibitae,
635 1490 722 1521 verbi
739 1492 855 1530 gratia,
879 1491 961 1521 inter

100 1534 246 1564 vitricum
264 1532 293 1562 δι
309 1531 499 1570 privignam,
522 1539 691 1562 novercam
715 1532 744 1562 ἂ
761 1532 933 1570 privignam
947 1554 956 1569 ,

103 1573 246 1604 socerum
264 1573 292 1602 ἃ
310 1581 419 1602 nurum
431 1595 438 1608 ,
454 1571 574 1602 socrum
594 1571 622 1602 ἃ
637 1580 806 1612 generum:
829 1579 862 1602 ut
878 1573 955 1603 invi-

103 1623 174 1645 cem
193 1613 259 1643 sunt
275 1620 439 1653 parentum
460 1612 488 1642 &
517 1612 684 1644 liberorum
710 1613 785 1644 loco
800 1612 818 1643 l.
836 1623 864 1651 4.
884 1613 910 1654 §.
928 1623 955 1654 7.

103 1655 148 1686 D.
163 1656 196 1686 cie
211 1655 349 1695 gradibus
366 1653 393 1694 §.
408 1658 437 1684 6.
458 1653 493 1686 δέ’
509 1662 536 1693 7.
556 1652 625 1693 Inst.
642 1654 668 1684 h.
684 1659 705 1684 t.
723 1653 888 1694 prohibitae
910 1664 961 1686 ve·

103 1706 139 1727 i‘o
156 1697 266 1726 eadem
284 1693 404 1725 ratione
420 1703 479 1733 qua
495 1694 709 1734 impediuntur
729 1696 758 1726 in
782 1694 862 1726 linea
879 1696 962 1727 recia

102 1736 319 1779 cognationis:
348 1735 379 1767 id
403 1735 466 1774 est,
496 1736 527 1766 in
550 1735 705 1767 infinitum
730 1736 750 1767 l.
765 1745 813 1775 40.
831 1737 878 1767 I).
893 1737 920 1768 b.
938 1743 960 1768 t.

92 1779 132 1810 ἀ
149 1788 211 1809 tatii
227 1785 361 1814 naturae,
385 1785 477 1816 quarn
497 1775 598 1814 civili,
619 1777 696 1817 Jure.
716 1776 747 1808 lii
764 1777 823 1808 hac
839 1777 960 1809 senten—

103 1820 146 1850 tia
163 1818 253 1850 fuisse
270 1818 494 1856 Papinianum,
517 1817 591 1849 mihi
610 1818 799 1858 persuadetl.
815 1819 867 1849 uit.
890 1818 916 1860 §.
935 1826 959 1851 ιζ

101 1860 145 1891 D.
164 1862 197 1890 cie
211 1859 329 1890 condiet.
347 1858 406 1900 fin.
423 1859 498 1897 cauli
527 1860 622 1891 modo
646 1859 731 1891 refte
755 1860 957 1900 intelligatur.

105 1900 199 1933 Casus
217 1899 460 1931 talistoverca
477 1900 640 1940 privigno,
652 1908 705 1931 aut
721 1909 814 1932 nurus
833 1900 959 1941 socero,

101 1941 266 1982 pecuniam
283 1942 371 1972 dedit
391 1942 474 1972 dotis
490 1941 628 1973 nomine.
651 1950 714 1973 non
739 1941 850 1983 nupsit.
876 1951 959 1986 quaef

99 1984 195 2021 titur,
220 1992 255 2013 an
281 1984 414 2021 pecunia
436 1984 535 2022 repeti
553 1983 665 2022 poflit‚
698 1983 779 2022 quasi
805 1987 876 2014 data
899 1984 962 2015 fine

99 2024 213 2055 causa?
229 2023 385 2054 dubitatio
402 2025 552 2059 vertitur,
569 2024 656 2064 quod
674 2024 848 2064 hujusmodi
860 2026 962 2056 matri-

99 2064 213 2096 moniis
227 2066 294 2104 jure
311 2065 451 2105 gentium
471 2063 507 2095 fit
523 2064 678 2103 incestus3
702 2066 839 2105 ideoque
864 2065 962 2106 turpis

101 2106 144 2136 est
162 2107 247 2136 datio
264 2105 489 2145 acceptioque:
512 2115 610 2145 porro
639 2107 668 2137 in
689 2107 752 2145 pari
770 2106 857 2137 causa
875 2107 958 2138 melin

101 2157 137 2178 or
159 2146 202 2177 est
226 2147 370 2177 conditio
394 2146 591 2186 possessoris,
615 2156 709 2187 quam
734 2148 798 2187 ejus
823 2149 875 2188 qui
895 2158 958 2179 non

100 2188 254 2228 poss'idet:
278 2187 330 2218 hic
344 2187 533 2226 praesertim,
549 2188 601 2218 ubi
616 2189 663 2227 jus
681 2191 840 2229 gentium,
857 2191 958 2220 omni—

99 2230 157 2260 bus
187 2227 326 2259 innatum
352 2229 553 2265 hominibus,
584 2238 623 2259 ne
654 2229 799 2260 mulieres
831 2231 959 2269 quidem

95 2272 241 2311 ignorare
257 2276 394 2309 oportet.
418 2270 460 2300 ita
477 2268 575 2308 prima
600 2269 683 2301 facie
705 2271 806 2302 videri
822 2270 960 2311 Papinia-

97 2321 155 2342 nus
180 2311 313 2341 fatetur:
342 2311 404 2350 ipse
430 2318 533 2341 tamen
560 2312 641 2342 aliud
669 2312 861 2351 respondet:
892 2321 957 2344 non

97 2353 182 2393 quod
202 2359 315 2392 neget,
340 2351 538 2382 matrimonia
563 2353 643 2383 inter
666 2361 833 2383 novercam
850 2352 879 2383 &
897 2353 958 2392 pri-

98 2395 223 2433 vignum
236 2415 245 2430 ,
269 2393 319 2423 vel
335 2402 445 2423 nurum
464 2394 492 2424 ὅ(
511 2393 672 2431 socerum,
695 2394 870 2433 similesque
888 2403 956 2433 per-

98 2433 183 2465 sonas
199 2456 208 2472 ,
236 2434 304 2473 jure
336 2435 479 2474 gentium
514 2434 621 2465 haberi
655 2435 781 2465 incesta.
813 2437 956 2466 minime:

100 2476 188 2514 (nam
205 2476 396 2505 contrarium
415 2477 510 2505 docet
538 2476 557 2505 l.
579 2478 628 2515 38.
648 2475 688 2505 D.
703 2475 753 2506 Aa
768 2476 819 2517 leg.
837 2476 903 2516 Jui.
925 2478 958 2506 de

100 2514 209 2553 adult.)
232 2515 283 2546 sed
306 2517 393 2554 quod
419 2524 529 2555 putat,-
554 2516 718 2555 pecuniam
743 2517 773 2547 in
799 2517 961 2557 proposito

97 2563 159 2585 non
180 2553 239 2584 esse
257 2556 357 2588 datam
375 2558 416 2588 ob
433 2557 552 2588 causam
572 2566 706 2597 turpem.
731 2558 760 2589 ὅ(
779 2567 873 2589 vere:
896 2568 961 2590 non

101 2594 146 2626 est
164 2596 246 2625 enim
272 2597 340 2626 data
360 2598 402 2628 ob
429 2597 585 2637 stuprum:
619 2599 670 2629 led
694 2599 738 2629 ob
754 2599 888 2637 nuptias.
913 2598 960 2630 hae'

101 2644 206 2667 autem
226 2645 285 2666 non
305 2637 371 2675 sunt
388 2639 518 2676 secutae3
543 2649 578 2670 ac
596 2649 635 2670 ne
653 2639 736 2679 sequi
749 2641 876 2680 quidem
892 2641 958 2681 pos-

101 2678 178 2708 sunt.
203 2676 324 2717 optime
352 2679 444 2717 igitur
468 2689 621 2719 repetitur
648 2680 698 2712 bic
719 2684 852 2722 pecunia
879 2691 955 2713 con-

101 2718 259 2754 dictione,
284 2718 365 2756 quasi
383 2721 451 2750 data
467 2720 529 2751 sine
547 2722 643 2753 causa.
677 2759 679 2761 ³

140 2758 215 2789 Hoc
233 2760 263 2790 in
279 2757 434 2790 affinitatis
452 2761 530 2792 linea
545 2763 639 2795 resta.
662 2763 736 2803 quid
754 2763 785 2794 in
805 2770 959 2794 transver-

99 2799 152 2831 sa?
178 2809 208 2829 in
232 2809 267 2830 ea
291 2800 381 2831 nullae
405 2799 492 2832 fuere
508 2811 622 2842 nuptiae
644 2813 696 2834 aut
711 2805 778 2844 jure
794 2805 958 2844 gentium,

99 2849 150 2871 aut
166 2841 232 2880 jure
248 2840 351 2878 civili,
377 2841 557 2880 proliibitae:
587 2845 754 2877 Veteribus
777 2846 962 2877 memoriam

99 2881 255 2913 affinitatis
272 2891 340 2921 quae
357 2881 449 2913 fuerit
468 2883 564 2915 stante
582 2889 798 2924 matrimonio,
822 2896 862 2917 eo
882 2887 960 2917 solu—

99 2930 132 2953 to
154 2922 404 2963 negligentibus,
427 2933 631 2965 praeterquam
654 2927 735 2958 inter
761 2937 815 2957 eos
839 2928 891 2967 qui
920 2937 959 2957 eo

99 2965 835 3002 duranteruerintparentum&libei-orumloco
846 2968 902 3008 αξ
928 2972 957 2999 6.

101 2999 173 3044 &p
193 3003 253 3044 lrilh
282 3004 307 3034 li.
324 3011 345 3036 t.
364 3006 441 3036 Rem
461 3007 553 3039 dico:
576 3008 644 3039 satis
661 3017 741 3039 noto
757 3009 960 3040 matrimonio

99 3045 148 3076 M.
167 3045 261 3076 Craiii
279 3055 349 3076 cum
380 3056 475 3077 uxore
502 3048 639 3080 defuncti
664 3049 788 3087 fratris,
814 3051 841 3080 ot
858 3049 960 3090 (testi-

98 3087 208 3117 monio
231 3087 385 3118 Plutarchi
402 3089 431 3118 in
449 3088 509 3129 ejur
525 3090 589 3120 vita
606 3099 630 3121 c.
650 3092 697 3131 1.)
716 3091 776 3121 line
793 3090 962 3129 reprehen-

95 3128 188 3160 sione.
215 3128 653 3169 PraeterearefertApulejus,
670 3131 788 3171 apolog.
805 3139 962 3172 tamquam

99 3178 172 3240 retr}
189 3169 305 3240 licitlalm
331 3169 358 3201 a<
386 3169 543 3211 usitatam,
567 3171 724 3204 AEiniliam
748 3173 958 3207 Pudentillam

168 3220 220 3240 ΘΗΖ.
283 3234 288 3240 ,

1809 84 1876 139 '387

1006 177 1070 216 eius
1094 186 1248 215 uxorem,
1278 177 1349 217 post
1373 183 1509 209 mortem
1533 175 1641 209 Sicinii
1666 177 1787 217 Amici,
1820 175 1873 212 cui

1005 226 1077 248 ante
1096 227 1192 258 nupta
1214 218 1336 257 fuerat,
1361 219 1480 250 tabulas
1505 219 1659 258 nuptiales
1681 219 1757 257 jussu
1772 220 1871 253 soceri

1005 258 1114 290 feciss'e
1132 268 1204 289 cum
1221 259 1321 290 altero
1339 261 1405 300 ejus
1429 259 1495 291 filio
1512 259 1630 291 Sicinio
1648 259 1741 292 Claro
1757 262 1871 302 prioris

1004 301 1105 330 mai-iti
1126 298 1233 329 frati-e.
1274 301 1422 339 Apulejus
1439 302 1539 331 ibidem
1554 302 1668 333 deinde
1686 303 1872 342 exemplum

1001 341 1096 372 etiam
1114 340 1196 371 aliud
1214 349 1253 371 ex
1263 342 1373 372 eadem
1385 341 1491 379 prodit
1508 341 1624 373 familia
1641 342 1729 374 hisce
1746 344 1868 376 verbis:

1004 381 1159 411 Mulierem
1183 380 1310 422 aliquam
1327 382 1414 412 mullo
1431 388 1503 412 natu
1526 383 1676 424 majorem,
1689 417 1693 420 ,
1706 385 1870 426 nuperrime

1002 430 1118 453 uxorem
1121 423 1231 460 fratris
1249 424 1345 458 misero
1352 429 1440 462 puero
1455 423 1548 462 objicit
1565 424 1601 458 ὅ)
1611 423 1752 464 obfternit.
1765 425 1869 457 Mitto

1003 464 1167 502 exempla:
1200 464 1329 503 quando
1349 464 1418 503 jure
1449 464 1534 495 civili
1561 474 1633 496 ante
1665 466 1766 499 licitas
1789 467 1869 500 olim

1002 503 1092 535 fuisse
1109 505 1233 543 nuptias
1248 504 1352 535 fratris
1369 513 1440 536 cum
1464 504 1606 537 defunCti
1623 506 1726 539 fratris
1751 509 1868 548 vidua,

1002 546 1103 585 palam
1122 545 1249 575 testatur
1267 545 1343 586 Imp.
1362 544 1606 586 Constantinus',
1626 548 1732 589 vel„si
1749 552 1871 588 mavis,

1005 586 1225 622 Constantius,
1251 586 1313 627 ipse
1337 596 1388 618 eas
1406 587 1578 627 prohibens
1600 588 1620 619 l.
1648 597 1674 620 2.
1700 590 1733 620 C.
1762 589 1868 624 Thena.

1002 629 1035 658 de
1059 624 1156 666 incest.
1181 634 1263 667 nupt.
1289 629 1391 659 vei-bis
1416 628 1643 668 sequentibus:
1672 627 1737 668 Etfi
1757 632 1870 663 licitum

1003 668 1118 699 Veteres
1127 669 1316 705 ..crediderunt
1326 692 1334 706 ,
1347 671 1454 710 nuptiis
1457 670 1565 709 fratris
1566 670 1672 709 salutis
1682 694 1691 709 ,
1701 673 1801 703 ducere
1801 673 1873 713 fra-

1001 714 1072 740 trem
1089 719 1224 740 uxorem:
1241 710 1353 741 licitum
1368 712 1453 742 etiam
1467 710 1528 751 post
1544 717 1658 743 mortem
1672 712 1796 744 mulieris
1817 719 1872 745 aul>

1000 752 1175 788 divorcium,
1192 753 1354 782 contrahere
1372 762 1435 783 cuin
1448 753 1572 794 ejusdem
1580 753 1678 792 fhro're
1688 753 1872 795 conjugium:

1000 790 1159 829 abstineam
1180 792 1342 832 hujiiimoin'
1357 795 1467 833 nuptiis
1478 793 1622 832 univer-fi:
1644 804 1694 825 nec
1710 794 1868 836 aestiment,

994 832 1070 872 poffe
1088 833 1227 872 legitimos
1243 834 1340 864 liberos
1356 843 1392 864 ex
1406 835 1456 864 hoc
1470 836 1605 874 confiirtio
1619 837 1782 875 procreari:
1801 846 1870 868 nam

992 875 1107 913 spurias
1126 872 1175 913 effe
1190 877 1320 904 convenii
1339 877 1389 915 qui
1403 880 1564 912 nascentur,
1602 877 1707 917 Atque
1724 877 1788 910 hoc
1804 879 1871 919 pla-

1001 914 1066 945 cuit
1082 922 1177 945 etiam
1194 915 1250 954 l.5.
1268 914 1304 949 ἐξ*
1322 921 1349 949 8.
1371 916 1396 946 C
1421 918 1477 947 eod.
1495 919 1540 948 tin
1707 950 1710 955 ,
1786 953 1789 961 ,
1849 954 1851 959 ,

1043 955 1210 995 Reliquum
1229 955 1272 987 cst
1289 966 1328 987 ex
1347 966 1460 997 quarto
1484 953 1605 1000 Leguin
1631 957 1814 1000 praeeepr03
1838 961 1874 992 ut

1004 996 1225 1037 investigemus
1244 997 1390 1037 personas
1409 1006 1536 1031 caeteras
1552 1009 1629 1040 quas
1654 1000 1731 1042 imp.
1750 1001 1872 1041 justini·-

1003 1048 1078 1069 anus
1096 1040 1124 1077 ξ.
1148 1047 1192 1069 ii.
1213 1037 1275 1078 lnst
1309 1039 1336 1070 b.
1355 1046 1376 1071 t.
1402 1040 1498 1079 dicit,
1521 1043 1653 1081 propter
1670 1043 1805 1074 diversas
1828 1053 1874 1075 ra-

1005 1081 1125 1116 tiones,
1160 1079 1319 1119 prohiberi
1348 1081 1469 1119 nuptias
1493 1083 1701 1122 contrahere,
1731 1084 1762 1115 &
1785 1084 1816 1115 in
1837 1084 1872 1116 li-

1005 1121 1067 1151 bris
1089 1120 1291 1160 Digestorum
1308 1122 1358 1152 seu
1377 1122 1601 1155 Pande-{tarum
1619 1133 1659 1155 ex
1677 1133 1786 1156 vetere
1800 1126 1870 1166 J'ure

1006 1162 1211 1193 'collectarum
1238 1163 1425 1195 enumerari.
1450 1163 1503 1195 Est
1525 1175 1604 1196 vero
1629 1166 1697 1198 talis
1715 1166 1871 1205 Senator,

1006 1205 1082 1234 item
1108 1202 1207 1241 silum,
1237 1213 1356 1243 nepos,
1389 1213 1608 1245 proneposve,
1639 1206 1772 1239 exsilio.
1797 1216 1871 1240 nam

1006 1244 1037 1275 hi
1053 1243 1141 1286 Lege
1156 1244 1233 1284 Julia
1250 1245 1278 1275 ὅ(
1298 1245 1392 1285 Papia
1409 1245 1607 1286 libertinam,
1631 1255 1684 1278 aut
1701 1257 1770 1288 quae
1785 1249 1869 1289 ipsa,

1006 1286 1133 1325 cujusve
1150 1293 1257 1325 pater,
1275 1294 1433 1325 marei-ve,
1449 1292 1547 1319 artem
1566 1288 1716 1320 ludicram
1734 1289 1871 1329 fecerit,

1005 1336 1136 1358 uxorem
1154 1328 1270 1358 ducere
1288 1328 1506 1367 prohibentur.
1530 1328 1678 1361 videlicet
1690 1340 1760 1368 ‚wne
1776 1331 1871 1363 Sena-

1006 1375 1087 1398 toria
1113 1369 1247 1408 dignitas
1279 1369 1503 1409 conjunctione
1528 1369 1636 1402 talium
1665 1371 1870 1409 personarum

1006 1409 1159 1440 evilelcat.
1186 1408 1305 1441 Eadem
1331 1412 1455 1441 ratione
1480 1412 1583 1442 noluit
1601 1422 1637 1443 ea
1657 1411 1745 1452 Lex,
1770 1414 1873 1453 liujus-

1005 1451 1091 1481 modi
1111 1451 1247 1491 personis
1264 1451 1384 1483 nubere
1401 1450 1562 1483 Senatoris
1580 1452 1693 1492 filiam,
1718 1464 1870 1495 neptem,

1003 1501 1057 1522 aut
1073 1500 1262 1532 proneptem
1282 1502 1321 1523 ex
1340 1491 1417 1524 filio.
1439 1492 1552 1524 Verbis
1571 1493 1663 1535 Legis
1678 1504 1747 1534 quse
1759 1504 1873 1528 extant

999 1533 1018 1563 l.
1035 1542 1084 1571 44.
1105 1534 1149 1564 D.
1164 1535 1191 1563 b.
1210 1538 1230 1563 t.
1258 1534 1452 1573 diligentiam
1477 1535 1717 1576 interpretando
1740 1546 1872 1569 accom-

1002 1573 1144 1605 modavit
1161 1573 1200 1605 V.
1218 1573 1276 1606 CL.
1296 1574 1453 1605 Barnabas
1463 1574 1650 1614 Bril‘l'onius,
1672 1577 1718 1608 De
1728 1578 1797 1620 jure
1806 1588 1873 1610 con-

1002 1617 1156 1646 nubiorum
1175 1622 1243 1656 pag.
1270 1624 1335 1652 109.
1359 1615 1395 1650 65⁹
1408 1616 1489 1657 seqq„
1516 1626 1576 1648 uec
1594 1618 1784 1651 curatiorem
1801 1620 1872 1660 quis·

1005 1656 1169 1688 desideret.
1186 1655 1305 1688 Eadem
1324 1656 1409 1698 Lege
1423 1658 1502 1696 julia
1520 1658 1682 1698 proposita
1697 1657 1758 1691 fuit
1773 1663 1872 1694 etiam

1004 1697 1062 1729 alia
1087 1697 1176 1728 causa
1205 1698 1400 1739 impediendi
1425 1699 1633 1738 matrimonii,
1669 1708 1744 1732 aetas
1776 1702 1872 1734 maris

1004 1739 1216 1779 sexagenarii,
1253 1740 1282 1771 &
1311 1738 1452 1771 foeminae
1476 1739 1769 1783 quinquagenariae:
1792 1751 1873 1784 prae-¹

1004 1779 1145 1811 sumente
1170 1780 1276 1821 Lege,
1299 1781 1369 1821 post
1398 1780 1481 1812 hanc
1514 1781 1639 1815 aetatem
1670 1783 1700 1815 in
1727 1792 1871 1825 ,utroque

1003 1820 1076 1852 sexu
1093 1819 1232 1853 deficere
1250 1822 1440 1854 matrimonii
1457 1821 1572 1862 finem,
1593 1822 1756 1865 jure'civili
1772 1825 1872 1858 crediss

1003 1869 1068 1893 tum
1079 1863 1117 1893 ad
1134 1872 1226 1894 unam
1244 1862 1399 1903 respicere
1417 1864 1587 1896 liberorum
1603 1865 1873 1906 procreationem

1003 1902 1153 1934 Meminit
1172 1904 1260 1943 hujus
1276 1905 1388 1945 capitis
1406 1903 1500 1945 Legis
1517 1906 1604 1945 Juliae
1619 1906 1802 1947 Lactantius
1818 1909 1877 1942 libs

1007 1953 1033 1976 1.
1049 1944 1154 1977 Divin.
1171 1944 1263 1986 inflia
1279 1956 1303 1976 c.
1325 1946 1411 1978 16.&
1427 1945 1599 1991 Ulpianus,
1621 1947 1736 1989 Fragm.
1757 1951 1802 1980 iit.
1822 1953 1872 1982 164

1005 1985 1099 2017 etiam
1122 1986 1414 2029 Senatusconsulti,
1440 1987 1510 2028 post
1534 1999 1603 2021 earn
1626 1988 1700 2021 facti
1720 1993 1874 2031 tempori-

1005 2026 1062 2058 bus
1080 2025 1222 2067 Tiberii,
1246 2028 1276 2060 &
1299 2038 1315 2059 a
1341 2028 1476 2060 Claudio
1498 2028 1596 2062 rursus
1611 2031 1773 2071 abrogati,
1797 2031 1872 2064 Sue-

1007 2067 1129 2107 tonius,
1154 2071 1218 2099 vita
1236 2069 1352 2100 Claudii
1367 2080 1390 2101 c.
1412 2080 1461 2111 23.
1487 2071 1537 2102 sed
1561 2073 1746 2112 quomodo;
1769 2073 1873 2113 dispu-

1005 2113 1072 2140 tant
1090 2110 1119 2140 in
1138 2109 1236 2141 Notis
1254 2111 1457 2144 Casaubonus
1476 2113 1504 2143 δι
1520 2111 1728 2144 Torrentius:
1748 2121 1813 2145 tum
1823 2114 1873 2153 Ja-

1003 2151 1103 2181 cobus
1114 2150 1359 2190 Gotliofredus,
1374 2154 1412 2184 ad
1429 2154 1501 2194 Leg.
1513 2153 1579 2194 Jul.
1598 2153 1634 2188 δ”
1646 2154 1716 2191 Pap.
1731 2163 1754 2184 c.
1765 2163 1870 2197 2.pag.

1002 2195 1070 2231 316.
1080 2191 1176 2233 &leq
1188 2193 1264 2224 item
1275 2192 1412 2233 jacobus
1425 2194 1609 2225 Perizonius
1622 2194 1738 2233 Differt.
1749 2197 1788 2226 ad
1796 2197 1870 2238 Lag,

1003 2232 1159 2263 Voconiam
1175 2241 1243 2274 pag.
1266 2236 1333 2275 ¹54-
1353 2234 1390 2269 δέ*
1408 2236 1483 2276 seqq.
1501 2235 1551 2266 sed
1568 2233 1757 2274 conjecturis
1772 2245 1870 2278 agunt

1002 2278 1111 2304 omnes
1121 2297 1129 2311 ,
1141 2275 1168 2305 ὅ(
1180 2284 1288 2313 parum
1299 2275 1461 2307 extricant.
1480 2275 1544 2315 ipse
1560 2284 1691 2315 quoque
1703 2279 1790 2316 quod
1809 2277 1870 2319 pro'

1001 2323 1091 2345 certo
1110 2316 1219 2354 edam,
1233 2325 1296 2346 non
1314 2316 1472 2347 habeoz&
1494 2315 1720 2349 liiiicinstituto
1736 2318 1870 2359 sufficit,-

1002 2353 1241 2395 LegemJuliam
1260 2357 1290 2387 &
1310 2355 1435 2396 Papiam
1451 2356 1609 2396 Justiniani
1630 2357 1871 2393 Constitutione

1001 2397 1031 2426 in
1050 2405 1153 2427 totum
1172 2396 1232 2428 effe
1247 2397 1396 2428 sublatam
1413 2398 1431 2428 l.
1452 2407 1500 2437 27.
1513 2398 1542 2428 C.
1563 2398 1588 2429 b.
1600 2405 1620 2429 t.
1637 2399 1673 2434 ἐξ
1690 2400 1709 2431 l.
1723 2409 1768 2432 12.
1784 2401 1817 2433 C.
1836 2404 1871 2434 de

1000 2437 1118 2478 legitimi.
1137 2438 1258 2468 heredib.
1303 2437 1524 2479 Superioribus
1550 2439 1689 2478 personis
1707 2443 1869 2476 addendus

1004 2486 1091 2508 tutor
1108 2478 1137 2508 ὅ(
1153 2484 1299 2515 cui-ator,
1321 2480 1498 2520 eorumque
1520 2478 1619 2512 filius:
1633 2482 1746 2522 quibus
1762 2486 1870 2524 prohi-

1006 2519 1078 2549 bitae
1108 2518 1176 2549 sunt
1203 2521 1317 2559 nuptiae
1342 2529 1414 2552 cum
1432 2521 1550 2561 pupilla
1567 2523 1616 2553 vel
1632 2525 1755 2559 adulta.
1780 2526 1868 2566 cujus

1004 2560 1135 2591 tutelam
1155 2561 1204 2591 vel
1220 2570 1325 2592 curam
1343 2561 1498 2601 gesserint.
1535 2562 1612 2605 Quo
1624 2564 1718 2604 jure?
1742 2564 1873 2598 Oratio-

1005 2611 1044 2631 ne
1070 2600 1145 2632 Divi
1171 2601 1272 2632 Marci
1298 2603 1327 2633 δι
1353 2602 1533 2635 Commodi.
1558 2606 1587 2636 ni
1617 2606 1820 2638 nominantur
1835 2607 1867 2637 in

1005 2642 1214 2682 Inscriptione
1247 2643 1267 2674 l.
1293 2644 1343 2675 60.
1382 2645 1425 2676 D.
1454 2645 1481 2676 h.
1505 2651 1527 2676 t.
1559 2649 1704 2686 quamvis
1719 2670 1722 2671 ν
1735 2647 1751 2679 a
1782 2647 1868 2687 Try·

1001 2683 1146 2723 phonino
1171 2683 1188 2713 l.
1220 2688 1271 2724 σῖ.
1298 2684 1326 2726 §.
1354 2695 1382 2726 3.
1416 2686 1497 2716 solus
1522 2686 1680 2720 indicetur
1711 2688 1749 2719 D'.
1784 2688 1869 2719 Mar-

1000 2733 1055 2756 cus
1080 2725 1141 2764 pari
1174 2724 1276 2756 forma
1292 2746 1301 2762 ,
1342 2735 1402 2765 qua
1436 2726 1620 2767 Papinianus
1646 2730 1664 2759 ί.
1695 2738 1741 2768 23.
1771 2728 1808 2759 D.
1835 2730 1868 2759 tle

1001 2767 1097 2796 donat.
1113 2766 1168 2796 im.
1184 2767 1242 2797 vir.
1268 2766 1304 2800 &³
1318 2776 1402 2798 uxor.
1427 2777 1521 2799 vocat
1538 2768 1724 2800 Orationem
1744 2766 1783 2799 D.
1814 2768 1867 2800 Sea*

1002 2807 1067 2836 veti
1086 2815 1154 2845 quae
1182 2806 1227 2837 est
1243 2807 1351 2839 Severi
1369 2809 1398 2840 δι
1418 2809 1587 2842 Antonini:
1613 2818 1646 2840 ut
1664 2807 1718 2839 sub
1737 2809 1791 2841 illo
1807 2809 1869 2841 Ti-

1005 2848 1072 2877 tulo
1086 2846 1259 2879 ostendam.
1277 2849 1338 2880 Sed
1349 2859 1432 2881 nunc
1442 2850 1480 2881 de
1491 2852 1638 2890 praeiente
1647 2858 1753 2891 agam:
1771 2859 1867 2890 quam

1002 2889 1087 2928 (hoc
1102 2888 1182 2928 quasi
1203 2889 1232 2920 in
1252 2889 1377 2921 transitu
1402 2887 1564 2931 monebo)
1589 2900 1605 2920 a
1622 2890 1736 2920 Senatu
1752 2894 1869 2932 appro-J

1002 2929 1107 2961 batam
1123 2929 1217 2961 etiam
1238 2930 1545 2964 Senatusconsultum
1570 2931 1717 2970 appellari
1742 2932 1870 2964 constat:

1003 2971 1024 3001 i.
1042 2979 1091 3009 59.
1109 2970 1128 3001 l.
1144 2973 1193 3010 64.
1219 2971 1247 3013 ᾗ.
1270 2980 1294 3003 1.
1319 2975 1345 3004 d.
1363 2978 1385 3004 t.
1405 2973 1482 3004 Ideo
1497 2980 1601 3003 autem
1620 2972 1734 3002 dicitur
1750 2971 1868 3005 Oratio

1005 3010 1181 3051 hujusmodi
1200 3013 1324 3053 nuptias
1340 3013 1489 3051 vetuisse,
1513 3012 1582 3051 quia
1604 3019 1670 3043 erat
1687 3021 1811 3053 metus;
1827 3024 1870 3047 ne

1006 3053 1131 3092 pupillae
1153 3052 1283 3090 fraude,
1306 3056 1357 3091 vi,
1381 3062 1432 3085 aut
1450 3053 1622 3083 reverentia
1641 3053 1697 3084 viri
1714 3063 1766 3085 aut
1784 3055 1871 3088 soce-

1007 3095 1029 3124 ri
1047 3097 1075 3124 in
1100 3103 1131 3125 re
1163 3093 1307 3126 familiai-i
1334 3093 1664 3125 circumscriberentur
1688 3095 1727 3126 ab
1752 3096 1798 3129 bis
1814 3097 1869 3138 qui

1007 3136 1142 3166 rationes
1167 3136 1211 3167 eis
1234 3136 1328 3177 gestae
1347 3134 1451 3165 tutelae
1478 3135 1612 3166 reddere
1631 3137 1870 3177 compelluntur

1001 3175 1021 3209 l.
1039 3180 1089 3217 64.
1105 3176 1134 3218 §.
1154 3177 1243 3247 μέ).
1260 3178 1288 3207 d.
1305 3182 1325 3206 t.
1344 3181 1438 3216 atque
1454 3175 1535 3208 hanc
1552 3175 1672 3209 causam
1690 3177 1752 3219 ipsa
1769 3180 1873 3226 contij

1223 3227 1260 3248 cc
1281 3226 1298 3248 2
1803 3228 1869 3251 net(
