2036 3495
497 96 560 133 An
588 95 679 131 [ΑΒ.
709 93 755 129 V.
793 94 826 128 T
838 106 894 131 tr.
926 95 967 130 Ii.
1004 93 1232 143 Deinofficiqso
1253 93 1444 142 testamento.

76 189 190 232 pupilli
207 188 338 222 nomine
347 186 428 229 petit
443 187 473 219 ei
489 186 630 218 relietum
648 184 668 215 l.
685 194 735 225 30.
754 183 782 225 ὃ.
805 193 829 215 Ῑ,
848 184 889 231 D.
911 183 948 220 ἐξ

77 233 107 276 §.
120 242 148 272 4.
168 230 278 273 luffa.
297 237 318 263 t.
341 230 415 262 Hoc
432 227 582 268 exemplo
600 235 730 257 utuntur
748 227 873 265 tii-aiei,
890 225 946 257 Ba.-

73 274 150 314 Jilic.
167 272 216 305 lib.
233 283 283 314 539·
309 273 354 304 tit.
385 280 409 303 1.
435 277 500 303 tom.
516 280 546 310 5·
561 275 591 308 p.
608 272 676 307 246·
703 267 732 298 δι
749 268 852 298 reste:
876 277 946 298 nam

77 324 150 348 cum
169 316 275 347 tutelae
286 312 512 346 administratio
528 309 865 354 fitrnunuspublicum
876 333 884 346 ,
901 309 945 340 fa-

77 358 141 390 cile
157 356 285 388 excusat
299 363 435 387 tutorem
462 355 599 394 legatum
624 350 744 397 pupillo
761 359 945 391 petentem:

76 399 150 439 quia
167 405 270 429 totum
286 397 336 428 alii
354 395 564 430 administrat.
590 394 618 423 ἃ
636 393 766 431 quidem
784 393 944 424 necessita-

75 448 109 471 te
120 441 255 471 muneris
270 438 405 478 publicu
421 436 485 477 ipse
500 434 741 466 conveniendus
758 434 883 465 atlione
900 443 944 465 tu-

75 481 166 518 telae,
191 481 244 512 nisi
255 479 362 521 egiss'et
379 479 489 519 pupilli
508 477 647 509 nomine.
673 483 703 505 at
722 475 790 505 haec
810 475 944 506 Marcel-

73 522 96 554 li
112 523 282 562 exceptio,
298 519 368 559 Nifi
386 522 414 551 id
430 526 521 550 totum
538 517 590 548 alii
605 514 843 557 amministravit,
865 525 944 548 intra

71 563 138 595 hoc
155 563 333 603 exemplum
353 571 415 593 non
431 559 570 591 subsistit.
593 558 665 589 Plus
683 567 847 590 continet:
871 567 942 589 iiam

71 605 104 636 ὅ(
119 603 350 645 procurator&
372 604 562 639 advocatus,
586 610 601 630 a
628 608 716 639 patre
739 599 942 637 exheredati,

71 646 143 678 fiex
158 644 421 687 ejustestameiito
433 651 541 684 petant
553 644 692 683 legatum
710 641 760 673 alii
779 642 941 672 relictum:

66 687 104 719 id
121 695 222 718 toturn
233 686 284 717 alii
301 686 527 717 administrant.
554 683 639 716 Paul·
686 691 789 714 tamen
810 682 829 713 l.
843 682 894 712 ult.
915 682 941 712 h.

70 735 93 760 τ.
116 734 353 768 procuratorem
370 736 422 758 aut
438 728 630 757 advocatum
643 747 652 762 ,
672 734 744 756 cuni
763 730 896 769 uterque
914 733 941 755 a·

67 769 102 802 lii
114 769 223 800 volens
240 776 329 809 petat
344 769 504 810 legatum,
524 768 561 798 ab
578 767 742 808 agnitione
758 774 880 806 paterni
897 773 942 795 te-

68 810 212 842 stamenti
232 820 295 841 non
308 810 442 841 ‘excusat
460 810 524 840 hoc
540 817 717 849 praeteictu‚
736 806 815 847 quasi
837 814 942 853 totum

70 851 122 883 alii
144 851 355 883 administret:
378 851 433 883 etsi
451 851 560 887 sciam,
583 851 742 881 advocato
760 856 864 889 pai-ei,
889 856 941 886 qui

69 893 102 925 in
120 893 163 924 rei
185 893 403 924 vindicatione
427 893 477 924 alii
495 891 651 928 adfuerit,
676 891 822 931 ignorans
841 887 870 919 se
887 891 942 919 do·

68 934 189 966 minum
206 933 296 966 essel.
308 945 359 974 54.
381 936 426 965 I).
443 935 475 964 de
485 935 525 964 rei
534 934 675 964 vindicat.
700 931 760 963 Sed
777 931 867 962 nimis
883 931 943 962 cla-

66 984 136 1014 ret,
153 984 225 1007 eum
239 976 290 1015 qui
306 980 346 1006 ad
365 974 693 1007 testamentitutelam
711 973 822 1003 volens
837 982 942 1004 acces-

66 1017 103 1049 fit
116 1017 307 1057 injudicium
324 1017 463 1053 defuncti
474 1016 624 1056 iudicium
637 1013 839 1054 approbass'e:
857 1015 941 1044 ideo-

70 1068 133 1099 que
146 1058 292 1090 Marcelli
303 1060 530 1099 exceptionem
543 1059 715 1097 prudenter
726 1055 939 1096 accipiendam

70 1099 133 1131 esse
150 1102 181 1131 in
191 1100 245 1131 d.l.
260 1100 333 1142 10v§
358 1110 381 1132 i.
403 1100 480 1131 lllud
497 1108 560 1130 tion
580 1097 746 1138 improbo,
762 1098 848 1137 quod
866 1096 941 1127 Pau-

71 1142 120 1174 lus
137 1141 156 1171 l.
174 1150 222 1182 23.
243 1141 261 1183 §
294 1150 316 1172 1.
334 1142 362 1172 h.
381 1148 401 1172 t.
423 1142 482 1178 ait,
498 1140 518 1172 fi
533 1141 585 1180 qui
603 1138 787 1170 exheredati
803 1139 841 1169 ab
859 1138 940 1169 inili-

72 1183 149 1214 tutis
166 1183 334 1214 heredibus
346 1206 355 1220 ,
380 1182 512 1214 scientes
529 1192 584 1213 eos
601 1180 735 1211 heredes
751 1179 831 1218 effe,
851 1179 940 1210 liere-

71 1225 204 1256 ditatem
218 1224 268 1255 vel
284 1234 332 1256 res
347 1223 479 1264 singulas
497 1230 660 1260 emerunt,
678 1222 728 1252 vel
740 1222 852 1260 praedia
865 1230 941 1251 con-

71 1266 384 1303 duxerunt,aliudve
401 1265 475 1304 quid
488 1263 584 1295 fimilc
596 1263 762 1300 fecerunt,
780 1262 830 1293 vel
841 1261 940 1293 solve-

71 1314 146 1338 runt
158 1307 286 1343 heredi,
303 1306 390 1346 quod
407 1305 549 1336 testatori
567 1304 749 1335 debebant:
769 1304 867 1334 videri
885 1313 941 1334 eos

68 1348 219 1388 judicium
231 1347 372 1378 defuncti
384 1346 587 1387 adgnoscere,
600 1346 629 1376 ὅτ
639 1355 654 1375 a
665 1346 792 1383 querela
804 1346 942 1376 excludi.

113 1387 225 1420 Tertia
237 1388 325 1419 causa
338 1389 527 1427 repellendae
544 1386 679 1427 querelae
691 1386 784 1424 est31i
801 1396 891 1424 patei·
908 1386 941 1417 fi-

67 1429 113 1463 lio
132 1430 294 1470 reliquerit
312 1431 493 1470 portionem
511 1429 684 1469 legitimam
696 1451 705 1467 ‚
722 1428 753 1459 id
769 1428 832 1466 est,
851 1438 940 1468 quar-

70 1479 134 1503 tam
158 1471 315 1511 portionis
338 1480 379 1503 ex
406 1471 475 1511 lege
498 1471 537 1502 ab
561 1469 710 1501 intestato
732 1469 850 1500 debitae
873 1471 891 1501 l.
912 1474 940 1504 8.

69 1513 102 1553 §.
117 1516 146 1544 6.
166 1512 201 1546 ὃ)
219 1517 246 1546 8.
264 1512 290 1542 b.
311 1518 332 1543 t.
358 1512 482 1551 objecta
505 1512 610 1553 agenti
628 1512 666 1542 de
689 1510 868 1542 inofficioso
887 1521 939 1543 ex-

72 1561 242 1593 ceptione,
260 1552 391 1593 Nifijarn
409 1554 521 1585 habeat
532 1560 673 1592 quartam
692 1553 808 1583 debitae
820 1554 940 1593 portio-

70 1596 131 1625 nis.
155 1593 226 1625 Nec
242 1596 387 1625 intererat
400 1595 475 1626 olim
488 1618 497 1633 ,
513 1594 678 1634 quomodo
694 1595 853 1631 acceperit
872 1603 941 1626 eam

73 1643 215 1675 quartam
232 1634 328 1667 filius:
345 1636 524 1676 utrumjure
536 1636 749 1674 hereditario,
765 1645 801 1666 an
816 1636 882 1676 jure
899 1637 942 1668 le-

67 1677 134 1717 gati
145 1700 154 1714 ,
170 1675 457 1708 velfideicommiffi
468 1702 475 1713 ,
495 1677 543 1708 vel
555 1677 734 1708 donationis
750 1678 860 1708 inortis
872 1687 944 1708 cau-

76 1718 125 1755 sa,
144 1718 193 1748 vel
210 1718 303 1748 etiam
321 1717 403 1749 inter
422 1720 510 1750 vivos
529 1717 555 1760 ς.
574 1718 626 1749 ult.
645 1716 715 1757 Inst.
732 1718 758 1749 h.
778 1724 796 1749 t.
822 1719 879 1749 hac
895 1726 939 1750 ta-

73 1768 149 1791 men
160 1759 451 1799 contemplatione,
461 1760 534 1790 utin
549 1769 688 1798 quai-tam
701 1759 851 1791 habeatur
860 1761 878 1791 l.
892 1770 940 1800 25.

75 1802 103 1831 d.
122 1806 144 1830 t.
168 1799 242 1831 Hoc
258 1801 333 1831 olim
352 1799 430 1838 fuit,
455 1800 506 1831 sed
525 1801 657 1831 mutavit
673 1800 859 1839 justinianus
877 1802 940 1832 No-

74 1841 140 1872 vell.
164 1850 228 1882 115.
245 1851 308 1881 (23.
333 1848 442 1872 vetans
454 1865 463 1880 ,
482 1841 561 1872 hanc
573 1843 753 1882 portionem
770 1843 835 1874 filio
851 1844 942 1874 aliter

72 1882 227 1922 relinqui,
244 1892 336 1920 quani
355 1883 449 1914 titulo
467 1883 686 1914 institutionis:
706 1893 769 1915 non
789 1885 875 1925 quod
889 1885 942 1916 hic

73 1923 183 1954 titulus
200 1922 235 1954 fit
253 1923 366 1955 honor.
391 1925 602 1964 (quamquain
619 1925 663 1956 est
681 1924 800 1958 honor:
823 1935 893 1957 naiii
911 1927 940 1957 ὅ(

70 1964 211 2005 legatum
237 1965 265 1995 dt
292 1965 565 1997 fideicommissum
583 1990 592 2004 ‚
619 1966 648 1997 ἀ
672 1967 805 1998 donatio
830 1967 941 2000 mortis

69 2005 168 2037 causa
179 2005 294 2037 honori
311 2007 441 2046 dantur)
454 2006 502 2038 sed
514 2017 553 2038 ne
571 2008 714 2039 videatur
725 2008 805 2041 filius
820 2018 871 2040 aut
890 2018 941 2040 ex-

70 2047 280 2078 heredatiotie
291 2056 344 2079 aut
354 2049 569 2087 praeteritione
580 2057 699 2080 temere
709 2050 864 2081 notariob
873 2051 940 2082 vio-

69 2088 165 2119 latam
183 2088 307 2128 pietatis
323 2090 530 2130 religionem:
555 2099 625 2121 nam
642 2091 694 2121 tali
712 2100 788 2122 nota
806 2092 938 2123 exhere-

73 2130 160 2160 datio
177 2129 322 2161 censetur
337 2129 347 2160 l
375 2135 419 2164 18.
432 2131 465 2163 C.
483 2132 510 2162 b.
530 2138 550 2163 ι.
570 2132 588 2162 l.
601 2142 648 2164 ρο.
667 2132 709 2164 D.
727 2135 759 2163 cle
775 2135 941 2174 honor.pos-

69 2169 130 2211 [eff.
148 2176 238 2201 ωηεν.
256 2172 312 2201 tah-
332 2180 465 2212 eamque
481 2182 545 2203 non
562 2175 715 2213 expungit
732 2174 838 2205 honor
855 2175 938 2215 lega·

63 2213 98 2243 -ti
113 2220 166 2242 aut
181 2211 429 2251 fideicommissi,
441 2221 493 2244 aut
509 2214 624 2246 similis.
642 2215 754 2246 Voluit
772 2217 865 2257 igitur
881 2216 938 2248 Irn-

68 2261 216 2293 perator‚
228 2251 328 2285 filium
337 2254 522 2287 exheredari
533 2265 618 2286 certa
630 2255 659 2287 ἃ
670 2257 803 2297 probata
818 2268 858 2289 ex
870 2266 939 2289 cau-

67 2293 117 2326 sa:
140 2294 281 2335 alioquin
298 2295 326 2326 in
346 2295 517 2336 legitimam
533 2297 662 2328 institui.

108 2334 267 2367 Caeterum
284 2339 413 2376 quando
434 2338 558 2368 inducta
576 2338 611 2370 (it
630 2339 698 2369 haec
715 2347 846 2379 quarta,
873 2350 938 2372 noti

68 2375 192 2417 poffum
208 2378 247 2408 ad
265 2378 420 2418 liquidum
431 2379 597 2411 adducere.
618 2381 785 2420 probabile
796 2381 860 2421 est,
877 2382 940 2414 ess‘e

67 2417 281 2457 posteriorem
300 2427 409 2457 quarta
429 2419 582 2458 Falcidia,
600 2423 797 2461 temporibus
809 2424 939 2464 Augusti

67 2459 197 2490 inventa
216 2469 232 2490 a
257 2459 290 2491 P.
312 2460 643 2500 FalcidiosTribuno
666 2463 787 2504 plebis,
811 2467 940 2496 auctore

68 2498 178 2547 Dione
197 2500 243 2547 lili.
263 2505 313 2539 48.
323 2508 393 2544 pag.
412 2512 482 2543 430.
530 2503 646 2542 Neque
663 2506 836 2544 erraverit,
858 2507 940 2546 quis-

69 2548 140 2580 quis
155 2544 320 2582 conjiciat,
343 2552 485 2584 quartam
514 2545 685 2586 legitimam
705 2548 771 2586 ejus
788 2548 938 2587 exemplo

69 2579 132 2612 esse
148 2583 289 2614 moribus
314 2585 469 2616 inductam
486 2596 502 2617 a
518 2586 771 2625 jurisconsultis:
797 2590 850 2627 qui
874 2590 938 2620 ani-

70 2623 328 2668 madvertentes,
350 2625 420 2666 lege
443 2626 578 2659 Falcidia
603 2629 739 2660 liberum
768 2629 831 2660 effe
849 2630 938 2661 testa-

70 2671 153 2701 tori,
176 2664 279 2710 legare
300 2666 488 2700 dodrantem
515 2669 718 2707 hereditatis,
743 2670 762 2702 ii
788 2671 880 2702 lieres
898 2680 938 2702 ex

14 2739 17 2742 Ι
68 2703 131 2751 asse
151 2703 281 2751 scriptus
308 2705 425 2739 salvam·
437 2708 549 2740 habeat
569 2712 632 2751 ejus
648 2721 811 2749 quartam:
835 2712 889 2744 fibi
908 2723 937 2743 a-

67 2745 184 2792 hisque
193 2746 386 2792 perluasere,
402 2749 494 2782 etiam
512 2751 579 2782 filio
597 2751 739 2784 sufficere
755 2763 770 2784 a
783 2762 871 2793 pati-e
889 2763 939 2784 ae·

68 2794 200 2826 cipienti
220 2796 372 2827 quantum
389 2788 538 2828 liaberet,
556 2792 595 2823 ab
612 2803 652 2823 eo
670 2795 761 2826 heres
780 2794 939 2827 institutus

70 2827 221 2874 &legatis
237 2829 415 2861 exhaustus.
441 2829 515 2862 Hoc
532 2832 600 2864 fere
613 2834 727 2866 Plinius
744 2837 832 2875 lih.5.
847 2833 938 2876 Epist.

70 2878 96 2901 1.
113 2868 155 2900 fic
166 2868 321 2902 scribens:
343 2871 377 2901 Si
390 2877 496 2903 mater-
514 2875 650 2914 inquam,
665 2881 691 2905 te
705 2886 741 2907 ex
753 2884 836 2916 parte
851 2887 938 2918 quar-

69 2916 101 2941 ἴα
109 2909 256 2950 scripfiffet
273 2912 415 2948 heredem,
432 2923 502 2944 num
520 2917 601 2954 queri
613 2917 724 2956 poffes?
739 2920 809 2958 quid
821 2918 848 2956 fi
865 2922 940 2949 here·

68 2953 130 2997 ιίεηι
148 2954 260 2993 quidem
278 2951 442 2994 institwffet
454 2964 489 2985 ex
505 2955 578 2994 offe,
592 2960 639 2993 sed
655 2958 755 2999 legatis
774 2961 816 2990 ica
828 2961 937 2990 exaau-

56 2990 157 3033 fiſjet.
176 2999 209 3023 m
225 3003 282 3024 non
298 2995 422 3034 amplius
438 2997 515 3035 apud
527 3003 571 3035 te,
589 3007 674 3038 qnam
691 3007 798 3039 quarta
814 3010 940 3031 remane-

67 3033 136 3064 ret?
161 3033 282 3074 Utique
307 3045 369 3066 iion
395 3036 451 3067 alia
478 3038 606 3068 videtur
634 3041 740 3072 caula:
765 3044 852 3080 quod
872 3043 940 3072 haec

65 3076 177 3114 portio
194 3076 225 3107 in
244 3076 262 3107 l.
281 3085 331 3116 31.
354 3077 386 3108 C.
405 3077 432 3108 h.
453 3084 474 3109 t.
490 3079 508 3109 l.
526 3089 555 3118 5.
572 3079 600 3120 ἓ.
619 3090 648 3120 3.
668 3081 700 3112 C.
721 3083 768 3113 Asi
785 3083 856 3122 Leg.
891 3083 938 3114 ³ul.

67 3115 176 3158 majest.
194 3125 303 3157 quarta
323 3117 460 3149 Falcidia
473 3121 647 3158 appellatur
659 3145 667 3160 ‚
684 3131 776 3162 quarn
790 3133 853 3161 quo
894 3123 939 3156 est

67 3157 107 3188 ad
124 3159 305 3198 exemplum
332 3167 451 3197 quartae
472 3160 620 3192 Falcidiae
638 3163 835 3197 introducta:
859 3164 938 3197 ficut

50 3197 98 3229 ·&
121 3207 229 3239 quarta
252 3199 437 3242 Pegafiana,
461 3204 534 3243 quia
555 3202 692 3236 formata
710 3204 755 3236 est
771 3206 808 3238 ad
826 3216 934 3239 exem-

972 3134 1082 3158 ›neutri
1100 3127 1208 3159 relicta
1226 3137 1336 3167 quarta
1356 3126 1505 3167 legitima.

1801 105 1866 141 133

991 185 1078 225 plum
1091 193 1210 226 quartae
1223 184 1390 224 Falcidiae,
1402 182 1692 216 Falcidia‘vocatur
1702 182 1722 214 l.
1735 187 1764 218 8.
1775 183 1804 225 §.
1819 193 1867 216 1t.

991 227 1018 259 h.
1036 234 1057 258 t.
1079 228 1107 258 (St
1126 228 1197 258 alibi
1216 227 1306 267 saepe.

1033 267 1080 299 Ut
1104 277 1138 299 ut
1164 270 1240 301 erit:
1265 267 1361 300 ccss‘at
1378 267 1545 299 inofficiosi
1562 266 1713 308 querela,
1736 266 1757 299 ss
1775 275 1866 308 pater

990 309 1057 340 filio
1074 310 1271 341 exheredato
1290 311 1420 350 reliquit
1438 319 1578 351 quartam
1597 309 1774 350 poi-tionis,
1792 317 1866 349 quae

990 352 1055 390 eius
1074 351 1201 390 fuiss'et3
1224 351 1244 382 fi
1268 351 1431 382 intestatus
1449 350 1624 383 deceffiffet
1643 359 1733 391 patei·
1749 351 1776 381 d.
1793 350 1813 381 I.
1834 355 1864 386 8.

988 392 1017 433 §.
1035 395 1063 422 6.
1083 393 1112 423 id
1130 402 1207 423 vero
1223 392 1264 423 sic
1285 394 1547 433 intelligendum3
1573 401 1606 424 ut
1632 392 1696 425 sive
1714 401 1792 423 unus
1808 391 1866 430 fit,

987 435 1050 464 live
1068 434 1172 473 plures
1191 433 1305 471 quibus
1324 435 1519 474 permittitur
1538 444 1631 475 agere
1648 436 1688 466 de
1707 432 1867 466 inofficio-

986 475 1037 513 so,
1063 484 1123 505 una
1145 475 1275 506 sufficiat
1292 484 1400 515 quarta
1425 485 1483 516 pro
1508 485 1574 507 rata
1591 476 1673 507 inter
1689 485 1745 506 eos
1764 473 1866 506 distri-

985 516 1158 557 buenda.§.
1172 517 1225 547 ult.
1240 516 1310 556 lust.
1323 518 1340 547 h
1362 523 1383 547 t.
1395 526 1490 557 quare
1500 525 1535 547 ut
1552 517 1746 558 intelligatur
1756 517 1866 549 unius-

986 558 1138 598 cujusque
1156 559 1184 589 in
1202 568 1238 588 ea
1262 562 1388 597 porti0‚
1408 560 1563 590 numerari
1582 559 1702 590 debent
1720 558 1864 599 persona:

986 600 1099 638 quibus
1123 599 1283 631 hereditas
1299 610 1339 631 ex
1357 600 1427 640 lege
1437 600 1476 630 ab
1494 599 1643 631 intestato
1662 600 1807 631 debetur.
1825 609 1864 631 ac

986 641 1006 673 si
1026 640 1150 671 unusiit
1167 640 1268 679 silius,
1286 641 1315 672 δὲ
1330 643 1369 672 de
1386 650 1495 681 quarta
1505 649 1682 680 quaeratur3
1698 642 1759 673 erit
1777 650 1868 680 quar-

987 691 1017 713 ta
1039 683 1122 714 aslis:
1147 681 1167 713 fi
1188 684 1272 722 duo3
1297 691 1407 721 quarta
1433 682 1576 716 semiffis:
1600 681 1622 714 fi
1646 691 1728 722 tres3
1752 691 1864 723 quarta

987 724 1120 756 trientis.
1145 725 1281 763 proinde
1298 725 1372 764 (qui
1389 724 1433 755 est
1450 725 1536 755 caius
1557 724 1619 756 (1.1.
1637 730 1665 758 8.
1684 723 1712 765 §.
1724 725 1780 764 ⁷8·)
1795 724 1815 755 fi
1832 733 1863 755 a·

987 775 1043 796 vtis
1061 775 1099 796 ex
1118 766 1243 796 duobus
1260 765 1331 797 filiis
1349 773 1423 797 ante
1441 764 1618 804 defunctis,
1637 765 1753 796 habeat
1766 774 1865 806 nepo-

988 815 1055 844 tes,
1080 816 1121 837 ex
1139 816 1203 837 uno
1223 808 1370 844 unicum,
1395 817 1434 838 ex
1459 807 1561 838 altero
1579 816 1660 846 [τρες
1685 816 1864 846 omnesque

987 848 1215 886 exheredavit,
1234 848 1345 880 relifto
1364 848 1491 888 lingulis
1509 849 1635 889 legat03
1652 849 1680 880 ἃ
1699 848 1747 880 liis
1763 848 1802 880 de
1819 850 1865 879 iu-

988 888 1133 920 officioso
1149 890 1200 919 avi
1218 889 1410 921 testamento
1427 891 1654 930 querentibus,
1676 892 1721 921 eis
1740 897 1863 921 tantum

987 930 1049 962 efl'e
1070 931 1208 971 legatum
1228 931 1369 969 dicatur,
1395 940 1547 969 quantum
1569 931 1682 963 sufficit
1700 933 1738 964 ad
1757 931 1863 972 legiti-

987 981 1069 1003 main
1090 973 1273 1011 portionem
1287 983 1296 1010 3
1312 973 1340 1003 ἃ
1361 981 1537 1012 quaeratui·,
1554 982 1708 1013 quantum
1725 982 1765 1004 ex
1783 974 1865 1013 lega-

987 1015 1026 1044 tis
1045 1013 1160 1044 habere
1182 1013 1320 1044 debeant
1336 1013 1465 1054 singuli,
1490 1023 1523 1045 ut
1543 1016 1587 1046 eis
1607 1015 1687 1046 (alva
1704 1014 1741 1046 fit
1756 1015 1865 1053 portio

986 1055 1144 1095 legitima:
1164 1056 1207 1086 ait
1222 1053 1374 1094 Ulpianus
1386 1079 1394 1092 ,
1407 1059 1535 1087 unicum
1548 1065 1588 1087 ex
1607 1057 1713 1097 priore
1729 1054 1797 1087 filio
1808 1055 1863 1087 ha-

985 1096 1124 1128 biturum
1152 1096 1360 1128 sescuiiciain:
1386 1096 1524 1138 ungulos
1549 1108 1588 1129 ex
1609 1099 1711 1129 altero
1727 1097 1796 1130 filio
1812 1097 1866 1128 ha-

987 1137 1329 1169 biturosl'eiriunciam:
1347 1138 1418 1178 quia
1431 1139 1494 1169 liuc
1512 1140 1595 1170 redit
1613 1148 1724 1179 quarta
1743 1139 1865 1179 portio-

986 1180 1032 1212 nis
1052 1179 1095 1210 eis
1113 1180 1151 1210 ab
1168 1179 1318 1210 intestato
1336 1179 1470 1210 debitae:
1487 1179 1593 1211 futui-a
1609 1190 1719 1212 eorum
1741 1181 1864 1212 succes-

985 1220 1072 1252 ssone
1097 1230 1160 1252 non
1185 1220 1215 1252 in
1233 1222 1354 1261 capita,
1379 1220 1479 1252 sedin
1499 1220 1621 1261 stirpes.
1668 1222 1775 1263 Atque
1800 1222 1864 1253 hoc

985 1261 1126 1302 Ulpiano
1145 1271 1211 1294 tum
1229 1263 1354 1303 placet:
1371 1262 1437 1294 fiea
1450 1263 1559 1302 portio
1576 1264 1614 1294 ad
1633 1264 1865 1296 exheredatum

985 1303 1170 1342 simpliciter
1189 1313 1322 1336 ventura
1339 1304 1373 1336 iit
1391 1305 1430 1334 ab
1452 1303 1611 1336 intestato.
1641 1306 1681 1336 At
1699 1313 1803 1345 pone:
1826 1304 1863 1336 fi-

987 1345 1019 1376 lii
1034 1346 1109 1384 ⁴duo
1135 1347 1203 1377 sunt
1231 1346 1439 1383 exheredati,
1464 1355 1543 1377 unus
1560 1345 1666 1377 relicta
1684 1347 1711 1377 ei
1732 1355 1864 1387 quarta:

981 1386 1065 1418 alter
1082 1386 1273 1427 simpliciter.
1297 1387 1349 1421 hic
1370 1396 1433 1418 non
1460 1387 1613 1426 queritur.
1639 1387 1684 1419 est
1704 1388 1863 1420 dubitatio

987 1436 1119 1468 propter
1133 1430 1181 1469 jus
1198 1429 1409 1460 accrescendi.
1433 1430 1509 1468 quid
1527 1430 1660 1461 dicimus
1672 1429 1688 1461 ⁴?
1708 1428 1864 1470 Ulpianus

985 1470 1026 1501 fic
1045 1470 1178 1501 extricat
1193 1472 1221 1502 d.
1234 1471 1251 1501 ί.
1265 1470 1330 1511 8.§.
1343 1475 1372 1504 8.
1398 1469 1546 1513 Quoniam
1562 1477 1670 1512 quarta
1686 1472 1784 1504 debiiae
1796 1478 1865 1511 por-

985 1512 1072 1543 tionis
1082 1510 1196 1552 sufficit
1220 1513 1257 1544 ad
1281 1512 1488 1543 excludendam
1512 1513 1674 1552 querelam,
1698 1514 1860 1544 videndum

983 1554 1038 1583 erit
1049 1577 1058 1591 ‚
1081 1564 1120 1584 cin
1143 1554 1329 1585 exheredatus
1345 1559 1456 1592 partem
1465 1553 1545 1592 facit
1561 1556 1613 1594 qui
1630 1564 1687 1585 non
1704 1555 1860 1594 queritur:

984 1600 1017 1625 uc
1031 1601 1124 1636 puta,
1138 1599 1236 1632 sumus
1247 1594 1370 1634 duofili‘i
1385 1595 1575 1625 exheredati?
1591 1594 1738 1636 &utique
1753 1596 1864 1633 faciet,

984 1641 1019 1666 ut
1042 1636 1226 1676 Papinianus
1248 1638 1402 1677 respondet.
1429 1635 1465 1670 &³
1484 1634 1514 1673 fi
1537 1637 1630 1667 dicam
1654 1635 1864 1677 inofficiosum,

983 1687 1041 1708 uon
1066 1684 1155 1708 lotam
1178 1679 1362 1709 hereditatem
1387 1678 1488 1716 debeo,
1509 1677 1557 1712 sed
1583 1679 1734 1709 dimidiam
1754 1684 1861 1718 petere.

984 1718 1097 1750 Sensus
1116 1718 1262 1759 Ulpiani:
1286 1720 1316 1750 Si
1333 1720 1412 1750 alter
1431 1718 1513 1750 filius
1533 1719 1572 1750 de
1589 1719 1768 1752 inofficioso
1786 1728 1865 1760 que-

983 1761 1080 1798 ritur,
1097 1762 1176 1792 alter
1192 1771 1255 1792 non
1269 1761 1431 1800 queritur,
1448 1761 1612 1800 (exclusus
1633 1761 1863 1801 tempore‚vel

983 1803 1152 1842 repudians
1169 1803 1352 1842 querelam)
1376 1803 1404 1833 &
1422 1801 1610 1842 ambigitur,
1633 1811 1749 1843 quanta
1766 1802 1866 1833 debe-

983 1852 1015 1873 at
1036 1843 1097 1874 else
1114 1843 1277 1883 querentis
1295 1852 1424 1883 quai-ta3
1443 1851 1545 1874 utrum
1566 1843 1651 1882 affis,
1669 1853 1704 1874 an
1718 1843 1862 1876 semiffis:

984 1885 1083 1924 inagis
1102 1886 1224 1924 placet,
1247 1885 1309 1916 effe
1325 1893 1468 1925 quartani
1488 1883 1622 1917 semiffis.
1667 1885 1742 1927 Qua
1765 1886 1864 1916 ratio-

985 1927 1051 1957 ne?
1077 1926 1145 1958 haec
1163 1926 1228 1965 est3
1253 1928 1339 1967 quod
1356 1925 1386 1957 in
1404 1925 1755 1967 computationevhujus
1773 1935 1867 1965 quar·

984 1975 1024 1999 tae
1049 1977 1113 1999 non
1138 1969 1272 1999 liabetur
1297 1971 1377 1999 ratio
1402 1967 1526 2001 semissis
1551 1967 1614 2006 ejus
1630 1969 1681 2008 qui
1700 1968 1863 2008 querelam

986 2010 1185 2049 repudiavit,
1211 2009 1297 2041 forte
1322 2010 1395 2049 quia
1414 2010 1497 2039 inter
1516 2008 1629 2041 fratres
1644 2011 1675 2040 in
1696 2007 1862 2049 proposito

981 2051 1030 2092 jus
1046 2051 1243 2082 accrescendi
1264 2050 1379 2083 cess'at:
1404 2060 1444 2081 eo
1461 2051 1550 2090 quod
1574 2051 1653 2081 alter
1673 2049 1800 2082 videtui·
1817 2050 1864 2082 su-

985 2101 1034 2123 am
1052 2101 1173 2132 partem
1194 2093 1353 2124 obtinere.
1391 2090 1477 2123 Huic
1498 2092 1540 2123 rei
1563 2092 1681 2123 indicio
1697 2091 1779 2131 effe,
1804 2090 1863 2123 Ui·

984 2135 1094 2174 pianus
1111 2133 1171 2165 ait:
1187 2135 1273 2173 quod
1292 2135 1390 2171 alter,
1407 2133 1426 2164 ii
1445 2135 1530 2165 dicat
1546 2132 1756 2165 inofficiosum
1768 2157 1777 2172 ,
1794 2142 1862 2165 non

984 2177 1083 2207 debet
1108 2184 1207 2206 totam
1233 2176 1445 2207 hereditatem
1464 2181 1591 2215 petere,
1619 2174 1669 2206 sed
1686 2175 1860 2207 dimidiam,

983 2216 1028 2248 Ita
1048 2216 1103 2255 fit,
1126 2225 1159 2247 ut
1177 2225 1286 2256 quarta
1303 2226 1366 2248 non
1388 2216 1423 2247 fit
1444 2225 1554 2257 quarta
1573 2216 1659 2255 assis,
1682 2216 1788 2247 fratris
1806 2215 1861 2256 qui

984 2259 1143 2298 queritur,
1167 2258 1286 2297 futuri,
1305 2257 1324 2290 si
1342 2257 1476 2290 fraterei
1495 2267 1557 2288 non
1577 2257 1699 2288 faceret
1718 2266 1859 2298 partem,

983 2299 1152 2330 obtinente
1170 2301 1239 2339 jure
1265 2298 1493 2331 accrescendi:
1525 2299 1576 2330 sed
1601 2308 1711 2338 quarta
1736 2299 1862 2331 seminis

984 2344 1037 2380 qui
1055 2340 1135 2373 solus
1153 2342 1216 2381 ejiis
1233 2340 1320 2372 foret
1332 2365 1341 2380 ,
1358 2340 1379 2372 ii
1399 2351 1458 2372 una
1470 2349 1539 2371 cuin
1559 2341 1657 2371 fratre
1671 2340 1798 2382 exlege
1814 2351 1863 2373 es·

983 2382 1029 2413 set
1047 2382 1085 2413 ab
1102 2381 1250 2413 intestato
1270 2383 1372 2414 heres.
1405 2382 1458 2414 Sic
1475 2381 1609 2412 censeo:
1632 2391 1729 2422 atque
1746 2393 1787 2413 eo
1807 2392 1862 2414 ve·

983 2425 1064 2462 rius,
1089 2424 1160 2463 quia
1176 2425 1265 2455 alteri
1286 2433 1406 2465 partem
1433 2424 1540 2454 facere
1556 2422 1672 2454 dicitur
1690 2423 1788 2455 frater
1805 2425 1858 2465 qui

983 2465 1118 2506 perinde
1135 2466 1307 2505 accipitur,
1324 2465 1390 2496 acii
1405 2473 1525 2503 partem
1545 2464 1627 2496 suam
1644 2466 1685 2496 ita
1704 2465 1859 2505 haberet,

983 2516 1018 2537 ut
1035 2516 1074 2537 ex
1091 2515 1128 2537 ea
1144 2507 1220 2537 nihil
1236 2507 1305 2546 jure
1323 2508 1361 2537 ad
1385 2507 1479 2538 alium
1499 2505 1666 2545 pervenire
1682 2507 1772 2545 poffit
1789 2507 1809 2538 l.
1828 2518 1858 2548 7.

983 2547 1026 2579 D.
1045 2549 1078 2578 de
1094 2549 1148 2579 reb.
1165 2549 1259 2579 dztbd.
1275 2558 1298 2579 1.
1318 2548 1336 2589 §
1364 2548 1415 2578 ult.
1436 2547 1473 2578 D.
1488 2550 1521 2578 (ie
1531 2548 1622 2579 collat.
1643 2549 1738 2580 bonor.
1756 2548 1858 2592 Quod

981 2588 1002 2620 fi
1019 2588 1081 2627 est,
1107 2598 1193 2620 certa
1210 2598 1259 2621 res
1277 2589 1338 2620 est:
1362 2599 1432 2620 nam
1449 2589 1470 2620 si
1487 2589 1701 2621 exheredatus
1720 2591 1774 2631 qui
1792 2601 1857 2622 non

982 2630 1144 2670 queritur,
1162 2630 1251 2662 fratri
1270 2640 1371 2671 usque
1392 2631 1473 2662 adeo
1491 2630 1568 2662 facit
1587 2640 1732 2671 partem:
1752 2641 1787 2663 ut
1805 2632 1857 2663 hic

982 2680 1153 2712 propterea
1172 2682 1235 2703 non
1252 2672 1422 2712 habeatjus
1432 2673 1469 2704 ad
1479 2672 1543 2712 ejus
1556 2674 1760 2713 portionem:
1777 2683 1857 2713 quo-

981 2715 1081 2744 modo
1098 2713 1203 2752 potest
1221 2716 1248 2744 ci
1261 2723 1329 2754 pars
1350 2715 1524 2754 repudiatae
1542 2713 1718 2755 portionis,
1737 2716 1764 2745 ἀ
1781 2723 1858 2746 conr

983 2753 1154 2794 sequenter
1180 2755 1238 2785 alia
1263 2755 1371 2786 deberi
1388 2765 1517 2795 quarta,
1540 2765 1633 2798 quam
1654 2755 1779 2787 semiffis
1800 2754 1855 2793 qui

982 2805 1022 2826 ex
1041 2797 1109 2834 lege
1127 2795 1191 2835 ejus
1209 2795 1329 2835 fuiss'et3
1350 2796 1370 2828 fi
1390 2805 1479 2837 pater
1497 2799 1528 2829 in
1547 2796 1710 2838 proposito
1729 2795 1856 2827 intesta-

983 2845 1033 2868 tus
1051 2836 1127 2868 eiset
1142 2846 1285 2869 mortuus
1297 2838 1314 2870 ἵ)
1337 2837 1444 2870 Habes
1462 2848 1565 2871 meam
1586 2836 1787 2869 sententiam:
1804 2837 1857 2869 sed

982 2879 1166 2909 verecunde
1182 2880 1409 2920 accipiendam.
1435 2889 1506 2912 nam
1529 2882 1583 2920 <ut
1609 2879 1695 2917 {upra
1711 2880 1771 2916 jam
1789 2887 1858 2908 mo·

983 2920 1057 2958 nui)
1073 2920 1097 2951 is
1112 2918 1243 2960 quinon
1262 2922 1421 2961 queritur,
1441 2921 1531 2953 fratri
1551 2929 1614 2951 non
1637 2919 1757 2956 semper
1774 2917 1854 2950 facit

983 2968 1120 3001 partem:
1137 2960 1188 2993 sed
1199 2970 1265 2994 tum
1277 2965 1423 3001 demum,
1439 2972 1512 2994 cum
1523 2959 1705 3000 estquaestio
1715 2961 1754 2992 de
1766 2969 1856 2992 com-

982 3004 1148 3042 putatione
1166 3012 1282 3043 quartae
1302 3005 1391 3036 alteri
1411 3006 1538 3045 legatae:
1554 3009 1587 3033 ut
1605 3002 1634 3031 in
1652 3001 1680 3030 d.
1694 3001 1713 3031 l.
1734 3005 1762 3035 8.
1779 3000 1807 3043 §⁷
1826 3006 1856 3035 8-

981 3044 1063 3075 aliud
1079 3053 1157 3075 vero
1175 3045 1220 3077 est
1229 3062 1245 3083 ,ν
1255 3055 1327 3077 eum
1345 3045 1445 3086 agitur
1462 3045 1501 3075 de
1512 3042 1640 3083 querela
1655 3049 1725 3080 quae
1745 3043 1785 3073 ab
1802 3042 1859 3074 ini-

982 3086 1028 3116 tio
1045 3085 1110 3125 pari
1124 3087 1193 3126 Jure
1203 3087 1310 3127 potest
1327 3086 1449 3118 moveri
1464 3094 1480 3114 a
1493 3084 1618 3114 duobus
1634 3081 1857 3123 exheredatis,

1075 3126 1080 3130 ‘
1550 3123 1624 3156 Nec
1649 3125 1695 3156 est
1720 3126 1857 3156 obscura

979 3166 1167 3200 differentiae
1193 3169 1293 3201 ratio:
1318 3170 1389 3208 quia
1408 3175 1473 3197 tum
1492 3175 1627 3206 uterque
1644 3165 1684 3197 ab
1701 3165 1792 3198 initio
1810 3165 1856 3197 est

977 3211 1166 3282 vocatusRad
1184 3210 1358 3252 legitimam
1373 3208 1588 3241 hereditatem
1606 3207 1643 3240 ad
1660 3215 1753 3248 quain
1772 3216 1857 3239 uter-

1153 3260 1172 3292 3
1790 3257 1852 3290 que
