2036 3495
518 87 608 124 DE

40 189 99 225 est.
117 197 167 221 ac
191 185 212 218 fi
229 191 300 225 quae
315 180 491 215 moriantur
504 177 628 217 capita3
652 183 689 205 ea
704 173 746 205 fic
762 171 825 204 ess'e
842 170 918 203 defi-

43 239 122 266 nunt
133 255 142 269 ‚
163 238 196 260 ut
214 226 402 258 fruQuarius
413 232 450 254 ea
465 229 526 254 nec
538 218 679 253 servare,
695 224 756 246 nec
775 213 918 245 restitue·

43 283 79 306 re
96 271 190 313 poffit
204 276 258 300 aut
277 268 404 299 debeat.
428 262 517 304 quod
541 257 641 292 ssestz
658 264 809 297 apparet,
828 255 918 286 dura-

42 325 78 348 re
94 313 224 354 quidem
241 306 469 345 usumfructum
481 300 678 346 luperstiturn
695 297 836 337 capitum
847 306 854 327 ε
867 297 919 327 de-

45 355 231 388 functorum
249 359 355 382 autem
374 347 472 379 finiri:
490 344 519 376 &
533 342 632 373 tolum
649 342 738 379 quod
754 347 792 369 ex
809 337 858 368 his
875 336 919 368 su·

72 396 152 429 erest
169 419 180 433 ‚
211 392 344 426 domino
369 387 486 421 restitui
514 394 531 415 a
554 381 727 415 fructuario
753 387 918 419 oportere.

41 407 142 477 five,
170 434 191 468 fi
211 435 301 465 unius
319 439 372 463 aut
395 435 556 460 certorum
575 424 715 464 capitum
733 421 769 453 fit
786 419 920 452 ususfru-

42 480 120 512 stus.
140 474 275 509 ‘Atii-fit
292 472 424 505 armenti
437 466 609 508 aut,gregis
629 475 669 497 ex
679 462 822 504 pluribus
840 470 917 497 con-

43 521 123 553 fecti
139 517 317 557 capitibus,
340 513 422 545 aliuti
440 511 610 542 dicendum
627 505 673 538 est
689 507 717 536 d.
735 504 754 535 l.
772 513 822 543 70.
841 502 870 545 ᾗ.
889 508 920 543 3'.

43 563 65 594 l.
83 567 134 596 68.
151 560 179 602 §.
197 559 251 598 alt.
270 556 312 588 D.
337 557 369 585 de
392 549 562 592 usufructu.
585 547 712 582 constet
734 548 819 577 enim
839 553 922 585 grex·

43 613 86 636 ex
105 602 264 644 pluribus,
289 597 399 635 hisque
415 590 621 626 distantibus.
633 587 810 629 capitibus:
834 594 923 621 atu-

42 643 164 684 niversa
182 650 247 677 non
265 639 365 670 soluta
382 635 539 666 habetitur
552 655 562 671 ‚
585 631 636 663 sed
654 639 719 662 uiio
738 630 767 660 ὄζ
786 628 919 660 nominc

41 687 73 718 ἂ
88 692 225 723 corpore
243 681 449 715 continentur
465 676 484 706 l.
503 684 556 716 30.
574 673 667 705 D..de
685 671 920 711 usurpationibus

42 726 80 762 ἑὸ)
103 722 342 765 usucapionibus:
366 722 427 756 ita,
450 716 472 749 si
497 725 567 756 quae
593 713 771 747 moriantur
794 711 918 751 capita,

42 770 116 800 dum
142 773 192 796 tot
219 761 392 804 super-sint,
418 767 499 797 quot
524 759 563 789 ad
587 764 719 797 gregem
743 752 925 788 sufficiunt,

42 807 252 843 nihilominus
276 812 355 844 grex
374 800 420 833 est
437 809 488 838 qui
508 806 581 830 ante
597 796 678 835 fuit,
703 795 826 834 aliquot
844 793 920 824 licet

40 852 144 885 minor
170 847 340 886 capitibus.
374 844 525 880 idemque
553 839 619 878 est3
640 838 662 869 si
686 835 845 868 defunctis
862 843 921 865 rio-

41 903 81 923 va
104 890 333 921 substituantur.
369 893 440 916 nam
459 884 488 914 <St
508 889 574 912 tum
595 881 682 911 idem
701 878 826 909 videtur
842 883 922 916 grex

44 933 98 975 qui
117 932 196 963 fuit:
221 938 257 960 ut
274 937 308 959 ut
323 928 384 967 jam
409 925 476 957 aliis
493 922 618 955 constet
633 919 810 960 capitibus,
828 924 923 957 quarn

42 982 117 1006 ante
135 973 275 1005 fuerunt.
301 971 470 1004 nimirum,
495 965 575 1005 quia*
590 962 702 994 eadem
727 966 833 997 manet
854 967 922 998 gre·

44 1018 93 1058 gis
121 1017 240 1056 species
259 1035 269 1050 ,
295 1009 440 1050 quamvis
462 1006 591 1039 mutatis
615 1004 765 1045 partibus.
797 998 922 1031 neeess'e

45 1066 151 1090 autem
168 1055 233 1093 est,
250 1054 396 1084 eamdem
414 1048 517 1089 putari
533 1055 600 1077 rem
619 1045 705 1084 cujus
723 1042 833 1076 eadem
851 1049 921 1081 per-

46 1100 170 1130 severat
202 1095 324 1136 species
341 1116 351 1129 .
389 1092 464 1122 licet
495 1087 651 1128 aliquibus
677 1085 806 1116 muz-atis
829 1081 921 1121 parti-

47 1141 107 1172 bus
126 1152 135 1167 x
148 1139 176 1169 cl
204 1136 364 1169 omnibus.
385 1132 495 1164 auctor
512 1128 645 1161 Alfenus
661 1127 681 1157 l.
698 1130 747 1167 76.
768 1123 808 1155 D.
828 1124 862 1154 de
871 1123 921 1163 ju-

47 1183 141 1214 distis.
167 1180 196 1211 i&
219 1184 408 1218 argumento
431 1172 493 1204 effe
515 1172 578 1209 ait,
598 1168 687 1209 quod
709 1167 794 1198 idem
813 1163 920 1204 appel-

48 1224 130 1256 latur
154 1222 294 1261 populus
326 1217 379 1257 qui
404 1215 444 1245 ab
468 1214 541 1244 hinc
566 1217 695 1241 ceritum
725 1204 921 1242 annisfuitf,

46 1273 80 1297 ut
109 1271 205 1294 nemo
228 1261 289 1300 jam
314 1260 398 1288 vivat
419 1265 459 1286 ex
484 1254 542 1284 illis
566 1253 620 1290 qui
646 1258 722 1281 tunc
744 1247 875 1279 fuerint.
899 1247 922 1276 i-

47 1314 112 1338 tem
130 1303 241 1335 eadem
260 1300 394 1331 habetur
413 1295 495 1336 legio
507 1303 546 1325 ex
563 1301 626 1331 qua
638 1289 825 1322 decefferint
842 1287 921 1319 mul-

46 1348 69 1378 ti
94 1353 230 1386 quorum
256 1343 288 1373 in
312 1341 416 1372 locum
437 1335 538 1369 rui-sus
561 1332 690 1364 subiecti
713 1330 832 1362 fuerint
857 1329 919 1359 alii.

49 1389 159 1419 eadem
185 1392 314 1424 quoque
338 1379 534 1411 existimatur
557 1375 645 1406 navis
669 1374 751 1404 adeo
775 1372 857 1411 saepe
875 1379 921 1401 re-

46 1429 132 1461 ἰείη
150 1450 159 1465 ,
191 1435 224 1457 ut
249 1423 333 1456 nulla
351 1418 561 1463 permanserit·
580 1415 686 1448 tabula
705 1423 776 1454 quae
792 1422 857 1443 non
873 1421 922 1442 es-

49 1471 96 1507 set
112 1477 196 1500 nova
233 1467 298 1498 imo
314 1464 335 1496 si
354 1464 422 1503 quis
435 1468 545 1501 putet,
569 1457 698 1490 mutatis
716 1454 875 1497 partibus,
893 1463 923 1484 a·

49 1512 124 1544 liam
149 1509 220 1541 fieri
245 1516 330 1538 rem:
354 1513 397 1535 ait
421 1503 555 1535 Alfenus
573 1524 582 1537 ,
612 1498 704 1530 fore:
728 1505 762 1528 ut
788 1505 828 1528 cx
853 1495 920 1534 ejus

51 1554 178 1586 ratione
197 1559 255 1581 nos
275 1547 329 1588 vpsi
353 1555 419 1577 non
446 1544 543 1576 iidem
565 1541 657 1573 fimus
682 1539 778 1570 futuri
804 1537 858 1578 qui
885 1537 925 1567 ab

52 1595 129 1626 hinc
152 1601 236 1623 anno
261 1588 413 1621 fuerimus
431 1610 440 1626 ,
464 1591 636 1625 propterea
659 1581 768 1622 quod,
788 1587 827 1610 vut
852 1577 926 1609 Phi-

54 1634 180 1675 losophi
193 1633 324 1669 dicunt,
342 1639 384 1660 ex
399 1628 513 1669 quibus
525 1623 685 1666 particulis
695 1622 833 1654 minimis
848 1628 927 1651 con-

51 1676 202 1712 fistums,
228 1674 275 1704 hae
301 1671 447 1710 quotidie
471 1677 511 1700 ex
536 1675 676 1706 corpore
702 1662 811 1695 nostro
835 1661 927 1692 dece·

55 1721 155 1754 dunt,
176 1717 309 1753 aliaeque
325 1709 519 1743 extrinsecus
536 1709 567 1739 in
586 1716 694 1738 earum
711 1705 820 1736 locum
836 1711 924 1733 acce·

56 1761 145 1790 dunt.
186 1756 223 1788 fir
245 1757 341 1796 igitur
366 1754 478 1784 eadem
502 1750 606 1791 gregis
630 1748 723 1779 ratio.
760 1753 928 1786 putemus,

54 1799 205 1839 quamdiu
225 1799 335 1829 eadem
353 1792 491 1824 consistit
506 1791 611 1833 gregis
628 1789 766 1829 species,
779 1788 929 1817 eumdem

55 1849 186 1881 quoque
201 1846 331 1880 gregem
348 1833 526 1866 consistere.
554 1833 596 1862 ita
612 1840 677 1861 non
696 1828 810 1869 poffiut
829 1827 930 1868 fingu-

54 1884 84 1915 la
102 1891 206 1924 gregis
224 1879 330 1919 capita
348 1886 365 1908 a
383 1883 488 1907 morte
507 1873 639 1911 servari3
662 1880 722 1902 nec
740 1870 838 1911 magis
857 1866 929 1909 post

55 1932 195 1957 mortem
214 1919 368 1961 reparari:
394 1926 501 1948 tamen
519 1916 589 1955 quia
608 1911 712 1954 potest
730 1913 815 1943 idem
831 1908 930 1940 serva-

58 1967 82 1998 ri
100 1973 196 2005 grex,
216 1963 281 1994 hoc
295 1959 339 1991 est
350 1983 358 1996 ,
369 1959 480 1990 eadem
501 1954 683 1988 universitas
695 1977 704 1992 ,
721 1951 929 1993 pereuntibus

58 2016 116 2048 per
132 2011 312 2042 temporum
330 2000 425 2039 spatia
448 1999 514 2039 ejus
530 1996 707 2036 capitibus:
731 1996 806 2026 ideo
823 1991 844 2024 fi
859 2001 930 2033 gre-

57 2049 105 2088 gis
124 2044 314 2078 ususfructus
337 2041 395 2078 fit3
416 2040 544 2073 rationis
561 2038 625 2077 est,
649 2036 808 2078 pertinere
825 2034 864 2065 ad
880 2032 931 2064 of-

58 2089 166 2122 ficium
184 2084 362 2119 fruCtuarii,
380 2091 490 2113 curare
507 2090 543 2111 ac
556 2080 663 2111 colere
677 2087 740 2109 uon
757 2077 859 2108 dicam
875 2073 931 2106 fin-

57 2131 128 2171 gula
152 2129 256 2170 gregis
273 2125 396 2166 capita,
417 2123 470 2155 sed
484 2122 583 2162 ipsum
605 2121 635 2151 in
655 2119 762 2160 primis
780 2125 929 2159 gregem3

57 2181 196 2211 eumque
220 2168 391 2210 quotannis
413 2163 546 2197 reficere
562 2161 783 2192 substitutione
801 2167 929 2199 agnato-

56 2222 125 2245 rum
140 2212 280 2251 capitum
297 2210 326 2240 in
342 2209 449 2240 locum
466 2213 668 2237 mortuorum
687 2201 927 2233 autinutilium:

61 2263 162 2293 eaque
184 2252 313 2284 efficere
338 2248 560 2288 providentia;
583 2255 623 2277 ne
640 2252 692 2275 aut
708 2249 817 2283 pereat
833 2250 928 2282 grex,

62 2304 115 2326 aut
132 2296 290 2325 minuatur
306 2292 323 2321 Z.
340 2294 390 2324 68.
406 2290 434 2331 §.
446 2289 504 2329 fin.
522 2288 541 2319 l.
552 2297 599 2328 70.
620 2286 650 2328 §.
659 2296 687 2326 3.
705 2284 747 2316 D.
764 2286 796 2315 de
812 2282 932 2323 usufru-

62 2337 130 2368 ctu.-
153 2342 249 2375 prout
272 2333 394 2364 bonum
421 2332 452 2362 ὅ(
468 2331 653 2369 diligentem
671 2324 931 2367 patremfamilias

60 2377 233 2418 quotannis
256 2374 364 2406 facere
379 2372 545 2412 praecipit,
570 2378 684 2409 praeter
699 2365 868 2408 Virgilium
883 2365 930 2395 lib.

60 2430 89 2461 3.
106 2419 237 2459 Georgic.
256 2419 392 2455 vers-65·
411 2413 535 2454 &seqq.
555 2412 652 2443 etiam
671 2407 867 2445 Columella,
886 2405 933 2436 De

61 2471 91 2492 re
107 2459 214 2500 rustica
233 2459 280 2489 lib.
296 2467 325 2497 7.
341 2467 367 2487 c.
381 2466 409 2496 3.
431 2463 464 2486 ut
479 2454 652 2485 commode
668 2449 852 2483 observavit
868 2448 931 2480 Cu-

61 2503 158 2543 jacius
173 2502 221 2533 tib.
242 2509 289 2531 11.
309 2498 432 2535 Observ.
449 2506 472 2528 c.
490 2499 542 2537 36.

733 2596 947 2631 CAPUT

671 83 1153 120 Usuritucrv
1213 72 1357 109 Liui.

1769 76 1836 112 35?

1004 167 1050 199 ita
1066 166 1129 198 est:
1153 164 1251 197 debet
1267 160 1455 194 fructuarius
1475 159 1596 191 habens
1612 156 1717 200 gregis
1733 155 1837 187 usum-

961 205 1118 247 fructum,
1141 206 1314 247 quotannis
1337 204 1509 235 admittere
1523 209 1673 242 gregem.
1698 197 1727 228 &
1745 207 1784 228 ex
1805 206 1838 227 a·

961 252 1064 292 gnatis
1083 249 1238 289 capitibus
1255 248 1285 278 iri
1307 246 1415 277 locum
1433 243 1660 276 defunctorum
1677 239 1728 271 vel
1743 238 1840 270 inuti·

962 294 1039 325 lium
1064 288 1330 328 aliaiubstituere
1351 287 1465 327 capita.
1494 285 1582 325 quod
1605 282 1626 315 fi
1651 290 1715 313 non
1738 280 1837 311 facit:

962 343 1028 366 non
1053 333 1152 364 utitur
1182 340 1278 372 grege
1305 328 1476 360 secundum
1501 327 1565 366 ejus
1590 323 1838 359 conditionem3

963 384 1070 414 eoque
1088 374 1218 405 nomine
1236 379 1363 403 tenetur
1389 367 1603 410 proprietario
1629 366 1647 397 l.
1668 374 1718 405 70.
1739 360 1782 396 D.
1802 364 1840 393 de

963 414 1133 456 usufruttu.
1176 413 1270 451 Hoc,
1294 411 1315 444 si
1338 411 1395 443 fini:
1411 418 1522 449 agnata
1541 411 1643 448 capita
1662 416 1704 438 ex
1722 403 1840 446 quibus

962 467 1042 497 grex
1060 454 1147 488 refici
1173 456 1202 486 (St
1222 453 1355 494 suppleri
1375 451 1478 492 poffit.
1511 451 1605 491 quid,
1629 448 1650 480 fi
1667 457 1730 487 non
1749 444 1839 478 fint‘?

962 498 1069 540 finge,
1092 507 1158 537 quo
1185 505 1332 536 ternpore
1358 493 1434 525 editi
1453 491 1522 524 sunt
1541 491 1640 523 foetus
1662 498 1727 522 non
1745 486 1842 518 fuiffe

964 540 1052 581 quod
1073 538 1339 574 summitteretur:
1364 535 1481 572 deinde
1497 533 1601 572 aliqua
1621 531 1702 563 mori
1722 529 1842 570 capita.

963 583 1039 622 quid
1060 581 1222 617 dicemus,
1246 588 1284 610 ex
1314 577 1361 609 his
1385 585 1456 615 quae
1479 575 1633 612 edentur,
1660 582 1700 603 an
1722 580 1761 602 ex
1789 569 1840 601 his

962 633 1032 662 quae
1056 624 1141 658 edita
1168 620 1237 652 sunt
1255 643 1265 656 ,
1289 616 1514 657 summissururn
1540 611 1773 653 fructuarium?
1795 611 1843 643 ait

960 663 1119 704 Ulpianus
1136 663 1164 694 d.
1180 663 1199 693 l.
1219 671 1268 702 70.
1286 661 1314 702 §.
1332 671 1362 701 4.
1388 659 1486 700 pleno
1502 666 1600 698 grege
1618 655 1703 686 edita
1719 655 1758 684 ad
1775 652 1842 684 fru-

965 706 1116 739 ctuarium
1148 702 1341 744 pertineres.
1360 699 1570 741 posteriorem
1601 697 1707 738 gregis
1732 693 1842 725 casum

964 757 1083 778 nocere
1107 745 1291 777 fruetuario.
1323 741 1531 784 peritissime:
1556 749 1629 771 nani
1656 739 1697 769 de
1725 735 1838 767 officio

963 788 1040 819 boni
1059 782 1192 827 pastoris
1209 787 1247 816 ad
1263 786 1351 824 cujus
1370 783 1554 824 exemplum
1580 788 1691 820 regere
1717 777 1747 808 se
1774 776 1840 807 fru-

964 830 1116 861 &uarium
1132 834 1285 867 oportet,
1309 827 1369 857 hac
1386 828 1416 857 in
1436 833 1524 866 pai-te
1542 822 1583 854 sic
1609 821 1717 852 scribit
1740 819 1840 850 Colu-

965 870 1057 906 mella
1074 871 1102 900 d.
1122 879 1146 900 c.
1164 879 1193 908 3.
1212 868 1260 898 lib.
1279 878 1308 908 7.
1333 867 1380 903 De
1400 877 1429 898 re
1448 863 1566 905 rustica.
1610 863 1676 895 Nec
1700 859 1841 892 commitit·

963 913 1059 949 debet,
1078 916 1110 940 ut
1128 916 1203 940 totus
1217 918 1292 950 grex
1309 908 1419 949 effoetus
1429 906 1576 948 sene-&ute
1591 905 1739 936 dorninum
1754 899 1842 942 desti-

965 958 1047 999 tuat:
1074 961 1138 981 cum
1155 952 1314 990 'prayertz'm
1332 947 1530 989 boriipafioris
1544 946 1591 978 vel
1601 946 1699 987 prima
1716 953 1785 975 cura
1797 939 1840 981 fit

964 1003 1051 1025 annis
1067 993 1198 1023 omnibus
1220 992 1251 1021 in
1267 993 1482 1027 denzortuuruiiz
1496 990 1724 1028 vitiosarumque
1740 985 1842 1016 ovium

964 1036 1056 1066 locum
1072 1035 1187 1064 totidem
1202 1032 1249 1063 vet
1266 1033 1352 1062 etiam
1362 1032 1448 1071 plura
1464 1028 1757 1072 copitajubstituere:
1772 1035 1842 1068 quo-

964 1078 1044 1112 niam
1055 1076 1127 1115 sape
1138 1075 1284 1115 frigorum
1296 1080 1381 1114 atque
1397 1074 1494 1104 hiemis
1509 1072 1623 1108 sevitia
1636 1067 1778 1110 pastorem
1793 1068 1840 1097 (ἰε-

964 1119 1050 1158 cipit,
1062 1116 1098 1151 ὅ)
1105 1124 1237 1151 tarpeiam
1252 1115 1390 1146 interzmz't
1400 1138 1410 1152 ,
1421 1123 1494 1155 quas
1509 1113 1555 1143 ille
1571 1118 1690 1152 tempore
1704 1107 1844 1141 autumni

964 1165 1045 1190 ratus
1056 1158 1148 1188 adhuc
1157 1156 1207 1196 effe
1218 1155 1386 1193 tolerabiles,
1396 1165 1455 1192 non
1462 1155 1663 1190 summoverat.
1680 1161 1735 1193 quo
1744 1150 1847 1192 magis¹

963 1202 1049 1234 etiam
1055 1204 1166 1240 propter
1177 1198 1226 1229 hos
1234 1197 1319 1237 casus
1329 1220 1338 1234 ,
1361 1195 1417 1234 nifi
1431 1193 1604 1235 validrffimo
1616 1204 1678 1235 quae
1694 1203 1752 1223 non
1769 1202 1846 1222 com·

958 1241 1153 1283 prehendatur
1159 1240 1393 1279 hieme‚novuque
1399 1238 1531 1278 progenie
1540 1235 1684 1276 repleatur
1692 1242 1844 1264 numeras.

1004 1281 1145 1313 Effectus
1164 1281 1254 1321 huius
1270 1278 1501 1311 substitutionis
1518 1277 1583 1315 est,
1608 1285 1704 1316 quem
1721 1275 1845 1305 indicat:

963 1324 1164 1370 Pomponius
1190 1322 1210 1352 l.
1232 1325 1282 1358 69.
1309 1320 1350 1354 D.
1376 1321 1410 1351 de
1424 1318 1602 1359 usufructu,
1626 1325 1661 1348 ut
1679 1315 1846 1347 substituta

965 1365 1095 1406 quidem
1121 1364 1224 1404 capita
1246 1363 1349 1394 statim
1375 1361 1498 1400 domini
1522 1358 1725 1400 proprietatis
1749 1355 1845 1388 fiant:

967 1417 1004 1438 ea
1020 1415 1126 1453 autern
1144 1407 1175 1437 in
1193 1413 1338 1449 ,quoi-um
1357 1404 1465 1435 locum
1481 1401 1566 1433 faeta
1585 1400 1630 1432 est
1644 1397 1846 1436 substitutio,

967 1449 1110 1480 desinant
1120 1448 1185 1487 ejus
1202 1445 1264 1478 effe
1281 1455 1320 1476 ex
1332 1453 1441 1476 natura
1458 1443 1598 1475 fructus:
1614 1451 1685 1473 nam
1703 1439 1847 1479 alioquin

968 1489 1061 1534 quod*
1074 1490 1230 1526 nascitur,
1254 1485 1506 1523 fructuariiseih
1531 1486 1560 1516 &
1579 1493 1652 1515 cum
1671 1481 1847 1518 substituit,

967 1530 1079 1563 desinit
1089 1531 1154 1570 ejus
1166 1529 1239 1561 effe.
1256 1529 1354 1560 verba
1370 1525 1541 1567 Pomponii
1554 1525 1672 1565 ubique
1688 1523 1729 1554 {ic
1743 1523 1847 1556 edun-

969 1581 1029 1605 tur.
1051 1572 1098 1603 vel
1113 1572 1265 1602 inutilium
1279 1570 1339 1602 alia
1356 1569 1549 1605 summittere:
1566 1572 1616 1604 ut,
1631 1562 1692 1605 post
1706 1561 1849 1603 substitu-

969 1621 1020 1653 ta,
1033 1613 1127 1654 fiunti
1140 1613 1269 1653 propria
1285 1609 1472 1651 fruetucirii,
1493 1618 1529 1640 ne
1553 1608 1632 1639 lucro
1649 1615 1682 1637 ea
1701 1614 1745 1636 res
1762 1605 1846 1635 cedat

970 1658 1090 1688 domino.
1113 1654 1152 1689 δ’
1168 1652 1247 1692 ficut
1262 1651 1425 1694 substituta
1441 1651 1546 1691 statim
1559 1648 1668 1680 domini
1677 1645 1779 1687 fiunt,
1803 1647 1848 1677 ita

970 1698 1076 1738 priora
1097 1705 1208 1738 quoque
1232 1704 1269 1726 ex
1295 1700 1405 1726 natura
1415 1691 1536 1732 fruetus
1554 1689 1688 1729 definient
1705 1688 1767 1729 ejus
1781 1685 1847 1727 effe.

972 1739 1039 1778 Ita,
1062 1746 1097 1769 ut
1120 1738 1207 1776 dixi,
1231 1737 1337 1777 paffim
1362 1735 1478 1770 editur.
1510 1732 1562 1764 sed
1581 1740 1644 1763 non
1666 1728 1711 1762 est
1726 1731 1849 1769 impro-

971 1780 1084 1813 babilis
1102 1778 1284 1818 comestura
1302 1778 1340 1809 V.
1359 1775 1508 1816 Gelani
1523 1784 1540 1806 a
1557 1772 1672 1811 Costa,
1691 1772 1730 1802 ad
1745 1769 1775 1812 §.
1793 1773 1847 1810 38.

973 1819 1046 1862 lust.
1069 1822 1103 1853 de
1117 1830 1214 1852 rerum
1227 1818 1367 1856 ‘divifione
1385 1817 1541 1859 legentis,
1563 1822 1614 1853 ut,
1633 1809 1849 1855 postsubflitu-

971 1871 1021 1909 ta,
1039 1861 1120 1902 fiant
1135 1862 1240 1902 priora
1249 1859 1436 1900 fructuarii,
1458 1866 1555 1898 quarn
1579 1854 1796 1896 conjecturam
1813 1852 1847 1883 δε

972 1904 1135 1944 tequentia
1148 1904 1276 1943 juvant,
1302 1903 1330 1932 dt
1350 1901 1455 1932 fimilis
1475 1899 1598 1930 locutio
1618 1898 1637 1928 l.
1660 1901 1706 1930 i8.
1724 1893 1766 1926 D.
1785 1894 1848 1924 eod.

973 1949 1019 1977 tit.
1050 1945 1120 1983 Sic,
1145 1944 1166 1975 si
1181 1944 1241 1984 jam
1258 1943 1341 1974 facia
1361 1942 1396 1974 fit
1420 1940 1606 1973 substitutio.
1636 1937 1688 1969 sed
1705 1936 1801 1976 quid,
1823 1932 1848 1966 fi

972 1989 1116 2019 nondum
1134 1985 1217 2017 satta
1235 1985 1295 2017 fit?
1312 1985 1407 2025 quaeri
1425 1982 1548 2023 potest,
1564 1980 1649 2021 quus
1665 1978 1791 2010 interim
1810 1975 1848 2007 sit

972 2029 1072 2061 foerus
1091 2051 1101 2066 ,
1130 2031 1237 2059 donec
1262 2035 1388 2058 mortua
1412 2024 1613 2065 suppleantur
1638 2019 1767 2061 capita?
1791 2017 1848 2049 sed

974 2072 1017 2103 ait
1033 2069 1210 2109 Ulpianus,
1234 2067 1390 2108 Julianum
1410 2066 1545 2097 scribere
1563 2063 1616 2095 lib.
1630 2072 1680 2102 535.
1699 2059 1849 2101 Digesto-

973 2122 1063 2150 rum,
1086 2111 1226 2151 pendere
1243 2118 1354 2141 eorum
1378 2107 1572 2139 dominium:
1598 2113 1648 2138 ut,
1671 2102 1691 2134 ss
1708 2101 1850 2133 luminit-

973 2161 1097 2189 tantur,
1116 2151 1315 2192 proprietarii
1333 2150 1408 2181 sint:
1425 2149 1565 2188 alioquin
1582 2144 1743 2178 fructuarii
1760 2143 1778 2174 b.
1797 2151 1848 2182 70.

973 2196 1002 2238 ᾗ.
1023 2205 1049 2226 1.
1069 2193 1111 2225 Ι).
1129 2194 1187 2224 eod.
1211 2194 1257 2224 tit.
1276 2192 1304 2224 δι
1323 2191 1427 2223 recte:
1451 2189 1647 2221 summittere
1668 2185 1754 2216 enim
1771 2183 1849 2215 fasti

974 2237 1037 2269 est:
1060 2236 1089 2266 ἀ
1106 2234 1246 2274 julianus
1271 2234 1400 2273 proprie
1417 2231 1513 2268 dicit,
1538 2229 1702 2269 dispertire
1722 2227 1751 2258 &
1767 2225 1848 2256 divi-

974 2280 1050 2311 dere
1068 2277 1097 2308 &
1115 2274 1299 2307 divisionem
1310 2273 1477 2314 quamdam
1489 2272 1596 2303 facere
1613 2272 1641 2302 d.
1653 2269 1672 2300 l.
1684 2278 1732 2308 70.
1750 2267 1778 2308 §.
1790 2266 1847 2297 ult.

975 2319 1156 2351 Secundum
1172 2326 1262 2357 quae,
1285 2316 1306 2347 fi
1324 2314 1490 2346 decesserit
1507 2313 1626 2347 foetus,
1648 2312 1707 2342 erit
1723 2310 1849 2350 pericu·

974 2362 1038 2393 lum
1063 2368 1127 2390 non
1151 2357 1373 2399 proprietarii,
1398 2356 1451 2387 sed
1472 2353 1644 2386 fructuarii.
1669 2351 1723 2391 qui
1747 2351 1776 2381 <St
1792 2359 1849 2379 ne-

974 2401 1058 2433 ceffe
1075 2399 1225 2438 habebit,
1241 2400 1319 2431 alios
1334 2397 1434 2429 foetus
1451 2396 1655 2427 summittere,
1681 2392 1765 2423 unde
1783 2389 1849 2421 Ga-

972 2445 1019 2485 jus
1039 2442 1156 2474 Caffius
1171 2441 1223 2472 lib.
1236 2446 1265 2475 8.
1283 2439 1410 2477 scribit,
1425 2446 1554 2469 carnem
1571 2435 1732 2467 demortui
1747 2432 1848 2465 foetus

974 2486 1013 2517 ad
1030 2483 1236 2516 fructuarium
1253 2481 1415 2523 pertinere
1431 2482 1459 2511 d.
1477 2479 1497 2511 t.
1516 2487 1563 2519 70.
1580 2476 1609 2519 §.
1629 2487 1658 2509 2.

1008 2587 1173 2625 XVIII.

114 2685 166 2721 De
184 2685 319 2719 cautione
336 2694 355 2717 a
360 2681 540 2728 fruetuario
550 2678 726 2729 prcestanda
743 2688 782 2711 ex
800 2676 906 2711 Ediuo
922 2671 1082 2710 Praetoris.
1118 2669 1151 2704 id
1163 2668 1305 2704 Ediaum
1325 2666 1502 2715 restitutum
1511 2690 1522 2708 ,
1549 2661 1591 2704 E?
1608 2663 1797 2710 explicitum.

60 2784 265 2865 Descrlpfi
282 2785 387 2817 multis
402 2792 532 2816 omnem
546 2781 737 2814 ususfructus
752 2781 931 2815 rationem3

152 2829 254 2866 iisque
271 2826 414 2864 ostendi,
438 2824 659 2862 fructuarium,
683 2821 847 2853 constante
864 2818 931 2858 qui-

65 2873 139 2903 dem
158 2868 336 2905 umfructu,
359 2877 392 2898 re
409 2866 574 2897 frustum-ia
592 2872 792 2903 quacumque
809 2861 932 2892 ratione

63 2916 108 2946 uti
125 2911 206 2944 frui:
224 2910 322 2941 modo
342 2918 378 2938 ea
395 2915 498 2938 utatur
513 2906 663 2936 arbitratu
677 2905 754 2935 boni
772 2904 849 2934 viri:
867 2899 934 2932 fini-

63 2964 101 2987 to
129 2961 234 2984 autem
259 2948 417 2980 usufructu
433 2971 442 2986 ‚
474 2947 575 2978 teneri
601 2946 688 2985 quod
713 2945 854 2980 efflabit,
876 2942 934 2972 do-

66 2999 156 3031 mino
168 2991 371 3034 proprietatis
381 2990 555 3020 restituere.
579 2987 661 3018 ordo
677 2990 762 3016 bunc
780 2983 934 3025 postulat:

66 3040 113 3071 uti
140 3036 255 3067 deinde
272 3033 312 3063 de
329 3032 480 3062 cautione
495 3028 663 3060 fructuaria
679 3025 832 3058 differam.
864 3032 936 3055 iiam

68 3080 146 3112 ficut
161 3087 194 3108 re
215 3073 384 3106 fructuaria
400 3073 446 3104 uti
462 3071 523 3102 frui
546 3070 642 3100 debet
665 3067 872 3102 fructuarius,
893 3065 937 3095 ita

68 3127 198 3160 oportet
224 3116 390 3148 dominum
417 3114 457 3144 de
480 3112 530 3143 sua
551 3110 746 3150 proprietate
770 3107 831 3139 esse
854 3106 936 3136 secu-

67 3171 147 3195 rum.
169 3158 303 3199 proinde
320 3155 524 3194 aequiffimum
538 3151 619 3190 ess'e,
638 3150 761 3181 Praetor
780 3147 934 3180 existima·

68 3204 137 3242 vit,
152 3201 257 3241 legato
277 3197 459 3236 usufructu,
476 3197 516 3228 de
532 3201 670 3235 utroque
686 3200 800 3223 cavere
818 3190 932 3231 legata-

974 2775 1066 2807 rium.
1090 2772 1191 2803 Edisti
1207 2770 1342 2803 formam
1361 2770 1404 2802 ita
1419 2766 1630 2802 confin'xitV.
1647 2766 1706 2799 CL.
1724 2761 1848 2795 Guliel-

975 2826 1043 2848 mus
1067 2813 1248 2844 Rancirinus
1272 2823 1311 2843 ex
1333 2812 1353 2843 l.
1375 2822 1400 2843 1.
1421 2810 1462 2843 D.
1485 2808 1735 2851 Ususrzretuarius
1752 2813 1848 2845 quem-

976 2857 1129 2888 admodum
1143 2860 1254 2886 caveat.
1271 2854 1304 2885 Sz·
1313 2854 1397 2896 cujus
1412 2855 1453 2885 rei
1467 2850 1655 2893 ususfructus
1670 2850 1781 2890 legatus
1796 2842 1847 2883 effe

977 2901 1110 2936 dicatur,
1127 2895 1415 2936 usufruftuariumse
1430 2897 1552 2930 usurum
1568 2894 1632 2924 boni
1648 2892 1708 2921 viri
1723 2887 1847 2919 arbitra-

978 2947 1031 2971 tu:
1046 2938 1082 2972 &²
1100 2948 1164 2969 cum
1187 2936 1370 2978 ususfruftus
1385 2939 1422 2968 ad
1438 2947 1501 2968 eum
1509 2935 1654 2976 pertinere
1667 2928 1776 2966 deflerit
1787 2949 1796 2962 .
1815 2929 1844 2963 se

978 2983 1003 3011 ei
1025 2978 1224 3019 restituturum
1246 2980 1389 3021 adiquem
1405 2989 1438 3010 ea
1458 2988 1501 3008 res
1510 2974 1682 3018 pertinebit,
1697 2968 1846 3010 satisdare

975 3024 1084 3065 jubebo.
1109 3021 1160 3052 Sic
1177 3020 1418 3053 Ranchiiiu52&
1437 3015 1655 3061 pi·obo,quod
1675 3009 1848 3043 satisdatio-

980 3065 1027 3094 nis
1045 3063 1238 3095 mentionem
1253 3061 1343 3094 fecit.
1366 3072 1436 3094 narn
1446 3062 1618 3093 Praetorem
1636 3053 1772 3085 satisdari
1787 3051 1847 3090 jus·

979 3104 1063 3142 fiffe,
1086 3112 1217 3145 apparet
1241 3113 1280 3135 ex
1298 3104 1317 3135 l.
1346 3113 1392 3144 13.
1413 3102 1455 3133 D.
1477 3104 1510 3131 de
1527 3095 1700 3136 usufruttu,
1723 3096 1743 3126 l.
1760 3106 1790 3135 4.
1809 3093 1846 3124 C.

977 3148 1035 3177 eod.
1053 3147 1098 3176 tit.
1116 3145 1152 3179 ἐξ
1168 3146 1186 3177 1.
1198 3156 1227 3185 5.
1244 3145 1272 3187 §.
1294 3155 1320 3176 1.
1338 3144 1379 3175 D.
1403 3139 1650 3178 Usufrutluarz'us
1666 3138 1847 3178 quemadmo-

976 3189 1044 3220 dum
1058 3193 1169 3261 cavea}
1200 3186 1343 3226 quamvis
1360 3183 1513 3224 Ulpianus
1530 3182 1558 3212 d.
1576 3181 1594 3213 l.
1614 3189 1641 3212 1.
1657 3178 1774 3220 Dnss’Od·
1796 3181 1846 3210 tit.

1178 3237 1200 3270 Y
1220 3237 1241 3270 3
1797 3221 1844 3253 fa*
