2036 3495
180 89 248 135 368

184 186 228 209 no
241 189 251 209 ·,
267 168 434 217 legatarius
452 171 493 202 de
509 179 550 201 eo
565 178 630 201 non
648 174 791 200 tenetur:
815 175 849 199 ut
868 177 901 200 ut
915 169 1053 201 maxime

185 220 216 250 ei
232 217 408 250 hereditas,
431 220 482 242 aut
500 212 584 242 bona
598 234 607 250 ,
630 217 683 241 aut
701 219 771 249 pars
788 209 928 250 legetur:
948 218 983 240 ut
998 209 1052 241 be-

182 269 225 291 ne
241 255 423 290 observavit
440 252 480 284 V.
493 252 551 284 CL.
569 251 728 283 Antonius
745 250 912 289 Muretus,
929 251 1050 290 Observ.

180 301 244 342 jur.
263 294 399 341 libfing.
415 304 441 325 c.
462 302 508 334 13.
524 301 713 333 quamquam
730 292 803 332 quia
819 292 902 323 bon-a
918 302 983 323 non
1003 293 1047 324 di-

184 347 317 376 cuntur,
334 337 387 367 nil1
403 335 540 367 deducto
556 344 618 365 tere
629 334 752 365 alieno:
769 334 822 373 (ut
833 335 956 373 optime
975 333 1050 365 Pau-

182 382 230 412 lus
243 380 261 411 l.
273 387 321 420 39.
340 377 381 409 D.
398 379 454 407 eoa.
474 378 520 406 tic.
539 377 568 407 ἃ
587 384 662 406 ante
678 384 751 406 eum
764 374 980 416 Quintilianus
992 374 1050 406 De-

181 422 264 453 clam.
276 420 365 460 273.)
382 427 445 450 non
462 417 507 449 est
523 417 672 449 aratione
687 417 922 454 alienum‚eum
940 417 990 447 cui
1011 418 1052 447 le-

178 469 268 503 gatus
284 460 319 493 fit
337 460 478 492 omnium
497 459 656 490 bonorum
670 456 878 496 ususfructus,
893 467 957 489 non
974 458 1052 489 alio-

179 512 267 541 rum,
285 506 378 543 quam
404 511 474 543 quae
498 500 636 531 deducto
662 508 723 529 aere
745 499 849 530 alieno
869 497 1050 538 supersunt,

178 543 408 576 usumfructum
426 542 542 573 habere
558 542 577 572 l.
589 545 640 577 69.
658 539 701 571 D.
720 540 770 570 Aa
785 539 871 581 legem
880 538 1047 571 Falcidiam.

179 585 246 618 lta:
268 584 290 616 fi
314 585 444 616 testator
471 584 624 624 legaverit
639 581 866 612 usumfructum
882 582 1027 613 bonoram.

216 627 281 659 Sed
298 627 393 667 quid,
410 626 429 657 li
447 625 583 661 dixerit,
600 622 630 653 se
644 632 741 653 rerum
759 621 986 653 usumfructum
1004 623 1046 653 le-

177 668 280 711 gare?
303 677 338 699 ut
354 668 385 699 in
402 669 420 698 l.
437 670 513 697 unic.
532 665 565 695 C.
600 664 633 694 Si
645 664 772 704 secundo
797 664 924 703 nupserit
946 663 1049 694 mulier

176 712 225 742 cui
249 711 374 741 maritus
395 706 609 747 usuinfruftam
628 705 783 746 reliquerit.
816 713 885 735 eam
906 703 1047 745 quaestio-

178 761 253 784 nem
270 751 312 783 fic
338 750 447 782 traffitat
465 747 637 787 Venuleius
654 747 684 777 in
702 746 721 777 l.
741 745 794 777 ult.
813 745 854 776 D.
879 745 911 776 de
934 750 988 782 usu
1012 745 1048 780 ἐξ

176 792 336 833 usufruiiu
360 793 462 831 legato.
507 788 595 820 Nihil
617 785 732 828 interest}
749 811 759 824 ,
786 793 887 817 utrum
911 788 1048 818 bonorum

176 836 259 876 qais,
275 843 314 864 an
330 842 431 863 rerum
445 832 534 862 terrica
546 830 642 870 pariis
658 827 874 869 usumfrufi‘um
894 828 1043 870 legaverit.

176 886 246 907 nam
254 874 283 913 fi
299 877 432 906 bonorum
452 870 639 911 ulusfrub‘tus
655 871 816 911 legabicur,
833 871 917 900 eriam
932 880 968 900 aes
983 870 1048 900 alie-

176 925 247 948 num
260 926 296 947 ex
310 916 389 947 bonis
408 916 584 946 deducetur:
608 911 644 946 ἐξ
662 913 736 952 quod
752 912 783 942 in
798 910 958 941 cretionibus
976 912 1048 949 erit,

176 958 397 999 computabitur.
422 961 453 987 at
463 954 491 994 fi
508 960 650 985 certarum
665 962 760 983 rerum
776 951 961 991 ususfrueias
974 953 1048 992 lega-

175 1005 223 1031 tus
239 1000 306 1037 erit,
325 1007 382 1034 non
394 999 467 1028 idem
481 996 685 1036 observabitur.
708 993 759 1024 Sic
778 992 972 1033 Venulejus:
996 993 1048 1025 sed

173 1040 287 1072 vitiose
303 1039 415 1081 procul
430 1038 539 1070 dnbio.
555 1037 575 1068 si
591 1037 674 1067 enim
689 1035 803 1067 stemus
820 1035 943 1066 verbis:
960 1042 1048 1066 caret

170 1081 276 1121 sensu,
300 1089 505 1122 quocumque
523 1087 560 1110 ea
583 1085 689 1109 vertas
713 1077 822 1108 modo.
855 1084 1046 1122 quamquam

174 1132 236 1163 qua
249 1124 374 1155 ratione
397 1120 559 1154 emendari
579 1129 650 1150 eum
669 1125 837 1157 oporteat,
861 1117 988 1148 difficile
1005 1118 1049 1148 dl·

173 1165 225 1196 stu
246 1164 300 1196 est.
325 1163 395 1195 Effe
414 1162 498 1201 scio,
515 1161 568 1202 qui
587 1169 647 1200 pro
660 1159 747 1191 Nihil
764 1156 898 1199 interest,
915 1168 1049 1199 quomo-

172 1207 216 1237 do
234 1205 407 1237 Florentiae
424 1204 528 1235 editur
545 1225 555 1242 ,
578 1201 779 1233 scribendum
803 1207 918 1240 putent
933 1222 942 1238 ‚
975 1200 1047 1231 Non

172 1247 246 1279 nihil
270 1243 403 1286 interest,
430 1245 481 1276 vel
506 1243 631 1275 maltum
648 1239 772 1282 interest.
817 1242 878 1272 Sed
895 1249 1003 1272 neutra
1019 1250 1049 1272 e-

171 1286 462 1321 mendatiolufficit
480 1285 626 1317 tollendo
639 1283 733 1314 malo.
757 1282 820 1314 five
837 1282 921 1313 enim
940 1282 1024 1323 legas
1036 1304 1045 1320 ,

172 1330 297 1362 inultum
311 1327 456 1368 intereffe,
480 1326 544 1359 five
559 1335 616 1357 non
631 1324 703 1356 nihil
727 1322 872 1364 intereffe,
896 1323 959 1354 five
974 1324 1047 1355 nihil

173 1371 324 1412 intereffe:
349 1370 453 1401 adhuc
476 1368 593 1408 ambigi
621 1365 732 1406 possit,
757 1366 877 1408 inquo
902 1365 1047 1409 videatur

170 1411 347 1453 VenuleJus
363 1410 490 1448 facere,
502 1417 556 1440 aut
572 1417 636 1439 non
654 1406 761 1437 facere
777 1405 987 1437 differentiam
1005 1406 1048 1436 in-

173 1454 369 1494 ter-legatum
387 1450 579 1482 ususfructus
594 1449 753 1479 bonorum
766 1447 795 1477 δι
814 1447 950 1487 legatum
967 1445 1047 1477 usus·

173 1494 295 1526 fruetus
316 1492 593 1524 rerum:'alte1·um
619 1497 724 1519 tamen
750 1486 795 1518 est
814 1487 901 1528 quod
917 1488 1048 1519 demon-

173 1535 334 1568 strandum
353 1533 407 1564 fibi
434 1529 610 1573 proposuit.
656 1529 807 1572 Accedit,
830 1529 918 1568 quod
935 1530 966 1560 in
985 1527 1047 1560 fine

170 1577 301 1618 capitis,
326 1574 368 1605 Ac
382 1572 428 1612 fi,
452 1573 574 1613 inquit,
591 1576 737 1602 certarum
752 1578 846 1600 rerum
863 1569 1048 1609 ususfruilus

169 1618 279 1660 legatus
300 1616 374 1653 erit,
397 1624 454 1645 non
477 1615 550 1645 idem
579 1613 794 1653 observabitur.-
817 1620 877 1642 nec
892 1619 1045 1652 apparet,

169 1664 225 1691 cur
240 1658 283 1690 ibi
300 1658 450 1697 loquatur
458 1656 498 1688 de
509 1653 669 1687 usufructu
685 1658 953 1684 certarumrerum:
971 1662 1043 1684 cum

167 1708 242 1732 ante
261 1709 326 1731 non
347 1697 527 1730 meminerit
552 1695 745 1728 ususfruCtus
766 1700 1043 1731 certarum.rerum;

166 1741 222 1774 sed
237 1740 429 1773 ususfructus
444 1741 599 1776 bonorum,
624 1737 654 1768 ἂ
670 1746 776 1767 rerum.
803 1736 899 1775 idque
924 1735 1042 1767 Accur-

167 1781 228 1816 fius
245 1782 356 1821 senfit3
373 1790 445 1812 cum
463 1781 524 1819 ait,
541 1789 557 1810 a
573 1776 796 1817 jureconsulto
810 1777 840 1807 in
858 1775 922 1807 fine
933 1777 1044 1809 variari
1067 1812 1070 1816 ,

166 1824 273 1857 casum
292 1832 387 1864 quem
406 1822 499 1854 initio
516 1819 674 1861 posuerat.
700 1818 865 1849 Postremo
883 1819 979 1858 quaeri
999 1819 1042 1849 vi-

169 1867 254 1905 de03
269 1875 325 1897 cur
341 1866 372 1896 in
391 1863 549 1905 principio
565 1862 677 1902 capitis
692 1861 790 1906 magis
806 1857 859 1890 fiat
872 1860 993 1891 mentio
1011 1869 1043 1891 u-

166 1907 339 1940 susfrustus
364 1906 465 1937 tertiae
481 1927 491 1943 ,
518 1902 794 1944 quamdimidiae,
819 1908 871 1931 aut
895 1901 1043 1940 alterius,

166 1949 264 1990 partis
280 1956 393 1980 rerum.
419 1947 512 1987 igitur
531 1954 565 1976 ut
582 1944 712 1976 tollatur
725 1941 1044 1982 scrupulus‚&s1mul

166 1990 328 2031 principio
352 1988 542 2027 respondeat
569 1984 657 2023 finis,
684 1984 752 2015 sunt
770 1984 825 2023 qui
838 1982 880 2014 sic
898 1983 1044 2016 scribant.

168 2032 303 2063 ,Multam
326 2028 460 2069 interest,
483 2034 582 2059 uirum
604 2028 740 2057 bonorum
765 2025 828 2068 quis
845 2047 854 2062 ,
886 2034 925 2055 an
950 2034 1045 2056 rerum

167 2078 312 2104 certarum
328 2069 545 2111 iifzcvzf'rutfium
562 2068 710 2109 legaverit.
742 2065 823 2107 Quae
840 2066 861 2096 si
878 2066 983 2112 placet
1000 2066 1043 2111 less

168 2114 253 2152 etim
278 2123 342 2145 non
359 2112 537 2144 intercedo,
572 2118 644 2141 nam
662 2109 691 2140 ἀ
709 2108 801 2148 plana
819 2115 925 2138 omnia
942 2106 1042 2139 facit:

170 2155 201 2187 &
228 2155 304 2186 nihil
328 2154 432 2185 habeo
458 2152 546 2193 quod
569 2152 600 2182 in
625 2159 661 2181 ea
686 2148 1042 2194 improbem-tamquam

169 2196 346 2227 abhorrens
363 2205 380 2226 a
396 2194 492 2225 Civili
508 2193 590 2232 Jure.
615 2190 679 2223 Etsi
696 2190 717 2222 fi
737 2191 806 2230 quis
822 2198 961 2221 retinere
980 2199 1043 2222 ma-

168 2238 206 2269 lit
231 2237 447 2269 Florentinam
472 2235 643 2266 leffionem
659 2256 669 2270 ,
694 2231 783 2264 Nihil
807 2228 940 2271 interest,
966 2231 1043 2263 item

168 2279 354 2319 sequentem
367 2300 376 2316 ,
405 2276 515 2307 Uirum
533 2276 665 2306 bonorum
679 2275 764 2314 qais,
786 2282 825 2304 an
841 2282 936 2303 rerum
954 2273 1044 2303 tertia:

163 2321 258 2362 partis
283 2318 499 2359 usumfrutfitim
524 2317 683 2358 legaverit3
707 2323 767 2345 nec
790 2314 819 2344 ei
846 2322 1041 2354 repugnem:

169 2362 242 2402 quia
255 2369 315 2392 nec
332 2362 362 2391 in
381 2360 433 2391 illa
446 2359 577 2398 reperio
597 2357 674 2396 quid
691 2355 823 2386 absurdi.
849 2355 913 2386 imo
930 2355 1042 2386 habuit

168 2403 238 2434 haec
255 2401 349 2443 legati
368 2399 560 2433 ususfructus
572 2398 691 2439 species
708 2397 885 2437 elegantem
905 2395 992 2427 usum
1012 2396 1042 2428 &

167 2444 372 2483 frequentem
397 2441 471 2482 Jure
486 2448 628 2479 v>vetere:
652 2448 717 2479 quo
742 2438 911 2478 aliquando
929 2446 1043 2477 potue,

168 2492 242 2517 runt
260 2485 307 2516 vir
321 2485 350 2515 δε
369 2493 450 2515 uxor
465 2484 547 2514 inter
565 2480 595 2512 se
612 2480 745 2512 solidum
755 2488 892 2519 capere,
910 2478 962 2510 sed
979 2480 1042 2519 ple-

168 2533 303 2566 rumque
322 2533 444 2556 tantum
460 2524 637 2561 decimam,
662 2522 693 2553 &
710 2524 825 2562 praeter
844 2520 926 2551 hanc
943 2520 1043 2552 usum-

167 2567 305 2599 fructum
322 2567 421 2597 tertiae
439 2567 534 2606 partis
551 2564 733 2596 bonorum:
756 2561 885 2593 auctore
901 2561 1042 2602 Ulpiano

167 2608 200 2640 i'n
219 2607 333 2647 Fragm.
354 2609 398 2637 tit.
426 2616 469 2647 ¹5-
489 2606 525 2641 ὅ)
546 2609 593 2637 16.
612 2605 642 2636 &
661 2611 749 2635 extat
768 2604 838 2634 talis
855 2603 941 2635 casus
957 2603 1041 2643 apud

167 2650 343 2682 Scaevoiam
359 2649 378 2679 l.
392 2654 439 2686 48.
458 2647 497 2677 D.
517 2649 550 2678 cle
565 2647 678 2684 alaris,
695 2646 725 2676 &
741 2645 930 2684 Javolenurn
949 2644 969 2675 l.
993 2653 1038 2675 10.

168 2691 211 2723 D.
230 2691 263 2721 cle
273 2689 447 2730 praescrip'zis
458 2691 562 2719 verbis.
586 2687 675 2731 Quid
691 2685 865 2728 igiturest?
890 2685 945 2717 etsi
961 2694 1040 2725 pro,

168 2742 265 2764 rerum
288 2731 376 2761 territe
396 2731 490 2769 partis
511 2728 742 2769 usumfrueiam,
767 2736 833 2762 non
849 2727 931 2758 male
948 2726 1042 2758 scribi

167 2773 282 2815 poffit,
307 2780 404 2802 rerum
418 2777 561 2801 certarum
579 2769 812 2810 usumfrublum‚
836 2767 1040 2808 quod‘visum

166 2814 283 2853 Ducitis
299 2812 391 2844 viris:
411 2819 515 2841 tamen
544 2812 627 2842 nulla
652 2810 696 2842 est
714 2810 879 2842 neceffitas
897 2809 1040 2842 mutandi

165 2857 352 2897 scripturam
368 2862 385 2884 a
396 2861 457 2892 qua
474 2861 576 2891 neque
594 2853 693 2889 ratio,
710 2861 816 2892 neque
833 2850 988 2883 Veterum
1007 2860 1039 2881 u*-

166 2899 216 2935 sus
242 2891 414 2932 abhorret,
437 2893 467 2924 &
495 2901 588 2932 quam
605 2893 786 2926 constanter
803 2891 928 2924 servant
944 2899 1039 2924 manu

167 2940 275 2979 scripti
294 2937 436 2969 codices.
579 2974 586 2980 .
1032 2945 1037 2963 :

170 2991 173 2993 ’
208 2978 407 3012 probabilius
428 2975 638 3013 conjecerim,
661 2975 759 3006 latere
780 2976 894 3007 vitium
917 2976 949 3006 in
969 2985 1039 3006 ver-

168 3023 221 3060 su,
246 3021 287 3052 Ec
304 3020 379 3061 quod
393 3019 424 3049 in
446 3016 604 3048 cretionibus
620 3016 691 3045 erit:
715 3016 745 3046 in
761 3017 816 3047 illo
833 3019 916 3047 enim
933 3016 1039 3048 deesse

168 3063 286 3098 verba,
303 3060 332 3100 fi
348 3069 463 3091 rerum:
478 3058 593 3097 quibus
611 3055 738 3101 adjectis
754 3057 935 3096 legendum.
950 3057 1039 3090 Nihil

171 3101 306 3144 interest,
332 3109 433 3134 utram
455 3100 611 3131 bonorum
636 3105 702 3138 quis
717 3119 725 3133 ,
756 3107 796 3127 an
820 3107 923 3129 rerum
949 3101 1040 3130 zertioe

167 3141 484 3187 partistisiinffrzceium
500 3139 647 3181 legaverit.
666 3136 769 3184 namfi
786 3138 944 3169 bonorum
960 3143 1040 3179 usus-

161 3185 283 3228 frailas
306 3185 471 3227 legabitur,
493 3184 579 3215 etiam
599 3189 635 3214 ω
662 3179 789 3214 alienum
805 3179 980 3212 deducetur:
1004 3180 1042 3215 ὅ)

773 77 1360 119 GERARD1,NO0DT

1087 166 1118 207 fi
1132 178 1251 208 rerum,
1277 170 1351 211 quod
1365 169 1397 200 in
1414 167 1573 200 ustionibus
1589 169 1660 207 erit,
1684 170 1901 210 eoriiputabitur.
1924 171 1955 204 al

1087 209 1116 248 fi
1131 217 1287 242 certarum
1305 220 1408 242 rerum
1433 209 1614 250 usiasraitus
1629 210 1740 251 legatus
1758 213 1835 251 erit,
1855 223 1911 244 non
1931 215 1957 243 i-

1096 253 1157 282 dem
1168 252 1371 292 observabitur.
1390 252 1518 292 Species
1538 251 1608 281 talis
1624 252 1677 282 est.
1696 251 1754 282 Vir
1769 253 1860 283 uxori
1876 254 1959 293 lega-

1091 295 1138 324 vit
1156 292 1381 325 usumfructum
1396 293 1495 324 tertiae
1514 292 1610 332 partis
1627 294 1780 329 bonorum,-
1795 301 1848 324 aut
1860 294 1964 326 usum?

1092 333 1229 366 fructum
1247 335 1348 366 tertiae
1367 335 1464 374 partis
1479 343 1584 364 rerum.
1617 333 1796 376 Quaeritur,
1821 343 1895 365 num
1913 334 1958 369 in,-

1096 374 1200 412 terfit.,
1223 384 1326 407 utrum
1346 377 1481 414 dixerit,
1507 373 1734 406 usumfructum
1751 376 1851 406 tertiae
1875 377 1956 406 bono-

1093 425 1176 454 rum,
1192 426 1230 448 an
1249 416 1474 448 usumfructum
1492 417 1594 447 tertiae
1609 418 1704 457 partis
1722 416 1841 447 reram?
1865 416 1959 457 Quae-

1092 458 1182 488 rendi
1193 457 1351 492 causaest:
1362 458 1450 498 quod
1466 457 1487 489 fi
1504 457 1662 489 bonorum
1681 457 1907 489 usumfructum
1918 457 1959 490 le-

1093 499 1198 538 gavit,
1221 499 1316 539 poffit
1333 500 1453 538 videri,
1469 507 1531 530 tam
1548 500 1636 540 quod
1653 498 1716 540 ipse
1732 499 1848 537 debet,
1864 507 1956 539 quam

1093 542 1181 578 quod
1205 541 1234 570 ei
1258 541 1408 579 debetur,
1433 541 1541 581 legato
1565 539 1861 581 comprehendisse:
1885 541 1960 580 quia

1092 580 1179 611 bona
1203 581 1234 612 in
1257 581 1384 620 multis,
1406 591 1443 612 ac
1466 582 1637 622 praesertim
1662 579 1741 613 cum'
1756 579 1958 613 universitate

1093 621 1299 661 aestimantur,
1323 631 1388 654 non
1408 631 1529 655 tantum
1547 625 1718 655 commoda
1734 646 1744 662 ,
1768 623 1820 654 sed
1835 624 1957 654 incom·
1988 652 1991 654 .

1092 664 1187 694 moda
1204 672 1334 703 quoque
1350 663 1541 704 significant:
1567 673 1601 695 ut
1628 672 1759 706 apparet
1782 674 1822 696 ex
1838 664 1855 697 l.
1879 673 1902 694 1.
1922 662 1958 697 ὃ)

1091 704 1110 734 l.
1131 714 1160 745 3.
1180 704 1220 735 D.
1245 705 1278 734 cie
1303 705 1437 736 bonorum
1453 705 1677 746 poffefflonibus,
1700 707 1767 737 item
1791 706 1809 737 l.
1828 715 1855 737 2.
1874 705 1909 739 &³
1925 715 1956 745 3.

1091 745 1132 776 D.
1151 746 1184 776 de
1197 745 1366 781 sententiam
1378 745 1508 786 paffis&
1519 745 1666 784 renitaris.
1690 748 1732 778 At
1747 756 1812 778 non
1829 749 1871 778 ita
1887 745 1955 777 fue·
1995 760 1998 764 ⁴

1091 787 1150 825 rit;
1172 785 1193 818 fi
1210 787 1314 827 legare
1326 786 1355 818 se
1374 797 1470 818 rerum.
1486 787 1712 819 usumfructum
1728 788 1859 819 testator
1871 788 1958 818 dixe-

1091 829 1142 859 rit.
1165 829 1320 868 primum,
1337 829 1408 869 quia
1424 829 1492 860 aeris
1502 829 1595 860 alieni
1606 828 1776 869 personalis
1794 829 1876 860 aetio
1894 837 1958 860 nou

1093 879 1177 907 rem,
1201 869 1232 900 id
1249 868 1312 907 est,
1329 869 1482 907 fundum,
1500 870 1588 901 verbi
1605 871 1701 909 gratia
1713 894 1723 909 ,
1741 870 1792 901 sed
1810 869 1959 901 heredem

1091 910 1231 950 sequitur
1247 910 1266 941 l.
1291 919 1314 941 1.
1334 911 1361 951 §.
1385 915 1430 942 16.
1449 910 1489 941 D.
1518 911 1568 942 Aci
1592 911 1876 950 Seizatuseonsaltum
1893 910 1959 941 Tre-

1092 952 1254 983 bellianum.
1279 952 1395 983 deinde
1422 953 1523 982 vereri
1543 952 1611 992 quis
1630 953 1740 993 poliit,
1764 961 1803 983 ne
1819 953 1958 983 actiones

1092 1002 1223 1033 quoque
1242 1002 1311 1033 quae
1334 992 1475 1024 defuncti
1500 992 1621 1024 fuerint
1638 993 1784 1025 adversus
1800 994 1895 1029 alios,
1910 1002 1959 1024 -eo

1092 1036 1197 1076 legato
1214 1044 1278 1065 non
1290 1035 1535 1066 contineantur:
1552 1034 1623 1074 quia
1640 1035 1669 1066 in
1688 1035 1780 1066 rebus
1797 1044 1859 1065 non
1875 1044 1960 1065 com-

1093 1075 1394 1116 putantur-actiones
1410 1076 1429 1106 l.
1448 1085 1496 1112 92.
1509 1082 1551 1116 pr>
1573 1075 1609 1110 ὅ)
1631 1075 1659 1117 §.
1690 1085 1715 1107 1.
1743 1075 1786 1106 D.
1809 1077 1841 1106 (le
1859 1076 1958 1115 legatis

1091 1118 1140 1148 lib.
1160 1127 1188 1158 3.
1206 1116 1242 1151 {3⁹
1257 1119 1284 1148 d.
1302 1118 1321 1148 l.
1351 1127 1376 1148 1.
1404 1117 1432 1158 ᾗ.
1456 1121 1502 1148 16.
1525 1116 1565 1149 D,
1599 1117 1649 1148 Aa
1676 1118 1959 1155 Serzatiiscmzsultiun

1095 1158 1322 1194 Trebelliamim3
1344 1158 1420 1189 licet
1443 1159 1474 1190 in
1493 1159 1585 1190 bonis
1603 1160 1739 1190 maxime
1756 1167 1959 1190 numerentur

1091 1200 1110 1230 l.
1131 1209 1181 1238 49.
1204 1199 1246 1231 D.
1264 1201 1295 1229 cle
1309 1201 1461 1230 verborum
1479 1198 1703 1241 fignificuiiorze.
1746 1199 1855 1231 Habes
1879 1208 1960 1240 quae-

1090 1241 1179 1272 rendi
1198 1240 1330 1271 causam.
1356 1240 1495 1281 sequitur
1514 1240 1656 1280 Venuleji
1672 1239 1828 1273 definitio.
1850 1241 1880 1272 in
1900 1249 1961 1280 qua

1090 1291 1130 1313 ne
1153 1291 1249 1321 quem
1274 1283 1382 1313 turbet
1401 1282 1577 1322 disputandi
1602 1281 1725 1320 forma,
1749 1280 1963 1314 observandus

1091 1323 1136 1354 est
1161 1333 1231 1354 mos
1255 1322 1428 1355 Veterum:
1453 1332 1489 1354 ea
1514 1323 1756 1364 attingentium,
1780 1324 1819 1355 de
1843 1322 1959 1363 quibus

1091 1363 1194 1404 posset
1210 1365 1342 1404 ambigi:
1367 1372 1481 1395 caetera
1499 1373 1568 1404 quae
1592 1374 1657 1396 non
1674 1365 1786 1404 procul
1801 1372 1892 1395 certo
1910 1373 1959 1395 es·
2008 1403 2011 1405 Α

1091 1404 1160 1437 sent
1176 1428 1186 1444 ‚
1218 1406 1464 1446 relinquentium
1495 1406 1594 1436 tacito
1622 1406 1749 1437 lee’toris
1772 1405 1959 1444 intellefiui.

1092 1446 1154 1478 Sed
1173 1447 1279 1478 hocin
1296 1445 1529 1487 praesentiarum
1540 1446 1686 1478 ostendet
1698 1455 1791 1478 tenor
1808 1447 1881 1478 loci.
1906 1446 1962 1478 Ait

1093 1487 1277 1528 Venulejus.
1308 1488 1396 1519 Nihil
1413 1488 1557 1528 intereffe,
1581 1493 1681 1520 utrum
1696 1490 1760 1529 quis
1782 1488 1961 1526 bonorum,

1091 1539 1130 1561 an
1155 1539 1259 1561 reruni
1278 1530 1364 1560 tercia
1375 1530 1471 1570 panis
1492 1528 1708 1569 usumfrufflum
1724 1530 1872 1571 legaverit.
1918 1528 1962 1565 Et

1089 1570 1354 1602 additrationem.
1377 1569 1496 1607 Namfi
1511 1571 1670 1602 bonorum
1687 1569 1872 1609 ususfrae'lus
1887 1569 1964 1611 lega?

1088 1613 1185 1650 bitur,
1208 1613 1293 1643 etiam
1309 1621 1345 1643 aes
1361 1612 1487 1643 alienum
1503 1613 1667 1643 deducetur.
1699 1610 1875 1652 Significat
1894 1611 1959 1648 Vei·

1087 1653 1228 1693 nulejus,
1249 1652 1272 1684 fi
1286 1653 1334 1684 vir
1352 1654 1463 1691 uxori,
1483 1653 1571 1685 verbi
1587 1653 1686 1694 gratia
1703 1653 1788 1694 legat
1805 1651 1959 1685 usumfru-

1088 1695 1295 1734 ctumtertiae
1318 1696 1414 1733 partis
1431 1696 1587 1738 bonoram,
1610 1694 1703 1731 uxori
1719 1694 1963 1735 quidem-actio-

1088 1746 1162 1767 num
1180 1744 1251 1775 quae
1274 1735 1428 1767 defuncto
1455 1733 1602 1767 adversus
1619 1736 1697 1768 alios
1714 1736 1962 1776 competierint,

1085 1776 1313 1815 ‚usumfructum
1332 1778 1460 1809 deberi:
1479 1778 1550 1818 quia
1562 1787 1606 1808 eae
1622 1777 1763 1808 actiones
1776 1776 1887 1817 procul
1905 1777 1959 1808 du-

1073 1819 1142 1850 ·'bio
1166 1819 1197 1850 in
1223 1817 1364 1850 defuncti
1388 1819 1480 1850 bonis
1499 1818 1627 1850 fuerunt
1642 1819 1661 1850 l.
1676 1828 1726 1857 49.
1751 1817 1792 1849 D.
1809 1819 1842 1848 de
1864 1819 1961 1849 verbo·

1086 1859 1397 1901 ramslgnificatione:
1421 1859 1472 1891 sed
1490 1860 1602 1900 quibus
1630 1860 1696 1892 aliis
1714 1860 1882 1891 tenebatur
1908 1860 1962 1890 de-

1086 1901 1214 1933 functus
1233 1924 1243 1939 ,
1275 1911 1326 1932 eas
1352 1907 1447 1942 negat
1474 1900 1647 1940 Venuleius
1671 1902 1710 1933 ad
1734 1900 1960 1932 usumfructum

1088 1943 1267 1983 pertinere:
1293 1944 1410 1983 quippe
1433 1952 1504 1974 cum
1532 1952 1640 1974 verum
1665 1942 1721 1980 sit,
1744 1942 1787 1974 nil
1811 1941 1902 1973 fuiffe
1927 1942 1961 1973 in

1089 1983 1231 2015 defuncti
1249 1984 1361 2022 bonis3
1386 1983 1439 2015 nisi
1458 1985 1543 2024 quod
1561 1983 1700 2014 dedufto
1715 1992 1777 2013 aere
1794 1984 1899 2014 alieno
1914 1982 1961 2022 su.-

1088 2025 1192 2066 perest
1208 2026 1285 2064 l.539.
1304 2025 1331 2066 §¹-
1345 2034 1371 2056 1.
1389 2024 1425 2059 ἐξ
1442 2025 1461 2056 l.
1471 2030 1518 2065 83.
1538 2024 1580 2055 D.
1596 2026 1653 2054 eod.
1674 2025 1720 2061 tit.
1742 2022 1842 2066 Quod
1857 2023 1877 2055 fi
1895 2023 1959 2063 est;

1087 2067 1211 2106 optima
1233 2066 1357 2096 ratione
1382 2065 1446 2096 huc
1476 2066 1614 2097 decurrit
1641 2064 1838 2106 Venulejus:
1868 2073 1902 2096 ut
1924 2066 1958 2097 in

1087 2107 1253 2148 proposito
1279 2107 1406 2139 demum
1423 2108 1488 2147 ejus
1506 2108 1593 2147 quod
1612 2106 1754 2151 deti-adio
1772 2107 1877 2137 alieno
1895 2116 1958 2137 :ere

1087 2148 1265 2189 supererit»,
1289 2148 1434 2189 legatum
1447 2147 1518 2182 ,effe
1537 2147 1763 2183 usumfruetum
1788 2147 1957 2179 existimet.

1086 2191 1183 2230 idque
1193 2189 1414 2227 &Pomponio
1432 2189 1535 2229 placet
1545 2189 1563 2220 l.
1574 2193 1624 2225 69-
1638 2188 1679 2220 D.
1690 2190 1728 2220 ad
1738 2189 1823 2230 legem
1834 2188 1956 2220 Falcidi-

1085 2241 1142 2263 am.
1166 2230 1237 2269 Sic,
1261 2229 1282 2262 fi
1300 2231 1504 2264 bonadixcrit
1525 2230 1666 2262 testator.
1683 2230 1745 2261 Sed
1764 2227 1859 2270 quid,
1875 2229 1894 2261 li
1909 2239 1956 2267 rer

1086 2272 1231 2304 dixerit?
1255 2272 1340 2304 idem
1356 2271 1470 2306 censet
1490 2270 1662 2311 Venulejus
1680 2272 1784 2302 verbis
1802 2271 1956 2312 sequentii

1086 2315 1153 2346 bus.
1177 2313 1218 2344 Et
1236 2313 1255 2345 fi
1274 2323 1376 2345 rerum
1387 2336 1402 2351 ‚.
1412 2315 1487 2354 qaod
1500 2315 1531 2344 in
1545 2312 1704 2350 ustionibus
1718 2314 1789 2352 erit,
1813 2319 1955 2353 compara<

1085 2357 1174 2386 bitur.
1199 2355 1250 2386 Sic
1262 2355 1354 2394 legog
1370 2354 1479 2386 Sensus
1498 2353 1717 2393 Venulej-iest:
1733 2354 1763 2385 Si
1779 2363 1823 2384 res
1839 2355 1955 2389 dixerit

1087 2395 1237 2434 testator,
1253 2396 1310 2429 etfi
1319 2396 1460 2428 actiones
1472 2396 1585 2436 quibus
1602 2396 1668 2426 aliis
1687 2395 1871 2434 tenebatur,
1890 2398 1971 2428 non?

1085 2437 1226 2478 spectent
1251 2439 1289 2470 ad
1301 2447 1407 2469 ⁴rerum
1423 2437 1668 2475 usumfructum,
1692 2437 1763 2476 quia
1779 2446 1843 2468 non
1859 2437 1956 2478 magis

1082 2480 1115 2510 in
1139 2479 1204 2518 eJ'us
1229 2473 1341 2517 rebus,
1365 2478 1589 2518 quamin-ejus
1601 2478 1696 2510 bonis
1715 2477 1822 2510 fuere:
1848 2487 1956 2516 tame&

1085 2520 1244 2551 actionum
1263 2529 1339 2560 quas
1353 2520 1501 2552 adversus
1515 2520 1594 2550 alios
1613 2519 1742 2557 habuit,
1762 2518 1954 2557 ususfructus

1086 2562 1237 2593 debetur:
1252 2562 1342 2600 quia,
1361 2570 1438 2593 cum>
1450 2570 1500 2593 res
1515 2562 1580 2591 suas
1600 2560 1847 2601 legat-testator,
1863 2569 1952 2599 aeque

1085 2612 1124 2633 ac
1138 2602 1159 2634 s1
1177 2604 1249 2633 bona
1261 2606 1316 2641 sua
1340 2603 1442 2640 dicat,
1467 2600 1699 2635 universitatem
1724 2602 1841 2632 indicat
1862 2603 1881 2633 l.
1902 2611 1948 2642 14..

1085 2644 1114 2685 ᾗ.
1132 2648 1219 2684 5.’6.,
1239 2653 1266 2683 7.
1288 2648 1315 2677 8.
1335 2642 1409 2677 &A
1431 2652 1474 2683 15.
1495 2642 1530 2677 ὅ)
1551 2646 1596 2673 16.
1613 2642 1656 2674 D.
1693 2643 1741 2675 Aa
1759 2643 1954 2683 Senataseone

1075 2686 1190 2724 sulcum
1209 2683 1424 2716 Trebellianum.
1448 2686 1500 2716 ¹At
1517 2685 1600 2715 enim
1612 2706 1630 2722 ,.
1645 2685 1788 2724 inquies,
1812 2684 1832 2716 fi
1851 2686 1953 2725 legata,

1085 2728 1220 2758 bonorum
1238 2734 1291 2756 aut
1305 2733 1522 2766 rerumparte,
1544 2726 1646 2766 legata
1666 2726 1788 2757 videtur
1805 2724 1954 2759 univerfi-,

1086 2775 1150 2806 tas3
1175 2767 1250 2807 quid
1276 2766 1393 2805 refert,
1418 2775 1522 2799 utrum
1546 2767 1590 2803 ab>
1603 2767 1668 2798 aliis
1686 2767 1783 2798 fuerit
1799 2766 1949 2805 defuntsto

1084 2809 1249 2846 debitum,
1268 2806 1391 2847 vari-ipse
1407 2808 1672 2845 aliisdebuerit‘?
1694 2817 1768 2845 cum
1788 2809 1953 2848 utique—uf.

1083 2849 1246 2885 nivei-sitas
1262 2855 1325 2880 tam
1343 2849 1566 2888 incommoda,
1584 2859 1684 2889 ,quarn
1704 2851 1874 2881 commoda
1899 2847 1951 2880 Ci-,

1084 2890 1138 2922 vili
1150 2890 1222 2931 Jure
1238 2891 1469 2929 complectatur
1486 2892 1514 2922 d.
1531 2892 1549 2921 l.
1574 2900 1599 2922 1.
1616 2890 1701 2929 &aa
1716 2891 1739 2929 l.
1752 2901 1780 2931 3.
1798 2890 1839 2930 D.
1857 2891 1892 2927 de„
1903 2891 1948 2926 bo-

1083 2941 1186 2971 riorum
1198 2931 1475 2972 pqffeffifflfflffls&
1493 2934 1521 2965 d.
1538 2932 1557 2963 l.
1569 2940 1602 2965 -z-
1621 2934 1650 2965 ὅ(
1666 2943 1694 2973 3.
1709 2927 1753 2966 D.
1764 2930 1946 2970 ‘definienti‘

1083 2984 1130 3005 am
1141 2972 1228 3015 paffis
1252 2973 1288 3007 δέ’
1305 2971 1453 3015 restituas.
1476 2973 1537 3007 Sed
1554 2970 1948 3013 iaminianteseffummffi

1082 3016 1154 3053 nui,
1165 3015 1218 3045 ubi
1234 3014 1418 3048 un'iverfitas
1432 3015 1553 3055 legat-ur
1564 3015 1766 3056 ,legatarium
1778 3018 1947 3050 numquam

1083 3055 1225 3089 defuncti
1246 3066 1306 3088 aere
1324 3056 1427 3090 alieno
1440 3056 1556 3091 teneri.
1580 3047 1666 3096 2113,
1687 3054 1707 3090 fi
1723 3053 1809 3092 uxori
1826 3051 1947 3091 legatus

1084 3107 1101 3129 a
1118 3098 1186 3129 viro
1203 3096 1442 3132 fitususfnuttus
1459 3098 1559 3128 tertiae
1575 3096 1668 3137 partis
1679 3094 1876 3134 xselyboriorum
1893 3093 1948 3125 vei

1084 3143 1216 3173 remansi
1235 3139 1386 3179 mquid,
1407 3136 1429 3169 fi
1445 3139 1566 3179 legatus
1582 3128 1947 3181 gjzfit··ususfru6tus.non

1085 3181 1187 3221 tertiae
1204 3180 1301 3221 partis
1316 3181 1470 3220 bonorum,
1487 3182 1816 3220 neque.tert1ae,pflrt¹s
1831 3183 1875 3205 W
1878 3184 1927 3245 1⁴?
1928 3193 1947 3245 ἆ

1908 3224 1925 3245 e
