2036 3495
164 105 209 139 62
592 94 626 131 G
656 103 676 128 Ε
710 102 733 127 R
765 102 787 127 A
818 103 841 128 R
872 100 897 126 D
926 101 939 127 1

169 191 212 223 cti
228 188 434 232 quaessionem
453 184 515 218 effe
531 185 562 215 in
580 182 740 221 potestate
754 179 983 221 judicantium3
1006 179 1050 219 iu-

167 233 211 264 ris
234 231 455 263 auctoritatem
479 234 544 257 non
561 224 622 255 effe
638 224 659 254 l.
680 232 726 263 15.
746 222 787 253 D.
814 222 864 252 Ad
889 221 1050 260 iiiuizicipcr·

168 274 232 305 Ienz.
257 281 320 304 non
347 271 431 301 idem
458 267 525 304 est,
549 265 570 296 si
589 262 679 295 causa
696 263 979 294 condemnationis
997 271 1050 292 ne-

170 324 233 354 que
259 322 299 344 ex
324 319 427 350 poenae
451 316 588 349 genere,
613 314 673 336 nec
702 314 744 336 ex
768 303 874 335 verbis
891 304 1052 335 &tenore

169 353 336 386 sententiae
361 349 559 390 intelligitur.
586 346 632 378 est
649 346 734 377 enim
752 346 904 383 rationis;
928 354 967 375 ne
984 352 1052 375 tum

167 395 296 428 infamis
315 392 351 424 sit
370 401 459 430 reus,
485 388 629 430 quamvis
648 388 770 419 leviore
786 396 879 427 poena
899 384 1051 417 affectus:

170 437 245 476 quia
269 435 370 465 videri
387 432 494 474 potest
511 431 614 471 judex
631 429 689 460 alia
705 430 814 467 causa,
838 436 930 468 quam
950 427 1053 458 famo-

167 478 217 516 sa,
235 477 274 508 ad
292 474 600 506 condemnationem
620 470 777 503 acceffiffe
793 471 811 501 l.
824 479 852 509 3.
869 471 902 500 C.
919 471 948 499 h.
967 475 988 499 τ.
1007 478 1052 499 es-

166 519 200 550 se
218 526 323 549 antem
343 515 416 548 faeti
435 513 644 556 quaestionem
672 515 704 545 in
730 513 851 553 judicis
871 509 1052 552 p0testate,

168 561 270 592 modo
287 557 443 590 ostensum
461 556 514 588 est.

212 601 275 632 Sed
291 609 391 640 pergo
409 608 481 630 cum
494 598 645 629 l'raetore.
661 596 720 634 ait,
734 593 881 624 Paetusve
891 595 955 624 erit.
975 591 1052 623 Non

169 643 265 684 igitur
282 645 464 673 damnatum
476 647 568 670 norat
580 646 723 675 tantum,
740 637 791 667 sed
804 637 899 667 etiam
916 634 1051 675 pastum.

169 694 233 725 qua
249 682 365 715 causa?
390 683 462 723 quia
475 681 659 720 intelligitur
678 677 825 709 confiteri
839 678 958 708 crimen
972 699 981 714 ,
998 675 1052 715 qui

169 724 368 766 paciscitur-l.
381 735 410 765 5,
422 723 464 754 D.
474 723 501 753 b.
515 729 536 754 t.
558 722 603 753 est
613 730 718 752 autem
735 720 884 760 gencrale
903 719 965 748 lioe
984 727 1053 748 ver-

169 769 269 805 bum,
295 765 421 798 Pacius:
446 764 499 795 sub
523 763 552 793 se
571 764 600 794 <St
622 762 802 802 pastionem
821 763 849 791 δι
875 758 1054 791 tranlattio-

168 820 245 842 nem
267 809 455 840 continens:
481 813 513 836 ut
536 806 646 836 monui
672 804 709 835 ad
728 802 866 833 Erucium
884 803 917 832 de
942 800 1052 832 Fufiis.

170 851 270 891 igitur
290 850 309 881 si
327 849 456 890 quidem
477 848 515 878 ad
531 846 733 878 latitudinem
753 844 841 874 verbi
860 843 1054 882 spefflmuffi

171 892 300 924 infamis
327 891 386 921 erit
405 898 558 929 uterque,
585 888 614 919 ὅ(
635 888 689 927 qui
713 885 853 926 transigit
872 885 976 925 pretio
1002 884 1052 914 du-

171 943 228 971 to,
254 934 282 965 &
303 932 356 973 qni
376 931 523 971 precibus
548 930 717 969 impetrat,
741 937 781 959 ne
805 927 909 958 secum
933 933 1053 966 agatur.

171 975 234 1007 Sed
259 973 304 1006 est
328 974 427 1005 moris
453 972 606 1003 Veterum
626 994 636 1009 ,
660 970 829 1010 benignius
855 965 1056 1006 interpretari

169 1017 296 1058 Leges,
313 1025 378 1056 quo
396 1015 545 1045 voluntas
561 1021 667 1044 earum
685 1010 893 1042 conservetur
910 1009 931 1039 l.
953 1012 998 1041 18.
1019 1006 1055 1041 &³

174 1068 223 1095 19.
245 1057 285 1089 D.
302 1059 335 1088 de
354 1057 472 1098 legibus.
519 1052 553 1086 In
573 1053 717 1093 praesenti
737 1054 832 1083 etiam
850 1050 948 1081 fuerit
967 1049 1056 1080 iuliu-

171 1109 300 1133 manum
313 1123 321 1137 ,
338 1108 402 1130 non
419 1097 483 1134 dari
503 1097 604 1128 vcniae
623 1096 741 1127 locum.
765 1093 932 1125 Postremo
950 1090 1055 1121 suade-

175 1152 245 1181 am,
270 1141 324 1172 hic
341 1147 472 1180 quoque
490 1137 613 1169 adverti
632 1137 719 1177 quod
742 1135 837 1175 paulo
859 1141 931 1164 ante
949 1131 1056 1163 obser-

174 1185 267 1221 vavi,
294 1182 424 1214 austere
443 1180 650 1220 Apultjolib.
669 1188 698 1219 3.
723 1177 770 1208 De
785 1174 990 1215 Philolbphia,
1014 1174 1056 1204 in-

174 1224 339 1256 definitam
359 1226 388 1254 in
406 1222 553 1253 sermone
571 1221 792 1255 locutionem,
809 1217 910 1257 qualis
929 1215 973 1246 est
990 1224 1057 1256 vei·-

173 1267 310 1304 borum,
328 1264 475 1297 Pacius-ve
492 1264 567 1300 erit,
586 1262 615 1293 in
628 1262 753 1292 incerto
770 1259 892 1299 semper
910 1266 969 1297 pro
991 1265 1057 1296 par-

175 1308 320 1347 ticulari,
337 1307 368 1338 id
386 1305 449 1343 est,
467 1305 505 1336 de
522 1314 562 1335 co
575 1304 661 1344 quod
679 1303 780 1334 minus
791 1300 846 1335 sit,
865 1299 966 1338 accipi
984 1298 1056 1329 tuti-

176 1360 213 1381 us
231 1349 303 1380 ess'e.
334 1347 394 1380 His
407 1349 502 1387 igitur
519 1345 694 1377 rationibus
712 1344 818 1384 placet
835 1340 975 1381 Ulpiano
992 1340 1011 1370 l.
1028 1342 1058 1369 6.

174 1391 244 1433 §.3
269 1391 310 1421 1).
328 1390 354 1421 h.
367 1395 387 1421 t.
404 1391 463 1429 (ne
482 1386 769 1419 infamiainhabeat
782 1383 913 1423 simplex
931 1380 1058 1422 paCtio)

173 1444 208 1465 in
224 1432 339 1464 Edicto
358 1430 411 1462 sub
431 1429 511 1469 pacti
527 1428 746 1468 appellatione
763 1436 828 1457 non
847 1422 1058 1463 comprehen-

174 1476 253 1506 dere
271 1473 381 1520 panS
401 1471 567 1511 precibus:
593 1468 645 1500 sed
668 1478 725 1500 eos
750 1468 899 1503 demum,
923 1464 978 1505 qui
1003 1464 1059 1504 (uc

175 1514 405 1556 egregie,aju1it
416 1512 600 1543 Valerianus
611 1510 641 1541 ἃ
653 1509 819 1540 Gallienus
834 1508 853 1539 l.
872 1512 915 1541 18.
929 1507 962 1537 C.
973 1505 1000 1536 b.
1013 1505 1058 1545 t.)

174 1554 456 1595 ullosadversariis
475 1562 623 1584 nummos
636 1560 695 1592 pro
710 1551 791 1583 mala
804 1547 999 1582 conscientia
1016 1556 1058 1578 ex

176 1596 387 1630 transaeiione
403 1594 627 1626 numerassent.

216 1639 319 1671 Porro
335 1640 379 1669 ait
396 1638 537 1675 Praetor,
558 1636 622 1680 Qui
637 1642 687 1675 pro
697 1636 789 1677 fiici‘o,
808 1632 922 1669 tirtelae,
939 1631 1056 1663 aranda-

174 1682 220 1721 ti,
243 1678 375 1722 depofiii‚
391 1679 598 1720 firmorm'ne,
622 1688 679 1709 non
697 1677 841 1709 contrario
851 1675 1058 1716 judiciadum-

175 1729 266 1755 natus
289 1723 354 1752 erit.
399 1720 480 1753 Haec
498 1729 628 1760 quoque
645 1728 716 1760 pars
737 1718 888 1750 summam
906 1716 1002 1746 habet
1020 1723 1045 1744 te

174 1766 352 1806 quitatem:
378 1772 418 1794 eo
445 1762 534 1802 quod
561 1762 601 1792 ab
627 1761 674 1792 his
698 1758 916 1792 contraCtibus
940 1756 1062 1797 pendet

172 1805 354 1848 praesidium
379 1804 524 1836 humanae
542 1805 633 1835 vitae:
659 1812 728 1844 qnae
752 1802 805 1833 vix
829 1798 936 1841 potest
952 1806 1060 1829 carere

174 1847 240 1881 fide
252 1845 410 1879 &auxilio
425 1845 583 1876 amicitiae.
608 1844 751 1885 quisquis
763 1852 840 1874 vero
851 1849 963 1872 contra
977 1840 1059 1871 lianc

173 1897 295 1931 peccat
312 1888 390 1921 dolo
408 1887 493 1919 malo
511 1885 630 1926 sciens,
654 1888 680 1918 is
704 1885 820 1918 merito
837 1883 936 1923 turpis
955 1891 991 1912 ac
1009 1890 1061 1912 ne-

176 1932 276 1964 farius
293 1930 445 1963 habt-tur,
471 1929 663 1969 abrumpens
686 1927 813 1959 vincula
829 1924 958 1956 humani
972 1922 1059 1964 juris.

178 1974 235 2006 Ait
252 1973 393 2008 Praetor,
419 1970 598 2002 Damnatus.
630 1979 694 2001 non
719 1969 807 2000 addit
829 1967 953 2008 patius:
977 1965 1059 1996 utin

178 2015 353 2056 prioribus.
379 2014 407 2044 ἃ
426 2013 500 2044 idco
517 2011 537 2043 si
556 2012 625 2051 quis
642 2010 678 2042 fit
697 2010 805 2052 patius
823 2015 861 2039 de
879 2008 927 2038 his
943 2005 1060 2044 causis,

178 2066 246 2088 non
263 2056 324 2086 etit
343 2062 472 2086 notatus
507 2062 577 2084 nam
596 2053 768 2091 plurimum
789 2049 917 2083 interest
931 2072 940 2087 ‚
957 2057 1061 2078 utrum

180 2108 223 2130 ex
242 2097 427 2134 deliCto,an
447 2106 485 2127 ex
503 2094 672 2125 conti-astu
692 2095 820 2125 debitor
835 2091 882 2123 iit.
907 2090 960 2130 qui
978 2091 1062 2119 enim

182 2141 224 2171 de
248 2138 368 2170 delicto
395 2137 580 2178 paciscitur,
604 2136 792 2176 intelligitur
817 2134 927 2165 dolum
945 2131 1062 2162 malum

181 2179 344 2212 confiteri.
369 2187 398 2209 :it
417 2179 469 2218 qui
489 2179 527 2209 de
548 2178 714 2209 contractu
733 2175 890 2216 transigit,
914 2173 969 2204 etii
986 2180 1061 2203 con-

180 2222 317 2296 {raetuliJi
330 2220 478 2293 ἐξείρεαι,
504 2228 568 2251 non
586 2228 678 2260 aeque
696 2219 809 2251 malam
827 2217 925 2249 fidem
942 2215 1063 2246 fatetur

224 2274 283 2338 {iit
300 2304 440 2342 Praetor,
466 2303 537 2336 Non
556 2303 699 2333 contrario
715 2301 838 2343 jndicio.
884 2297 962 2331 Hoc
982 2298 1064 2338 adje-

183 2348 291 2386 itum,
315 2354 449 2387 propter
470 2344 625 2384 depositi,
650 2343 809 2381 mandati,
834 2342 863 2374 δι
881 2341 1010 2378 tutelae,
1035 2348 1063 2370 a·

185 2390 336 2421 ctionem.
367 2397 427 2427 pro
447 2385 534 2418 socio
554 2386 637 2417 enim
662 2385 746 2416 attio
767 2393 929 2423 utrimque
946 2381 1066 2412 dircCta

185 2431 231 2461 est
250 2431 278 2472 §-
301 2440 327 2461 2.
346 2427 418 2470 lust.
436 2430 468 2459 de
481 2437 558 2468 poen.
578 2433 641 2458 tem.
660 2427 734 2468 liti'g.
781 2425 954 2457 Contrario
971 2424 1067 2464 igitur

183 2472 304 2512 judicio
324 2472 490 2503 damnatus
507 2494 517 2509 ,
543 2479 608 2501 non
627 2478 686 2500 erit
705 2467 841 2500 infamis.
864 2476 901 2497 ac
923 2465 962 2505 (fi
981 2464 1066 2495 audi-

184 2522 257 2545 mus
274 2513 446 2552 L'lpiaiium
462 2512 480 2542 l.
499 2515 529 2542 6.
548 2511 576 2553 §.
595 2511 649 2542 ult.
671 2510 710 2541 I).
729 2511 757 2541 h.
774 2509 817 2550 t.)
840 2518 904 2540 non
928 2506 1065 2538 immeri-

187 2562 236 2585 to.
261 2554 364 2591 Nam,
388 2554 509 2593 inquit,
527 2554 558 2584 in
577 2553 727 2583 contrariis
744 2561 802 2582 non
819 2552 851 2581 de
864 2549 989 2590 perfidia
1005 2548 1063 2588 (rgi-

154 2616 158 2618 ⁴
185 2594 319 2635 tur3setl
335 2597 366 2625 de
385 2595 491 2626 calculo
507 2594 635 2636 quisere
651 2592 841 2634 J'uciiciosolet
857 2591 965 2623 dirimi.
990 2589 1065 2620 Sen-

184 2637 251 2668 sus:
274 2637 360 2680 quod
386 2637 551 2667 damnatus
572 2637 604 2666 in
629 2635 795 2666 contrariis
819 2632 965 2674 judiciis,
990 2631 1064 2661 ideo

186 2687 254 2710 nou
272 2676 308 2708 fit
328 2676 473 2716 infamis,
497 2677 569 2717 quia
589 2677 619 2708 iri
637 2677 685 2707 his
703 2686 769 2707 non
787 2677 891 2716 agitur
907 2674 947 2705 de
965 2671 1065 2703 consi-

185 2721 233 2751 iio
249 2718 278 2749 ἃ
296 2718 460 2758 proposito
476 2719 614 2750 nocendi
635 2718 831 2755 deliberate,
849 2725 914 2757 quo
931 2714 1064 2755 perfidia

187 2759 335 2793 censetur
353 2768 413 2789 una
432 2760 525 2798 impia
544 2759 572 2790 &
590 2759 720 2791 Praetori
740 2757 864 2790 odiosa:
883 2756 934 2789 sed
952 2757 992 2787 de
1004 2757 1063 2787 cal·

189 2803 285 2840 culo;
309 2801 342 2832 in
366 2809 432 2840 quo
452 2800 598 2832 admistus
616 2811 705 2832 error
723 2810 739 2831 a
758 2800 876 2831 scelere
896 2807 1010 2839 putus,
1032 2806 1070 2827 ac

188 2852 327 2880 vacuus,
349 2841 420 2872 fere
441 2841 581 2880 judicio,
605 2842 668 2874 five
683 2851 740 2882 per
755 2842 914 2882 judicem,
939 2840 1068 2871 demum

188 2885 270 2918 solet
288 2883 402 2915 dirimi.
433 2882 530 2924 Plane
551 2882 604 2914 etii
623 2885 786 2914 contrario
801 2883 923 2923 judicio
940 2882 1066 2912 damna-

189 2936 241 2959 tus
264 2925 370 2957 Edicit
393 2923 497 2955 verbis
522 2931 584 2954 uon
611 2923 665 2954 fiat
683 2925 828 2961 infamis3
851 2931 941 2965 putat
960 2931 1067 2953 tamen

189 2968 370 3008 Ulpianus,
393 2966 444 2996 vel
460 2965 525 2996 hoc
547 2964 745 3004 damnatum,
774 2965 926 2996 infamem
945 2963 1010 2995 fieri
1030 2962 1068 2994 E-

192 3010 270 3044 dieti
287 3007 461 3045 sententia3
483 3005 504 3037 si
521 3005 616 3036 fidem
640 3014 733 3044 quam
753 3007 944 3038 adversarius
961 3005 1069 3046 sequu-

192 3062 243 3084 tus
268 3050 333 3089 est,
357 3058 423 3080 non
448 3046 590 3088 praestat:
614 3053 758 3085 utputa,
783 3047 913 3087 fidejussi
932 3056 991 3087 pro
1019 3056 1070 3085 te,

193 3095 224 3126 ἃ
248 3092 343 3124 solvi:
368 3090 507 3122 mandati
532 3096 564 3119 te
589 3086 610 3119 si
629 3088 912 3127 conclamavere,
935 3089 987 3126 (id
1005 3088 1068 3126 est,

192 3135 308 3216 fecer§o
333 3130 563 3170 condemnari;
585 3136 621 3161 ut
637 3127 738 3169 saepe)
761 3127 916 3161 famosum
935 3129 1020 3161 facio
1040 3131 1070 3162 d.

235 3218 298 3259 Sed
313 3186 464 3258 a5ppaiet,
481 3213 602 3250 directo
614 3211 734 3255 judicio
752 3211 932 3245 damnatum
945 3233 955 3252 ,
972 3212 1003 3248 in
1021 3213 1070 3246 liis

997 88 1261 127 Noun-r

1322 92 1349 127 C
1383 103 1403 128 o
1434 101 1462 143 H.
1499 103 1535 128 it.

1093 182 1311 214 contractibus
1338 183 1441 214 notai-i
1465 181 1606 213 infamia.
1652 179 1769 213 Utrum
1795 187 1897 213 tamen
1924 181 1970 214 ob

1094 225 1204 255 dolum
1224 233 1344 256 tantum
1358 248 1367 261 ,
1383 233 1421 255 ati
1440 232 1534 255 etiarn
1552 224 1594 253 ob
1613 223 1737 262 culpam
1750 245 1758 259 ,
1776 223 1910 254 maxime
1926 224 1970 254 la·
2016 228 2018 230 ’

1096 265 1184 296 tam?
1208 264 1309 297 Prima
1331 265 1415 297 facie
1433 267 1486 296 vix
1504 265 1567 302 est,
1590 272 1624 294 ut
1643 264 1681 294 ab
1698 263 1825 294 infamia
1843 264 1972 295 excuse-

1096 313 1146 337 tur
1158 307 1381 346 qualicumque
1398 308 1522 337 ratioue
1540 307 1721 337 damnatus:
1740 306 1839 335 modo
1858 305 1973 336 nonsit

1096 348 1260 380 damnatus
1286 350 1450 379 contrario
1465 348 1599 388 judicio.
1630 347 1702 386 quia
1720 346 1910 386 generaliter
1928 347 1972 377 ait

1097 388 1235 434 Praetor,
1258 391 1361 421 notari
1379 399 1450 421 euin
1468 390 1519 428 qui
1539 399 1597 429 pro
1616 389 1723 425 socio,
1742 388 1869 424 tutelae,
1887 396 1973 418 man·

1097 430 1181 476 dati,
1206 431 1360 470 depositi,
1385 430 1439 462 suo
1456 431 1606 468 nomine,
1630 439 1693 460 non
1715 430 1878 460 contrario
1893 430 1973 467 jndi-

1096 481 1148 502 eio
1166 472 1329 503 damnatus
1341 472 1410 503 erit.
1436 472 1551 512 quue
1567 473 1667 503 niodo
1686 469 1791 512 potest
1808 471 1839 501 in
1857 468 1974 500 Orato-

1096 522 1130 544 re
1157 513 1285 558 tolerari
1308 513 1377 544 haec
1401 514 1568 545 Ciceronis
1593 513 1799 554 exaggeratio
1818 535 1828 549 ‚
1858 512 1916 543 Pro
1940 511 1973 543 S.

1097 554 1196 591 Roscio
1213 555 1351 585 Amerino
1368 565 1391 585 c.
1407 560 1463 595 33..
1502 555 1539 586 In
1560 556 1687 594 pri-eritis
1711 551 1832 591 rebusfi
1848 555 1898 594 (χιιι
1915 562 1974 582 rem

1096 597 1265 627 mandatam
1280 605 1337 641 iiim
1352 600 1429 627 mocio
1447 595 1614 633 malitiosius
1626 595 1766 636 geffiffet,
1789 598 1834 631 sui
1852 592 1975 635 questus

1097 642 1148 669 cizic
1164 638 1299 681 conrintini
1315 643 1419 675 caula,
1441 647 1544 668 verum
1566 641 1652 668 einim
1669 637 1884 679 negligentium
1908 644 1972 665 eum

1095 679 1215 720 majores
1223 680 1374 717 summum
1384 677 1533 719 admiffiffe
1544 680 1662 710 dedecus
1678 678 1893 717 eleiziiicilmnt.
1913 676 1976 707 Ita-

1095 731 1149 762 que
1160 720 1292 750 marniaci
1307 717 1493 759 constitutum
1509 718 1699 761 estjudicitim
1710 745 1718 757 ,
1733 730 1788 751 uon
1800 721 1896 750 minus
1913 724 1975 748 lur-

1090 771 1143 803 pe,
1167 771 1255 802 quam
1270 761 1361 798 furti,
1399 761 1451 791 Sic
1470 761 1609 793 Cicero:
1633 762 1729 793 causae
1751 762 1888 792 seiviens
1907 769 1977 790 ora·

1098 806 1304 848 toi-iornore.
1329 800 1400 832 Nos
1422 811 1531 834 verum
1548 811 1746 842 quaerentes,
1764 802 1977 843 separabimus

1098 845 1202 876 Edisti
1215 844 1311 874 verba
1321 844 1359 874 ab
1376 843 1441 883 ejus
1453 852 1573 877 mente.
1595 845 1654 875 hac
1671 845 1772 876 refert
1786 845 1816 875 in
1835 844 1883 874 his
1900 852 1977 874 con-

1099 886 1271 922 tratribus,
1296 892 1401 916 utrum
1425 885 1469 916 ob
1491 885 1601 916 dolum
1625 886 1693 924 quis
1717 887 1885 917 damnetur
1902 909 1910 922 ‚
1936 893 1976 915 an
2029 917 2032 922 ⁴

1099 929 1143 959 ob
1153 928 1290 973 culpam.
1308 935 1396 957 certe
1408 935 1532 964 aequum
1546 926 1609 965 est,
1627 928 1662 959 iis
1679 927 1798 968 ignosci
1817 928 1871 966 qui
1888 927 1979 966 igno-

1099 977 1223 1004 ranter,
1242 969 1478 1007 imprudenter,
1497 969 1688 1009 incauteque
1702 969 1864 1000 labuntur:
1882 977 1913 998 at
1927 977 1979 997 ve-

1099 1013 1184 1042 niam
1208 1010 1326 1041 habere
1351 1018 1424 1041 eum
1452 1010 1503 1048 qui
1523 1010 1623 1042 sciens
1640 1019 1770 1050 peccat,
1794 1019 1858 1041 non
1877 1009 1922 1040 est
1941 1019 1981 1039 ae·

1101 1062 1210 1092 quum.
1260 1051 1346 1082 Huic
1371 1052 1414 1082 rei
1440 1051 1572 1082 evidens
1600 1052 1719 1092 praebet
1737 1059 1979 1092 argumentum,

1101 1093 1265 1134 quodipse
1283 1093 1406 1125 Praetor
1422 1092 1461 1123 ab
1479 1092 1606 1124 infamia
1626 1094 1783 1124 conti-aria
1801 1092 1980 1132 excipitju-

1102 1136 1193 1167 dicia.
1227 1144 1287 1166 nec
1306 1134 1349 1165 est
1368 1134 1521 1172 dubium;
1547 1134 1642 1174 quin,
1668 1144 1732 1165 uno
1753 1134 1801 1164 vel
1820 1135 1921 1164 altero
1939 1134 1982 1164 le-

1099 1187 1139 1219 ge
1161 1177 1366 1213 inti-odusto,
1391 1176 1475 1206 bona
1501 1176 1537 1207 iit
1561 1175 1705 1215 occasio,
1731 1177 1825 1207 etiam
1842 1182 1980 1213 caetera,

1099 1220 1137 1250 ad
1155 1220 1300 1250 eamdem
1321 1217 1489 1248 utilitatem
1510 1219 1693 1254 tendentia,
1710 1217 1980 1257 interpretatione

1101 1260 1238 1301 suppleri
1259 1260 1277 1290 l.
1302 1268 1344 1290 12.
1365 1258 1400 1293 ὃ)
1421 1268 1468 1300 13.
1492 1258 1530 1290 D.
1550 1261 1582 1289 cle
1598 1259 1715 1299 legibus.
1754 1259 1814 1290 Sed
1832 1260 1900 1297 quis
1918 1259 1984 1289 ani-

1101 1312 1171 1334 mus
1188 1302 1223 1332 iit
1241 1301 1390 1338 Praetori,
1416 1301 1516 1339 palam
1534 1301 1683 1339 exprimit
1700 1299 1854 1339 Ulpianus
1872 1301 1889 1330 l.
1906 1303 1935 1330 6.
1952 1299 1980 1341 ᾗ.

1101 1344 1154 1375 ult.
1176 1343 1219 1374 D.
1237 1343 1264 1373 b.
1278 1349 1299 1372 t.
1318 1342 1489 1380 Contraria,
1508 1343 1796 1383 inquiens‚jzidr'c2‘0
1813 1347 1984 1372 ‹lainmrtitm

1102 1395 1160 1416 non
1178 1384 1229 1425 effe
1245 1384 1395 1422 z‘nftimem.
1426 1393 1495 1413 mim
1520 1385 1551 1414 in
1569 1386 1723 1415 contrariis
1739 1393 1796 1414 non
1812 1385 1844 1413 de
1856 1382 1982 1423 perfidia
2022 1412 2027 1417 χ

1100 1427 1170 1469 agi,
1189 1427 1238 1465 secl
1255 1427 1287 1456 de
1304 1425 1409 1455 calculo
1425 1425 1550 1465 quifert·
1565 1426 1673 1466 judicio
1689 1425 1754 1461 lblet
1772 1425 1882 1456 dirimi.
1920 1423 1981 1455 Ul-

1102 1471 1212 1509 pianus
1237 1473 1301 1497 duo
1326 1467 1421 1498 tradit
1448 1476 1505 1506 pro
1531 1466 1704 1505 exploratis
1725 1475 1731 1497 :
1754 1467 1892 1507 primum
1916 1468 1980 1504 ait,

1105 1509 1271 1551 perfidiam
1290 1518 1306 1539 a
1322 1507 1465 1540 Praetore
1486 1509 1606 1538 notai-i:
1632 1509 1750 1539 deinde
1767 1516 1880 1548 negat,
1899 1508 1984 1538 dam-

1101 1559 1212 1583 natum
1231 1550 1391 1581 contrario
1409 1550 1527 1589 judicio
1547 1549 1607 1580 effe
1625 1549 1797 1581 infamem:
1815 1549 1983 1586 nimirum,

1101 1594 1172 1631 quia
1191 1603 1220 1623 in
1248 1592 1416 1623 contrariis
1432 1591 1560 1630 judiciis
1579 1601 1643 1621 non
1668 1590 1746 1622 solet
1765 1590 1813 1630 agi
1833 1590 1873 1621 de
1891 1588 1984 1629 perfi-

1101 1636 1161 1665 dia.
1186 1635 1228 1665 ita
1249 1634 1332 1671 prius
1354 1631 1416 1671 est,
1434 1641 1465 1663 ut
1484 1640 1590 1672 tutor,
1607 1633 1696 1664 verbi
1714 1633 1831 1673 gratia,
1850 1631 1893 1662 ob
1911 1640 1983 1670 per-

1102 1675 1206 1708 fidiam
1225 1674 1273 1706 lia⁷
1288 1674 1423 1706 insaniis.
1445 1674 1576 1705 alterum
1588 1699 1598 1710 ,
1615 1681 1649 1705 ut
1660 1674 1703 1705 ob
1722 1676 1802 1705 hanc
1818 1672 1916 1704 solam
1925 1682 1983 1704 no-

1105 1726 1201 1749 tetur.
1226 1717 1346 1756 absque
1365 1717 1447 1748 enim
1469 1717 1531 1747 lioe
1551 1716 1645 1756 ess'et3
1671 1725 1750 1747 varia
1769 1715 1857 1746 foret
1876 1713 1985 1754 Ulpia-

1103 1761 1134 1793 ni
1163 1757 1309 1791 definitio
1326 1782 1334 1796 ‚
1360 1757 1507 1790 Edictum
1534 1760 1574 1790 ad
1600 1758 1757 1790 conti-aria
1780 1758 1896 1797 judicia
1916 1766 1985 1788 non

1103 1803 1283 1844 pertinere:
1301 1810 1341 1832 eo
1359 1801 1445 1839 quod
1467 1802 1506 1831 de
1524 1800 1656 1840 pei-sidia
1672 1800 1702 1831 in
1722 1800 1770 1831 his
1787 1808 1851 1830 non
1871 1798 1985 1839 quaeri-

1105 1853 1165 1876 tur.
1185 1852 1217 1874 at
1234 1843 1253 1875 fi
1267 1844 1385 1875 Praetor
1399 1842 1494 1873 solnm
1512 1850 1603 1873 notat
1620 1839 1803 1882 perfidiam:
1820 1850 1881 1880 qua
1897 1839 1987 1871 fron-

1105 1895 1137 1917 te
1157 1886 1296 1919 dicamus
1310 1908 1318 1923 ‚
1344 1886 1524 1916 damnatum
1544 1885 1587 1915 ob
1604 1885 1697 1916 latum
1719 1884 1845 1923 culpam
1863 1880 1924 1913 esse
1942 1882 1988 1913 in-

1103 1927 1248 1959 famem?
1266 1926 1310 1957 est
1330 1928 1413 1958 enim
1432 1925 1490 1956 alia
1507 1926 1568 1957 lata
1586 1927 1695 1965 culpa,
1712 1926 1790 1957 alius
1807 1924 1907 1956 dolus.
1926 1924 1984 1954 do-

1104 1971 1152 2002 lus
1180 1968 1316 2000 nascitur
1340 1977 1381 1999 ex
1406 1967 1559 1999 coiililin:
1584 1968 1644 1998 lata
1668 1968 1761 2006 culpa
1780 1976 1819 1997 ex
1838 1965 1986 1995 socordia

1106 2011 1156 2042 seu
1177 2010 1388 2051 simplicitate.
1414 2010 1507 2041 dolus
1525 2008 1623 2039 habet
1644 2007 1823 2039 scientiam:
1840 2007 1900 2037 lata
1919 2006 1986 2036 cul-

1106 2063 1145 2093 pa
1163 2052 1386 2092 ignorantiam.
1412 2050 1504 2081 dolus
1523 2050 1587 2088 est,
1604 2050 1708 2080 omnis
1728 2049 1901 2084 calliditas,
1924 2047 1985 2078 fal-

1107 2094 1185 2126 lacia
1197 2117 1206 2131 ,
1230 2092 1427 2124 machinatio
1439 2115 1448 2130 ‚
1465 2092 1502 2122 ad
1521 2091 1856 2128 circumveniendum,
1875 2088 1985 2120 fallen-

1107 2136 1203 2172 dum,
1228 2135 1471 2174 decipiendum,
1495 2133 1627 2165 alterum
1647 2132 1789 2164 adhibita
1812 2132 1831 2162 l.
1859 2140 1883 2162 1.
1908 2129 1936 2171 §.
1954 2140 1984 2161 2.

1108 2177 1150 2209 D.
1166 2177 1199 2208 de
1214 2176 1274 2207 dolo
1286 2176 1376 2207 wicilo:
1392 2175 1452 2206 lata
1472 2174 1565 2215 culpa
1583 2174 1627 2205 est
1638 2197 1647 2212 ,
1663 2173 1759 2205 nimia
1775 2172 1987 2213 negligentia:

1108 2220 1140 2250 id
1158 2217 1223 2255 est,
1248 2227 1312 2250 non
1332 2217 1511 2255 intelligere
1531 2216 1619 2256 quod
1640 2223 1752 2247 omnes
1768 2213 1948 2254 intelligunt
1964 2212 1987 2244 ἰ.

1109 2270 1179 2301 213.
1197 2259 1290 2300 §.ult¹
1307 2258 1349 2289 D.
1368 2256 1615 2298 del'erb.figmjf.
1641 2256 1717 2288 Hoc
1734 2256 1864 2296 egregie
1882 2253 1988 2285 obser-

1110 2302 1196 2333 vavit
1215 2300 1370 2341 Ulpianus
1389 2300 1406 2330 l.
1418 2309 1446 2340 3.
1463 2299 1554 2340 §.ult
1575 2298 1618 2330 D.
1634 2300 1668 2329 cie
1683 2297 1816 2338 siispecffiis
1831 2297 1986 2327 tutoribus.

1110 2353 1171 2375 nec
1187 2343 1292 2374 minus
1310 2340 1501 2381 justinianus
1516 2341 1544 2382 §.
1563 2344 1594 2372 6.
1615 2338 1686 2380 Inst.
1704 2340 1760 2370 eod.
1778 2340 1824 2369 iic.
1847 2337 1888 2368 fic
1913 2336 1989 2368 scri·

1110 2386 1207 2423 bens,
1225 2382 1377 2423 Suspeftus
1393 2389 1489 2412 atatem
1506 2388 1648 2420 remotus,
1663 2379 1685 2419 si
1700 2381 1813 2422 quidem
1823 2380 1855 2409 ob
1869 2378 1987 2418 dolum,

1103 2427 1238 2467 stiinolus
1255 2424 1310 2466 est:
1333 2424 1356 2460 fi
1371 2426 1402 2455 ob
1418 2424 1532 2464 culpam
1548 2433 1604 2453 vion
1621 2431 1707 2464 aeque.
1734 2421 1912 2460 Imperator
1929 2420 1988 2450 do-

1110 2470 1175 2500 lum
1202 2467 1341 2507 opponit
1367 2466 1489 2506 culpae:
1514 2465 1579 2495 doli
1598 2465 1727 2503 quidem
1746 2461 1988 2500 nuncupatione

1110 2509 1295 2550 perfidiam,
1319 2508 1350 2538 id
1368 2506 1431 2543 est,
1456 2505 1639 2543 consilium,
1665 2504 1694 2535 &
1711 2503 1871 2534 scientiam
1884 2525 1893 2541 ‚
1911 2501 1991 2533 defi-

1107 2560 1224 2587 enans:
1241 2558 1273 2581 at
1289 2549 1390 2589 culpae
1407 2547 1623 2588 appellatione
1639 2546 1765 2587 culpam
1782 2545 1876 2576 latam
1893 2552 1989 2584 quam

1109 2592 1265 2633 Ulpianus
1284 2592 1311 2622 cl.
1331 2591 1350 2622 l.
1368 2600 1397 2631 3>
1416 2589 1445 2630 §.
1464 2588 1517 2619 ult.
1543 2595 1639 2619 vocat
1656 2586 1868 2628 imperitiam,
1887 2584 1990 2625 segni·

1109 2635 1184 2666 tieni
1195 2657 1204 2671 ,
1219 2632 1471 2673 simplicitatem,
1484 2630 1627 2661 inertiam
1639 2652 1647 2666 ‚
1663 2628 1883 2660 rusticitatem.
1902 2627 1990 2658 Huic

1108 2685 1187 2708 rneae
1214 2672 1471 2713 interpretationi
1496 2680 1561 2703 non
1585 2670 1727 2702 adferam
1753 2669 1875 2701 firmius
1900 2677 1990 2710 argu-

1108 2723 1270 2755 mentum,
1287 2723 1380 2754 qnam
1398 2713 1484 2753 quod
1500 2719 1587 2743 tutor
1602 2722 1618 2743 a
1635 2712 1734 2743 tutela
1751 2719 1924 2749 numquam
1941 2719 1989 2740 re·

1109 2766 1259 2791 movetur
1282 2757 1327 2787 ob
1352 2755 1477 2795 culpam
1503 2755 1626 2786 levem:
1657 2753 1822 2794 (quippe3
1848 2761 1922 2783 cum
1947 2760 1989 2782 ne

1111 2799 1200 2832 causa
1219 2799 1346 2839 quidem
1363 2795 1397 2828 sit
1415 2797 1516 2827 virum
1534 2796 1655 2827 bonum
1676 2796 1705 2826 ὅ(
1728 2795 1879 2826 idoneum
1896 2792 1935 2824 ab
1952 2801 1989 2823 ea

1111 2839 1299 2874 removendi
1316 2839 1360 2871 ob
1378 2839 1481 2869 levem
1500 2837 1663 2877 errorem)
1680 2835 1732 2867 sed
1749 2836 1793 2867 ob
1803 2835 1988 2875 segnitiem,

1111 2882 1318 2915 rusticitatem
1330 2904 1339 2919 ,
1363 2880 1536 2920 ineptiam,
1553 2878 1786 2917 simplicitatem
1798 2900 1806 2914 ‚
1823 2876 1986 2913 inertiam,

1112 2925 1143 2956 id
1170 2923 1233 2961 est,
1258 2923 1301 2954 ob
1325 2923 1356 2953 id
1382 2922 1469 2962 quod
1494 2930 1558 2952 non
1578 2919 1624 2951 est
1649 2920 1784 2950 idoneus
1801 2918 1840 2949 tid
1857 2916 1988 2949 admini-

1111 2965 1270 2998 strandum
1282 2988 1290 3001 ‚
1315 2963 1377 2995 sive
1393 2970 1427 2994 ut
1444 2962 1529 3000 dixi,
1553 2962 1598 2992 ob
1614 2962 1739 3001 culpam
1758 2961 1868 2997 latam,
1886 2966 1956 2988 eum
1970 2964 1989 2986 a

1114 3007 1213 3039 tutela
1229 3007 1316 3037 abire
1328 3029 1335 3043 ‚
1352 3005 1474 3045 integra
1491 3002 1745 3038 existimatione,
1761 3002 1854 3042 (cum
1873 2998 1988 3029 nullam

1113 3047 1414 3081 merueritinfamiae
1426 3054 1572 3086 poenam,
1589 3047 1641 3085 qui
1659 3044 1761 3075 noluit
1774 3047 1925 3081 peccare,
1944 3044 1991 3067 et·

1113 3090 1134 3122 fi
1151 3089 1254 3129 lapsus
1273 3088 1322 3120 sua
1339 3088 1458 3128 ineptia
1476 3085 1704 3125 socordiaque)
1721 3082 1847 3115 rationis
1869 3077 1933 3125 est,
1957 3078 1989 3109 &

1114 3131 1239 3164 constat
1255 3130 1440 3162 testimonio
1458 3128 1582 3168 Ulpiani
1599 3129 1628 3158 d.
1644 3128 1662 3156 ι.
1683 3135 1711 3166 3.
1728 3123 1756 3164 §.
1776 3121 1840 3167 W:
1855 3119 1931 3166 Dixi
1948 3120 1991 3151 de

1113 3171 1416 3212 reelegantiffima,
1440 3177 1593 3210 quantum
1611 3165 1721 3197 sufficit
1743 3163 1816 3193 liuic
1833 3160 1991 3193 instituto·

1114 3216 1203 3256 plura
1228 3213 1364 3246 scribam.
1387 3210 1467 3246 infra
1485 3210 1525 3244 ad
1540 3208 1686 3242 Titulurn
1706 3203 1751 3236 De
1758 3201 1899 3246 suspeffiis
1916 3207 1990 3274 tux-

1855 3346 1878 3357 A
