2052 3487
243 171 312 206 154

245 248 414 287 Donatus,
430 249 468 279 ad
487 246 650 278 Terentium
667 244 790 286 Adelph.
810 254 838 277 2.
853 255 881 277 2.
906 245 1107 287 Faenemtum,

245 290 283 329 eli
304 300 368 322 cum
384 291 461 320 lucro
478 289 621 319 redditum
641 286 678 322 δέ)
693 286 928 328 multiplicatum.

288 332 394 364 Recte.
420 339 490 360 narn
516 328 621 360 foeuus
644 338 661 360 a
687 328 757 359 fetu
782 328 917 368 dicitur,
942 329 1074 370 &quali
1090 339 1108 361 a

243 372 358 404 fetura.
399 370 524 408 Festus,
550 370 670 409 verbo,
686 371 799 409 fenus:
832 369 926 402 Fenus
944 372 1107 413 appellatur

244 413 389 444 naturalis
403 419 481 442 terrie
491 412 595 451 felu53
629 413 662 443 ob
677 421 765 453 quam
790 417 906 451 causam
923 423 1106 444 nummorum

237 456 323 494 fetus
341 455 435 493 fenus
456 451 495 494 ⁶st
517 458 675 492 vocatum,
706 452 743 487 &²
764 454 798 484 de
821 463 854 485 eu
878 463 908 484 re
932 454 1003 495 leges
1019 455 1105 494 fene-

241 498 310 526 bres.
334 496 427 535 fenus
444 493 687 535 &fener-utores,
719 494 755 529 &³
779 494 826 526 lex
841 496 873 525 de
896 496 1006 527 credita
1020 503 1105 535 pecu-

243 538 294 568 nia
306 537 437 576 fenebris
452 546 470 568 a
483 536 554 575 fetu
571 536 668 576 dieta,
692 539 767 578 quod
784 537 884 567 crediti
907 537 1018 568 nummi
1034 537 1105 568 ulios

237 580 358 619 pariant
372 601 383 616 ,
414 583 448 608 ut
473 579 551 619 apud
573 578 687 610 Graecos
703 579 800 609 eadem
814 587 858 607 res
875 576 967 611 vlu&
986 578 1103 610 dicitur,

232 619 341 658 fenum
366 629 477 661 quoque
491 625 647 661 pratorum
670 621 706 651 ab
729 619 784 650 hac
810 619 897 653 caula
924 617 963 659 est
979 619 1104 660 appella-

240 665 302 692 tum
312 684 322 699 ,
337 666 451 703 quando
468 662 498 692 id
513 661 604 702 ipsum
619 670 737 692 manens
756 661 914 702 quotannis
931 670 1040 691 novum
1051 667 1105 702 pa-

238 704 288 733 rit.
311 704 388 733 unde
411 703 498 734 etiam
516 700 631 743 festuca
647 707 751 733 vocata
767 699 816 743 est.
857 702 945 733 ldem
970 701 1040 733 fere
1064 702 1103 734 A.

238 742 365 776 Gellius
381 767 390 782 ‚
419 744 467 775 lib.
490 748 535 776 16.
560 743 650 776 Nou.
674 743 769 775 Attic.
794 753 818 774 c.
838 752 884 775 12.
910 743 1008 774 verba
1025 741 1105 776 Gcl·

238 785 282 817 lii.
325 784 479 817 Fenerator
503 786 578 816 enim
595 808 605 824 ‚
636 786 684 816 uti
699 784 748 816 M.
768 784 864 816 Varro
881 785 912 815 in
927 784 998 816 libro
1021 785 1104 816 tertio

237 828 272 858 cle
279 827 411 867 sermone
432 827 540 858 Latino
554 824 692 867 scripsit,
713 837 732 858 a
743 826 848 866 fenore
871 823 910 866 eft
926 827 1102 859 nominatus.

230 868 325 908 fenus
346 874 442 900 aulem
464 867 573 899 dietam
596 878 614 900 ιι
624 868 696 908 fetu
722 867 758 902 δ’
778 865 861 909 quasi
877 878 895 898 α
911 867 1018 908 fetura
1031 877 1104 909 qua-

238 910 305 940 dam
317 912 444 949 pecunie
455 911 600 950 parientis
618 915 703 951 atque
728 909 920 948 increscentis.
943 910 1048 940 idcirco
1066 908 1104 944 ὅθ

236 950 286 982 M.
311 951 447 982 Catonem
474 950 510 985 δέ)
528 957 641 982 caeteros
664 951 755 982 oetatis
780 950 840 981 e'us
855 950 1053 990 feneratorem
1061 949 1103 988 fi-

235 1002 270 1023 ne
296 1003 314 1023 α
331 993 416 1023 litera
429 991 629 1033 pronuntiaffe
647 993 755 1028 tradit,
774 960 866 1029 sicuti
875 991 961 1031 fetus
984 993 1040 1033 ipse
1067 992 1105 1027 ὅ)

228 1034 400 1074 fecunditas
424 1034 577 1074 appellata.
627 1032 755 1065 Nonius
782 1042 914 1074 quoque
938 1043 962 1065 c.
984 1042 1009 1065 1.
1034 1040 1103 1076 pag.

233 1085 304 1115 513.
330 1074 422 1106 Fenus
444 1075 602 1116 (inquit)
623 1077 658 1107 ab
680 1084 708 1105 eo
734 1073 843 1105 duflum
868 1073 907 1115 estL
922 1097 933 1114 ‚
964 1077 1039 1115 quod
1054 1082 1104 1116 pe-

234 1118 350 1147 cuniam
384 1118 487 1157 pariat
523 1117 691 1155 increl'centi
730 1122 860 1156 tempore.
905 1115 988 1157 quast
1018 1116 1105 1156 fetus

234 1164 286 1189 ant
302 1158 418 1197 fetura.
466 1158 550 1190 Num
577 1157 614 1191 {9⁹
637 1158 745 1190 Graecis
768 1159 858 1190 edu&-
882 1158 991 1189 dieitur
1015 1158 1063 1187 >²713
1085 1157 1109 1190 g?

234 1200 318 1229 τίὶῖειν
334 1222 343 1237 ,
373 1200 448 1240 quod
472 1197 511 1239 esi
535 1206 646 1240 parere.
691 1199 792 1230 Varro
818 1199 872 1229 lib.
891 1208 919 1239 3.
953 1199 994 1230 de
1017 1198 1104 1230 Lati-

234 1250 277 1271 no
298 1240 386 1271 sei-m.
411 1240 505 1271 Fenus
528 1247 626 1271 autem
647 1239 758 1271 dilium
779 1237 817 1279 est
841 1250 858 1271 a
874 1240 945 1279 fetu
964 1239 1001 1274 [⁶5⁹
1022 1238 1105 1279 quasi

226 1282 333 1322 fetura
355 1283 481 1323 quadam
503 1284 640 1321 pecuniae.
684 1281 768 1312 chnz
786 1281 822 1315 &¹
842 1281 978 1311 Catonem
1001 1280 1037 1315 ὅ)
1055 1292 1104 1312 cce·

235 1329 307 1354 leros
323 1324 499 1363 antiquiores
511 1322 575 1361 fine
593 1333 606 1354 ο
623 1323 707 1354 litera
716 1322 808 1361 fenus
820 1323 1021 1362 pronunciasse
1036 1333 1101 1353 con-

233 1366 349 1403 tendit,
372 1371 405 1395 ut
422 1364 509 1404 fetus
532 1364 569 1399 ἐπ’)
585 1365 768 1404 fecunditas.
810 1363 862 1394 Sic
880 1362 1017 1395 Veteres
1034 1363 1100 1395 sen-

232 1407 326 1438 tiunt.

274 1448 316 1478 At
347 1445 494 1478 Salmafio
509 1469 519 1485 ‚
553 1445 600 1477 De
633 1444 729 1484 usuris
750 1455 775 1476 c.
795 1455 824 1477 2.
847 1443 961 1484 sedet,
992 1444 1100 1478 foenus

232 1498 299 1521 non
325 1487 415 1519 sortis
434 1496 557 1528 pai-tum
586 1485 781 1528 fignifica1·e;
812 1485 867 1518 sed
889 1486 1006 1518 sortem
1029 1497 1099 1528 quae

232 1531 337 1570 pai-it:
372 1529 486 1560 deduci
518 1528 605 1559 enim
629 1536 646 1557 a
676 1527 762 1565 nealal,
792 1526 857 1559 five
886 1531 997 1567 ποῖνςῷι,
1029 1538 1099 1569 quae

230 1570 267 1603 fit
284 1579 407 1601 merces
435 1571 485 1601 vel
508 1570 646 1610 pretium
666 1591 677 1608 ,
709 1569 759 1601 vel
785 1577 897 1610 poena:
930 1570 1099 1602 &idcirco

230 1611 272 1644 fic
289 1611 419 1652 propi-ie
438 1611 588 1652 appellari
615 1611 784 1651 pecuniam
803 1610 956 1642 creditam
972 1621 1008 1642 ea
1024 1621 1101 1643 con-

229 1653 374 1690 ditione,
399 1661 433 1683 ut
455 1662 516 1693 pro
535 1652 601 1693 ejus
619 1650 673 1684 usu
692 1650 869 1684 solveretur
885 1653 1005 1693 aliquid
1021 1663 1100 1685 mer-

229 1695 318 1726 cedis
342 1694 498 1726 nomine:
530 1694 625 1725 etiam
651 1694 824 1733 pecuniam
856 1693 1026 1734 aliquando
1056 1696 1099 1726 ita

228 1744 367 1770 mutuam
392 1735 456 1767 dari
478 1746 488 1776 ;
520 1742 555 1767 ut
577 1734 598 1767 fi
625 1735 706 1766 intra
732 1734 942 1775 praestitutum
971 1742 1098 1776 tempus

228 1787 295 1810 non
321 1777 397 1810 effet
423 1778 547 1809 reddita
563 1799 575 1815 ,
605 1786 665 1818 pro
689 1785 788 1808 morae
806 1786 902 1817 poena
922 1777 1099 1808 incremen-

229 1829 297 1854 tum
315 1820 519 1861 penderetur.
563 1818 642 1850 Vult
666 1818 762 1859 igitur
784 1816 966 1856 Salmasius,
989 1817 1096 1851 foenus

228 1873 293 1896 non
314 1861 434 1894 usuram
447 1885 456 1899 ‚
479 1860 534 1893 sed
553 1860 690 1898 sortem,
721 1858 887 1899 indigitare
905 1868 915 1897 ;
945 1868 983 1890 ac
1003 1861 1067 1891 dici
1084 1883 1095 1899 ‚

231 1904 312 1946 quasi
331 1905 451 1945 seinos,
477 1904 560 1934 unde
581 1901 698 1933 fastum
711 1900 965 1941 foenorfoenoris‚
990 1900 1019 1932 ἀ
1037 1910 1096 1941 po-

229 1947 346 1979 stremo
366 1944 607 1984 foenusfoenoris.
653 1942 715 1974 Sed
738 1952 804 1974 non
827 1943 934 1982 placet
958 1941 1095 1974 Salmafii

228 1987 395 2020 sententia.
418 1995 489 2017 nam
513 1993 548 2017 ut
566 1986 595 2016 ei
620 1984 733 2022 detur,
755 1982 863 2015 foenus
886 1983 949 2014 dici
968 1993 985 2014 a
1008 1984 1095 2020 ποινῆς

227 2038 335 2062 tamen
360 2028 437 2069 quid
461 2027 530 2065 est,
560 2035 618 2058 cur
643 2025 751 2058 foenus
772 2025 871 2066 magis
895 2022 1013 2057 sortem
1038 2034 1095 2057 no-

228 2078 295 2110 tet,
319 2079 415 2111 quam
439 2068 558 2101 usuram
584 2076 655 2109 quae
674 2067 720 2099 est
736 2075 860 2099 merces
883 2075 942 2107 pro
967 2065 1021 2097 usu
1039 2075 1094 2107 pe-

229 2112 330 2144 cuniae
343 2136 352 2151 ,
375 2111 408 2143 id
425 2109 493 2150 est,
514 2110 603 2143 ποιννὶε
623 2108 676 2140 sed
693 2118 754 2140 nec
772 2106 896 2140 causam
915 2107 1012 2139 habet
1029 2108 1092 2139 Sal-

229 2152 341 2185 mafius
359 2176 369 2192 ,
399 2161 455 2183 cur
472 2162 488 2183 a
512 2150 686 2183 Veteribus
704 2151 744 2182 de
766 2149 856 2182 verbi
884 2150 1007 2190 origiue
1030 2150 1092 2180 dis-

228 2194 353 2227 sentiat.
378 2192 588 2234 probabiliter
609 2193 652 2223 illi
668 2192 757 2230 fenus
775 2201 793 2222 a
808 2191 880 2231 fetu
906 2191 1091 2229 deduxere,

229 2237 307 2274 vel,
330 2236 420 2276 quod
438 2233 562 2265 Voffius
581 2232 750 2273 suspicatur
775 2233 806 2264 in
826 2231 1031 2271 Etimologico,
1054 2232 1093 2263 ab

228 2277 360 2318 antiquo
379 2276 408 2307 ἃ
424 2274 573 2307 obsoleto
591 2275 693 2305 verbo
703 2274 775 2314 feo:
799 2273 885 2305 unde
902 2273 1023 2313 &fetus
1038 2273 1091 2312 sit,

230 2320 261 2352 <Sc
270 2319 438 2360 fecundus,
465 2316 612 2355 &fenum
627 2339 637 2355 ,
662 2315 692 2347 ὃς
706 2316 824 2355 femen,
848 2315 877 2346 ἀ
888 2314 1015 2355 femina.
1039 2324 1093 2356 pa-

227 2362 305 2394 riter
328 2368 363 2391 ut
385 2369 401 2389 a
425 2362 486 2393 eim
510 2356 554 2389 cst
583 2361 623 2392 φῆ
649 2358 736 2397 quod
769 2355 878 2398 postea
906 2354 1026 2387 fastum
1055 2355 1093 2388 fit

219 2404 291 2443 for,
308 2401 390 2442 fori:
415 2399 499 2431 unde
515 2422 524 2436 ,
554 2397 642 2430 simili
661 2398 894 2436 productione,
925 2397 1090 2438 fitfatutn,

229 2443 439 2482 ‹St-facundus,
463 2441 493 2472 ὅς
507 2440 629 2480 fanum.
653 2439 796 2480 facitque
817 2440 862 2471 illi
879 2439 1090 2479 conjetkurae,

227 2485 318 2522 quod
342 2483 425 2516 Cato
444 2482 472 2514 ἃ
491 2484 599 2513 caeteri
619 2481 814 2521 antiquiores
834 2479 1003 2520 scriptores
1019 2480 1090 2519 illa,

222 2527 307 2567 fetus
325 2548 334 2563 ‚
359 2524 476 2562 fenus,
499 2524 689 2562 fecunditas,
720 2531 806 2561 non,
830 2530 864 2553 ut
887 2521 1091 2562 posteriores.

228 2576 285 2607 per
310 2566 522 2605 diphtongum
541 2588 550 2602 ,
581 2563 634 2596 sed
657 2563 789 2604 simplici
814 2563 905 2594 litera
925 2572 938 2593 e
964 2562 1090 2603 scripse-

226 2615 319 2640 runt:
343 2614 377 2637 ut
393 2615 433 2637 ex
454 2604 564 2636 Gellio
588 2605 618 2636 ἀ
642 2603 754 2636 Nonio
778 2605 865 2646 supra
880 2605 1008 2636 dictum.
1034 2614 1091 2636 un-

229 2651 269 2682 de
287 2646 485 2687 consequens
502 2646 566 2684 est;
589 2655 643 2682 ut,
665 2645 686 2678 fi
706 2646 794 2678 verbi
813 2647 905 2687 origo
923 2668 933 2684 ,
965 2646 995 2676 &
1018 2654 1090 2686 pro-

227 2691 345 2732 prietas
361 2712 371 2727 ‚
404 2695 561 2727 quaeratur
577 2711 587 2727 ‚
616 2687 712 2719 fenus
735 2697 801 2719 non
823 2688 859 2719 fit
879 2688 1013 2728 pecunia
1036 2696 1088 2726 pa-

226 2733 329 2769 riens3
361 2728 415 2760 sed
440 2736 545 2769 partus
565 2738 606 2760 ex
631 2730 765 2768 pecunia
784 2737 899 2761 natus:
931 2727 986 2759 etsi
1003 2729 1089 2760 obti-

225 2773 331 2805 nuerit
353 2770 504 2801 sermonis
524 2770 596 2808 usu,
625 2777 660 2801 ut
682 2770 777 2802 etiam
801 2779 861 2812 pro
883 2770 1019 2811 pecunia
1041 2769 1088 2801 fe·

226 2815 316 2846 nebi-i
340 2812 550 2852 acciperetur.

266 2854 446 2892 Utrumque
461 2852 580 2883 indicat
595 2850 720 2883 Nonius
735 2859 797 2893 cap.
814 2863 843 2893 5.
859 2860 924 2895 pag.
943 2860 1013 2893 731.
1038 2851 1087 2884 his

225 2896 341 2928 verbis.
383 2893 527 2925 Mutuum
548 2892 691 2931 afoenore
713 2893 763 2924 hoc
787 2893 898 2934 distem
928 2896 1002 2934 quod
1024 2904 1087 2925 nut-

226 2946 311 2973 tuunt
329 2934 392 2974 fine
407 2935 522 2971 usuris:
546 2934 647 2972 foenus
669 2943 732 2964 cum
757 2937 852 2975 usuris
867 2938 991 2971 sumitur
1006 2958 1015 2972 ‚
1049 2935 1086 2969 ὅ)

225 2979 262 3020 est
280 2979 385 3018 accepti
392 2977 497 3017 foetus.
519 2976 596 3006 unde
610 2974 756 3013 &foenus
770 2976 879 3007 diez-um
895 2976 951 3015 esi,
963 2983 995 3007 ut
1008 2976 1087 3008 Gree-

225 3030 254 3051 σε
276 3023 383 3055 vinco,
412 3015 494 3059 quast
506 3023 612 3058 partus
635 3016 860 3057 mutuisuinptz'.
884 3018 985 3048 Plaut.
1020 3016 1086 3056 Afi-

225 3071 289 3092 nar.
336 3059 418 3091 Num
436 3058 456 3090 fi
481 3066 593 3090 mutuo
617 3065 681 3088 non
707 3066 842 3096 potero,
874 3067 997 3089 cei-tum
1021 3059 1084 3097 est,

224 3101 341 3133 sumam
361 3100 500 3132 foenore.
529 3099 615 3130 Unde
633 3097 774 3138 honestius
788 3105 921 3129 mutuum
937 3097 993 3138 esi,
1010 3101 1085 3140 quod

215 3143 274 3182 sul>
291 3143 380 3173 amico
403 3140 510 3182 affefilu
527 3140 602 3181 fiat,
625 3146 721 3171 tamen
744 3142 798 3173 usu
814 3141 945 3179 temporis
962 3140 1081 3180 neceffa-

221 3183 260 3214 rii
271 3182 380 3220 faenore
397 3186 510 3222 *sternere
534 3184 620 3213 decet.
663 3181 714 3212 Sic
737 3178 874 3212 Nonius.
901 3180 953 3212 sed
978 3189 1083 3212 corru-

221 3230 303 3294 pte?
327 3229 363 3294 μὲ
379 3224 447 3254 vult
463 3222 647 3263 Salmasius,
668 3221 717 3254 De
733 3222 832 3264 usuris
845 3231 871 3253 ε.
889 3231 918 3256 2.
941 3229 1009 3263 pag.
1034 3231 1081 3259 29·

222 3270 264 3297 uc
295 3272 340 3295 cri
365 3272 431 3295 ens.

848 156 1154 194 GERARnt
1202 153 1433 194 NoonT

1193 243 1237 277 Et
1262 244 1335 277 reue
1357 246 1479 279 Nonius
1502 245 1588 290 cujus
1612 246 1699 278 verba
1714 246 1778 288 jam
1792 246 1888 288 supra
1915 248 2011 283 retuli-

1209 297 1271 318 mus
1289 311 1299 327 ‚
1330 297 1474 320 mutuum
1500 298 1518 320 a
1537 289 1665 321 foenore
1687 288 1752 320 hoc
1776 289 1868 320 distat
1885 310 1895 328 ,
1925 291 2011 332 quod

1158 345 1160 351 ι
1209 336 1355 361 mutuum
1378 329 1442 361 fine
1469 329 1589 369 usuris,
1620 328 1727 362 foenus
1749 339 1821 362 cum
1850 330 1944 363 usuris
1966 332 2010 365 su-

1209 370 1315 402 mitur.
1364 371 1397 402 Si
1405 372 1509 411 foenus
1518 373 1650 411 sumitur
1674 381 1740 402 cum
1762 374 1875 412 usuris,
1897 373 1932 403 ab
1947 374 2021 413 usu-2

1210 420 1247 443 ra
1260 411 1370 452 differt.
1413 412 1492 456 Quis
1513 415 1587 444 enim
1612 413 1708 451 dicat,
1733 414 1852 452 usuram
1870 423 1934 444 cum
1947 417 2010 454 usu-

1209 453 1359 493 resumi?
1383 453 1459 498 Quae
1472 456 1614 496 subjicit,
1637 464 1696 485 non
1721 457 1862 486 videntur
1878 457 2009 487 conveni-

1210 503 1241 524 re
1258 505 1268 524 .·
1296 494 1341 526 Et
1358 501 1403 526 eit
1420 496 1544 536 accepti
1569 495 1677 528 foetus.
1702 496 1786 528 unde
1802 497 1833 527 &
1851 495 1950 528 foetus
1965 497 2010 528 di-

1211 535 1295 567 ctum
1313 559 1322 574 ‚
1354 544 1389 568 ut
1414 535 1529 568 Graece
1556 538 1644 569 elato«
1670 536 1753 577 quafi
1781 545 1888 577 partus
1911 539 2009 571 mutui

1209 576 1335 617 sumpti.
1378 578 1433 609 Sed
1456 579 1500 609 ita
1522 578 1738 620 intelligendum
1756 602 1766 618 ,
1797 584 1830 609 ut
1858 580 1892 610 de
1915 580 2009 619 usuris

1207 618 1258 649 hoc
1285 619 1418 658 dixerit,
1450 629 1511 660 quae
1526 620 1602 660 sunt
1632 621 1742 660 accepti
1759 620 1884 660 saenoris
1897 620 2009 661 fietus,

1206 659 1283 690 unde
1292 660 1393 698 faenus
1416 662 1527 692 dictztm
1550 659 1598 701 est.
1642 661 1685 692 Et
1693 659 1739 700 fic
1760 663 2010 699 ovnninoseriben-

1209 701 1296 731 dum:
1319 700 1426 733 foenus
1445 711 1518 734 cum
1539 702 1635 733 usuris
1653 701 1803 741 sumitur,
1827 703 1856 733 ὄι
1877 701 1947 733 sunt
1963 711 2011 734 ac-

1207 741 1294 781 cepti
1321 740 1420 775 foetus
1441 767 1451 783 ,
1488 745 1573 775 unde
1603 743 1720 775 foenus.
1763 743 1805 775 Et
1822 746 1924 785 foenus
1948 753 2011 776 cum

1207 783 1304 823 usuris
1312 785 1445 823 sumitur
1464 808 1474 824 ‚
1506 784 1543 819 δ’
1559 784 1652 816 usum
1674 785 1727 816 z'llae
1743 785 1812 823 sunt
1832 786 1942 825 accepti
1955 787 2010 822 fae.-

1209 825 1287 855 noris
1303 825 1398 864 foetus
1415 849 1426 866 ,
1454 829 1531 857 unde
1552 824 1589 860 &²
1605 826 1706 865 foenus
1731 826 1915 867 appellatum.
1939 827 2012 858 idem

1207 871 1305 896 tamen
1317 868 1422 906 sensus
1437 876 1474 899 ex
1488 867 1613 908 vulgata
1636 867 1767 898 exoritur
1781 891 1791 907 ,
1815 866 1845 906 fi
1866 868 2011 908 referatur

1207 907 1268 940 &29¹5
1290 910 1319 935 τὸ
1342 908 1535 948 σημαινέμέὶυω,
1560 907 1641 950 quufi
1654 908 1823 949 praecefferit
1841 913 1941 949 usura.

1189 946 1242 978 Sic
1259 947 1422 980 Salmalius
1444 959 1454 988 3
1475 949 1506 980 ἃ
1526 951 1601 981 hinc
1617 950 1805 990 concludit,
1827 950 1933 982 foenus
1952 949 2013 983 ess'e

1148 989 1238 1027 quod
1259 991 1426 1029 pecuniam
1447 992 1552 1031 parit,
1584 992 1615 1023 id
1634 991 1698 1030 est,
1723 991 1836 1023 usuras.
1880 992 1943 1024 Sed
1967 1001 2014 1024 er-

1147 1037 1195 1060 rat
1216 1029 1389 1063 Salmasius.
1413 1033 1476 1063 duo
1495 1034 1578 1064 enim
1606 1033 1759 1074 fignificat
1781 1033 1928 1065 Nonius:
1951 1034 2012 1074 pri-

1148 1079 1256 1110 mum,
1280 1080 1417 1104 mutuum
1439 1073 1500 1104 ell‘e
1524 1082 1711 1114 pecuniam,
1734 1074 1796 1106 five
1814 1074 1950 1113 sortem,
1973 1074 2012 1106 ab

1147 1113 1252 1158 amico
1275 1112 1338 1144 fine
1360 1115 1455 1146 usuris
1471 1116 1646 1154 creditam3
1660 1116 1764 1155 foenus
1781 1125 1859 1147 vero
1877 1115 1939 1148 ess'e
1959 1125 2012 1157 pe-

1147 1163 1293 1192 cuniam,
1317 1154 1379 1186 [ive
1400 1154 1536 1196 soi-tem,
1551 1166 1583 1187 -a
1612 1158 1837 1197 qualicumque
1859 1157 1922 1188 alio
1945 1166 2011 1189 cre-

1147 1195 1245 1226 ditam
1264 1194 1318 1227 sub
1341 1197 1454 1228 usuris:
1483 1198 1513 1228 &
1539 1206 1708 1238 utrumque
1733 1199 1849 1239 probat
1872 1197 2012 1230 testimo-

1146 1236 1202 1267 nio
1227 1236 1328 1268 Plauti
1347 1249 1355 1270 ε
1386 1239 1437 1269 cui
1456 1240 1537 1270 adde
1560 1239 1596 1271 fis
1613 1239 1833 1272 Modestinum
1856 1240 1875 1271 l.
1891 1250 1942 1282 33.
1966 1239 2009 1271 D.

1146 1279 1178 1308 de
1193 1280 1276 1308 rebus
1293 1280 1418 1311 creditis.
1442 1289 1511 1312 nam
1536 1281 1561 1312 is
1581 1282 1698 1313 eodem
1722 1281 1811 1313 sensu
1834 1282 1898 1321 ait,
1922 1282 2010 1313 Prin-

1146 1320 1288 1359 cipalibus
1305 1319 1552 1360 constitutionibus
1570 1323 1689 1361 caveri,
1713 1323 1765 1355 Ne
1782 1323 1812 1354 hi
1828 1325 1879 1364 qui
1891 1323 2011 1363 provin-

1143 1362 1216 1391 ciam
1233 1368 1354 1402 regunt,
1365 1365 1566 1404 negotientur,
1578 1371 1746 1395 mutuumve
1756 1367 1910 1404 pecuniam
1925 1366 2011 1404 dent,

1135 1402 1279 1442 foenusve
1295 1410 1455 1435 exerceant.
1498 1404 1602 1436 Etiam
1628 1405 1730 1446 impp.
1749 1406 1862 1437 Arcad.
1881 1405 2009 1438 Honor.

1144 1443 1174 1474 δι
1190 1441 1358 1475 Theodos.
1377 1445 1395 1476 l.
1413 1449 1441 1476 6.
1467 1445 1535 1477 Cod.
1555 1446 1656 1477 Theou.
1680 1450 1712 1477 cie
1733 1448 1854 1478 denunt.
1877 1447 1924 1478 vel
1939 1448 2007 1479 edit.

1144 1486 1211 1525 resc-
1236 1485 1285 1516 lib.
1310 1495 1337 1517 2.
1370 1493 1417 1518 tzt.
1441 1496 1469 1526 4.
1505 1489 1602 1519 verbu
1628 1487 1697 1519 sunt
1715 1511 1724 1527 ,
1763 1488 1796 1519 Si
1816 1489 1882 1529 quis
1905 1489 2010 1526 debiti,

1143 1527 1190 1556 vel
1205 1529 1278 1567 quod
1301 1536 1338 1558 ex
1352 1528 1467 1567 foenore
1481 1529 1528 1559 vel
1550 1537 1648 1560 mutuo
1665 1531 1735 1561 data
1747 1531 1874 1570 pecunia
1884 1528 2008 1571 sumpfic

1142 1569 1294 1598 exordium
1311 1591 1321 1605 ,
1353 1569 1399 1599 vel
1422 1578 1458 1600 ex
1474 1570 1530 1601 alio
1554 1571 1678 1612 quolibet
1701 1571 1785 1603 titulo
1801 1573 1833 1602 in
1857 1572 2009 1603 literarum

1142 1609 1342 1649 obligationem
1365 1609 1455 1648 faeta
1485 1618 1617 1642 cautione
1650 1610 1824 1650 translatum
1859 1612 1908 1653 eli.
1944 1612 2007 1648 &a

1142 1650 1259 1681 deinde
1279 1652 1347 1682 vult
1366 1650 1512 1691 Nonius,
1526 1653 1646 1693 foenus,
1670 1663 1735 1685 non
1754 1655 1853 1685 modo
1868 1663 1928 1695 pro
1946 1655 2008 1686 sor-

1144 1698 1178 1722 te
1202 1689 1265 1731 ipsa
1284 1692 1388 1733 accipi
1406 1716 1416 1731 ,
1447 1693 1499 1725 sed
1523 1696 1618 1725 etiam
1636 1704 1694 1734 pro
1717 1695 1814 1726 usuris
1828 1718 1837 1733 ‚
1864 1705 1905 1727 eit
1923 1695 2008 1727 sorte

1144 1732 1300 1773 promiffis
1318 1734 1351 1765 id
1376 1734 1460 1766 enim
1478 1735 1647 1775 indigitant
1670 1737 1757 1774 haec3‚
1780 1736 1822 1767 Et
1844 1735 1881 1776 est
1900 1738 2011 1778 accepti

1133 1774 1241 1813 scetus.
1265 1776 1341 1805 unde
1358 1775 1395 1810 ὅ)
1405 1777 1509 1815 foenus
1525 1776 1632 1808 dilium
1648 1777 1707 1817 est,
1730 1783 1765 1808 ut
1784 1778 1882 1808 Graece
1900 1779 1986 1811 ⁷0¹2&
1994 1779 2013 1819 ‚⁴

1139 1813 1223 1856 quasi
1249 1821 1355 1855 partus
1382 1819 1481 1848 mutui
1496 1820 1616 1859 sumpti.
1661 1817 1795 1859 Conjeci
1823 1820 2006 1860 aliquando.

1138 1854 1193 1896 Est
1216 1855 1253 1890 {3⁹
1271 1858 1378 1898 accepti
1391 1858 1497 1898 foetus.
1524 1859 1575 1890 sed
1600 1860 1683 1892 nulla
1701 1870 1783 1902 opus
1806 1861 2005 1894 emendatio-

1138 1906 1197 1936 ne,
1227 1899 1513 1945 neque‘Salmafiss
1544 1911 1745 1942 nequcmea.
1772 1902 1875 1934 sensus
1897 1904 2003 1943 enim,

1138 1948 1202 1970 non
1219 1938 1281 1970 esse
1302 1949 1436 1980 mirum,
1466 1941 1572 1974 foenus
1598 1953 1671 1975 cum
1691 1944 1786 1977 usuris
1809 1944 1907 1985 sumi3
1930 1954 2008 1977 cum

1137 1981 1270 2021 proprie
1291 1980 1328 2012 sit
1352 1981 1452 2014 foetus
1475 1985 1600 2024 accepti
1622 2008 1632 2024 ,
1665 1986 1729 2017 hoc
1753 1985 1799 2018 est
1823 1987 1890 2028 eJ'us
1916 1980 2011 2027 quod¹

1137 2030 1307 2063 acceptum
1331 2023 1376 2055 est
1397 2034 1408 2063 3
1439 2024 1479 2056 ab
1500 2035 1606 2065 eoque
1628 2025 1712 2058 foetu
1735 2027 1844 2060 foenus
1865 2028 2004 2060 dicatur.

1137 2072 1233 2104 atque
1255 2065 1299 2095 ita
1324 2065 1368 2096 est
1386 2087 1396 2104 ,
1428 2073 1464 2097 ut
1496 2065 1623 2098 Nonius
1654 2069 1757 2108 dicit,
1786 2069 1894 2102 foenus
1916 2069 2003 2102 reste

1137 2104 1268 2136 sumitur
1285 2128 1294 2143 ,
1324 2114 1384 2145 pro
1406 2106 1470 2147 ipsa
1493 2107 1576 2139 sorte
1603 2108 1747 2142 usuraria.
1770 2110 1871 2152 idque
1894 2111 2003 2142 multis

1136 2147 1252 2188 probat
1271 2146 1446 2179 Salmafius.
1469 2150 1519 2181 cui
1537 2150 1621 2182 addo
1638 2151 1856 2192 Ambrofium,
1879 2153 1927 2183 De
1947 2152 2002 2183 To-

1136 2190 1183 2219 bia
1206 2198 1229 2218 c.
1250 2197 1293 2219 12.
1320 2189 1416 2220 verba
1432 2190 1508 2230 ejus.
1550 2189 1677 2234 Quanta
1687 2191 1745 2230 sibi
1761 2193 1895 2231 fecerunt
1913 2203 2001 2225 voca-

1135 2229 1202 2277 bula
1221 2228 1238 2261 ⁴?
1270 2228 1420 2261 Nummus
1441 2233 1531 2263 datur
1554 2234 1590 2267 Εἴ
1601 2233 1706 2274 foenus
1725 2235 1886 2275 appellatur
1902 2245 1912 2266 :
1932 2235 2000 2275 fiir:

1135 2272 1244 2302 dicitur
1261 2294 1270 2309 ‚
1301 2277 1386 2311 caput
1405 2279 1538 2305 vocatur.
1564 2276 1593 2306 <Sc
1618 2276 1693 2307 alibi
1711 2275 1800 2317 saepe.
1833 2277 1950 2308 dicitur
1966 2276 1999 2308 ὅτ.

1135 2311 1243 2344 foenus
1269 2321 1327 2353 pro
1354 2311 1450 2344 usui-is
1474 2324 1513 2346 ex
1530 2314 1614 2347 sorte
1638 2317 1779 2357 debitis3
1811 2325 1846 2349 ut
1868 2317 1998 2350 Nonius

1135 2355 1180 2386 ait
1203 2354 1289 2395 quod
1315 2354 1371 2385 etsi
1394 2364 1490 2397 neget
1515 2356 1704 2395 salmafius,·
1737 2368 1841 2391 tamen
1867 2365 2000 2400 apparet

1135 2405 1176 2427 ex
1196 2404 1270 2426 ante
1287 2395 1397 2435 dietis3
1422 2406 1575 2437 praeterea
1592 2409 1628 2430 ex
1649 2400 1669 2431 l.
1691 2408 1718 2432 Ι.
1743 2401 1812 2432 Cod.
1839 2400 1943 2432 Theoti.
1965 2401 1999 2432 de

1133 2438 1228 2477 usuris
1247 2437 1288 2468 rei
1304 2437 1453 2478 judicatae.
1479 2440 1499 2471 l.
1517 2449 1565 2479 24.
1590 2440 1633 2472 D.
1655 2442 1688 2472 de
1715 2443 1769 2481 usu
1786 2441 1823 2476 65⁹
1839 2440 1998 2482 usufrustu

1133 2478 1234 2520 legato.
1258 2478 1277 2509 l.
1300 2488 1352 2518 42.
1384 2478 1413 2520 §.
1432 2490 1461 2512 2.
1494 2480 1539 2512 l).
1568 2482 1657 2519 soluto
1680 2485 1872 2515 matrimonio.
1903 2484 1924 2515 l.
1944 2487 1997 2524 58.

1133 2519 1162 2561 §.
1182 2530 1210 2551 2.
1235 2518 1277 2550 D.
1302 2520 1353 2551 Ad
1375 2523 1661 2560 senatusconsultum
1686 2523 1905 2556 Trebellianum.
1935 2533 1998 2556 nec

1133 2569 1254 2592 tantum
1276 2562 1359 2601 apud
1382 2562 1535 2600 nostros3
1564 2564 1616 2595 sed
1643 2566 1727 2605 apud
1745 2566 1891 2598 Plautum
1917 2575 1997 2606 quo-

1134 2611 1197 2642 que
1215 2625 1225 2641 ,
1257 2601 1418 2643 mostellar.
1434 2614 1462 2645 3.
1487 2613 1511 2635 1.
1538 2605 1674 2645 Pseudolo
1701 2615 1725 2638 x.
1743 2617 1772 2649 3.
1807 2606 1996 2639 Cornelium

1132 2642 1299 2684 Nepotem
1319 2667 1328 2682 ,
1359 2646 1424 2675 vita
1440 2646 1535 2676 Attici
1557 2656 1580 2677 c.
1598 2656 1627 2682 9.
1652 2647 1681 2688 ὃ.
1699 2658 1729 2689 3.
1753 2648 1849 2681 alios:
1880 2656 1915 2680 ut
1932 2650 1995 2688 pri-

1132 2686 1206 2717 dem
1237 2685 1461 2717 animadvertit
1490 2685 1673 2720 Desiderius
1704 2689 1888 2729 Hei-aldus,
1916 2689 1994 2720 Ani-

1130 2726 1271 2766 madversss
1289 2728 1321 2757 in
1338 2727 1459 2768 Salmas-
1479 2729 1532 2767 oo).
1547 2732 1585 2759 ud
1596 2730 1649 2770 jus
1664 2730 1759 2762 Attic.
1784 2731 1831 2762 lib.
1850 2741 1878 2763 2.
1900 2741 1923 2762 c.
1941 2740 1991 2769 24.

1132 2770 1161 2800 &
1185 2767 1358 2809 praesertim
1382 2768 1440 2800 Vir
1465 2768 1608 2810 Inclytus
1639 2771 1668 2802 ἃ
1693 2771 1837 2811 ὓοξὶυς,
1876 2772 1992 2812 johan-

1130 2820 1187 2857 ηοξ
1205 2809 1391 2842 Fredericus
1409 2809 1596 2843 Gronovius
1609 2837 1618 2852 ,
1643 2813 1788 2854 Muntzffa
1798 2816 1928 2855 pecuniae
1941 2823 1990 2845 ve-

1129 2857 1198 2882 teris
1219 2861 1242 2881 c.
1264 2860 1289 2883 1.

1172 2893 1247 2924 Dixi
1267 2902 1338 2933 quae
1359 2893 1389 2924 in
1407 2892 1482 2924 foro
1508 2894 1655 2927 Romano
1671 2897 1798 2937 propria
1816 2896 1846 2928 δε
1863 2905 1935 2927 vera
1953 2895 1989 2928 fit

1130 2933 1229 2965 usurae
1255 2943 1292 2965 ac
1320 2933 1455 2966 foenoris
1486 2935 1683 2977 fignificatio.
1721 2947 1820 2978 porro
1849 2937 1987 2976 addam,

1130 2976 1218 3015 quod
1238 2984 1274 3006 ea
1299 2976 1459 3016 obtinuit,
1490 2980 1594 3009 donec
1611 2979 1653 3010 ibi
1673 2978 1769 3011 usurae
1785 2980 1815 3010 in
1838 2980 1930 3009 bonae
1950 2976 1986 3008 fi-

1131 3018 1180 3048 dei
1194 3016 1317 3057 judiciis
1335 3026 1504 3056 coeperunt
1521 3029 1561 3050 ex
1576 3029 1664 3051 moi-a
1684 3020 1792 3051 deberi
1808 3019 1916 3050 officio
1933 3018 1985 3058 Ju-

1128 3059 1215 3090 dicis.
1240 3059 1313 3089 inde
1340 3061 1424 3090 enim
1443 3061 1586 3100 placuit,
1614 3061 1720 3093 soenus
1741 3060 1822 3099 dici,
1856 3063 1984 3102 quoties

1127 3110 1167 3131 ex
1189 3100 1408 3131 conventione
1439 3101 1600 3142 debetur3
1632 3102 1750 3134 ul'urarn
1782 3111 1860 3133 vcro
1879 3125 1888 3141 ,
1920 3101 1984 3134 five

1127 3151 1168 3173 ex
1190 3151 1246 3180 ea,
1270 3141 1332 3173 five
1348 3141 1457 3174 officio
1471 3143 1602 3183 judicis,
1633 3142 1796 3184 praestetui·
1817 3143 1836 3174 l.
1858 3152 1882 3174 1.
1906 3143 1934 3185 §.
1951 3152 1982 3182 3.

1126 3182 1168 3214 D.
1199 3184 1231 3213 de
1258 3184 1436 3224 pignoribus.
1470 3187 1489 3215 l.
1513 3194 1562 3224 24.
1595 3184 1634 3216 D.
1672 3185 1705 3215 de
1723 3184 1894 3225 prescriptis
1917 3193 1981 3215 ver-

1126 3224 1177 3254 bis.
1202 3224 1220 3254 l.
1242 3228 1270 3258 8.
1303 3224 1344 3255 D.
1370 3225 1404 3254 a'e
1425 3235 1453 3255 eo
1476 3227 1550 3266 quod
1571 3231 1645 3256 certo
1667 3225 1733 3256 loco.
1757 3225 1776 3256 l.
1800 3235 1847 3265 24.
1880 3225 1922 3257 D.
1944 3223 1981 3259 ἐξ

1125 3263 1145 3295 l.
1168 3273 1195 3304 4.
1221 3265 1254 3297 C.
1279 3263 1409 3306 Depofiti
1428 3266 1474 3297 vel
1495 3272 1604 3299 contra.
1629 3265 1736 3299 foenus
1754 3275 1880 3307 autem,
1903 3265 1925 3298 fi
1942 3274 1982 3297 ex

1917 3316 1983 3340 mo·
