2036 3495
111 115 187 160 476

98 193 222 241 ¹nunc,
246 199 333 241 quod
360 201 514 238 praeterea
538 189 743 233 parentibus,
758 196 783 235 'a
801 186 917 227 quibus
940 193 994 215 oc-

119 244 198 275 cisus
226 244 384 274 diceretur
409 235 532 271 infans,
555 234 703 273 agnitmr,
725 230 834 272 alique·
849 234 996 273 coeptus,

119 295 159 316 ex
183 279 377 315 Constantini
405 276 644 307 Constitutione
669 280 740 311 quae
767 269 811 300 est
830 279 860 300 in
876 270 896 300 l.
915 277 995 298 unic.

123 326 156 356 C.
176 328 208 354 de
223 325 265 353 [sis
280 322 331 362 qui
342 324 477 360 parentes
494 316 540 346 vel
564 315 665 345 liberos
688 312 872 349 occiderunt,
896 310 996 340 etiam

120 367 173 398 lex
188 363 334 402 l’omptja
351 363 391 391 de
408 357 583 399 parricidiis
600 352 781 387 indistincte
798 351 994 383 irasceretur.

123 406 251 440 Nullius
268 405 363 444 igitur
382 402 424 431 rei
444 399 488 430 est
501 398 614 437 jacobi
634 395 755 436 Cujacii
775 392 943 426 sententia.

161 445 234 478 Nec
245 444 359 476 melior
374 442 484 482 jacobi
497 439 652 472 Raevardi.
675 438 701 468 is
716 436 764 467 lib.
777 446 807 477 3.
826 433 995 479 Conjeclan.

121 498 146 520 c.
166 496 189 518 1.
215 486 363 525 conjicit,
389 483 553 524 prohiberi
573 481 603 512 in
627 480 655 511 d.
673 479 691 515 l.
709 482 738 513 8.
763 476 921 523 infantum
941 484 997 506 im-

121 529 331 562 molationem
351 535 422 565 quae
438 526 512 556 olim
530 524 562 554 in
579 521 689 554 Africa
706 519 886 550 invaluerit.
924 516 1000 557 Qua

121 570 236 602 caula?
260 568 398 608 duplice.
425 576 485 598 una
502 565 567 604 est,
591 564 680 603 quod
694 560 845 602 piaculum
861 559 1000 605 aliquan·

122 614 166 643 do
183 609 364 650 sacrificium
385 607 556 647 significat3
581 604 840 643 &Imperatores
864 599 999 646 capitale

119 653 307 693 supplicium
332 651 556 682 constituunt:
582 646 604 678 si
629 646 700 685 quis
728 643 851 675 necandi
873 641 1001 686 infantis

116 695 269 736 piaculum
280 692 437 734 aguressus
452 688 633 731 aggressave
649 687 695 718 [it.
720 686 817 717 altera
827 684 917 715 caula
934 681 1000 728 est,

123 738 210 776 quod
238 745 274 767 ea
299 734 497 765 Constitutio
526 730 640 770 scripta
665 727 710 759 est
728 728 767 758 ad
784 725 927 771 Probum
947 732 1003 770 qui

121 779 220 810 suerit
240 776 411 807 Praefectus
431 773 586 806 Praetorio
602 780 660 810 per
678 769 817 800 Italiam:
841 767 897 812 sub
914 774 1003 803 cujus

122 819 328 859 dispositione
348 817 456 854 Italia,
474 814 656 856 illyricum,
681 812 711 842 ὅ(
730 809 859 847 Africa,
882 817 914 854 in
934 806 1002 838 No-

123 862 193 893 titia
223 859 463 892 Provinciarum
494 860 712 887 numerentur.
756 851 820 882 Sed
845 858 1003 894 primum,

124 902 212 943 quod
235 903 274 932 de.
287 900 402 941 piaculo
422 899 501 930 dicit
519 896 709 932 Raevardus,
732 892 810 924 nihil
833 890 948 922 efficit:
972 890 1004 920 [1-

122 944 252 983 quidem
276 942 441 982 piaculum,
466 939 515 970 vel
534 937 603 978 ipso
620 936 772 973 auctore,
797 942 862 979 non
881 939 1005 962 tantum

122 984 330 1022 sacrificium,
350 984 402 1014 sed
419 983 515 1014 etiam
531 979 768 1020 qualecumque
786 975 870 1022 aliud
889 973 1006 1018 malum

122 1027 264 1064 facinus,
275 1023 440 1066 fignificat.
464 1022 582 1054 deinde
599 1025 732 1059 apparet
748 1025 789 1062 eit
803 1014 828 1046 ‘l
839 1015 1007 1060 ertulliano

125 1078 221 1109 quem
239 1068 352 1108 allegat
370 1064 565 1101 Raevardus,
581 1061 658 1092 olim
678 1059 827 1105 Principe
845 1055 983 1086 Tiberio
995 1077 1006 1094 ,

125 1109 289 1150 prohibita
305 1107 398 1139 fuiss‘e
417 1107 583 1138 hominurn
603 1100 764 1132 sacrificia.
798 1097 840 1129 Et
854 1105 928 1128 ante
945 1095 1007 1127 Va-

125 1152 334 1184 lentinianum
346 1174 355 1187 ,
367 1149 537 1181 Valentem
548 1168 558 1184 ,
569 1145 598 1176 &
615 1142 805 1174 Gratianum
816 1162 825 1178 ,
835 1139 920 1170 clare
931 1137 1008 1184 Pau-

126 1194 174 1226 lus
191 1192 298 1224 noster
315 1192 365 1222 lib.
384 1200 413 1230 5.
433 1190 563 1220 Sentent.
582 1186 629 1216 tit.
650 1194 698 1224 23.
718 1182 745 1229 §
770 1185 816 1213 16.
854 1179 939 1226 Qui,
964 1187 1010 1226 iu-

127 1235 217 1276 quit,
241 1234 379 1265 hominem
396 1229 628 1264 immolaverint,
652 1235 688 1256 ex
703 1231 804 1265 ejusve
818 1222 962 1267 sanguine
977 1219 1010 1266 li-

124 1276 253 1308 taverint
264 1298 273 1314 ‚
293 1275 425 1314 phanum
440 1271 612 1311 templunzve
626 1265 785 1307 polluerint
796 1262 923 1310 ,thee-ltus
939 1261 1009 1300 0sz-

126 1319 263 1354 ciuntur,
280 1313 357 1353 velfi
372 1312 540 1354 honestiores
544 1308 626 1348 sint,
642 1308 734 1347 capite
744 1311 925 1350 puniuntur.
949 1301 1010 1333 Po-

128 1359 266 1396 stremo,
293 1357 383 1396 quod
403 1356 443 1387 de
460 1352 557 1386 Probi
576 1348 768 1381 Praefeuura
783 1346 870 1392 addit
887 1343 1012 1375 Raevar-

127 1402 207 1439 dm,
225 1407 286 1430 nec
303 1399 368 1429 hoc
382 1397 474 1428 ullius
491 1391 648 1426 momenti
658 1389 714 1420 est.
740 1387 785 1418 Ut
799 1395 884 1432 enim
901 1393 1014 1416 verum

129 1442 186 1479 fit,
213 1441 353 1472 Probum
378 1436 471 1469 fuiss'e
492 1432 683 1466 Praefeuum
703 1429 859 1475 Praetorio
876 1435 932 1473 per
953 1425 1013 1457 Ita-

128 1483 200 1515 liam
215 1506 224 1520 ,
240 1481 293 1511 sub
304 1481 435 1520 ejrisque
446 1474 652 1516 dispositione
670 1470 813 1507 ltallam,
830 1467 1014 1514 Illyricum,

109 1556 113 1560 ,
130 1525 161 1556 δι
184 1523 325 1554 Africam
337 1545 346 1557 ,
362 1518 473 1550 fuiffe:
491 1518 592 1560 liquet
610 1520 737 1557 tamen,
760 1510 870 1561 (quod
886 1518 948 1549 jam
963 1508 1011 1548 Ja-

129 1565 230 1596 cobus
263 1559 493 1593 Gothofi-edus
526 1553 774 1592 ammadvertlt)
798 1559 881 1597 nanc
899 1551 1013 1597 .¹eg‘?m

127 1605 259 1646 proprie
277 1604 315 1634 ad
333 1603 442 1633 urbem
462 1599 597 1631 Romam
617 1593 783 1636 spectasse:
807 1602 881 1632 qula
898 1601 929 1623 in
946 1601 1012 1631 ejus

126 1645 368 1685 Subscriptione
387 1643 521 1681 dicitur,
547 1639 589 1670 P.
611 1637 647 1670 P.
667 1646 695 1678 7.
729 1635 775 1667 Id.
795 1634 935 1682 Fehr'aar.
953 1633 1009 1664 Ro-

127 1699 188 1722 nzae.
212 1689 244 1719 id
262 1686 324 1725 est,
351 1683 514 1726 proposita
533 1680 667 1718 Romae,
692 1674 761 1708 VII.
781 1675 827 1708 Id.
848 1675 997 1707 Februar.

172 1730 235 1762 Sed
254 1729 330 1769 quid
348 1726 420 1759 est?
444 1734 478 1757 ut
505 1723 589 1761 dixi,
614 1720 754 1762 pertinet
769 1718 796 1749 d.
817 1717 836 1748 l.
856 1722 883 1752 8.
903 1717 936 1748 C.
962 1716 1014 1748 Aa

129 1773 218 1814 legem
244 1770 408 1802 Corneliam
424 1769 456 1799 (Ie
466 1764 584 1805 sicariis
608 1765 647 1794 ad
664 1760 824 1793 infantum
841 1758 1015 1799 expolitio-

130 1823 229 1846 nem:
252 1813 350 1852 idque
375 1819 455 1841 unus
481 1806 626 1839 omnium
651 1803 776 1843 optime
801 1801 830 1833 ἃ
857 1800 1015 1832 veriflime

128 1855 341 1888 subodoratus
358 1851 403 1883 est
421 1850 458 1883 V.
479 1849 540 1881 CL.
560 1846 662 1887 Justus
680 1843 819 1884 Lipsius,
843 1851 939 1883 quem
956 1842 1015 1873 ho-

131 1899 218 1929 noris
236 1895 325 1927 causa
345 1892 474 1934 appello
487 1915 496 1930 ‚
521 1891 603 1921 Cent.
629 1897 655 1919 1.
680 1887 730 1918 ΑΔ
746 1885 851 1932 Belgas
867 1883 946 1925 epist.
965 1889 1014 1931 85.

131 1938 182 1970 sed
211 1946 333 1969 tantum
361 1935 582 1966 subodoratus.
613 1929 692 1961 nihil
713 1936 798 1958 enim
818 1936 848 1972 in
870 1936 907 1958 ea
923 1935 1015 1957 attin-

131 1982 178 2021 git
191 2004 199 2017 ‚
223 1979 300 2011 nihil
327 1977 473 2013 adstruit,
497 1983 538 2006 ne
558 1981 629 2004 eam
647 1969 778 2002 confert
794 1970 925 2009 quidem
943 1977 1017 2000 cum

133 2023 162 2053 d.
174 2021 230 2052 la⁴
244 2021 275 2050 C,
301 2021 335 2051 cie
349 2018 516 2059 infantibus
532 2012 675 2055 expofitis.
703 2010 814 2057 saltem
834 2010 932 2048 dicit,
950 2010 1015 2051 (ip-

135 2062 165 2094 sa
188 2064 273 2093 enim
300 2061 367 2101 ejus
385 2059 480 2091 verba
499 2055 661 2094 adferam)
687 2051 938 2091 Primzfuerunt‚
961 2052 1017 2092 opi-

135 2113 204 2140 nor,
229 2103 279 2144 qui
294 2107 450 2132 vetuerunt
472 2099 703 2131 Valentinianus
714 2118 724 2132 ,
742 2093 870 2132 Valens,
886 2092 923 2127 ἐξ
939 2093 1014 2124 Gra-

134 2147 256 2176 tianus:
280 2154 401 2185 quorum
424 2143 469 2173 lex
495 2143 526 2172 in
550 2145 671 2180 utroque
695 2136 796 2168 Codice
815 2133 959 2173 Theodafii
979 2133 1016 2168 δ’

133 2184 305 2228 Jusliniant'
326 2182 441 2224 exstat,
465 2183 515 2214 Aa
541 2182 628 2221 legent
654 2177 817 2209 Corneliam
833 2178 866 2207 de
877 2175 1015 2215 ficariis,

141 2230 175 2259 Si
190 2229 255 2269 quis
271 2227 393 2257 necandi
408 2225 533 2264 infantis
544 2222 695 2262 piaculum
709 2217 857 2263 aggreffus
873 2217 1016 2259 aggreffa·

138 2280 174 2301 ve
205 2277 247 2307 it,
272 2273 326 2298 erit
343 2267 463 2307 capitale
477 2265 551 2294 illud
565 2264 683 2293 malum.
728 2261 779 2291 Sic
804 2259 946 2299 Lrpfius3
972 2266 1014 2289 at-

135 2321 199 2351 que
217 2311 291 2341 ideo
308 2309 386 2339 nihil
404 2305 570 2347 persuadet
586 2300 953 2343 JacoboGothofredo,
978 2301 1015 2331 ad

137 2354 157 2384 l.
177 2362 202 2383 i.
221 2352 291 2382 Cod.
313 2349 415 2380 Theoti.
435 2350 463 2379 d.
484 2353 505 2378 t.
546 2345 614 2377 Imo
633 2347 678 2383 is,
703 2343 869 2383 lapan-es,
893 2343 1013 2382 inquit,

138 2395 238 2425 liberos
248 2397 419 2432 exponentes
429 2389 490 2420 aliae
502 2388 575 2428 sunt
595 2387 668 2428 leges
683 2395 745 2426 quae
760 2394 826 2415 cum
843 2383 924 2414 hacl.
942 2383 1016 2415 nihil

137 2444 283 2467 commune
301 2434 421 2464 hahent:
443 2440 505 2473 quae
522 2436 618 2461 tamen
633 2423 914 2471 confudit—Lipfius.
957 2426 1014 2466 lgi-

138 2484 207 2512 tur,
233 2476 320 2514 quod
338 2473 459 2514 Lipsius
478 2472 587 2503 facere
606 2469 735 2507 debuit,
760 2469 812 2499 led
831 2477 895 2499 non
912 2466 1016 2506 fecit,

138 2517 237 2550 fuerit
249 2516 324 2546 tansi
337 2539 345 2551 ,
358 2526 415 2555 pro
434 2513 538 2546 nostra
549 2511 773 2544 mediocritate
790 2509 832 2540 fic
844 2508 1016 2547 detexisse,

140 2567 175 2590 ut
195 2559 347 2596 dein-:eps
363 2567 379 2587 a
395 2556 476 2595 juris
494 2553 647 2586 Studiosis
662 2554 693 2584 in
711 2552 794 2583 clara
811 2551 881 2581 luce
896 2550 1018 2591 conspi-

140 2602 250 2632 ciatur.
278 2598 377 2639 Quod
392 2607 426 2628 ut
442 2596 582 2636 praellem
593 2620 601 2633 ,
613 2594 846 2626 observandum
860 2594 997 2632 primum
1008 2615 1018 2630 ,

142 2641 230 2682 quod
253 2640 280 2670 clv
308 2640 325 2669 l.
354 2644 381 2672 8,
415 2641 459 2670 cli
485 2638 718 2678 Imperatorum
738 2659 747 2674 ,
782 2633 1018 2673 Valentiniani,

140 2681 307 2718 Valentis,
332 2680 360 2710 dt
389 2678 552 2717 Gratiani,
577 2680 616 2710 ad
639 2678 801 2714 Probum,
825 2675 1019 2707 Praefcfilum

141 2723 317 2757 Praetorio:
340 2722 378 2751 ad
403 2731 497 2760 quem
523 2724 638 2752 eodem
663 2729 747 2751 anno
770 2719 809 2749 ab
827 2718 938 2749 iisdem
958 2718 1018 2749 illis

141 2762 392 2807 Imperatoribus
408 2772 471 2792 non
490 2765 593 2793 multo
612 2762 680 2802 post
691 2760 736 2792 est
746 2760 860 2801 scripta
876 2761 903 2790 d.
913 2760 932 2790 l.
946 2769 973 2790 2.
985 2759 1019 2790 C.

142 2811 176 2840 de
199 2805 365 2846 infantibus
389 2811 456 2842 expo
472 2806 535 2833 zris:
561 2813 595 2834 ut
618 2814 659 2836 cx
682 2804 847 2842 utriusque
876 2801 954 2843 legis
971 2800 1020 2832 In-

140 2849 335 2889 scriptione,
358 2845 388 2877 &
412 2844 667 2884 subici-intimae,
694 2845 891 2884 intel-ligitur.
923 2850 1021 2883 atque

141 2894 243 2926 adeo,
260 2888 395 2928 opinor,
412 2886 618 2923 animadvrrfio
637 2897 698 2927 quae
714 2884 870 2926 constituta
888 2883 947 2925 est,
966 2893 1019 2915 cu-

141 2935 190 2976 jus
207 2929 351 2963 meminit
367 2929 393 2959 d.
411 2928 430 2958 l.
448 2937 485 2965 2,
504 2926 547 2957 est
564 2928 792 2959 animadversio
810 2937 878 2965 quae
897 2927 1020 2966 pridem

144 2976 188 3008 est
207 2971 380 3005 constituta
404 2970 435 3000 in
453 2971 480 2999 cl.
500 2968 519 2999 l.
539 2972 568 3001 8.
613 2968 741 3000 Deinde
767 2969 1020 3005 observandum,

144 3016 250 3058 quod,
278 3014 307 3043 hi
327 3011 558 3051 Imperatores,
581 3018 653 3039 cum
672 3011 701 3040 in
719 3012 746 3039 d.
765 3011 784 3039 l.
805 3015 833 3044 8.
859 3011 963 3051 ajunt,
989 3010 1022 3042 Si

144 3061 210 3100 quis
234 3055 358 3086 necandi
383 3051 513 3084 infantis
531 3051 679 3091 piaculum
707 3051 851 3090 aggi-effus
877 3050 1020 3093 aggrqffa.

143 3110 179 3131 ve
196 3097 255 3136 fit,
279 3105 344 3127 nou
369 3095 636 3133 qualemcumque
660 3091 832 3132 fignificant
848 3091 1022 3125 infantem}

145 3147 336 3182 quamquam
353 3136 492 3176 alioquin
510 3136 610 3171 infans
626 3133 748 3164 dicatur
760 3141 859 3170 usque
875 3135 913 3164 ad
931 3134 1021 3174 septi.

145 3191 232 3215 nium
259 3188 375 3212 annum
391 3178 410 3209 l.
433 3182 478 3211 18.
496 3176 528 3208 C.
553 3176 665 3216 dejure
683 3174 867 3205 deliberandi.
900 3183 972 3205 nam
991 3176 1021 3207 in

145 3221 359 3261 infantc,jam
374 3221 483 3261 agnito
499 3219 529 3251 &
545 3217 584 3250 ali
598 3215 783 3258 juss'o,quid
801 3220 869 3248 erat
885 3223 972 3247 nova
987 3226 1021 3248 o-

707 100 1019 136 GERARDI
1068 94 1304 132 NoonT

1035 195 1095 227 pus
1111 185 1378 218 Constitutione?
1402 192 1495 224 cum,
1512 189 1549 216 ut
1562 184 1653 225 supra
1668 185 1753 227 dixi,
1768 188 1799 220 in
1814 194 1916 221 extra-

1037 236 1117 259 neos
1135 237 1151 258 a
1162 228 1277 268 quibus
1293 228 1371 259 dolo
1382 227 1466 258 malo
1483 226 1606 258 occisus
1623 225 1700 258 esset
1718 228 1773 260 etsi
1789 229 1914 270 infans,

1040 275 1147 301 tamen
1163 269 1283 308 homo,
1304 270 1382 300 olim
1400 269 1452 299 lex
1471 267 1622 300 Cornelia
1638 267 1678 298 de
1695 268 1808 301 ficariis
1819 270 1914 303 insur-

1038 318 1149 351 geret,
1172 311 1202 342 in
1229 319 1376 351 parentes
1394 317 1522 348 autem,
1544 308 1566 340 fi
1588 307 1626 339 ab
1643 308 1680 339 iis
1699 310 1822 342 occisus
1838 311 1916 344 esset

1040 351 1125 384 filius
1141 352 1180 383 ab
1199 353 1234 385 iis
1252 353 1395 393 agnitus,
1420 361 1460 383 ex
1479 350 1680 383 Constantini
1706 351 1918 384 Constitutio-

1039 403 1081 425 ne
1099 403 1168 434 quae
1194 394 1239 426 est
1260 395 1292 425 in
1312 394 1332 426 l.
1351 395 1428 425 unic.
1448 393 1481 424 C.
1499 393 1532 423 de
1547 393 1591 423 his
1605 392 1657 433 qui
1667 398 1804 433 parentes
1818 393 1865 424 vel
1881 394 1916 425 li-

1041 436 1117 465 beros
1141 437 1325 474 occiderunt,
1344 437 1411 476 Jam
1434 434 1487 465 lex
1505 433 1658 474 Pompeia
1686 435 1726 465 de
1744 435 1919 475 parricidiis

1040 475 1208 522 sufficeret.
1252 476 1351 518 Igitur
1367 477 1493 517 infantis
1511 475 1727 516 appellatione
1744 476 1920 515 Imperato-

1039 527 1090 549 res
1115 527 1147 549 in
1180 520 1208 549 d.
1233 519 1252 549 l.
1276 523 1304 553 8.
1345 527 1410 550 non
1435 518 1705 559 qualemcumque
1735 517 1920 559 intelligunt

1041 558 1219 597 infantem;
1242 559 1296 591 sed
1320 559 1595 601 sanguinolentum
1611 582 1621 597 ,
1653 558 1705 590 seu
1731 568 1845 591 recens
1869 569 1923 591 na-

1045 609 1128 632 tum:
1153 601 1208 640 qui
1229 601 1260 632 in
1288 601 1424 632 Rubi-ica
1442 601 1573 633 Codicis
1589 600 1636 632 De
1653 601 1819 639 infantibus
1835 607 1920 641 expo·

1036 641 1124 681 fitis,
1147 641 1242 672 liberis
1258 641 1294 676 ἐξ)
1318 643 1426 681 servis,
1450 642 1486 677 ὅ)
1501 644 1534 673 de
1560 643 1603 674 bis
1620 644 1671 683 qui
1687 642 1923 684 sanguinolentos

1044 684 1212 714 nutriendos
1227 689 1414 724 acceperunt,
1431 684 1462 715 δε
1479 684 1563 724 apud
1582 683 1802 722 metantium,
1824 684 1872 714 lib.
1889 688 1923 717 6.

1046 724 1190 757 Divinar.
1213 723 1312 765 Insilit.
1328 735 1352 757 c.
1369 735 1418 757 20.
1441 725 1474 756 id
1491 725 1554 764 est,
1577 725 1609 757 in
1625 725 1687 765 ipsa
1705 726 1765 757 hac
1781 725 1929 766 quaestio-

1046 777 1107 806 ne,
1131 767 1310 807 specialiter
1326 766 1428 805 infans
1450 767 1577 798 dicitur.
1621 766 1650 798 Is
1676 776 1755 798 vero
1778 767 1927 808 populari

1048 818 1176 847 errore,
1199 808 1289 849 quod
1306 815 1460 848 praeterea
1476 807 1729 848 observandum,
1752 818 1818 840 non
1837 809 1927 840 vide-

1047 850 1140 882 batur
1156 850 1253 887 bomo,
1277 857 1448 889 antequam
1473 850 1604 881 nutricis
1619 859 1718 889 opera
1737 850 1926 882 intervenis-

1048 890 1111 923 set:
1136 900 1172 923 ut
1187 901 1227 922 ex
1245 890 1381 922 Philone
1399 889 1510 930 Judaeo
1522 912 1532 928 ‚
1555 890 1601 921 De
1617 892 1682 922 vita
1700 891 1811 930 Mofis,
1836 891 1928 932 supra

1050 933 1192 965 ostendi:
1219 932 1358 972 denique
1379 931 1484 963 adhuc
1502 931 1542 963 ad
1565 931 1655 972 legis.
1670 931 1848 972 Corneliae,
1872 940 1930 964 aut

1051 974 1215 1016 Pompejae
1230 997 1240 1013 ‚
1256 973 1494 1015 providentiam
1517 981 1582 1004 non
1604 974 1795 1012 pertinebat.
1827 973 1928 1015 Igitur

1052 1018 1139 1054 quod
1157 1025 1271 1047 omnes
1290 1015 1367 1046 boni
1387 1015 1416 1045 δι
1435 1013 1531 1045 saneti
1550 1014 1628 1050 viri,
1651 1015 1682 1046 in
1705 1016 1815 1055 prImis
1838 1016 1931 1047 Chri-

1053 1057 1139 1089 stiani
1153 1081 1161 1096 ,
1183 1057 1279 1088 etiam
1297 1056 1387 1088 multi
1406 1055 1573 1093 Gentiles,
1598 1065 1662 1086 non
1679 1056 1777 1096 legis,
1809 1056 1861 1088 sed
1878 1056 1931 1088 of-

1050 1097 1115 1130 ficii
1132 1108 1169 1130 ac
1196 1098 1344 1139 pietatis,
1368 1096 1431 1129 esse
1447 1095 1688 1136 existimabant3
1713 1097 1778 1128 hoc
1796 1096 1934 1139 Impera·

1053 1148 1142 1171 tores
1160 1141 1187 1170 d.
1207 1139 1227 1169 l.
1247 1143 1276 1173 8.
1302 1139 1430 1170 tandem
1447 1139 1488 1170 ad
1501 1138 1577 1178 juris
1594 1138 1812 1171 neceffitatem
1830 1147 1933 1171 traxe·

1052 1188 1144 1213 runt:
1167 1188 1239 1210 cum
1264 1179 1437 1219 jusserunt,
1461 1179 1626 1211 homicidii
1652 1189 1747 1220 poena
1771 1190 1840 1221 quae
1865 1188 1933 1213 turn

1053 1221 1198 1267 capitalis
1224 1229 1313 1260 erat,
1338 1221 1441 1261 puniri
1462 1230 1535 1252 eum
1554 1222 1606 1261 qui
1624 1221 1782 1254 infantem
1799 1231 1935 1254 necave-

1053 1271 1112 1295 rit:
1136 1270 1230 1302 puta,
1255 1262 1515 1303 strangulaverit,
1538 1269 1593 1293 aut
1615 1262 1746 1295 eliserit:
1770 1273 1831 1295 nec
1847 1265 1934 1295 hunc

1056 1310 1201 1342 tantum,
1225 1303 1278 1334 sed
1295 1305 1410 1342 etiam,
1434 1303 1488 1344 qui
1512 1313 1628 1335 necare
1644 1306 1833 1344 tentaverit,
1857 1313 1934 1346 puta

1056 1345 1146 1385 quod
1166 1354 1240 1376 eum
1264 1345 1417 1385 abjecerit
1433 1345 1464 1376 in
1483 1353 1578 1385 aquas
1595 1353 1648 1376 aut
1661 1346 1692 1376 in
1712 1345 1933 1386 solitudinem,

1057 1386 1166 1427 aquis,
1189 1394 1244 1417 aut
1261 1386 1365 1424 fame,
1389 1392 1442 1417 aut
1458 1386 1599 1428 frigore,
1617 1394 1671 1418 aut
1686 1386 1824 1419 ferarum
1842 1388 1935 1419 lania·

1057 1435 1110 1466 tu,
1127 1426 1391 1460 consumendum.
1422 1427 1523 1469 'idque
1539 1428 1587 1468 jus
1605 1427 1667 1459 effe
1687 1438 1750 1460 non
1768 1430 1887 1468 modo,
1912 1429 1935 1461 fi

1057 1470 1127 1510 quis
1149 1468 1325 1510 aggress'us,
1348 1469 1401 1500 sed
1427 1471 1523 1500 etiam
1539 1492 1550 1508 ,
1579 1468 1601 1500 fi
1624 1479 1692 1508 quae
1716 1470 1872 1511 aggressa,
1896 1470 1934 1503 fit

1055 1511 1190 1541 necandi
1214 1509 1344 1542 infantis
1364 1511 1548 1551 piaculum:
1573 1519 1670 1549 quum
1693 1520 1766 1543 ante
1785 1512 1815 1543 δε
1834 1514 1935 1552 patri,

1056 1551 1087 1583 &
1103 1552 1217 1590 matri,
1240 1552 1398 1592 impunita
1414 1551 1470 1583 filii
1487 1551 1647 1592 expofitio
1665 1551 1760 1592 esset3
1783 1561 1819 1583 ut
1834 1553 1936 1594 liquet

1056 1602 1097 1624 ex
1121 1593 1266 1625 Scaevola
1288 1593 1307 1624 l.
1334 1602 1384 1630 29.
1419 1592 1461 1624 D.
1494 1594 1527 1624 de
1549 1592 1725 1633 manumiffis
1750 1592 1938 1635 testamento,

1057 1633 1263 1677 Quintiliano
1281 1634 1413 1666 Declam.
1424 1638 1495 1676 306.
1515 1635 1545 1665 δε
1565 1634 1650 1674 Julio
1660 1634 1802 1666 Firmico
1816 1636 1939 1668 Mater-

1057 1686 1121 1715 no,
1136 1676 1183 1708 lib.
1200 1680 1231 1708 6.
1251 1675 1378 1717 Matbes.
1396 1686 1420 1708 c.
1442 1686 1470 1708 1.
1496 1675 1555 1708 His
1572 1676 1675 1715 adde,
1692 1677 1780 1716 quod
1796 1675 1935 1717 Impera-

1058 1725 1146 1750 tores
1164 1728 1230 1750 non
1246 1717 1460 1759 distinguunt,
1484 1725 1590 1749 utrum
1611 1718 1680 1758 quis
1697 1718 1762 1750 hoc
1778 1719 1941 1759 piaculum

1057 1760 1102 1791 ob
1119 1766 1341 1801 paupertatem
1357 1759 1394 1791 fit
1410 1758 1584 1801 aggressus,
1602 1768 1640 1790 an
1656 1760 1766 1791 aliter:
1790 1769 1889 1801 quum
1908 1770 1938 1792 a·

1058 1801 1180 1842 lioquin
1198 1801 1228 1833 se
1243 1802 1389 1842 plerique
1406 1801 1462 1833 illo
1481 1801 1594 1832 colore
1610 1800 1815 1833 excusarent:
1832 1809 1866 1833 ut
1882 1801 1939 1834 Pa-

1058 1843 1167 1876 rafltus
1191 1843 1275 1881 apud
1301 1842 1538 1886 Quintilianum
1557 1843 1605 1873 lib.
1620 1853 1650 1881 4.
1670 1840 1740 1883 lost.
1760 1843 1848 1875 Orat.
1865 1853 1890 1875 c.
1907 1853 1940 1876 2.

1058 1885 1121 1916 Sed
1138 1885 1166 1916 &
1179 1884 1361 1916 LaCtantius
1376 1886 1406 1916 α’.
1421 1884 1470 1916 lib.
1481 1888 1511 1916 6.
1528 1894 1553 1916 c·
1570 1894 1619 1916 20.
1643 1884 1688 1915 At
1703 1885 1796 1923 enim,
1813 1885 1940 1925 inquit,

1056 1927 1210 1968 parricidae
1218 1927 1404 1966 facultatum
1420 1923 1571 1967 angustias
1587 1931 1823 1966 conqueruntur,
1846 1936 1897 1957 nec
1905 1926 1940 1966 stt

1055 1969 1188 2009 pluribus
1216 1969 1312 1999 liberis
1333 1969 1490 1998 educandis
1502 1966 1638 2007 sufficere
1652 1967 1725 2007 poffe
1741 1969 1938 2006 praetendunt.

1062 2009 1145 2051 quasi
1168 2019 1235 2041 vero
1257 2014 1309 2040 aut
1325 2009 1488 2049 facultates
1511 2010 1541 2039 in
1554 2006 1692 2048 potestate
1701 2007 1764 2046 fint
1776 2007 1941 2048 poffidenti-

1060 2062 1129 2089 uin,
1145 2058 1197 2082 aut
1212 2060 1268 2081 non
1283 2051 1409 2092 quotidie
1421 2049 1503 2080 Deus
1518 2058 1552 2080 ex
1568 2050 1712 2079 divitibus
1722 2055 1862 2089 pauperes
1872 2073 1881 2088 ,
1898 2049 1939 2084 ὅ)

1058 2103 1095 2124 ex
1111 2094 1290 2133 pauperibus
1314 2095 1417 2122 divites
1436 2091 1546 2130 faciat.
1593 2090 1695 2134 Quare
1710 2089 1739 2128 fi
1757 2092 1822 2131 quis
1837 2091 1942 2122 liberos

1059 2136 1091 2165 ob
1112 2134 1277 2174 pauperiem
1301 2143 1359 2164 non
1379 2134 1484 2173 poterit
1505 2133 1644 2170 educare,
1666 2131 1761 2169 satius
1774 2130 1813 2171 eft
1829 2155 1838 2169 ,
1862 2132 1940 2173 utss

1060 2177 1095 2207 ab
1108 2176 1209 2206 uxoris
1226 2173 1413 2215 congreffione
1430 2176 1594 2212 contineat,
1617 2183 1705 2214 quam
1712 2173 1862 2214 sceleratis
1879 2183 1940 2206 rna-

1058 2218 1145 2248 nz'lms
1161 2215 1221 2247 Dei
1235 2222 1316 2256 opera
1333 2221 1509 2255 corrumpat.
1549 2215 1655 2254 Atque
1672 2224 1708 2245 ea
1724 2221 1813 2245 certa
1831 2215 1859 2245 ὃ(
1879 2215 1942 2246 cla-

1059 2267 1092 2290 ra
1111 2265 1220 2296 erant,
1242 2257 1263 2289 fi
1282 2258 1332 2288 vel
1350 2264 1499 2294 necatus,
1516 2264 1610 2296 puta,
1627 2254 1831 2295 perfocatus,
1848 2255 1943 2288 stran-

1056 2300 1182 2339 gulatus
1193 2321 1204 2337 ,
1219 2297 1374 2337 elisusve,
1392 2298 1470 2328 esset
1486 2297 1608 2335 infans,
1626 2298 1676 2327 vel
1693 2299 1758 2337 ejus
1771 2306 1855 2328 mors
1873 2304 1942 2328 ten-

1057 2349 1120 2372 tata
1139 2339 1216 2372 esset
1233 2339 1412 2378 abjectione
1429 2341 1458 2370 in
1473 2347 1588 2379 aquas,
1606 2346 1659 2368 aut
1675 2338 1706 2368 in
1726 2337 1937 2369 solitudinem.

1058 2383 1120 2415 Sed
1146 2382 1241 2423 quid,
1264 2381 1286 2413 fi
1310 2383 1340 2412 in
1360 2381 1492 2419 publico
1517 2381 1547 2412 &
1565 2379 1682 2411 celebri
1703 2380 1777 2411 loco
1791 2378 1867 2410 esset
1884 2388 1940 2411 ex-

1059 2423 1179 2466 positus
1197 2423 1307 2454 alienae
1329 2422 1573 2460 misericordiae‚
1599 2421 1685 2457 quod
1701 2420 1769 2452 fere
1788 2430 1805 2451 a
1822 2429 1939 2460 paupe-

1061 2465 1198 2498 rioribus
1217 2463 1335 2502 fiebat,
1357 2471 1498 2505 cogente
1516 2463 1717 2494 neceffitate:
1741 2470 1837 2501 quum
1860 2462 1937 2493 illud

1059 2505 1281 2548 fine-egestatis
1298 2505 1476 2546 suspicione
1493 2504 1616 2536 faceret
1635 2503 1804 2544 praesertim
1821 2503 1873 2542 qui
1893 2504 1937 2534 in-

1061 2549 1185 2581 fantem
1202 2556 1347 2587 poterat,
1371 2547 1423 2579 sed
1441 2547 1591 2585 nolebat,
1609 2546 1760 2577 heredem
1780 2545 1939 2582 relinque·

1061 2591 1121 2623 re‘?
1145 2589 1255 2622 Potuit
1273 2589 1399 2629 insignis
1424 2588 1486 2620 effe
1504 2589 1682 2625 dubitatio,
1707 2596 1744 2618 an
1761 2586 1822 2617 huc
1841 2586 1940 2626 porri-

1062 2632 1165 2673 genda
1183 2630 1261 2662 effer.
1278 2631 1356 2672 legis
1374 2631 1538 2662 severitas:
1563 2639 1628 2662 non
1645 2628 1727 2661 enirn
1748 2637 1838 2669 atque
1855 2627 1940 2658 vide-

1062 2676 1155 2707 batur
1180 2682 1271 2712 pater
1297 2673 1327 2703 in
1353 2672 1432 2709 hae,
1456 2680 1552 2712 atque
1570 2673 1601 2702 in
1620 2671 1745 2712 priore,
1769 2669 1875 2710 specie
1889 2677 1940 2709 ag-

1063 2715 1152 2757 gredi
1169 2714 1302 2746 necandi
1321 2713 1450 2746 infantis
1465 2714 1637 2754 piaculum.
1677 2711 1894 2755 Quintilianus
1911 2709 1938 2741 d.

1064 2758 1196 2790 Declanz.
1223 2759 1293 2797 306.
1335 2755 1407 2786 Una
1433 2756 1584 2786 calumnia
1605 2755 1682 2794 origo
1698 2752 1756 2794 est,
1778 2754 1853 2794 quod
1867 2752 1939 2783 banc

1064 2797 1219 2840 expot‘uiffe
1239 2795 1359 2837 constat.
1393 2796 1510 2828 Rarum
1524 2798 1619 2838 igitur
1636 2794 1694 2836 est,
1716 2800 1750 2826 ut
1766 2792 1883 2835 cxpofiti
1897 2793 1941 2823 vi·

1064 2847 1149 2872 vanc.
1183 2839 1332 2870 Caciucum
1347 2838 1425 2869 circa
1436 2840 1524 2869 initia
1539 2840 1667 2876 animal,
1690 2837 1938 2875 hominessumus.

1065 2882 1150 2915 Nam
1160 2882 1298 2921 ferarum
1312 2882 1512 2922 pecudumque
1521 2880 1644 2918 foetibus
1664 2875 1704 2918 est
1712 2876 1816 2918 statim
1831 2877 1940 2917 ingrer-

1061 2925 1130 2961 sus,
1148 2923 1184 2957 ὅ)
1200 2924 1238 2953 acl
1253 2924 1340 2953 ubera
1355 2923 1495 2962 impetus.-
1514 2922 1594 2952 nobis
1609 2920 1747 2951 tollendus
1765 2918 1883 2957 infans,
1900 2914 1937 2949 Β

1064 2966 1204 3002 traversus
1222 2965 1338 3006 frigora
1354 2965 1543 3000 nutriendus,
1563 2960 1608 3001 sic
1624 2970 1733 3004 quoque
1747 2961 1822 2990 inter
1835 2965 1938 2996 paren-

1065 3013 1129 3041 tum
1155 3015 1260 3038 manus
1278 3029 1288 3044 ‚
1307 3006 1507 3046 gremiumque
1529 3005 1674 3041 nutricis,
1687 3001 1792 3041 sapius
1817 2998 1936 3028 labitur·

1069 3048 1155 3080 Unde
1172 3049 1250 3079 nobis
1268 3053 1382 3078 tantam
1397 3047 1588 3084 felicitatem,
1605 3050 1639 3075 ut
1654 3044 1691 3075 ad
1705 3041 1847 3080 infantem
1861 3047 1937 3068 mors

1064 3089 1202 3122 accersita
1219 3099 1278 3120 non
1294 3087 1423 3120 veniat?
1447 3088 1508 3119 Vos
1521 3088 1620 3127 ponne
1633 3091 1700 3115 ante
1713 3081 1805 3113 oculos
1817 3087 1936 3119 puerum

1057 3131 1163 3174 statim
1179 3130 1359 3172 neglectum.-
1381 3131 1429 3160 cui
1446 3130 1519 3160 mori
1534 3128 1607 3158 domi
1619 3125 1777 3163 expediret,
1800 3122 1864 3152 inde
1883 3128 1938 3169 Ἠξί-

1065 3176 1134 3206 dum
1154 3179 1274 3213 corpus,
1287 3173 1347 3212 sub
1362 3171 1446 3208 coelo,
1467 3171 1542 3200 inter
1558 3168 1634 3201 feras
1649 3164 1685 3200 &²
1699 3163 1837 3195 volucres.
1883 3162 1937 3193 lsi-

1065 3217 1114 3247 deo
1139 3215 1276 3253 moveri,
1303 3212 1434 3250 mulier,
1465 3210 1623 3251 lachrymas
1645 3212 1722 3238 tuas.
1766 3203 1937 3275 Nemomtgei

1829 3254 1849 3271 ,⁷
1883 3254 1892 3273 l
1925 3258 1937 3267 u
