2108 3479
529 94 839 132 Pitontmmuiu
891 96 1019 143 Junxs
1072 94 1250 132 C1v1t1s
1300 95 1390 135 LIB.
1442 97 1469 133 I.
1851 109 1891 136 11

138 198 204 228 non
224 192 290 225 hoc
303 188 406 223 animo
422 186 506 229 inter
522 192 638 217 caetera
655 192 777 217 naturae
795 182 910 216 effecta
928 193 992 216 non
1036 185 1274 224 madverteret‚
1296 185 1337 218 de
1356 183 1484 226 reliqui-s
1509 186 1667 228 potiorem
1694 185 1757 220 effe
1774 187 1895 219 dubita·

139 234 282 268 recitaffe
299 227 513 272 defensionem
539 227 600 266 sui,
633 228 721 267 quod
745 225 927 264 sustineret,
958 227 991 258 il·
1037 227 1158 259 tionem
1173 251 1183 267 ‚
1213 234 1319 260 utrum
1336 237 1353 259 a
1373 236 1483 260 natura
1500 251 1511 268 ‚
1541 238 1578 260 an
1597 229 1635 260 ab
1653 228 1715 261 alio
1737 230 1806 270 jure
1823 238 1895 271 pro-

136 277 200 311 lam
217 273 383 308 excludere
409 279 426 301 a
449 268 558 310 primis
577 276 695 300 naturae
712 277 723 307 3
752 266 805 300 sed
825 268 912 309 quod
931 276 993 299 am-
1035 268 1162 300 cedant.
1463 293 1466 296 .

837 376 1049 415 CAPUT
1108 378 1195 416 VI.

134 479 324 527 Defenditur
342 486 457 525 recepta
477 478 560 514 lebiio
578 478 597 513 l.
618 487 674 523 35.
693 478 735 512 D.
754 477 788 512 de
803 478 948 523 injuriis,
977 474 1018 516 δέ)
1036 478 1055 511 l.
1081 488 1135 522 13.
1154 475 1183 523 ᾗ.
1206 487 1233 512 r.
1253 478 1295 512 D.
1316 476 1351 512 de
1365 479 1576 524 jarisdiftione
1597 476 1742 525 adversas
1768 478 1897 514 Antonii

181 529 294 573 Fabri,
320 529 435 575 Jacobi
456 528 590 571 Cnidon,
618 528 745 562 Antonii
764 527 917 569 Comani,
945 527 1095 572 Scipionis
1117 526 1265 568 Geminis,
1293 528 1527 562 emendationem
1538 527 1793 573 sententiamque.

224 625 362 666 lpianum
389 621 470 655 libro
491 623 587 655 tertio
609 620 661 655 De
685 620 833 654 omnibus
850 622 990 655 tribuna·

239 666 320 698 libus
345 664 386 697 fic
412 663 559 706 scripnffe
576 689 586 705 ,
618 664 750 705 legimus
774 664 804 696 in
825 664 844 695 l.
868 675 917 706 35.
944 664 986 696 D.

135 706 168 740 de
181 706 308 750 injuriis.

172 749 206 780 Si
220 750 285 795 quis
307 747 449 789 injuriam
470 753 589 779 atrocem
599 746 723 786 fecerit,
747 747 797 787 qni
816 752 991 777 contemnere

191 791 371 838 injuriarum
389 787 536 830 judiciuin
557 787 639 829 poffit
665 791 696 819 ob
726 788 877 827 infamiam
900 790 990 828 sitam

192 831 231 866 δ’
253 828 401 872 egestatem
417 854 426 870 ,
458 831 568 862 Praetor
592 832 698 860 acriter
713 830 815 870 exequi
837 830 910 860 banc
933 838 990 859 rem

192 874 268 903 debet
282 895 291 911 ,
315 871 351 907 85⁹
369 881 433 911 eos,
455 873 506 913 qui
525 872 665 913 injuriam
673 871 830 910 fecerant,
856 871 987 901 coercere.

133 910 211 953 Ait,
243 913 416 945 Praetorem
448 913 563 944 acriter
589 913 703 952 exequi
735 911 815 942 hanc
839 921 904 942 rem
936 911 988 942 de-

133 955 229 993 bere,
254 954 283 986 &
309 964 366 986 eos
387 954 440 994 qui
464 955 605 994 injuriam
626 953 791 991 fecerunt,
816 955 989 990 coercere3

133 1002 204 1028 curn
220 996 316 1036 quaeri
338 996 451 1036 poffic,
473 997 557 1027 unde
577 996 644 1026 lraee
661 994 791 1025 Praetorr
808 993 990 1025 coercitio?

133 1037 164 1069 in
182 1037 354 1078 provinciis
373 1038 457 1069 enim
476 1037 514 1068 ad
527 1036 708 1074 Praeffiem,
734 1034 845 1066 Romae
861 1034 989 1066 athrae-

132 1078 251 1111 sectum
275 1077 392 1116 Urbis,
426 1077 623 1119 pertinuisse,
648 1086 712 1108 non
737 1076 776 1107 ad
795 1076 988 1113 Praetorem,

133 1129 174 1152 ex
194 1121 309 1151 eodem
336 1118 475 1159 Ulpiano
500 1119 686 1159 intelligitur
708 1118 737 1148 in
755 1116 774 1147 l.
797 1126 822 1148 1.
850 1112 878 1157 ὃ.
896 1127 925 1157 3.
945 1115 988 1147 D.

132 1162 167 1193 de
185 1163 295 1202 paenis,
320 1161 349 1192 ἂ
373 1158 558 1192 Modestino
583 1160 613 1190 in
641 1159 659 1189 l.
685 1156 737 1189 ati.
767 1157 807 1189 D.
831 1159 863 1188 de
888 1157 992 1199 injus

131 1203 270 1234 vocando.
313 1202 387 1242 quin
406 1203 490 1239 imo,
515 1200 536 1232 fi
560 1200 628 1239 quis
647 1199 690 1230 ob
717 1198 797 1230 fasta
831 1198 990 1243 atrociora

134 1243 167 1275 in
193 1243 292 1274 tutela
307 1241 433 1273 admiss'a
456 1242 540 1282 apud
558 1241 731 1273 Praetorem
750 1240 846 1271 fuerit
869 1240 990 1270 accula-

135 1292 205 1322 tus,
235 1284 273 1314 ab
305 1283 421 1315 eodem
449 1283 567 1314 remitti
595 1282 693 1313 debet
726 1282 765 1313 ad
802 1280 991 1313 Praefestum

137 1322 230 1356 Urbis
250 1324 389 1366 graviter
406 1323 601 1365 puniendus;
627 1331 662 1354 ut
678 1322 741 1364 ipse
768 1320 922 1362 Ulpianus
946 1332 991 1354 re-

132 1366 198 1398 fert
217 1367 247 1397 in
264 1365 283 1397 l.
309 1375 336 1397 1.
360 1365 388 1407 ᾗ.
408 1370 436 1399 8.
454 1364 495 1396 D.
514 1364 694 1405 desitspettz's
710 1366 851 1394 tatoribus
875 1366 950 1394 item
969 1363 990 1396 l.

137 1416 164 1439 1.
195 1405 224 1449 §.
254 1417 282 1447 7.
315 1405 357 1438 D.
393 1408 425 1437 de
453 1405 543 1447 officio
574 1405 707 1444 Praefettz·
749 1404 847 1436 Urbis.
894 1404 993 1446 Igitur

133 1447 288 1490 Ulpianus
307 1446 410 1479 secum
429 1447 578 1479 diffidet?
593 1457 630 1478 an
645 1447 728 1478 aliud
739 1446 783 1478 est
801 1447 832 1477 in
851 1446 990 1486 injuriis,

134 1490 218 1522 aliud
235 1490 265 1521 in
289 1490 410 1521 caeteris
428 1489 543 1526 caufis;
566 1498 603 1520 an
627 1489 744 1530 (quod
771 1487 868 1519 visum
894 1487 992 1527 Scipi-

135 1531 189 1563 oni
207 1529 350 1569 Gemoll,
375 1532 443 1561 viro
462 1530 657 1569 Clanium,
681 1527 992 1571 Dejnrijdic‘tionelib.

160 1597 168 1604 .
192 1579 252 1612 cap.
270 1571 342 1609 ΧΙ.)
365 1571 513 1611 interest,
539 1572 627 1611 quod
651 1569 897 1611 Jurisconsultus
914 1570 944 1601 in
963 1571 991 1602 d.

133 1582 155 1645 ῗ.
176 1623 223 1654 35.
250 1612 445 1653 conjunctim
469 1613 610 1654 loquitur
635 1613 675 1644 de
699 1611 829 1653 persona
846 1612 875 1642 ἃ
894 1620 992 1652 egena

136 1654 168 1686 &
192 1653 326 1686 infami?
350 1652 438 1686 Nihil
467 1654 598 1685 horum:
635 1653 791 1695 generalis
822 1653 924 1684 sermo
950 1652 995 1684 est

134 1694 264 1735 Ulpiani
283 1695 350 1727 inl.
378 1705 402 1726 1.
428 1697 460 1726 in
470 1702 516 1735 pr.
542 1695 577 1729 &³
593 1695 621 1737 ἓ.
638 1706 666 1736 3.
694 1694 736 1727 D.
754 1695 786 1725 cle
809 1692 897 1735 officio
919 1693 995 1725 Pra-

129 1736 206 1776 fefti
228 1736 337 1773 Urbis,
360 1735 585 1768 Praefcfturam
610 1736 704 1768 Urbis
730 1736 838 1767 omnia
861 1735 994 1766 omnino

135 1778 266 1809 crimina
282 1777 336 1809 fibi
352 1778 543 1809 vindic-affe:
569 1777 599 1809 &
614 1778 710 1818 igitur
719 1776 834 1808 omnia
853 1784 915 1807 tam
935 1777 995 1817 pri-

135 1826 226 1857 vata,
249 1827 342 1858 quam
371 1819 498 1858 publiea
525 1819 655 1850 crimina
680 1819 708 1850 d.
731 1818 750 1849 l.
776 1827 802 1849 1.
825 1817 854 1858 §.
879 1818 931 1849 ult.
951 1817 994 1849 D.

136 1861 172 1891 tle
185 1861 294 1900 pinnis,
320 1867 380 1889 nec
404 1860 506 1890 minus
532 1860 710 1899 injuriarum
734 1857 877 1895 causam,
902 1867 995 1898 quam

136 1900 234 1939 furti,
259 1900 492 1941 quam'tutelae.
518 1900 638 1931 Adhaec
663 1900 742 1931 certi
760 1898 836 1938 juris
861 1898 923 1937 est,
950 1900 993 1929 in-

135 1941 283 1982 juriarum
310 1941 476 1972 damnatos
504 1941 695 1981 generaliter
711 1939 845 1971 infames
871 1939 936 1970 fieri
956 1938 994 1970 E-

137 1983 223 2014 dicto
249 1982 412 2020 Praetoris,
437 1983 467 2012 &
495 1985 600 2013 tamen
630 1989 751 2013 tantum
772 1980 994 2012 humilioribus

162 2022 278 2054 erfonis
299 2023 395 2064 infligi
416 2024 615 2063 corporalem
634 2032 781 2063 poenam3
806 2020 857 2054 sed
877 2031 893 2053 a
916 2021 995 2052 Prae-

153 2064 224 2096 esto
242 2062 338 2095 Urbis
355 2072 409 2095 aut
423 2063 571 2103 Praefide3
595 2073 728 2095 caeteros
740 2073 817 2094 vero
828 2073 892 2094 non
904 2065 993 2094 cobr-

138 2106 204 2136 ceri
222 2115 257 2136 ea
279 2115 392 2146 poena,
417 2104 468 2137 sed
488 2106 538 2137 vel
556 2106 653 2136 exilio
672 2104 860 2144 temporali,
885 2104 992 2136 velin-

138 2146 328 2178 terdic‘tione
344 2154 439 2178 certae
456 2148 517 2185 rei,
539 2147 588 2178 vel
610 2146 667 2177 alia
679 2146 831 2178 consimili
850 2146 992 2184 ratione,

139 2188 234 2219 etiam
254 2187 530 2227 Hermogenianus
546 2188 690 2220 meminit
708 2188 740 2219 in
768 2188 787 2219 l.
812 2187 865 2218 ult.
894 2186 934 2218 D.
961 2189 994 2218 cle

138 2229 273 2269 injuriis,
299 2228 328 2259 ὅ(
346 2228 537 2260 Callistratus
554 2229 584 2262 in
602 2230 622 2260 l.
641 2235 689 2263 28.
706 2229 735 2270 §.
754 2239 781 2260 2.
800 2228 875 2259 Dde
886 2230 989 2268 paenis.

141 2269 229 2309 Quid
253 2270 354 2310 ergo?
378 2271 592 2302 emendandus
621 2271 665 2302 est
688 2277 811 2308 textus,
835 2277 931 2310 atque
955 2279 995 2301 ex

141 2309 239 2348 Notis
264 2320 322 2351 pro
352 2311 475 2342 Praetore
508 2312 718 2343 restituendus
749 2310 932 2351 Praefebi‘us?
962 2310 994 2342 id

138 2352 261 2383 mavult
281 2352 433 2383 Antonius
455 2351 574 2392 Faber,
598 2354 645 2384 vir
667 2352 749 2384 acuti
768 2352 797 2383 &
819 2352 994 2393 praestantis

140 2392 282 2432 ingenii,
305 2393 353 2424 lib.
378 2403 406 2432 4.
427 2393 589 2434 Conjeftnr.
613 2401 675 2435 cap.
696 2399 725 2429 8.
748 2394 812 2425 Sed
839 2403 901 2434 ego
917 2403 933 2424 a
949 2403 994 2424 re·

142 2441 235 2475 cepta
265 2433 403 2467 lectione
429 2444 495 2467 non
523 2436 661 2468 recedo:
685 2434 759 2477 quia
782 2444 903 2468 novum
929 2444 993 2466 non

1034 622 1101 662 est,
1126 630 1161 654 ut
1186 622 1333 654 Praetoris
1358 623 1532 663 appellatio
1550 632 1614 654 non
1633 623 1806 656 Praetorem
1825 632 1896 656 mo-

1035 664 1077 695 do
1111 665 1238 704 proprie
1264 663 1304 694 fic
1322 663 1439 696 dietum
1467 663 1621 705 significet
1638 688 1645 701 ‚
1677 664 1728 697 sed
1764 666 1794 697 δε
1818 666 1895 697 Pro-

1033 705 1215 744 consulem,
1240 705 1293 735 scd
1326 704 1355 735 ὅ(
1384 704 1540 746 Legatum
1568 705 1719 744 Caesaris,
1743 706 1794 737 seu
1819 707 1898 738 1³1·ae-

1032 746 1148 785 fidem,
1175 746 1226 777 sed
1252 746 1280 776 <Sc
1299 746 1484 785 pl’aefestum
1512 746 1675 787 Vigilum,
1699 748 1728 778 ὅ(
1744 747 1895 780 AEdilern.

1033 787 1141 828 Itaque
1167 790 1251 829 apud
1273 786 1424 818 Tacitum
1450 789 1565 828 legitur
1594 789 1641 819 lib.
1672 797 1694 819 1.
1728 789 1897 820 Annalium

1032 836 1093 869 cap.
1113 838 1162 869 74.
1189 828 1341 859 Granium
1364 828 1555 860 Marcellum
1583 829 1755 861 Praetorem
1783 830 1896 871 Bithy-

1032 871 1090 900 niae
1111 869 1277 909 majestatis
1294 868 1482 908 postulatum
1501 870 1562 901 csse
1579 880 1594 901 a
1613 870 1781 913 Quaestore
1802 871 1896 911 ipsius

1035 911 1188 951 Caepione
1215 909 1372 951 Crispino.
1400 910 1469 942 Nec
1498 913 1739 952 quidquam'ibi
1772 921 1896 944 mutan-

1034 954 1107 983 dum
1126 963 1134 990 3
1160 951 1282 982 tametsi
1308 952 1348 983 de
1369 951 1520 992 scriptura
1537 954 1676 994 ambigat
1700 953 1894 985 dofitiffimus

1033 992 1154 1033 Lipfius
1185 992 1254 1033 bost
1281 992 1492 1025 Mercerum:
1524 996 1611 1035 quod
1636 994 1798 1027 Salmasius
1825 1004 1895 1026 mo-

1033 1036 1101 1066 nuit
1117 1035 1154 1065 ad
1170 1033 1242 1074 Julii
1255 1033 1426 1073 Capitolini
1446 1035 1591 1066 Marcum
1613 1037 1807 1068 Antoninum
1820 1044 1892 1078 pag.

1034 1086 1082 1117 23.
1101 1078 1173 1115 verſs
1198 1086 1226 1116 7.
1249 1075 1312 1105 Sed
1343 1074 1372 1105 &
1396 1075 1481 1107 idem
1508 1076 1641 1109 Tacitus
1667 1077 1704 1108 lib
1732 1088 1759 1109 2.
1780 1078 1893 1109 Annal.

1034 1124 1095 1157 cap.
1119 1120 1169 1157 56.
1193 1119 1256 1154 ait,
1282 1117 1508 1157 Commagenis
1532 1117 1574 1160 Q.
1597 1118 1739 1150 Scrvaeus
1771 1128 1895 1159 praepo-

1034 1159 1118 1189 nitur
1148 1165 1215 1189 tum
1245 1158 1373 1188 demum
1404 1159 1441 1189 ad
1468 1159 1515 1198 jus
1544 1161 1686 1198 praetoris
1721 1160 1894 1192 transsatis:

1034 1209 1093 1240 pro
1121 1200 1160 1230 ad
1185 1200 1230 1237 jus
1257 1199 1430 1238 provinciae
1461 1201 1510 1230 cui
1537 1209 1669 1240 preerunt
1700 1201 1814 1233 praeses
1841 1209 1896 1232 aut

1035 1240 1228 1279 Proconsul3
1253 1247 1287 1270 ut
1306 1241 1400 1271 etiam
1420 1239 1538 1280 Liplius
1555 1241 1674 1272 ibidem
1694 1243 1781 1273 vidit.
1807 1243 1896 1274 Simi-

1033 1282 1105 1313 liter
1122 1283 1204 1322 apud
1225 1280 1394 1321 Ulpianum
1412 1281 1526 1321 legitur
1542 1283 1572 1313 in
1589 1283 1607 1313 l.
1634 1292 1678 1324 13-
1699 1282 1727 1324 ὃ.
1752 1292 1775 1313 1.
1798 1283 1838 1314 D.
1863 1286 1897 1315 de

1029 1322 1239 1365 jurisdibiione.
1266 1321 1463 1364 Magistratus
1480 1329 1576 1354 autem
1595 1325 1641 1355 vel
1664 1326 1707 1362 is,
1731 1325 1783 1365 qui
1802 1326 1834 1355 in
1846 1332 1899 1364 po-

1034 1363 1132 1405 testate
1148 1364 1247 1405 aliqua
1263 1363 1323 1402 fit,
1349 1370 1381 1394 itt
1396 1370 1468 1403 puta
1487 1365 1642 1401 Proconsul
1659 1388 1667 1403 ‚
1700 1367 1746 1395 vel
1768 1366 1898 1404 Praetor,

1034 1412 1078 1438 vel
1095 1407 1147 1437 alii
1162 1429 1171 1444 ‚
1195 1406 1246 1446 qai
1267 1406 1436 1445 provincias
1463 1412 1585 1446 rogitat,
1603 1406 1738 1448 judicare
1749 1407 1849 1448 jubere
1870 1416 1899 1437 eo

1036 1449 1079 1478 aie
1094 1471 1102 1486 ‚
1127 1457 1181 1488 quo
1201 1448 1317 1487 privati
1334 1446 1438 1486 futuri
1457 1448 1562 1487 efferit,
1593 1458 1651 1479 non
1677 1447 1800 1490 poffnnt.
1832 1446 1901 1480 Ubi

1036 1488 1193 1528 Proconsul
1213 1489 1264 1519 vel
1287 1488 1396 1519 Praetor
1413 1487 1457 1519 est
1477 1489 1650 1521 Proconsul
1681 1489 1731 1520 vel
1756 1489 1902 1530 Proprae·

1036 1538 1108 1568 tor,
1136 1530 1187 1561 vel
1216 1528 1356 1569 Legatus
1381 1528 1527 1569 Caesaris,
1553 1530 1604 1561 seu
1632 1529 1760 1562 Praeses.
1785 1540 1846 1562 nec
1863 1540 1901 1562 o-

1035 1580 1115 1612 pus,
1139 1580 1213 1602 curn
1234 1570 1379 1602 Antonio
1405 1569 1566 1603 Goveano
1597 1572 1698 1603 ibidem
1730 1581 1810 1603 num.
1851 1582 1901 1604 10.

1036 1622 1194 1653 reponere
1206 1636 1215 1651 ‚
1234 1612 1432 1653 Propraetor‚
1449 1613 1499 1644 vel
1517 1613 1741 1654 Propraetore3
1765 1621 1799 1645 ut
1817 1622 1899 1652 nec,

1038 1663 1110 1686 cum
1138 1653 1290 1694 Cujacio,
1316 1653 1434 1686 Consul
1461 1654 1511 1686 vel
1539 1655 1669 1686 Praetor.
1703 1654 1902 1695 Pomponius

1038 1705 1168 1737 quoque
1201 1698 1233 1726 in
1259 1695 1278 1726 l.
1311 1706 1341 1735 5.
1368 1694 1410 1726 D.
1433 1696 1466 1725 de
1497 1697 1648 1727 verborum
1681 1696 1902 1738 obligationibus

1038 1738 1103 1776 ait,
1128 1737 1293 1768 Praetorias
1310 1736 1342 1768 sti
1372 1746 1387 1767 u

1038 1789 1090 1817 re,
1115 1786 1149 1809 ut
1174 1779 1205 1809 in
1231 1777 1316 1809 hisce
1395 1779 1620 1810 contineantur
1648 1777 1796 1810 aedilitiae.
1839 1778 1903 1810 Sed

1038 1820 1068 1851 ὃ(
1087 1819 1200 1851 Paulus
1216 1818 1262 1849 lib.
1295 1827 1318 1848 1.
1344 1819 1558 1850 Sententiarum
1579 1821 1624 1851 tit.
1652 1829 1699 1859 15.
1725 1819 1759 1851 Si
1773 1820 1903 1861 quadru-

1034 1867 1083 1900 pes
1101 1862 1238 1891 damnant
1255 1859 1386 1890 intulerit
1402 1859 1442 1890 fic
1463 1860 1623 1900 loquitur:
1641 1859 1665 1891 F
1668 1870 1752 1892 eram
1770 1861 1902 1892 bestiam

1040 1902 1070 1932 in
1095 1910 1130 1931 ea
1150 1908 1256 1940 parte,
1281 1909 1341 1940 qua
1359 1900 1468 1940 populi
1488 1901 1548 1932 iter
1565 1900 1631 1938 est,
1655 1903 1797 1943 colligari
1818 1902 1900 1934 Prae-

1039 1949 1090 1973 tor
1108 1941 1267 1982 prohibet.
1294 1942 1346 1971 ubi
1369 1940 1542 1973 Praetorem
1574 1940 1720 1983 Cujacius
1749 1943 1834 1974 recte
1854 1945 1902 1974 in-

1038 1990 1230 2023 terpretatur
1256 1981 1407 2013 AEtlilem.
1450 1982 1607 2014 Praeterea
1631 1985 1662 2015 in
1691 1982 1790 2015 Notis
1808 1983 1905 2015 Vale-

1037 2025 1071 2055 rii
1091 2023 1186 2055 Probi
1214 2023 1341 2061 exstat,
1377 2022 1437 2054 PR.
1465 2023 1600 2056 VIGIL.
1625 2025 1657 2055 i‹l
1684 2025 1728 2056 est
1747 2049 1757 2064 ‚
1790 2025 1902 2057 Praetor

1038 2065 1172 2105 Vigilnm
1190 2065 1237 2095 vet
1255 2064 1434 2105 Proefetlas:
1465 2067 1679 2104 eumdemque
1702 2067 1796 2098 etiam
1811 2066 1902 2106 Justi-

1036 2107 1189 2138 nianusin
1203 2106 1534 2148 Novell.13.cap.1.§t
1553 2117 1578 2138 1.
1607 2107 1781 2139 Praetorem
1799 2108 1902 2148 plebis

1035 2148 1208 2188 appellitat.
1253 2146 1361 2190 Quare
1395 2148 1470 2187 quid
1501 2148 1609 2187 cess0‚
1648 2149 1822 2180 Praetorem
1859 2150 1901 2180 la-

1036 2189 1118 2220 tiore
1143 2187 1374 2229 significatione
1398 2190 1546 2230 accipere
1571 2190 1653 2229 apud
1674 2187 1843 2228 Ulpianum
1869 2191 1902 2222 in

1036 2232 1064 2261 d.
1083 2230 1102 2261 l.
1120 2241 1177 2271 35:
1212 2237 1245 2261 ut
1270 2239 1351 2270 quos
1379 2231 1409 2261 in
1438 2231 1464 2261 d.
1484 2231 1503 2262 l.
1525 2239 1550 2261 1.
1574 2230 1603 2271 ὃ.
1621 2231 1672 2262 ult.
1696 2230 1738 2262 D.
1757 2233 1790 2262 de
1808 2233 1903 2272 poenis

1037 2272 1067 2303 in
1084 2272 1193 2303 eadem
1214 2271 1318 2312 specie
1338 2271 1480 2303 distinxit
1503 2271 1674 2304 Praefeffitos
1690 2273 1719 2304 &
1735 2272 1902 2311 Praefides,

1038 2323 1094 2344 eos
1113 2313 1143 2344 in
1163 2314 1187 2343 a.
1208 2312 1227 2344 l.
1247 2323 1298 2354 35.
1322 2313 1460 2354 generali
1479 2312 1624 2345 Praetoris
1636 2314 1794 2345 vocabulo
1810 2323 1900 2345 com-

1038 2353 1191 2393 plectatur
1211 2364 1219 2386 :
1250 2364 1321 2385 nam
1343 2357 1382 2384 de
1401 2354 1489 2384 hisce
1512 2355 1679 2395 loquutum
1696 2365 1736 2386 eo
1756 2355 1820 2386 loci
1840 2354 1903 2386 esse

1042 2394 1234 2435 Ulpianum,
1258 2395 1378 2426 indicio
1399 2394 1444 2426 est
1471 2394 1564 2435 ipfius
1581 2397 1692 2435 capitis
1715 2395 1903 2435 Inscriptio,

1040 2445 1110 2477 quae
1126 2437 1223 2468 habet
1237 2435 1386 2477 Ulpianus
1395 2436 1442 2468 lib.
1453 2445 1481 2477 3.
1496 2436 1543 2468 De
1552 2438 1682 2470 omnibns
1692 2437 1900 2469 tribunalibus.

821 2547 1039 2582 CAPUT
1089 2546 1219 2584 VII.

145 2651 177 2678 1.
215 2642 279 2678 Res
291 2644 364 2690 jure
383 2653 500 2680 naturae
517 2656 687 2680 communes
705 2642 745 2684 ἐξ
762 2657 809 2680 res
817 2647 890 2692 jare
909 2651 1029 2679 natarae
1041 2645 1178 2691 publicas
1197 2644 1280 2690 apud
1295 2645 1419 2681 Veteres
1435 2655 1490 2693 pro
1516 2646 1622 2681 iisdem
1645 2647 1742 2693 accipi
1764 2646 1796 2680 in
1820 2653 1902 2681 trac-

210 2699 279 2726 tata
306 2693 340 2726 de
363 2705 464 2728 reram
487 2694 653 2738 divisione,
689 2694 855 2739 ostenditur
878 2701 981 2728 contra
1005 2705 1191 2729 communem
1217 2694 1423 2740 Interpretmn
1438 2694 1637 2741 frementium.

1691 2707 1722 2730 2.
1752 2695 1791 2729 In
1816 2696 1902 2728 rebus

210 2740 282 2784 jure
308 2749 425 2776 natnrce
451 2744 657 2777 communibus
683 2744 839 2777 numerari
863 2753 921 2776 non
946 2750 1066 2776 tantum
1095 2748 1217 2787 a‘e‘renz,
1252 2755 1361 2788 aquam
1376 2742 1606 2790 profluentem,
1641 2756 1748 2786 mare,
1777 2744 1901 2785 littora,

215 2785 411 2833 sedflamina
426 2792 518 2824 etiam
536 2789 577 2830 ἐπ’)
586 2798 712 2837 portus,
748 2803 800 2825 nec
824 2802 880 2825 non
904 2802 952 2825 res
972 2792 1116 2836 privatas
1129 2790 1315 2838 singulorum
1328 2819 1336 2835 ‚
1371 2805 1435 2837 qace
1452 2794 1561 2827 babent
1577 2794 1745 2827 utilitatem
1756 2817 1768 2836 ,
1804 2801 1903 2826 conce-

219 2833 298 2868 denti
322 2849 378 2870 non
398 2850 537 2884 gravem.

590 2851 621 2884 3.
650 2840 891 2874 Communionem
915 2839 1003 2888 istam
1034 2851 1090 2874 non
1115 2839 1171 2885 effi?
1194 2841 1269 2875 meri
1294 2840 1456 2885 beneficii,
1490 2853 1543 2876 nec
1564 2853 1656 2876 merce
1682 2841 1900 2880 liberalitatis,

210 2879 270 2926 sed
292 2884 471 2931 neceffitatis
488 2914 497 2929 ‚
531 2899 600 2923 cnm
618 2889 770 2922 naturalis
786 2914 796 2931 ‚
833 2896 898 2923 tznn
921 2888 1068 2924 interdum
1094 2890 1187 2924 etiam
1210 2889 1311 2925 civilis
1328 2889 1353 2933 ‚‘
1373 2889 1518 2937 adversas
1537 2890 1715 2936 Johannem
1741 2888 1903 2923 Seldenum

214 2930 361 2974 probatur
371 2934 519 2978 pluribus.
544 2935 572 2983 §.
599 2948 632 2981 4.

150 3042 176 3066 1.
201 3034 393 3139 Qoeflam
414 3038 542 3078 (inquit
563 3040 780 3074 Tribonianus
804 3042 834 3072 in
856 3047 902 3081 pr.
929 3041 1000 3084 Iasi.

322 3087 355 3124 (ις
369 3087 464 3110 rerum
478 3079 639 3122 divifione)
660 3083 791 3114 natarali
800 3083 868 3123 jare
881 3092 1001 3116 commu-

270 3132 273 3136 »
322 3128 372 3148 nia
388 3120 615 3161 sammarthani,
633 3126 760 3164 qnaedam
769 3124 885 3165 publica
897 3148 904 3162 ,
927 3135 1001 3167 qnae-

148 3158 215 3189 dam
237 3158 437 3197 nniverfitatis
452 3184 462 3199 ‚
494 3164 622 3202 qnaedam
641 3165 751 3196 nullius
764 3188 773 3203 ‚
798 3165 933 3206 pleraque
940 3165 1001 3204 fln-

1043 3045 1170 3076 oninium
1195 3045 1251 3076 baec
1268 3068 1278 3084 ‚
1310 3045 1382 3083 ab'r,
1404 3055 1481 3086 aqna
1505 3043 1645 3085 profluens
1661 3066 1670 3081 ,
1694 3042 1730 3077 ὅ)
1746 3050 1842 3080 mare,
1865 3039 1903 3074 {5⁹

1038 3091 1091 3126 per
1104 3086 1154 3117 hoc
1174 3086 1273 3117 littora
1289 3088 1386 3118 maris.
1428 3087 1520 3118 Nemo
1539 3087 1631 3125 igitar
1648 3085 1685 3114 ad
1708 3085 1791 3114 littus
1813 3090 1903 3113 mam·

1045 3128 1172 3158 accedere
1190 3129 1353 3167 prohibetur
1371 3151 1379 3166 ‚
1408 3129 1477 3158 dum
1502 3133 1595 3157 tamen
1613 3135 1630 3156 a
1648 3124 1726 3156 villis
1743 3124 1779 3158 δέ’
1803 3133 1904 3154 monn-

1044 3170 1145 3200 mentis
1175 3168 1211 3204 {9³
1237 3168 1362 3209 (edificiis
1387 3167 1524 3205 abstineat
1542 3191 1551 3205 ‚
1581 3168 1649 3207 qnia
1666 3175 1723 3197 non
1740 3164 1904 3206 sitntjurir

144 3197 289 3240 gulornm-
337 3200 379 3233 Et
396 3203 509 3244 quidem
533 3204 646 3236 natnrli
663 3206 731 3246 jure
753 3209 913 3240 communia
926 3210 1001 3249 Jnnt
1040 3212 1189 3252 gentiam,
1207 3208 1284 3249 ficut
1305 3208 1343 3251 est
1360 3219 1447 3241 mare.
1489 3208 1624 3240 Flumina
1643 3215 1738 3240 antem
1754 3208 1848 3239 omnio
1866 3202 1903 3237 ὅ)

191 3239 267 3273 Tam.
291 3240 318 3273 I.

1346 3250 1371 3282 Β
1396 3260 1412 3282 2
1836 3253 1903 3285 por-

1393 1736 1526 1769 lationes
1543 1737 1585 1769 sic
1609 1738 1750 1769 exaudiri
1769 1744 1903 1778 oporte·
1955 1763 1957 1768 ,
