2036 3495
150 78 221 114 204

145 158 210 199 seq.
235 156 381 190 meminit
397 162 528 195 quoque
537 154 603 194 ejus
621 153 714 192 Lapis
730 152 814 193 apud
829 151 1027 194 Reinefium,

156 198 240 240 Claff.
259 207 332 230 vu.
350 198 440 235 Inscr.
464 199 510 226 16.
531 196 560 225 &
575 194 652 225 alius
669 194 751 232 apud
769 192 946 226 Gruterum
961 202 1028 237 pag.

153 249 206 277 99,
224 239 315 276 Inscr.
337 239 386 277 ι.)
406 235 581 273 fefellerit,
606 234 675 265 haec
692 235 775 279 aestio
790 235 926 268 dabitur.
954 235 1028 268 Nec

154 290 221 312 non
238 275 313 312 illud
323 286 453 318 quoque
465 275 660 316 Pomponius
670 276 765 314 dicit,
782 278 918 310 etiamin
937 287 1030 318 eum,

155 323 209 362 qui
227 329 260 352 ut
276 329 339 350 non
357 318 418 349 fuit
436 318 579 355 mensor,
602 316 721 348 fefellit
738 325 843 349 tamen
860 319 890 350 in
910 321 1030 359 mutin,

153 363 236 393 hane
251 361 406 391 actionem
424 367 623 398 competere.
670 357 747 390 Hoc
764 361 916 401 exemplo
934 362 1030 394 etiam

155 403 253 434 debet
269 399 416 432 adversus
430 399 637 431 architectum
654 400 706 440 qui
722 399 861 440 fefellit,
878 402 960 434 at'tio
977 404 1030 435 da-

153 445 189 475 ri.
210 452 281 474 nam
309 441 338 473 ἃ
361 440 404 473 D.
430 442 566 473 Severus
593 441 741 472 adversus
766 442 976 476 architectum
1002 446 1031 477 δί

152 484 393 524 redemptorem
409 483 551 514 actiones
570 483 687 514 dandas
706 483 859 515 decrevit.
875 486 1030 525 Ulpianus

152 526 247 556 etiam
275 524 422 556 adversus
447 525 633 555 tabularium
665 525 767 563 quiin
785 528 1030 567 computatione

151 565 271 598 fefellit
289 566 408 597 dandas
428 565 490 597 esse
511 566 651 597 actiones
670 573 760 606 putat
777 568 804 597 ci.
822 567 839 598 l.
858 578 887 607 5.
907 568 934 609 §.
953 579 981 600 2.

194 606 271 639 Non
291 607 424 645 sufficit,
448 607 525 638 scii-e
538 630 547 645 ,
562 609 689 648 quando
707 607 800 639 detur
815 608 844 639 in
863 609 982 642 factum
999 620 1030 641 a·

152 649 232 682 trio:
256 648 309 680 nisi
326 657 480 690 praeterea
503 649 635 686 sciatur,
659 649 697 679 ad
715 650 790 688 quid
809 650 912 682 detur.
935 660 1031 692 appa-

151 699 201 722 ret
229 698 355 728 autem,
378 691 443 722 dari
463 691 501 721 ad
519 691 549 722 id
569 690 656 727 quod
676 690 742 729 eJ'us
759 692 808 721 cui
829 690 902 723 falsa
920 695 1033 724 nocuit

152 733 375 770 renunciatio,
400 731 520 763 interiit
536 753 545 770 ,
568 731 610 763 fic
634 740 699 763 nou
723 731 785 762 effe
811 732 936 766 fatiam.
980 734 1033 766 Sic

153 774 281 814 prorsus
301 772 456 814 Ulpianus
472 773 491 804 l.
510 782 539 814 3.
558 772 587 814 §.
611 781 636 804 1.
652 773 678 804 b.
697 779 718 803 t.
743 775 977 808 convenienter
991 775 1032 808 E-

152 815 259 846 dicto:
285 815 440 855 Competit,
465 815 587 854 inquit,
610 814 667 845 haec
686 813 759 845 auio
776 816 823 854 ei,
847 818 930 858 cujus
945 820 1032 849 inter-

149 856 216 896 fuit
233 857 348 896 falsum
373 857 487 886 modum
511 858 715 887 renunciatum
739 866 796 887 non
814 857 885 897 effe,
909 859 959 890 hoc
974 857 1029 901 eft,

153 897 202 928 vel
216 900 335 938 emptori
350 897 396 928 vel
408 898 571 936 venditori,
588 898 635 928 cui
643 899 823 929 renunciatio
833 898 929 940 offuit.
955 900 1030 932 Pro·

151 937 225 970 inde
241 938 262 970 si
278 938 356 970 nihil
374 939 492 970 interiit
509 939 575 979 ejus
592 938 642 970 cui
660 940 857 971 renunciatio
874 941 957 973 faeta
974 942 1029 982 fit,

151 979 208 1012 etfl
225 979 318 1012 falsa:
337 979 432 1011 cessat
444 979 536 1011 actio.
555 980 584 1012 &
601 980 671 1011 sunt
691 982 838 1020 exempla
851 982 919 1015 satis
932 985 1030 1015 multa

151 1029 247 1061 atque
257 1022 413 1062 elegantia
423 1021 453 1052 in
463 1023 490 1052 d.
500 1021 518 1052 l.
529 1031 557 1062 3.
565 1028 610 1062 pr.
619 1021 647 1064 §.
659 1030 687 1054 ρ’.
699 1032 727 1063 3.
738 1032 767 1067 4.
781 1022 817 1057 δέ’
827 1024 882 1064 l.5.
894 1025 921 1066 §.
938 1034 961 1056 1.
971 1026 997 1056 b.
1009 1030 1030 1056 t.

194 1062 318 1094 Eadem
343 1072 444 1103 opera
467 1063 672 1104 intelligitur,
696 1073 749 1094 cui
774 1073 939 1106 competat
961 1066 1030 1100 haec

150 1105 183 1136 in
209 1104 329 1136 factum
356 1104 449 1136 actio.
473 1105 558 1136 ultro
575 1104 659 1136 enim
677 1105 796 1144 liquet,
821 1116 883 1138 non
900 1117 1030 1147 compe-

151 1153 221 1178 tere
246 1145 323 1184 alii,
357 1155 450 1186 quarn
474 1146 561 1186 cujus
586 1145 734 1185 interest3
757 1156 821 1178 non
850 1148 911 1180 ess‘e
935 1149 988 1181 fibi
1013 1159 1030 1180 a

149 1186 296 1219 mensore
312 1189 533 1219 renunciatum
550 1188 681 1219 modum
697 1187 816 1219 falsum.
840 1191 865 1221 is
882 1200 959 1222 vero
975 1191 1030 1230 (ut

150 1229 250 1262 modo
278 1228 427 1260 traditum
452 1239 492 1260 ex
515 1231 543 1260 ci.
563 1229 581 1259 l.
597 1239 627 1271 3.
643 1229 670 1270 §.
694 1230 747 1274 1.)-
764 1229 808 1261 est
832 1232 883 1264 vel
900 1240 1030 1274 emptor

150 1270 203 1304 vel
223 1271 374 1302 venditor
392 1271 442 1302 cui
460 1269 555 1301 offuit
572 1271 781 1302 renunciatio.

194 1310 272 1343 Non
298 1312 398 1352 major
425 1312 514 1343 labor
537 1311 599 1350 est,
624 1312 857 1352 demonstrare,
881 1313 1030 1346 adversus

151 1352 334 1394 quem'haec
357 1354 441 1385 aetio
463 1360 645 1393 competat:
669 1363 741 1385 cum
763 1354 934 1395 praesertim
952 1365 1027 1388 con·

150 1395 260 1426 veniat
284 1394 401 1426 actioni
425 1395 457 1426 in
481 1394 599 1426 factum
625 1404 694 1435 quae
721 1394 766 1427 est
791 1397 822 1427 in
842 1396 1029 1437 personam,

151 1445 221 1468 eam
247 1444 436 1476 competere
461 1434 607 1468 adversus
631 1436 811 1469 mensorem
836 1437 889 1479 qui
915 1438 1028 1471 falsum

149 1477 305 1516 modum,
328 1476 477 1508 falsamve
494 1477 689 1516 mensuram,
715 1477 793 1510 dolo
813 1480 896 1511 malo
916 1490 1029 1512 renun-

150 1519 259 1557 cians,
284 1518 463 1549 adversario
488 1517 590 1549 offuit.
617 1518 714 1559 idque
739 1528 830 1552 extra
853 1521 1029 1553 dubitatio-

149 1568 225 1597 nem
243 1558 304 1591 est:
318 1558 339 1591 fi
355 1558 423 1601 ipse
439 1560 641 1592 renunciavit
660 1559 773 1593 falsum
787 1564 929 1595 modum.
965 1562 1029 1596 Sed

792 1645 1151 1683 T1TULus

590 65 948 101 GERARnx
1002 63 1263 100 NoonT
1323 64 1530 101 Coun.

1073 154 1167 193 quid,
1189 153 1211 186 fi
1228 164 1307 198 ego,
1329 165 1402 187 cum
1422 155 1500 187 effes
1517 156 1661 195 mensor,
1680 158 1893 193 mandaverim
1910 162 1950 193 ti-

1072 194 1123 234 bi,
1146 203 1181 226 ut
1196 196 1372 228 mensuram
1389 198 1453 239 agri
1472 207 1601 239 ageres,
1619 198 1647 229 ὅ(
1666 206 1697 229 tu
1714 197 1807 230 Titio
1824 202 1951 244 delega-

1073 236 1175 275 veris,
1193 237 1222 268 &
1239 239 1292 270 ille
1309 239 1387 270 dolo
1404 239 1488 270 malo
1506 240 1582 278 quid
1600 241 1630 270 in
1647 249 1684 270 ea
1700 249 1733 271 re
1748 239 1891 274 fecerit?
1904 244 1951 275 aie

1074 276 1207 317 Paulus,
1232 287 1264 311 te
1291 281 1409 311 teneri:
1435 282 1464 312 ὅ(
1489 280 1649 318 causatur,
1674 280 1745 320 quia
1768 283 1949 316 dolo-malo

1075 319 1213 350 versatus
1230 330 1263 352 es
1280 321 1332 361 qui
1352 322 1402 352 tali
1421 321 1542 353 homini
1558 321 1717 354 credidisti
1734 323 1752 353 l.
1766 333 1792 354 2.
1809 323 1837 366 ς.
1853 325 1913 355 ιλ).
1923 333 1948 357 t.

1113 358 1255 392 Indicavi
1282 372 1354 394 eum
1370 363 1420 394 cui
1440 364 1469 394 <St
1488 363 1637 394 adversus
1657 373 1751 404 qucm
1770 366 1862 396 detur
1880 366 1949 398 haec

1075 401 1105 431 in
1124 400 1242 434 facturn
1255 403 1347 434 actio.
1366 413 1396 435 at
1414 414 1474 435 nec
1491 405 1625 436 heredes
1643 405 1815 445 praetei·iri,
1832 406 1877 439 fas
1894 408 1948 440 est.

1075 441 1127 473 De
1151 443 1198 475 his
1224 443 1265 474 fic
1292 443 1447 485 Ulpianus
1470 448 1500 477 d.
1516 447 1534 477 l.
1552 457 1579 487 3.
1598 446 1626 489 §.
1646 458 1673 486 5.
1696 447 1788 478 Hanc
1809 447 1950 480 afflone-m

1073 484 1168 514 heredi
1177 482 1375 527 similibusque
1388 488 1515 527 personis
1531 489 1656 519 rimulam
1667 513 1675 527 ‚
1690 488 1864 530 Pomponius
1880 492 1948 527 scri-

1074 526 1125 555 bit.
1139 525 1194 564 sed
1217 527 1249 555 in
1274 527 1400 558 heredem
1414 527 1577 571 similesque
1601 531 1735 569 perfimus
1753 532 1950 572 denegandam

1074 568 1128 597 ait.
1173 565 1357 607 Utrumque
1381 579 1464 601 vere.
1489 580 1559 602 nam
1583 573 1669 611 quod
1697 572 1755 609 ait,
1779 572 1949 605 heredibus

1075 607 1159 639 hanc
1181 607 1340 639 actionem
1365 610 1448 649 dari,
1473 611 1532 642 hac
1555 617 1681 644 ratione
1707 612 1836 645 nititur:
1860 616 1949 655 quod

1075 659 1111 680 ea
1135 649 1219 680 auio
1240 649 1373 690 poenalis
1397 653 1526 692 quidem
1551 653 1595 685 est
1611 665 1651 686 ex
1670 662 1758 692 parte
1775 655 1950 695 mensoris3

1074 700 1146 721 nam
1163 691 1187 721 is
1206 700 1241 721 ea
1258 692 1406 730 punitur:
1428 693 1480 725 sed
1497 696 1623 726 interim
1641 696 1685 727 est
1703 697 1746 727 rei
1765 696 1948 736 persecuto-

1075 733 1120 763 ria
1138 742 1177 762 ex
1193 741 1283 772 parte
1302 733 1432 764 actoris:
1447 737 1585 774 petentis
1602 736 1633 768 id
1653 739 1741 778 quod
1760 739 1840 769 eide
1857 739 1951 779 patti-

1074 773 1186 805 monio
1204 773 1301 804 abest.
1326 774 1403 805 tales
1421 784 1499 807 vero
1517 776 1655 809 actiones
1674 779 1842 811 heredibus
1862 780 1951 818 dari,

1076 815 1232 855 explorati
1251 816 1326 855 juris
1345 815 1397 847 est.
1441 815 1515 848 Nec
1541 818 1598 849 alia
1614 819 1675 850 fuit
1694 821 1793 859 rati03
1818 830 1875 853 cur
1894 821 1951 853 Ul-

1075 857 1185 896 pianus
1208 857 1310 895 nolit,
1335 867 1405 888 eam
1431 857 1496 889 dari
1520 862 1664 892 adversus
1687 860 1851 894 heredem.
1875 872 1950 894 cum

1074 898 1159 930 enim
1184 906 1346 939 concepta
1369 898 1405 930 sit
1430 901 1459 930 in
1485 901 1595 932 dolum
1621 903 1795 941 mensoris,
1816 904 1844 934 &
1863 904 1949 935 hunc

1074 939 1204 980 puniat;
1227 949 1291 971 non
1312 941 1437 979 putavit
1454 942 1606 981 Ulpianus
1620 966 1629 980 ‚
1646 953 1713 974 cam
1734 944 1868 976 dandam
1888 945 1951 977 effe

1073 979 1221 1012 adversus
1245 981 1414 1013 heredem:
1439 983 1489 1020 qui
1517 993 1581 1014 non
1605 983 1666 1015 fuit
1690 986 1756 1016 doli
1778 987 1951 1025 particeps.

1074 1020 1162 1062 duod
1180 1023 1272 1054 valde
1290 1023 1405 1063 probo.
1450 1023 1521 1055 Nec
1540 1033 1644 1056 tamen
1671 1035 1722 1056 me
1738 1025 1837 1067 fugit,
1862 1027 1950 1067 poffe

1074 1062 1148 1095 hinc
1164 1064 1325 1096 incurrere
1335 1064 1574 1099 difficultatem:
1592 1067 1823 1107 quaerentibus,
1841 1078 1951 1110 quam·

1074 1105 1127 1136 diu
1143 1106 1237 1137 duret
1254 1106 1415 1147 proposita
1432 1108 1461 1137 in
1472 1106 1590 1139 fastum
1606 1108 1699 1139 attio.
1718 1118 1788 1141 nam
1805 1109 1824 1141 fi
1843 1111 1872 1141 in
1889 1112 1949 1142 dc-

1073 1147 1138 1178 lum
1164 1147 1366 1188 concipitur,
1389 1148 1420 1179 ἃ
1445 1148 1562 1181 factum
1588 1151 1700 1190 punit,
1725 1159 1759 1181 ut
1776 1152 1879 1183 modo
1896 1155 1952 1183 de-

1073 1188 1301 1228 monstratum,
1325 1189 1418 1229 poffit
1434 1189 1553 1229 metui3
1578 1201 1618 1222 ne
1636 1192 1756 1223 annalis
1773 1191 1809 1224 fit
1827 1191 1897 1224 haec
1912 1203 1947 1225 a·

1073 1229 1155 1261 trio:
1178 1232 1347 1271 quomodo
1371 1229 1401 1262 in
1423 1232 1487 1272 eJus
1503 1234 1630 1280 generis
1647 1232 1773 1265 actione
1793 1233 1946 1266 Praetoria

1071 1271 1237 1312 respondit
1255 1273 1404 1312 Ulpianus
1421 1273 1441 1305 l.
1457 1283 1485 1309 9.
1503 1275 1531 1315 ᾗ.
1558 1284 1583 1305 1.
1606 1274 1643 1304 D.
1664 1275 1752 1316 ‚Quod
1761 1276 1839 1316 falso
1857 1282 1951 1307 tutore

1072 1314 1206 1352 auctore,
1231 1313 1259 1344 Gt
1278 1314 1469 1354 generaliter
1489 1319 1529 1345 de
1549 1315 1662 1347 talibus
1681 1317 1792 1349 Paulus
1808 1317 1828 1349 l.
1847 1328 1895 1358 35.
1908 1317 1949 1350 D.

1071 1356 1104 1385 de
1121 1355 1204 1396 oblig.
1223 1354 1260 1389 ὃ)
1276 1355 1333 1386 act.
1364 1355 1425 1386 Sed
1450 1355 1534 1386 hunc
1559 1356 1736 1397 scrupulum
1760 1367 1949 1399 opportune

1072 1395 1165 1427 nobis
1192 1397 1274 1427 idem
1298 1395 1416 1427 exemit
1443 1397 1555 1429 Paulus
1582 1398 1601 1429 l.
1620 1408 1649 1437 4.
1674 1400 1701 1430 h.
1717 1404 1738 1430 t.
1762 1399 1948 1440 attestatus;

1072 1437 1160 1478 quod
1178 1438 1236 1468 haec
1250 1437 1324 1469 attio
1335 1443 1472 1478 perpetua
1489 1438 1535 1479 est.
1562 1440 1591 1470 ἃ
1609 1439 1669 1470 hac
1687 1443 1784 1472 utitur
1803 1441 1950 1482 ratione,

1072 1488 1141 1518 quae
1167 1479 1213 1510 est
1237 1488 1311 1510 vera
1336 1480 1364 1510 ὅ(
1389 1480 1536 1519 pulchra:
1595 1482 1644 1511 uia
1660 1482 1779 1513 initium
1795 1484 1838 1513 rei
1855 1492 1950 1513 nona

1071 1522 1342 1562 circumscriptione,
1351 1522 1397 1559 fed
1406 1532 1424 1553 a
1422 1524 1553 1562 suscepto
1564 1523 1674 1563 negotio
1682 1524 1821 1565 originem
1829 1524 1950 1566 accepit.

1209 1643 1306 1682 VII.

473 1721 524 1756 De
543 1720 712 1768 religiosis,
741 1719 967 1769 &sumptibus
975 1723 1152 1770 fimerum,
1181 1720 1222 1762 ἐξ
1239 1720 1384 1768 utftmus
1400 1722 1507 1759 ducere
1525 1724 1625 1761 liceat.

148 1807 297 1888 Partes
314 1810 463 1843 Rubricae
481 1816 546 1842 tres
563 1809 651 1843 sunt:
667 1819 729 1842 una
745 1811 786 1843 de
802 1811 973 1854 religiosis3
989 1812 1031 1844 al-

229 1860 296 1884 tera
313 1853 353 1884 de
370 1852 546 1892 sumptibus
562 1852 734 1892 funerum3
758 1854 869 1891 tertia,
887 1862 921 1884 ut
938 1853 1031 1886 funus

147 1894 267 1928 ducere
286 1894 388 1926 liceat.
421 1893 524 1926 Prima
542 1902 612 1934 pars
627 1893 672 1924 est
690 1894 729 1925 de
746 1894 918 1935 religiosis,
942 1905 1029 1926 nem-

149 1944 192 1977 pe
210 1935 299 1968 locis.
323 1935 375 1967 De
392 1936 439 1966 his
455 1935 497 1966 fic
513 1937 556 1965 ait
573 1934 754 1966 Marcianus
771 1935 790 1967 l.
802 1940 831 1967 6.
848 1936 875 1977 §.
888 1946 916 1976 4.
940 1936 975 1967 D.
997 1938 1030 1967 de

147 1986 246 2008 rerum
267 1975 412 2015 divifione.
456 1975 652 2016 Religiosum
677 1977 784 2008 locum
811 1977 1030 2018 unusquisque

147 2016 201 2049 sua
226 2019 395 2050 voluntate
421 2018 521 2056 facit,
543 2019 618 2049 dum
636 2026 799 2050 mortuum
816 2018 914 2050 infert
931 2019 961 2050 in
981 2018 1029 2051 lo·

150 2068 226 2091 curn
242 2059 339 2091 suum.
361 2059 562 2097 Marcianus,
581 2067 615 2090 ut
632 2059 820 2100 religionem
832 2060 967 2101 accipiat
985 2062 1029 2092 lo·

102 2134 103 2137 ,
150 2110 227 2139 cus,
251 2102 317 2132 duo
337 2101 509 2133 desiderat:
534 2101 670 2141 primurn
688 2100 751 2140 est,
777 2109 811 2132 ut
835 2110 980 2134 mortuus
998 2103 1030 2133 in

150 2151 225 2174 eum
249 2141 423 2175 inferatur:
447 2143 603 2180 alterum,
626 2150 661 2173 ut
677 2152 693 2172 a
710 2143 771 2174 loci
797 2143 930 2174 domino
949 2143 1031 2175 infe·

149 2191 244 2216 ratur.
269 2184 405 2224 primum
430 2184 575 2222 sustinet,
599 2184 705 2215 locum
735 2193 799 2215 non
818 2184 885 2216 fieri
904 2184 1030 2226 religio-

148 2224 215 2258 sum
234 2224 443 2257 destinatione
459 2233 513 2256 aut
528 2225 694 2265 proposito
717 2225 875 2257 inferendi
894 2227 1030 2265 mortui,

150 2265 203 2298 sed
221 2267 340 2299 mortui
358 2267 487 2298 demum
504 2267 659 2298 illatione.
686 2266 801 2298 Cicero
821 2267 867 2299 lib.
881 2277 908 2299 2.
930 2268 974 2298 De
990 2268 1029 2298 le-

171 2309 235 2339 ibus
252 2318 276 2339 c.
299 2318 346 2340 22.
370 2308 412 2340 fic
438 2308 605 2349 exprimit:
630 2307 811 2350 Priusquam
839 2311 870 2340 in
892 2318 934 2340 eos
955 2310 1027 2352 inje-

149 2317 197 2381 ᾖα
207 2350 290 2391 gleba
305 2348 362 2387 eli,
386 2350 463 2381 locus
479 2349 542 2387 ille,
557 2351 607 2380 ubi
616 2356 776 2381 crematum
791 2348 830 2389 est
847 2357 947 2391 corpus
957 2374 966 2389 ‚
982 2352 1025 2382 ni·

151 2391 192 2422 bil
208 2392 290 2422 habet
306 2391 470 2432 religionis:
485 2390 592 2432 injecta
605 2391 762 2432 glebarum
779 2390 872 2426 &ille
888 2394 1026 2423 humatus

150 2429 205 2472 eft,
231 2431 462 2472 &sepulchrum
485 2439 628 2473 vocatur,
652 2443 686 2463 ac
710 2438 772 2464 tum
793 2434 915 2474 denique
931 2434 1026 2464 mulia

145 2473 217 2515 jura
234 2474 363 2514 religiosa
379 2473 586 2515 complectitur.
620 2474 772 2506 Ciceroni
791 2474 953 2506 consentit
970 2473 1028 2506 Ul-

150 2513 262 2555 pianus
286 2516 304 2545 l.
331 2525 360 2546 2.
385 2515 412 2557 §.
438 2527 468 2556 5.
493 2515 534 2547 D.
553 2516 581 2547 h.
597 2521 619 2546 t.
642 2515 854 2556 Sepulchrum
882 2515 963 2554 esse,
986 2519 1030 2548 in·

150 2556 283 2594 quiens,
299 2556 352 2586 ubi
368 2566 486 2597 corpus
497 2580 507 2596 ,
525 2556 631 2588 offave
645 2556 783 2588 hominis
801 2558 932 2590 condita
949 2557 1029 2590 sunt.

147 2595 246 2629 Unde
261 2597 459 2636 consequens
481 2597 548 2636 est,
571 2602 731 2637 κενοτάφιον,
755 2598 818 2630 five
839 2609 1028 2631 monumen·

153 2645 221 2671 tum
238 2639 399 2669 memoriae
417 2639 505 2670 causa
524 2638 661 2678 factum,
686 2641 835 2680 quamdiu
854 2639 948 2672 inane
962 2640 1027 2680 est,

152 2679 298 2712 nondum
318 2678 406 2709 illato
427 2689 565 2720 corpore
581 2683 709 2722 integro
721 2704 730 2719 ,
752 2689 807 2713 aut
824 2681 973 2722 reliquis,
997 2692 1030 2713 u·

151 2720 185 2754 bi
201 2720 235 2752 id
258 2718 358 2751 ustum
383 2718 444 2751 fuit
468 2730 526 2761 pro
549 2731 640 2754 more
666 2723 748 2754 illius
765 2725 939 2763 temporis,
962 2733 1028 2755 non

154 2761 217 2795 esse
232 2760 454 2802 sepulchrum,
477 2771 538 2793 nec
560 2764 759 2805 religiosum,
785 2765 836 2796 sed
854 2765 944 2797 illato
960 2774 1029 2796 cor-

152 2813 234 2845 pore
249 2812 302 2834 aut
319 2802 413 2833 illatis
432 2802 590 2842 reliquiis,
613 2809 740 2837 demum
766 2805 967 2847 sepulchrum
983 2815 1030 2837 es-

154 2845 186 2877 se
203 2846 367 2884 incipere,
391 2843 421 2874 &
438 2843 617 2884 religiosum
633 2845 700 2877 fieri
718 2847 737 2877 l.
752 2857 803 2886 42.
823 2847 865 2878 D.
884 2848 911 2878 h.
928 2853 951 2878 t.
975 2848 1030 2879 At·

154 2889 207 2927 qui
224 2888 308 2926 apud
325 2884 526 2915 Marcianum
543 2884 584 2915 fic
600 2887 715 2927 legitur
732 2891 760 2919 d.
780 2889 798 2919 l.
816 2893 846 2920 6.
864 2889 893 2931 §.
911 2889 966 2921 ult.
987 2890 1028 2921 D.

153 2930 186 2960 de
202 2937 253 2959 rer.
269 2927 355 2966 divis}
374 2925 581 2966 cenotaphium
594 2936 705 2967 quoque
721 2931 813 2971 nitigis
828 2931 922 2971 placet
938 2931 1031 2962 locum

154 2970 206 3010 effe
222 2966 394 3008 religiosum.
418 2967 447 2999 ἃ
465 2976 500 2998 ut
518 2965 638 2998 firmior
654 2967 690 2999 fit
706 2969 801 3009 fides,
818 2973 960 3012 additur;
985 2972 1031 3002 Si-

152 3017 201 3042 cut
220 3008 297 3051 testis
313 3011 344 3040 in
362 3019 395 3040 ea
410 3018 440 3040 re
455 3006 494 3049 est
514 3008 671 3051 Virgilius.
694 3008 851 3044 Nimirum
869 3013 916 3044 lib.
930 3023 959 3054 3.
978 3013 1034 3044 ἄρ’

152 3054 229 3085 neia.
247 3055 324 3086 vers.
341 3060 410 3092 304*
431 3049 469 3085 ὅ)
485 3050 533 3082 lib.
550 3054 579 3082 6.
595 3052 667 3088 versi
692 3058 759 3091 150.
784 3052 915 3086 Interim
941 3054 1031 3094 subji-

151 3094 232 3125 citur
258 3102 335 3124 mox
352 3092 383 3123 in
400 3092 419 3123 l.
439 3102 468 3132 7.
492 3101 533 3123 ex
556 3091 712 3133 Ulpiano,
732 3092 788 3122 Sed
812 3093 890 3124 Divi
914 3095 1029 3127 Fratres

152 3141 250 3166 contra
264 3134 476 3173 rescripserunt.
508 3131 563 3165 Est
579 3142 657 3165 vero
677 3132 702 3164 is
719 3132 809 3165 locus
827 3143 867 3164 ex
885 3136 952 3173 ejus
974 3137 1028 3169 lib.

153 3185 203 3216 25.
229 3175 280 3208 Ad
304 3173 472 3208 Edissum:
496 3175 526 3208 ὅ(
542 3175 615 3216 quia
630 3175 804 3207 exeodem
829 3173 912 3207 libro
931 3178 1028 3210 etiam
1071 3179 1259 3221 religionem
1276 3174 1539 3220 accipiat'locus,
1562 3187 1627 3211 non
1645 3176 1690 3209 est
1713 3185 1887 3229 contentus
1912 3178 1954 3206 il·-

1075 1810 1120 1843 est
1135 1811 1154 1843 l.
1171 1815 1201 1843 6.
1215 1812 1243 1853 §.
1264 1821 1289 1844 r.
1309 1813 1355 1844 D.
1373 1812 1402 1844 h.
1421 1818 1443 1845 t.
1468 1822 1532 1845 non
1550 1814 1633 1846 male
1650 1822 1723 1846 curn
1740 1815 1768 1846 ᾱ.
1787 1815 1804 1847 l.
1821 1823 1848 1858 7.
1872 1823 1950 1850 cona
2001 1810 2008 1811 7

1071 1854 1245 1894 jungantur
1268 1852 1429 1895 sequentia
1444 1856 1471 1886 d.
1490 1854 1518 1896 §.
1540 1865 1565 1887 1.
1591 1856 1705 1888 verba:
1730 1856 1763 1887 Sz·
1777 1858 1871 1889 adbuc
1887 1869 1946 1889 mo-

1074 1901 1244 1926 numentum
1253 1901 1363 1936 purum
1378 1894 1416 1937 est
1426 1919 1435 1935 ,
1454 1899 1561 1937 poterit
1574 1899 1638 1937 quis
1656 1898 1706 1928 hoc
1721 1897 1757 1933 δέ)
1773 1900 1895 1930 vendere
1909 1899 1949 1934 δὲ’

1074 1938 1188 1967 donare.
1215 1937 1249 1967 Sz'
1258 1939 1456 1976 cenotaphium
1465 1936 1522 1975 fit,
1537 1938 1610 1978 poffe
1626 1940 1676 1970 hoc
1691 1941 1790 1970 venire
1800 1942 1950 1972 dicendum

1073 1976 1132 2017 est:
1152 1987 1205 2008 nec
1228 1979 1304 2008 enim
1326 1978 1378 2019 effe
1399 1979 1448 2009 hoc
1471 1979 1651 2021 religiosum,
1678 1980 1755 2011 Divi
1778 1980 1890 2012 Fmtres
1905 1992 1948 2012 re-

1069 2019 1252 2060 scripserunt.
1276 2018 1311 2050 Id
1329 2029 1407 2051 vero
1425 2019 1444 2051 fl
1464 2019 1506 2051 ita
1524 2020 1586 2058 est,
1603 2030 1695 2061 quam
1715 2022 1856 2054 dabimus
1875 2031 1948 2054 caca

1074 2060 1154 2099 sam,
1171 2070 1211 2092 ne
1222 2060 1257 2092 fit
1274 2060 1439 2092 manifesta
1458 2060 1615 2094 Marciani
1634 2063 1661 2093 ἃ
1675 2062 1804 2104 Ulpiani
1822 2073 1948 2106 pugna:

1073 2109 1146 2133 cum
1172 2109 1309 2143 uterque
1333 2102 1362 2133 δι
1386 2102 1457 2143 post
1479 2102 1584 2134 Divos
1610 2103 1751 2143 Fratres,
1778 2106 1807 2136 ἀ
1830 2107 1948 2140 codem

1074 2143 1218 2175 floruerit
1237 2151 1395 2184 tempore.
1421 2143 1461 2175 de
1484 2144 1712 2176 conciliatione
1731 2148 1896 2186 utriusque
1915 2157 1948 2178 a·
2004 2171 2006 2173 >

1072 2194 1180 2224 gerem
1207 2185 1304 2217 serio:
1329 2185 1382 2217 nisi
1409 2186 1439 2216 id
1461 2185 1536 2217 effet
1553 2186 1614 2227 jam
1635 2188 1753 2219 dudum
1772 2188 1890 2220 factum
1907 2189 1950 2220 ab

1072 2226 1352 2258 Excellentiffimis
1384 2226 1468 2259 Viris
1485 2251 1495 2266 ,
1522 2229 1647 2259 Andrea
1679 2229 1801 2260 Alciato
1822 2230 1868 2260 lib.
1901 2239 1948 2262 10.

1072 2268 1194 2309 Purerg.
1211 2278 1235 2299 c.
1257 2277 1301 2299 12.
1328 2267 1480 2308 Scipione
1507 2267 1631 2301 Gentili
1655 2269 1701 2301 lib.
1728 2281 1756 2302 2.
1781 2271 1902 2307 Parere:
1919 2281 1946 2302 c.

1074 2314 1120 2340 16.
1153 2310 1276 2349 jacobo
1301 2308 1517 2342 Gothofredo
1542 2311 1678 2344 Diatrib.
1696 2311 1744 2344 De
1758 2313 1946 2353 cenotaphio,

1069 2350 1135 2382 aliis
1162 2360 1212 2383 ue.

1110 2360 1254 2433 Ocrliortet
1269 2391 1383 2435 igitur,
1399 2400 1434 2424 ut
1450 2392 1614 2432 religiosus
1629 2392 1684 2425 fiat
1701 2394 1810 2432 locus,
1827 2395 1857 2426 in
1874 2405 1947 2426 eum

1070 2434 1190 2467 illatum
1209 2433 1271 2465 effe
1291 2435 1340 2466 vel
1359 2443 1476 2474 corpus
1499 2435 1635 2466 hominis
1652 2436 1788 2473 mortui,
1813 2436 1864 2467 vel
1882 2437 1949 2477 ejus

1072 2475 1147 2507 ossa.
1169 2475 1217 2507 An
1236 2475 1367 2507 omnia?
1383 2475 1453 2512 fac,
1469 2476 1499 2507 in
1520 2475 1647 2507 diversis
1664 2476 1744 2507 locis
1762 2476 1824 2508 effe
1846 2477 1948 2518 sepul-

1073 2524 1140 2548 tum
1163 2526 1301 2557 corpus,
1323 2517 1373 2548 vel
1400 2516 1473 2548 ossa.
1498 2516 1610 2548 Paulus
1627 2517 1646 2547 l.
1663 2527 1712 2556 44.
1747 2519 1792 2548 D.
1809 2519 1835 2549 l).
1855 2525 1876 2549 t.
1903 2518 1948 2549 U-

1075 2564 1172 2600 terque
1188 2560 1319 2600 quidem‚
1342 2558 1444 2598 inquit
1455 2581 1464 2596 ‚
1480 2557 1557 2588 locus
1573 2558 1721 2599 religiosus
1738 2568 1794 2589 non
1806 2559 1863 2600 fit:
1879 2562 1950 2602 quia

1073 2609 1134 2630 nna
1142 2600 1294 2642 sepultura
1309 2599 1394 2640 plura
1405 2599 1555 2642 sepulchra
1570 2598 1678 2639 efficere
1696 2610 1752 2631 non
1765 2600 1863 2641 potest.
1895 2602 1948 2632 rni-

1071 2641 1102 2671 hi
1118 2647 1215 2672 autem
1232 2642 1368 2678 videtur,
1391 2641 1473 2670 illum
1487 2641 1649 2682 religiosum
1666 2641 1734 2681 effe,
1757 2644 1807 2674 ubi
1821 2644 1896 2686 quod
1909 2641 1950 2682 est

1068 2683 1248 2723 principale,
1272 2683 1420 2712 conditum
1435 2679 1474 2721 est
1488 2705 1497 2720 ,
1521 2683 1551 2712 ici
1567 2680 1624 2722 eft,
1649 2689 1753 2723 caput,
1776 2685 1859 2726 cujus
1875 2685 1947 2714 ima-

1070 2733 1107 2765 go
1118 2723 1177 2763 fit,
1192 2725 1258 2754 inde
1273 2723 1477 2763 cognoscimur.
1502 2722 1554 2753 Sic
1572 2723 1634 2755 effe
1652 2724 1842 2766 legendum,
1863 2726 1948 2767 cujus

1073 2768 1166 2807 imago
1177 2764 1234 2803 fit,
1258 2764 1342 2795 bene
1364 2763 1547 2796 observavit
1564 2764 1604 2795 V.
1626 2764 1685 2797 CL.
1702 2767 1838 2805 jacobus
1858 2766 1949 2807 Cuja-

1074 2808 1141 2837 cius
1158 2807 1205 2836 lib.
1223 2815 1272 2837 21.
1293 2805 1414 2840 Observ.
1433 2815 1455 2837 c.
1472 2815 1501 2844 4.
1527 2815 1599 2838 cum
1619 2807 1716 2854 vulgo
1733 2808 1875 2850 legatur,
1898 2817 1947 2839 cu·
1991 2840 1993 2842 ,

1066 2849 1124 2889 jur
1136 2849 1229 2889 imago
1240 2845 1293 2885 fit.
1319 2846 1367 2878 Ex
1385 2849 1501 2879 eodem
1513 2848 1671 2888 principio
1681 2850 1776 2881 etiam
1789 2848 1948 2890 sequitur,

1074 2890 1162 2928 quod
1180 2891 1261 2928 apud
1283 2887 1452 2930 Ulpianum
1470 2890 1498 2920 d.
1512 2891 1530 2920 l.
1544 2889 1650 2931 2.§.5;
1666 2890 1694 2921 b.
1712 2895 1732 2921 t.
1755 2890 1863 2922 Celsus
1880 2891 1947 2929 ait,

1075 2930 1148 2962 Non
1163 2935 1240 2961 totus
1258 2931 1309 2971 qui
1327 2930 1474 2970 sepultum
1490 2928 1649 2969 destinatus
1665 2929 1723 2971 eft,
1739 2931 1817 2963 locus
1834 2932 1949 2973 nesigno-⁴

1067 2971 1122 3045 fiii
1131 2970 1257 3044 fiizdstd
1267 2978 1415 3045 immiti?
1431 2971 1762 3046 ffgusgffngfzgffgnffsg-
1775 2972 1948 3044 {2333}

1075 3022 1480 3092 aiffixni8,ql3riffonioglib.
1503 3037 1534 3085 ⁹2.
1559 3023 1659 3086 Sgleii‘.
1685 3055 1778 3095 antiq.
1801 3063 1824 3084 c.
1846 3063 1891 3093 15.
1915 3053 1947 3084 &

1071 3094 1290 3137 Kirchmanno
1307 3096 1355 3126 lib.
1375 3107 1403 3136 3.
1424 3095 1471 3126 De
1485 3096 1612 3132 funerib.
1636 3096 1756 3134 Roman.
1776 3104 1799 3124 c.
1817 3103 1865 3125 21.

1111 3138 1153 3169 At
1179 3136 1362 3170 Marcianus
1387 3139 1414 3168 d.
1439 3137 1457 3167 l.
1478 3141 1508 3167 6.
1525 3137 1556 3179 §g
1572 3148 1603 3176 4.
1621 3136 1661 3168 D.
1679 3137 1712 3166 de
1727 3145 1782 3165 rer.
1802 3136 1887 3175 divis.
1911 3142 1949 3166 ut

1857 3226 1859 3228 ·
1899 3218 1946 3247 'la-
