2108 3479
569 88 736 127 VITA
787 87 833 123 V.
884 86 920 120 C.
974 79 1275 118 GERARDI
1325 77 1578 114 NOODT.

189 179 227 213 ᾗς
259 172 349 210 Anni
385 166 549 206 mjnefimi
583 161 816 199 sexcentesimi
854 157 1052 203 ottogefimi
1094 156 1176 191 sexti
1195 182 1204 198 ,
1259 153 1510 188 Ornatiffimam
1541 151 1723 199 Virginem
1740 178 1749 194 ,
1796 151 1963 188 SARAM

189 221 392 263 MARIAM
427 216 534 253 VAN
568 211 666 248 DER
692 208 864 245 MARCK
895 206 999 242 VAN
1034 203 1192 247 LEUR,
1226 213 1268 238 ex
1289 201 1513 237 honestiffima
1543 200 1670 236 familia
1704 200 1963 246 Hagen—Comitis

288 271 306 304 d
332 280 375 303 m.
814 290 818 292 -

188 282 381 354 &¹331ng
407 312 481 360 post
510 319 661 354 tempore
679 333 689 349 ,
726 303 815 339 sedes
834 301 944 337 adhuc
970 301 1142 342 mutavit,
1187 310 1373 346 numquam
1405 298 1546 345 amplius
1578 306 1776 332 mutaturus.
1829 297 1967 343 Jamdu-

186 368 268 404 dum
290 376 332 401 ex
359 361 515 396 omnibus
540 356 639 392 facile
658 352 768 400 quivis
792 350 944 397 augurari
972 359 1120 393 poterat,
1146 358 1275 383 tantum
1306 348 1429 383 Virum
1456 358 1498 381 eo
1524 346 1591 380 loci
1614 357 1857 390 perventurum
1882 372 1890 387 ,
1928 355 1963 379 ur.

186 416 268 452 nihil
289 414 371 448 ultra
395 404 590 455 supereffet‚
618 413 705 449 quo,
741 410 834 436 nova
856 397 992 433 honoris
1012 396 1049 432 ἃ
1077 397 1339 431 commodorum
1368 394 1574 438 accessione,
1602 394 1732 430 animus
1758 395 1829 441 ejus
1856 392 1963 439 posset

251 472 332 497 veri.

189 475 367 545 m‘iiodem
388 505 488 552 igitur
512 511 619 542 anno,
648 508 714 544 quo
741 495 877 530 maritus
900 492 1010 528 faetus
1035 492 1102 536 est,
1137 491 1338 536 Ampliffimi
1367 493 1545 528 Curatores
1581 490 1775 527 Academiae
1801 491 1968 536 Lugduno·

189 561 320 596 Batavoe
347 550 573 590 celeberritnae
589 574 598 589 ‚
624 546 842 593 ejusdemque
866 543 967 577 Urbis
991 541 1169 584 Consules,
1197 543 1239 576 de
1260 540 1389 576 Nostro
1408 540 1583 575 invitando
1596 541 1770 575 decretum
1795 540 1857 574 rite
1875 538 1966 573 fece-

133 613 135 615 ’
189 617 278 643 runt.
329 602 437 644 Vetus
461 599 514 634 ille
528 596 598 643 ejus
624 596 750 630 amicus
776 591 813 627 ἅ
840 601 1020 636 patmum,
1045 588 1345 626 Excellentiffimus
1368 590 1610 635 Beverningz‘us,
1639 590 1681 625 de
1703 599 1769 633 quo
1788 588 1858 633 jam
1881 587 1968 622 dixi-

192 666 288 695 mus,
317 663 335 687 a
359 651 461 695 longo
479 654 632 690 tempore
651 642 718 677 line
733 640 836 676 dubio
856 638 1150 685 opportunitatem
1178 647 1396 683 captaverat,
1424 649 1486 683 pro
1506 638 1558 673 sua
1586 648 1681 682 parte
1705 637 1738 671 id
1766 636 1902 682 agendi,
1931 644 1969 669 ut

192 701 401 742 Βοάὶρῑεῑῃ,
429 706 528 744 quem
555 692 636 728 tanti
659 689 825 730 faciebat,
855 687 1049 722 Academiae
1074 686 1125 722 isti
1149 687 1308 728 donaret,
1343 687 1428 721 inter
1452 686 1547 732 cujus
1574 687 1752 720 Curatores
1777 684 1865 718 haud
1895 682 1970 717 infi-

190 762 285 785 mum
301 750 414 783 locum
433 744 580 781 tenebat.
633 739 682 772 Ex
703 735 852 772 unanimi
870 736 1012 770 aliorum
1029 735 1206 779 consensu,
1235 735 1319 780 ipse,
1347 734 1384 770 ὃ(
1401 741 1479 768 cum
1496 747 1538 770 eo
1553 733 1753 780 Ampliffimi
1776 730 1968 777 Affimlelfr‚

195 795 457 842 &Burgersdyk,
484 792 536 825 ille
553 786 673 822 Consul
692 784 923 832 Lugdunensis,
952 784 1034 818 alter
1061 784 1225 830 Syndicus
1253 782 1504 829 (Penfioriczrium
1525 782 1667 828 vocant)
1697 783 1824 827 Hagam
1841 781 1973 827 delega-

194 848 240 889 ti,
270 847 324 880 ubi
340 841 467 878 Noster
483 848 563 873 tunc
580 835 741 881 temporis
762 834 850 878 apud
874 834 1015 867 Socrum
1041 832 1248 874 versabatur,
1276 832 1386 878 ibique
1400 842 1478 866 eum
1499 831 1698 873 invisentes,
1726 829 1888 876 Diploma
1908 837 1972 864 tra·

193 895 369 932 diderunr,
396 900 461 935 quo
480 886 520 921 ad
539 884 726 920 ornandam
746 881 968 916 Academiam
985 881 1074 915 suam
1092 882 1290 916 vocabatur.

244 939 446 977 Orationem
465 933 697 980 Inauguralem
717 930 831 965 babuit
851 929 1023 975 Lugduni,
1050 928 1105 963 die
1126 929 1257 963 decima
1279 927 1371 963 sexta
1385 926 1507 962 mensis
1530 928 1716 973 Septembris
1739 927 1888 972 ejusdem
1914 937 1973 961 an-

194 991 248 1033 nj;
274 987 363 1034 quod
379 982 500 1021 rescivi
518 983 652 1028 demum
674 978 748 1024 post
764 979 851 1012 banc
868 978 986 1012 Vitam
1007 977 1118 1020 primo
1137 977 1286 1019 editam,
1312 987 1355 1010 ex
1385 977 1635 1021 Ephemeridibus
1668 976 1866 1017 Litterariis,
1896 974 1975 1010 Gal·

195 1040 260 1077 lice
277 1035 423 1081 scriptis,
449 1030 607 1077 (Journal
630 1028 822 1068 Luni-aire,
847 1026 952 1060 Tom.
973 1025 1086 1059 XVII.
1109 1034 1186 1071 pag.
1214 1024 1313 1070 374.)
1341 1034 1414 1070 quae
1432 1023 1754 1069 Hugae-Baruvorum
1776 1023 1866 1058 statis
1889 1033 1972 1058 tem-

195 1086 334 1136 poribus
352 1081 532 1129 prodeunt.
584 1076 630 1111 At
651 1087 735 1110 vero
752 1074 922 1121 quodnam
946 1073 1046 1120 ipsius
1066 1074 1236 1108 Orationis
1253 1083 1487 1119 argumentum
1516 1070 1636 1115 fuerit,
1664 1084 1705 1107 ne
1735 1082 1824 1106 nunc
1840 1073 1976 1117 quidem

195 1134 282 1172 mihi
307 1139 522 1176 compertum
547 1125 611 1162 est:
640 1135 745 1170 quum
770 1124 823 1158 illa
855 1134 944 1164 non,
983 1132 1016 1156 ut
1039 1123 1142 1157 moris
1170 1120 1244 1164 est,
1270 1121 1359 1167 typis
1383 1120 1550 1166 descripta
1576 1120 1696 1162 fuerit,
1726 1130 1788 1154 nec
1813 1120 1913 1154 ullum
1939 1132 1975 1155 e-

195 1185 250 1232 jus
278 1179 474 1226 exemplum
504 1176 589 1210 inter
611 1173 757 1208 Schedas
780 1170 928 1206 defundi
956 1181 1124 1215 repertum
1157 1170 1223 1204 fit:
1262 1168 1380 1204 frustra
1407 1180 1542 1214 quoque
1567 1167 1746 1213 quaesitus,
1788 1167 1843 1214 qui
1877 1167 1976 1204 babe-

194 1241 248 1268 ret
271 1227 491 1269 memoriam,
516 1233 572 1259 aut
593 1220 746 1257 alicunde
770 1219 961 1263 audivisset,
989 1230 1052 1266 qua
1076 1219 1118 1255 de
1143 1230 1178 1254 re
1199 1217 1363 1265 placuerit
1380 1216 1510 1253 Nostro
1530 1216 1685 1253 disserere
1709 1216 1743 1252 in
1768 1225 1860 1251 tanta
1888 1217 1978 1252 cele-

200 1280 333 1319 britate.

249 1327 396 1374 Lugduni
409 1325 478 1371 jam
512 1323 545 1358 in
569 1332 658 1358 certa
679 1319 821 1356 statione
847 1317 1068 1360 constitutus,
1096 1317 1270 1365 tranquille
1290 1315 1376 1352 vixit
1397 1343 1406 1360 ‚
1440 1325 1477 1352 ut
1510 1315 1589 1351 alibi
1608 1325 1741 1363 quoque
1768 1312 1916 1358 fecerat,
1941 1313 1980 1350 ἃ

201 1377 330 1414 famam
354 1375 480 1410 dudum
497 1371 666 1418 quaelitam
691 1370 724 1403 in
750 1369 819 1403 dies
838 1369 1000 1414 majorem
1019 1367 1289 1412 amplioremque
1308 1364 1366 1400 sibi
1392 1365 1601 1400 conciliavit.

253 1425 354 1460 Anno
375 1419 554 1457 millesimo
571 1416 810 1454 sexcentesimo
834 1415 1054 1462 nonagesimo
1074 1416 1203 1461 primo,
1230 1414 1353 1449 iterum
1371 1413 1471 1449 edidit
1486 1413 1664 1449 Probabilia
1686 1413 1780 1458 Juris
1796 1439 1804 1454 ,
1829 1411 1982 1447 secundis

205 1474 296 1509 curis
312 1470 480 1518 expolita,
507 1467 543 1503 ἃ
560 1478 629 1502 uon
650 1476 780 1501 tantum
799 1465 948 1510 plurimis
973 1465 1007 1498 in
1028 1463 1108 1498 locis
1133 1464 1233 1498 trium
1256 1462 1438 1497 Librorum
1460 1462 1630 1503 auffiora,
1659 1462 1712 1497 sed
1734 1460 1770 1495 &
1792 1460 1906 1495 addito
1926 1461 1982 1494 Li-

203 1525 267 1566 bro
286 1520 437 1566 integro,
462 1517 533 1563 jam
550 1525 678 1562 quarto.
730 1513 946 1549 Accefferunt
965 1523 1124 1558 praeterea
1139 1511 1218 1546 huic
1238 1511 1376 1546 editioni
1397 1511 1447 1546 De
1467 1510 1688 1557 Jurisdifflone
1715 1508 1756 1549 ὅ)
1776 1510 1908 1555 Imperio
1927 1509 1984 1543 Li-

205 1571 342 1611 briduo‚·
368 1567 405 1602 &
420 1565 473 1601 Ad
490 1565 605 1610 Legem
620 1563 776 1609 Aquiliam
800 1562 895 1597 Liber
913 1561 1098 1607 Singularis.
1151 1559 1188 1595 In
1213 1559 1326 1606 primo
1349 1559 1471 1594 horum
1497 1560 1650 1604 Operum
1673 1568 1864 1601 novorum,
1891 1568 1987 1592 more

206 1620 265 1655 suo
289 1615 456 1661 modoque
475 1625 514 1648 ea
532 1612 646 1647 omnia
665 1612 762 1656 plene
779 1610 977 1656 exsequutus
992 1609 1062 1651 est,
1092 1619 1166 1655 quae
1190 1607 1361 1653 pertinent
1389 1608 1428 1643 ad
1452 1604 1652 1653 potestatem
1668 1607 1722 1653 jus
1747 1606 1899 1649 dicendi,
1927 1606 1985 1641 da-

207 1677 278 1703 tam
299 1661 572 1710 Magistratibus,
599 1670 641 1695 ex
661 1659 719 1694 usu
738 1659 815 1693 Fori
832 1657 992 1692 Romani.
1043 1657 1081 1692 In
1100 1657 1227 1699 altero,
1255 1657 1404 1703 Legem,
1432 1656 1518 1692 inter
1546 1654 1760 1691 nobilissimas
1785 1654 1870 1701 Juris
1895 1654 1987 1689 Civi-

209 1716 250 1761 lis
266 1741 275 1756 ,
300 1712 370 1748 fuse
388 1710 424 1746 ἃ
444 1721 502 1754 per
520 1707 645 1755 singula
661 1707 818 1742 adcurate
836 1706 1000 1750 exposuit.
1056 1705 1142 1756 Quae
1163 1703 1276 1740 omnia
1293 1731 1303 1747 ‚
1330 1702 1424 1739 simul
1445 1704 1492 1740 ita
1513 1702 1651 1750 juncta,
1681 1702 1875 1750 prodierunt
1899 1703 1987 1749 Lug-

209 1764 301 1804 duni,
328 1771 371 1795 ex
390 1757 526 1794 officina
541 1758 645 1792 etiam
661 1756 769 1791 Felicis
796 1755 921 1799 Lopez,
947 1753 999 1789 sed
1024 1753 1134 1790 forma
1167 1753 1316 1801 majore,
1343 1753 1551 1800 quadruplici,
1578 1762 1613 1788 ut
1634 1762 1777 1788 vocant:
1810 1763 1874 1798 qua
1899 1751 1989 1787 nulla

207 1812 322 1848 minor
339 1809 373 1843 in
392 1806 490 1842 editis
508 1804 623 1849 postea
639 1802 789 1838 adhibita
805 1802 863 1837 est.

257 1859 349 1894 Inter
366 1856 428 1890 alia
441 1863 516 1898 quae
532 1852 643 1886 addita
662 1850 809 1884 diximus
829 1850 992 1894 prioribus
1010 1852 1216 1885 Probabilium
1236 1850 1363 1892 Libris,
1390 1850 1542 1895 quaedam
1567 1860 1612 1884 ex
1636 1849 1717 1883 olim
1743 1848 1841 1884 diftis
1862 1846 1991 1883 Noster

210 1903 401 1947 vindicavit
418 1898 575 1940 adversus
599 1896 696 1932 crisin
714 1897 746 1931 in
765 1897 930 1931 Germania
945 1898 1071 1932 dudum
1089 1899 1226 1932 editam.
1269 1898 1450 1932 Placuerat
1466 1897 1624 1932 nimirum
1650 1897 1696 1932 V.
1724 1897 1771 1932 Cl.
1798 1895 1992 1932 CHRIST-

210 1952 392 1992 FRIEDO
409 1944 757 1986 WAECHTLERO,
770 1943 1009 1989 Jurisconsulto
1028 1945 1064 1980 δε
1082 1945 1264 1979 Advocato
1277 1944 1459 1989 Dresdeusi,
1486 1945 1704 1991 publicijuris
1721 1944 1832 1980 facere
1851 1944 1991 1979 Wrten-

214 2007 333 2049 hergae,
363 2000 463 2033 Anno
487 1993 662 2030 millesimo
692 1991 932 2027 sexcentesimo
956 1992 1166 2039 oetogefirno
1189 1992 1322 2038 primo,
1357 1992 1503 2028 libellum
1530 1992 1598 2027 hoc
1622 1994 1743 2028 titulo:
1772 1993 1927 2028 NOTAE
1951 1993 1995 2027 ad

215 2047 432 2089 GERARDI
459 2043 640 2079 NOODT
666 2039 886 2086 Juriscousulti
912 2039 953 2080 ἐξ
979 2040 1179 2086 Anteceffiris
1205 2040 1434 2075 Probabilium
1453 2041 1540 2086 Juris
1567 2040 1682 2076 Civilis
1705 2041 1817 2076 Libros
1840 2049 1912 2077 tres.
1953 2042 1991 2075 In

219 2101 270 2137 his
286 2100 395 2139 Notis,
423 2105 504 2140 quas
528 2091 677 2127 nondum
702 2089 874 2132 videram,
901 2091 1034 2137 quando
1060 2090 1178 2124 Vitam
1202 2088 1305 2123 nostri
1331 2090 1476 2134 primum
1503 2089 1698 2132 scriberem,
1727 2089 1855 2124 Auaor
1879 2089 1995 2125 omnia

218 2148 338 2195 Capita
363 2142 567 2180 Probabilium
596 2141 689 2185 Juris
715 2138 895 2184 expendit,
930 2149 984 2173 aut
1009 2137 1121 2183 potius
1146 2137 1271 2184 carpit:
1302 2138 1429 2172 nullum
1453 2138 1615 2173 intactum
1637 2138 1809 2184 relinquit:
1838 2138 1995 2173 rarissime

223 2195 348 2243 aliquid
375 2191 506 2228 calculo
539 2189 595 2224 suo
623 2189 851 2233 comprobat,
886 2186 922 2221 ἃ
949 2186 993 2221 sic
1018 2187 1147 2232 semper
1175 2197 1254 2220 cum
1280 2186 1389 2232 aliqua
1413 2186 1625 2232 exceptione.
1678 2185 1823 2230 Noster,
1851 2187 1905 2233 qui
1937 2198 1994 2221 ne-

221 2244 306 2281 mini
343 2240 508 2289 judicium
541 2238 634 2273 suum
666 2236 857 2277 invidebat,
896 2235 953 2270 suo
979 2235 1082 2270 etiam
1111 2233 1179 2270 frui
1208 2234 1328 2270 voluit.
1378 2234 1419 2269 Et
1443 2243 1545 2281 quum
1575 2245 1743 2281 perpauca
1770 2235 1950 2271 admodum
1975 2242 1994 2269 π’

221 2293 367 2330 Censore
383 2291 490 2324 adlata
506 2286 652 2326 videret,
677 2285 797 2330 quibus
820 2284 941 2330 aliquid
958 2295 1122 2329 reponere
1143 2293 1256 2329 operae
1271 2282 1415 2330 pretium
1432 2282 1496 2318 effe
1512 2293 1664 2328 potaret,
1689 2284 1731 2318 de
1756 2283 1796 2318 iis
1826 2284 1927 2320 etiam
1949 2284 1995 2318 sa-

223 2344 264 2378 tis
292 2340 406 2376 habuit
425 2336 623 2372 sententiam
646 2334 734 2369 suam
764 2332 840 2367 heic
867 2335 903 2367 ὅ(
928 2333 993 2367 illic
1008 2332 1123 2378 paucis
1149 2331 1246 2367 tueri.
1296 2331 1422 2366 Nescio
1445 2343 1486 2367 an
1512 2329 1715 2367 Waechtl‘erus
1731 2331 1994 2377 exspectaverit,

223 2388 411 2428 Nostrum,
441 2385 600 2425 exemplo
617 2383 686 2428 ejus
705 2409 714 2424 ,
742 2382 909 2427 integrum
927 2393 1010 2425 opus
1028 2381 1261 2416 Vindiciarum
1286 2391 1344 2426 per
1362 2379 1489 2426 lingula
1504 2380 1704 2416 emiffurum.
1755 2381 1794 2416 Id
1817 2381 1930 2416 saltem
1956 2381 1997 2415 ab

225 2451 267 2474 eo
285 2436 410 2472 faetum
430 2445 498 2469 non
512 2432 594 2474 else,
623 2431 796 2476 aegerrime
814 2430 902 2464 ferre
924 2429 1100 2472 videntur,
1128 2429 1185 2475 qui
1211 2428 1286 2475 post
1314 2429 1484 2474 utriusque
1506 2428 1576 2463 fata
1598 2429 1631 2463 id
1652 2439 1816 2475 egerunt,
1845 2439 1878 2464 ut
1898 2430 1997 2475 longe

226 2489 321 2532 supra
339 2484 500 2519 Noodtiuin
515 2480 712 2515 extollerent
737 2478 966 2513 Waechclerum
992 2477 1105 2521 suum,
1131 2477 1226 2524 cujus
1252 2478 1446 2523 ceteroquin
1471 2477 1599 2512 meritis
1626 2488 1689 2512 nos
1711 2477 1794 2512 nihil
1825 2478 2000 2513 de:raliere

226 2535 397 2572 volumus.
450 2532 519 2564 Res
538 2540 580 2562 eo
599 2540 701 2573 usque
719 2526 891 2572 proceffit,
919 2537 955 2560 ut
971 2526 1137 2561 Nostrum
1152 2525 1239 2573 quasi
1258 2536 1351 2561 reum
1372 2536 1532 2572 peragere
1546 2526 1715 2561 voluerint
1737 2527 1849 2572 gravis
1868 2526 1999 2571 injuriae

227 2580 431 2630 Adversario
455 2578 512 2613 suo
540 2577 647 2612 illatae.
700 2575 836 2610 Scilicet
859 2575 1032 2621 indignum
1059 2575 1172 2617 factu,
1202 2575 1287 2609 adeo
1316 2574 1458 2610 invisum
1488 2574 1678 2609 Waechcleri
1702 2586 1825 2609 nomen
1857 2572 2001 2609 habuisse

228 2632 410 2670 Nominum,
437 2626 526 2674 quod
549 2625 738 2670 exprimere
753 2624 786 2658 in
806 2623 945 2668 Scriptis
966 2623 1028 2657 suis
1046 2624 1299 2670 dedignaretur:
1327 2623 1364 2658 <Sc
1387 2623 1521 2669 quidem
1542 2634 1582 2657 ea
1600 2623 1642 2657 de
1666 2621 1776 2657 caussa
1796 2623 1839 2658 ita
1861 2623 2002 2668 vilipen·

229 2682 264 2717 di
282 2693 300 2715 a
320 2677 447 2713 Noodrio
464 2674 690 2710 Waechtlerum
706 2671 767 2718 (sic
785 2671 874 2706 enim
889 2671 1036 2718 fingunt)
1063 2673 1153 2718 quod
1172 2671 1228 2706 hic
1244 2682 1311 2706 non
1330 2671 1432 2706 fuerit
1457 2672 1542 2707 inter
1565 2682 1741 2706 numerum
1758 2669 2000 2713 Profeff0rum‚

228 2730 284 2767 sed
303 2727 433 2773 Jurium
450 2722 579 2758 Doctor
598 2720 854 2766 Causs'arumque
872 2720 1032 2755 Patronus
1056 2730 1199 2755 tantum.
1229 2719 1319 2768 Quid
1337 2720 1426 2766 quod
1446 2719 1567 2755 alicubi
1584 2719 1705 2754 dixerit
1722 2720 1888 2755 Noodtius:
1915 2719 2001 2753 Haec

229 2780 332 2822 cuique
350 2774 479 2820 liquent,
502 2770 557 2815 fied
581 2769 670 2803 ILLI
688 2771 737 2815 qui
755 2770 797 2803 ad
821 2768 1007 2803 Probabilia
1032 2780 1098 2804 mea
1119 2770 1219 2804 Notas
1228 2767 1371 2816 scripfit,
1397 2780 1455 2803 non
1476 2768 1612 2814 liquent?
1637 2767 1679 2802 Et
1701 2769 1811 2813 paullo
1835 2766 1933 2813 post:
1962 2767 2003 2802 Id

229 2826 327 2874 ipsum
348 2830 414 2858 tam
433 2820 602 2860 evidenter,
628 2826 659 2852 ur
678 2821 771 2852 iizirer
785 2819 975 2870 *couti-ariam
997 2817 1219 2864 distinetionem
1232 2819 1318 2863 potui
1343 2829 1358 2852 e
1383 2816 1570 2851 HOMINI
1588 2818 1619 2851 in
1637 2825 1764 2852 mentem
1778 2819 1893 2852 venire.
1927 2817 2004 2851 Ma-

231 2884 337 2923 gnum
353 2871 503 2908 crimen,
530 2866 642 2901 Patres
659 2865 867 2909 conscripti,
894 2863 932 2900 &
947 2875 1024 2899 ante
1041 2865 1131 2900 hunc
1146 2866 1233 2901 diem
1252 2865 1440 2900 inauditum
1455 2865 1462 2899 ἔ
1491 2864 1555 2900 Sed
1570 2877 1610 2900 an
1631 2866 1718 2901 nulla
1732 2865 1795 2900 alia
1820 2864 1885 2899 effe
1908 2864 2004 2900 causa

229 2920 342 2970 potest
359 2947 368 2963 ,
394 2926 516 2965 praeter
534 2915 752 2961 adrogantem
772 2913 809 2949 ἃ
827 2913 1109 2948 contumeliosum
1123 2924 1380 2959 contemptum,
1404 2925 1464 2948 cur
1483 2914 1596 2960 aliquis
1621 2914 1704 2948 nolit
1723 2924 1782 2949 eos
1803 2912 2004 2948 nominatim

232 2971 422 3017 designare,
447 2965 565 3017 quibus
594 2962 796 3009 respondet?
823 2961 920 3014 Certe
940 2961 960 2995 sl
979 2974 1022 2997 ex
1039 2962 1176 3007 ingenio
1199 2962 1359 3009 cujusque
1384 2960 1576 2997 aestimanda
1604 2960 1687 3005 sint,
1715 2973 1749 2997 ut
1777 2961 1915 2997 omnino
1945 2971 2003 3006 par

233 3019 301 3060 est,
328 3028 400 3062 quae
423 3011 652 3065 aliquidtforte·
669 3010 979 3063 liabenttambiguae
996 3010 1299 3055 interpretationis:
1330 3010 1494 3045 silentium
1518 3010 1597 3045 illud
1623 3010 1664 3045 de
1689 3011 1827 3046 nomine
1851 3007 2005 3043 humani-

236 3066 293 3102 tati
314 3064 425 3109 potius
441 3060 577 3103 Nostri,
596 3060 669 3095 satis
692 3059 839 3104 alioquin
859 3067 965 3099 notae,
995 3068 1061 3104 ego
1077 3058 1338 3103 imputaverim:
1366 3058 1442 3105 qui,
1470 3069 1572 3105 quum
1590 3058 1794 3094 existimaret
1818 3055 1949 3103 (jurene
1964 3068 2006 3091 an

235 3113 372 3160 injuria,
396 3110 473 3144 nibil
493 3109 644 3150 adtinet,
673 3107 710 3142 ὅ(
726 3106 792 3142 hoc
813 3116 976 3152 praeterea
994 3105 1043 3140 est
1068 3106 1109 3141 de
1130 3118 1195 3153 quo
1214 3107 1389 3152 quaeritur)
1414 3106 1525 3141 irritos
1543 3105 1639 3142 fuiss'e
1660 3116 1796 3142 conatus
1822 3104 2008 3139 bVacchcleri

232 3163 266 3199 in
282 3162 385 3198 tribus
402 3157 510 3193 Libris
527 3157 735 3194 Probabilium
754 3166 849 3193 tauro
868 3154 1043 3191 molimine
1061 3154 1319 3203 impugnandis,
1345 3155 1379 3192 id
1396 3154 1522 3191 dederit
1537 3154 1660 3192 honori
1685 3165 1752 3191 tam
1774 3153 1913 3192 imbellis
1940 3153 2007 3187 Ad-

1936 3213 2008 3236 Ves-
