2036 3495
133 145 204 181 442
510 116 897 166 *Cerauni

137 225 230 256 tione
248 246 259 263 ,
293 230 383 265 neque
405 220 480 252 enim
504 216 576 248 mede
599 214 782 246 contrahitur
811 221 878 244 cum
905 212 1007 243 tutori-

137 267 202 298 bus.

152 303 156 306 ’
180 304 289 339 Potest
305 305 398 346 igitur
421 298 558 340 pupillus
582 304 637 330 aut
659 296 764 329 minor
785 304 825 326 ex
846 293 934 326 facto
960 299 1007 324 tu-

139 348 218 380 toris
234 356 328 386 agere
348 350 401 374 aut
422 340 601 372 conveniri.
643 338 690 369 Sit
706 339 767 370 ita:
789 336 810 369 fi
834 343 921 367 tutor
944 335 1011 375 egit

138 388 226 421 bona
249 387 321 419 fide.
347 384 398 415 sed
417 382 521 421 finge,
556 379 652 421 egisse
676 379 755 411 dolo
778 378 875 410 malo.
919 375 1010 416 Papi-

140 426 252 462 nianus
266 428 285 458 l.
307 436 336 467 3.
353 423 394 455 D.
410 424 437 454 h.
452 429 473 454 t.
495 421 538 454 fic
553 421 676 453 scribit:
687 419 781 452 Dolus
797 425 927 450 tutorum
938 424 1009 458 pue-

140 480 172 501 ro
195 477 283 510 neque
302 474 418 504 nocere,
439 474 475 496 ne
495 473 530 495 ue
547 462 673 505 prodeffe
692 463 779 493 debet.
802 463 939 502 primurn
958 468 1011 490 ne-

139 518 195 553 gat
217 507 340 550 pupillo
366 506 468 547 prode
495 515 512 537 e
537 505 653 537 tutoris
677 503 807 535 dolum:
839 502 869 533 ἂ
892 509 1013 532 conve-

136 553 265 584 nienter
279 547 424 589 sequenti
439 546 575 588 regulae,
597 544 729 577 Alterius
745 543 952 574 circumventio
969 541 1010 572 al-

138 593 193 624 teri
207 600 266 623 non
286 591 392 632 probet
419 587 567 620 astionem.
609 586 728 618 Attulit
750 585 832 616 hanc
854 582 1011 622 Ulpianus

135 633 158 665 1.
181 642 231 672 49.
256 631 298 663 D.
316 632 350 663 de
372 640 431 671 reg.
444 630 507 671 jur.
537 636 673 668 eamque
695 626 770 658 huic
793 625 930 656 articulo
958 623 1011 654 ad-

139 672 382 706 commodavit:
399 681 470 703 nam
488 672 527 702 de
544 670 622 702 dolo
641 668 757 699 tutoris
772 667 802 697 in
820 664 1012 697 administra-

139 715 231 747 tione
252 713 407 751 admiffo,
437 710 588 751 cogitaffe
611 709 731 741 indicio
756 706 801 738 est
825 706 1012 745 Inscriptio,

136 755 313 799 praeferens
328 753 457 795 Ulpiani
482 753 538 784 lib.
554 759 604 792 35.
624 751 662 781 ad
688 748 851 780 Edictum:
874 756 947 778 curn
971 754 1013 777 ex

137 808 182 830 eo
200 797 283 830 libro
305 796 365 828 sint
381 795 477 826 etiam
493 793 512 824 l.
535 801 564 825 1.
582 801 610 833 3.
626 801 657 831 5.
674 799 703 830 7.
723 789 764 820 D.
782 791 814 820 de
830 788 939 819 arimin.
955 791 1011 818 tut.

136 836 250 872 Unum
274 836 472 872 addendum,
496 833 585 874 quod
609 841 683 863 cum
701 831 763 869 ait,
794 829 923 862 alterius
950 829 1011 859 cir-

133 879 403 913 cumventionem
419 875 510 907 alteri
527 883 592 912 non
616 872 759 914 praebere
777 871 956 908 actionem,
973 869 1012 900 ad

133 921 286 955 effectum
308 915 477 958 respexisse
494 915 629 956 intelligi
653 914 767 947 debet:
790 913 918 951 quando
943 911 974 942 in
992 910 1012 942 1.

142 973 190 1003 15.
212 962 253 994 D.
270 961 304 992 de
325 959 386 991 dolo
408 958 482 990 malo
508 956 574 998 ipse
588 956 629 988 fic
647 955 769 987 scribit:
793 953 844 985 Ex
860 953 921 984 dolo
936 957 1013 983 tuto-

136 1001 216 1043 risfi
229 1001 335 1043 fabius
349 998 389 1041 eft
409 998 595 1040 locupletior,
612 1002 686 1038 puto
701 998 734 1027 in
755 1005 820 1027 eum
841 995 968 1025 dandam
983 1003 1013 1024 a·

135 1045 276 1077 aionem.-
303 1040 382 1082 ficut
406 1042 531 1081 exceptio
548 1041 647 1072 datur.
697 1036 721 1069 F
724 1046 770 1068 ac.
804 1043 839 1067 ut
862 1034 1013 1075 exemplo

136 1096 188 1119 res
210 1085 350 1126 liqueat:
381 1081 569 1125 promissor,
600 1078 725 1122 pupillo
749 1077 936 1119 stipulante,
960 1076 1014 1106 de-

136 1135 251 1169 ceptus
267 1125 313 1158 est
336 1124 452 1157 tutoris
467 1123 558 1156 dolo.
582 1120 721 1164 pupillus
739 1119 785 1152 est
802 1118 903 1150 factus
928 1118 1015 1148 locu-

136 1169 277 1210 pletior3
299 1173 391 1209 putat
408 1164 584 1206 Ulpianus,
601 1163 744 1195 dandam
761 1162 792 1192 in
808 1169 880 1192 eum
897 1160 936 1190 de
956 1159 1013 1189 do-

137 1211 172 1249 lo
188 1210 368 1247 actionem,
390 1216 426 1240 ut
443 1206 606 1245 restituat,
629 1204 717 1245 quod
740 1202 780 1234 ad
803 1211 876 1233 eum
900 1209 1013 1240 perve-

137 1252 198 1284 nit.
221 1251 296 1293 quid
314 1249 337 1282 si
357 1257 400 1281 ex
428 1247 578 1287 stipulatu
606 1244 703 1287 agat?
730 1245 792 1285 jam
809 1250 917 1283 putat,
940 1242 1013 1272 dan-

136 1294 209 1326 dam
228 1292 357 1333 quidem
377 1289 501 1331 pupillo
517 1288 580 1321 esse
601 1287 777 1319 actionem:
800 1284 851 1315 sed
872 1292 912 1315 ne
929 1282 957 1313 ei
974 1281 1016 1313 sic

138 1333 240 1376 prosit
266 1332 382 1365 tutoris
410 1331 528 1370 dolus,
558 1338 616 1370 per
640 1327 869 1368 exceptionem
895 1323 1015 1364 repelli.

139 1385 207 1416 quo
222 1374 294 1407 casu
311 1373 445 1416 perinde
462 1372 541 1409 erit,
565 1379 602 1402 ac
618 1368 639 1401 si
656 1378 721 1400 non
737 1367 814 1400 esset
831 1368 903 1398 data
918 1365 935 1396 l.
950 1373 1020 1399 112.

141 1417 186 1451 D.
205 1418 239 1449 de
261 1425 319 1457 reg.
333 1416 398 1457 jur.
441 1412 565 1444 Contra
591 1410 687 1451 poffit
708 1410 777 1449 quis
801 1415 932 1449 putare,
946 1405 1019 1437 effe

140 1459 259 1492 tutoris
277 1456 439 1492 officium,
462 1453 633 1493 providere
657 1450 687 1481 ἀ
710 1450 821 1480 favere
844 1449 939 1480 rebus
963 1456 1020 1488 pu-

140 1500 227 1542 pilli:
250 1499 368 1539 quippe
383 1494 506 1527 domini
523 1493 599 1524 loco
620 1491 730 1522 haberi
752 1490 772 1521 l.
791 1499 839 1530 27.
857 1489 899 1520 D.
912 1490 946 1519 de
967 1488 1020 1519 ad-

142 1543 215 1573 min.
232 1545 287 1571 tut.
331 1536 394 1568 Sed
421 1544 487 1567 non
514 1532 559 1565 est
579 1533 655 1573 juris
677 1531 798 1569 nostri,
821 1529 1021 1571 improbitati

142 1581 308 1622 indulgere
324 1579 356 1610 in
375 1576 504 1617 alicujus
521 1575 684 1615 injuriam:
709 1582 746 1604 ac
770 1581 843 1604 cum
866 1570 1020 1613 pupillum

143 1619 386 1655 commendavit
414 1617 533 1649 tutoris
549 1615 781 1656 providentiam
810 1622 879 1645 non
894 1612 1019 1650 voluit,

144 1665 175 1697 ei
192 1661 311 1695 consuli
330 1659 413 1692 malo
440 1656 614 1698 exemp103
636 1657 702 1688 imo
728 1664 793 1686 non
814 1655 906 1686 aliam
933 1654 1020 1693 cogi-

143 1705 225 1738 tavit
237 1699 572 1741 administrationem,
595 1707 690 1739 quam
707 1697 792 1733 bona
808 1694 872 1728 fide
897 1694 928 1727 δι
951 1703 1021 1725 mo-

143 1756 179 1785 re
193 1743 288 1785 licito
307 1741 538 1784 exercendam.
558 1740 618 1772 ‚Sic
635 1736 829 1779 Callistratus
847 1737 866 1772 1.
886 1745 937 1777 33.
954 1736 982 1766 d.
1000 1740 1021 1766 t.

144 1786 176 1822 dt
195 1786 322 1860 gptime
342 1781 536 1825 Ulpianusl.
551 1781 629 1823 4..§.
648 1790 698 1822 23.
716 1779 758 1811 D.
775 1780 808 1816 cle
830 1783 939 1819 except.
966 1776 1023 1808 doli

145 1838 193 1862 ma
218 1851 227 1860 .
469 1846 472 1854 .

183 1869 228 1901 At
245 1855 606 1910 quemadmodum'non
618 1850 749 1909 prodest
769 1852 892 1903 pupillo
907 1860 1039 1893 tutoris'

145 1910 259 1945 dolus:
282 1909 326 1941 ita
340 1918 406 1940 non
424 1915 553 1947 nocete¹
577 1904 654 1938 Hoc
671 1905 846 1944 Papiniano
862 1902 969 1944 placet
993 1901 1022 1932 d.

148 1954 169 1986 l.
186 1962 216 1994 3.
241 1949 397 1992 quando?
419 1948 439 1981 fi
462 1946 658 1987 extrinsecus
677 1946 754 1986 quid
771 1951 858 1977 tutor
875 1944 953 1975 dolo
969 1943 1023 1974 ad-

148 1993 277 2026 miserit.
300 1991 342 2024 sic
367 1987 696 2031 Ulpianuswyl.‡4.-b.-t.
720 1987 748 2018 <St
774 1993 882 2027 putat,
906 1984 1023 2016 extrin-

148 2034 238 2067 secus
261 2033 351 2071 fieri,
384 2034 472 2073 quod
488 2029 668 2063 admittitur
690 2035 783 2061 extra
803 2026 943 2058 rationes
969 2034 1028 2065 pu-vr

147 2077 227 2118 pilli.
269 2074 458 2115 Papinianus
480 2073 508 2107 d.
532 2072 597 2113 1.,3.
613 2070 698 2110 ¹dicit
715 2092 737 2108 ‚1
755 2069 889 2100 id-.tunc
914 2076 1025 2098 verum

149 2117 231 2156 esse,
248 2124 321 2148 curn
338 2124 383 2154 ex,
397 2114 486 2153 illm-5
497 2112 609 2151 fraude
627 2111 824 2152 locupletior
842 2109 943 2140 satius
959 2117 1027 2139 non

151 2159 204 2190 est.
227 2158 317 2189 Pone
333 2166 373 2188 cx
390 2156 410 2187 l.
423 2162 489 2196 pen.
509 2153 548 2189 Dg.
560 2155 598 2190 ,de
612 2154 671 2183 tab.
688 2152 837 2184 exhibend.
861 2149 1025 2185 testamen-

152 2201 174 2231 ti
193 2200 313 2231 tabulas
332 2197 416 2238 apud
433 2195 589 2237 pupillum
606 2193 729 2231 effe,&
750 2191 962 2232 dolqtutoris
979 2199 1025 2220 es-

152 2243 183 2273 se
202 2239 329 2272 desiisse.
352 2239 397 2270 ait
414 2237 524 2270 Paulus
536 2256 549 2275 r
564 2237 600 2274 -in
617 2233 716 2275 ipsum
736 2241 877 2270 tutorem
893 2239 1025 2271 compe-

153 2290 220 2315 tere
237 2283 411 2313 actionem:
434 2279 622 2316 arbitratus,
638 2275 751 2307 tutoris
769 2274 918 2315 delictum
937 2273 1025 2304 vide-

153 2326 177 2355 ri
189 2345 198 2362 ‚
221 2324 391 2361 &aequum
409 2320 493 2358 esl'e,
513 2319 611 2360 ipsum
625 2327 667 2348 ex
683 2316 800 2355 (ξι-1460
825 2316 886 2352 suo,
899 2314 1024 2352 teneti,

153 2374 219 2396 non
242 2363 417 2404 pupillum;
446 2370 523 2399 cuin
540 2359 693 2397 ‚videlicet
716 2367 782 2395 non
803 2356 847 2391 est
873 2365 914 2387 eo
938 2356 1025 2387 locu·

156 2405 273 2446 pletior
291 2403 404 2435 satius.
446 2401 567 2434 Eadem
589 2402 715 2433 ratione
739 2401 829 2439 putat
852 2396 1029 2437 Ulpianus,

153 2445 177 2479 fi
192 2446 242 2477 vel
259 2453 345 2476 tutor
361 2445 413 2476 vel
428 2450 562 2479 curator,
571 2442 622 2483 J'us
635 2440 757 2472 dicenti
772 2448 836 2471 non
859 2439 1028 2478 obtempe-

154 2486 291 2522 raverit,
312 2485 410 2525 ipsum
429 2485 532 2525 puniri
548 2507 567 2522 ,.
581 2492 647 2514 non
673 2481 828 2522 pupillum
856 2481 876 2510 l.
902 2481 980 2511 unic.
999 2478 1028 2520 §.

156 2538 186 2562 2.
203 2527 245 2559 D.
268 2526 382 2566 seques
393 2527 443 2568 jus
460 2527 565 2557 dicent.
587 2533 643 2556 non
666 2525 784 2563 obtemp.
809 2521 961 2553 Similiter
987 2521 1028 2550 A·

155 2568 307 2607 lexander
323 2568 341 2597 l.
357 2571 384 2597 6.
406 2567 439 2605 C.
456 2569 489 2598 de
511 2567 621 2598 admin.
645 2570 702 2596 tut.
725 2564 797 2596 Non
821 2561 859 2603 est.
876 2563 1027 2603 ignotum,-

155 2610 278 2651 inquit‚
300 2613 407 2639 tutores
420 2609 465 2638 vel
485 2614 630 2644 curatores
648 2603 910 2646 [adolescentum,‘l
928 2602 956 2641 fi
979 2612 1028 2634 no·

156 2654 234 2684 mine
245 2649 419 2691 pupillorum
434 2649 478 2679 vel
501 2649 667 2680 adultorum
688 2648 807 2683 scientes
836 2644 1027 2679 calumniosas

155 2692 316 2734 instituant
329 2688 451 2721 actiones
462 2711 471 2727 ,
492 2700 521 2720 eo
537 2689 650 2723 nomine
671 2688 855 2721 condemnari
876 2692 1026 2726 oportere:

157 2745 194 2767 ne
205 2735 260 2772 sub
273 2735 421 2772 praetextu>
431 2732 550 2765 nominis
564 2738 660 2761 eorum
672 2733 787 2769 propter
810 2728 876 2762 luas
891 2725 1028 2764 simulta-

159 2779 310 2815 tes-secure
333 2772 395 2802 lites
411 2772 486 2810 suas
503 2780 630 2802 exercere
646 2769 722 2811 poffe
745 2767 915 2809 existiment.
939 2767 1028 2809 Quid

158 2817 257 2850 multa
272 2815 289 2846 ἓ
318 2811 487 2857 Javolenue
508 2810 528 2841 l.
555 2817 620 2847 198.
648 2812 689 2845 D.
713 2812 748 2842 de
772 2820 830 2852 reg.
848 2810 938 2852 juris.
964 2811 1029 2840 hoc

157 2856 306 2901 generale
320 2854 383 2887 esse
399 2851 573 2885 existimat:
595 2854 733 2892 ideoque
750 2853 782 2884 in
807 2852 930 2883 caeteris
950 2859 1029 2890 quo-

159 2909 222 2941 que
240 2896 336 2929 causis
353 2894 470 2926 tutoris
486 2893 595 2925 dolum
613 2894 736 2932 pupillo
759 2900 881 2925 nocere
912 2901 976 2923 non
995 2901 1032 2922 o.

158 2947 298 2980 portere.
321 2938 351 2969 &
368 2935 474 2976 probo
486 2958 496 2974 ,
517 2933 606 2975 quod
621 2934 723 2972 addit,
748 2935 791 2966 ita
806 2932 951 2974 Jusess'e,
966 2932 1030 2964 five

161 2980 315 3013 solvendo
331 2977 377 3010 est
398 2985 509 3014 tutor,
528 2974 592 3007 five
615 2983 679 3006 non
704 2975 758 3006 est.
804 2976 900 3013 Atqui
924 2973 1030 3014 potest

161 3021 299 3063 pupillus
318 3029 358 3051 ex
375 3019 489 3050 tutoris
511 3017 590 3048 dolo
611 3023 813 3054 conventus,
836 3016 889 3050 ubi
906 3015 1029 3047 solven-

162 3063 205 3094 do
231 3062 283 3093 ille
301 3061 364 3099 est,
385 3059 475 3100 quod
498 3057 647 3095 solverit,
670 3058 824 3095 recipere.
865 3056 1031 3096 intelligo:

161 3104 215 3135 sed
230 3103 294 3143 ejus
313 3099 442 3133 interest
456 3123 466 3138 ‚
489 3100 598 3140 potius
614 3107 678 3130 non
695 3097 837 3133 solvere,
860 3106 953 3136 quam
974 3097 1032 3128 sol-

160 3154 254 3181 vere,
279 3143 309 3174 &
330 3142 465 3173 solutum
483 3149 630 3180 repetere
646 3148 652 3170 2
677 3145 807 3179 propter
825 3139 963 3169 rationes
982 3139 1034 3170 ali-

162 3186 192 3218 bi
209 3184 355 3217 adductas
373 3183 392 3213 l.
411 3187 440 3214 6.
457 3182 497 3214 D.
512 3183 545 3213 de
564 3182 695 3213 minorib.
713 3178 750 3214 δ’
768 3179 787 3209 l.
805 3187 856 3218 51.
876 3177 918 3208 D.
936 3180 968 3208 de
986 3187 1034 3219 pe-

160 3227 218 3259 cul.
259 3223 339 3263 Haec
355 3223 542 3264 Papinianus
558 3224 587 3255 d.
608 3223 625 3254 l.
643 3232 674 3263 3.
691 3221 720 3253 h.
738 3227 759 3253 t.
775 3219 796 3252 fi
813 3219 951 3261 pupillus
969 3228 1035 3252 non

962 120 1232 167 NOQDT
1290 121 1498 156 conix.

1048 214 1096 246 est
1115 209 1308 251 locupletior
1333 210 1449 241 tutoris
1472 208 1550 241 dolo
1571 207 1684 242 factus.
1724 211 1788 243 Sed
1805 212 1882 252 quid
1902 213 1925 247 fi

1054 256 1087 287 id
1098 250 1158 283 sit?
1178 253 1240 293 jam
1257 259 1365 293 putat,
1389 251 1513 292 pupillo
1532 260 1652 283 nocere
1669 252 1796 292 dolum;
1817 263 1924 294 eoque

1052 296 1184 328 nomine
1200 303 1272 325 eum
1289 292 1375 324 recte
1389 292 1574 332 conveniri3
1598 302 1753 334 quatenus
1782 295 1926 335 locuple-

1054 339 1117 369 tior
1139 334 1241 366 faetus
1264 333 1317 366 est.
1339 342 1376 364 ac
1399 342 1440 365 ne
1463 332 1603 365 deessent
1627 336 1789 376 exempla,
1822 335 1929 367 adfert

1053 380 1129 410 tria:
1154 377 1292 421 primum
1309 375 1406 414 dicit,
1428 375 1583 415 pupillum
1604 377 1704 407 teneri
1722 377 1848 408 actione
1872 378 1929 408 tri-

1053 421 1198 456 butoria3
1212 415 1249 462 *ii
1265 425 1330 462 *per
1350 416 1490 457 iniquam
1505 439 1515 455 ‚
1546 418 1576 448 id
1594 416 1656 455 est,
1679 418 1757 449 dolo
1781 418 1865 450 malo
1883 418 1929 449 fa·

1055 462 1169 505 Ciam,
1188 457 1442 503 distributionem
1467 456 1568 496 favit,
1598 458 1664 489 hoc
1686 458 1748 498 est,
1781 458 1926 500 profuit,

1055 500 1233 535 rationibus
1251 498 1373 539 pupilli.
1386 499 1520 530 alterurn
1543 499 1726 540 exemplum
1742 500 1835 541 ponit
1851 500 1882 532 in
1898 509 1929 532 a·

1055 544 1161 575 &ione
1176 538 1332 581 depositi,
1354 538 1377 570 fi
1394 548 1442 571 res
1466 539 1607 580 deposita
1632 541 1747 573 tutoris
1773 541 1851 573 dolo
1875 551 1929 582 pe-

1054 584 1163 621 rierit,
1185 579 1372 621 consumpta
1387 580 1477 612 verbi
1494 582 1616 622 gratia3
1638 591 1745 623 eoque
1762 584 1861 615 modo
1879 584 1926 615 lo-

1054 626 1234 666 cupletatus
1252 621 1289 653 sit
1303 621 1452 662 pupillus.
1476 623 1606 654 tertium
1622 624 1804 665 exemplum
1828 623 1874 655 est
1896 625 1929 655 in

1055 666 1215 708 petitione
1239 662 1444 700 hereditatis,
1473 661 1495 693 fi
1518 663 1656 703 pupillus
1680 675 1720 697 ex
1745 665 1927 696 hereditate

1057 712 1151 754 quam
1177 705 1335 752 poffide't,
1359 702 1493 749 *desierit
1514 704 1672 744 possidere
1695 707 1810 739 tutoris
1830 707 1930 744 ‹10103

1056 756 1100 780 ita
1117 755 1151 779 ut
1168 755 1233 786 ejus
1252 744 1428 777 rationibus
1457 744 1532 776 inde
1555 745 1676 778 illatum
1699 747 1852 787 probetur
1877 748 1932 778 ali-

1056 790 1155 830 quid.
1194 786 1355 833 Caeterum
1380 785 1471 826 quod
1495 785 1689 827 Papiniano,
1719 788 1804 819 idem
1830 789 1929 821 visum

1054 831 1116 862 fuit
1133 828 1293 869 Ulplano:
1315 836 1384 859 non
1409 835 1475 858 uno
1497 827 1530 858 in
1554 827 1650 867 loco,
1673 837 1779 870 neque
1803 838 1863 860 una
1882 839 1930 861 ra-

1056 873 1157 904 tione.
1181 870 1282 911 prima
1298 868 1365 909 est,
1388 867 1475 909 quod
1496 877 1562 901 non
1588 870 1710 901 divinat
1739 870 1764 902 is
1782 870 1835 910 qui
1857 879 1931 903 cum

1056 920 1165 944 tutore
1181 910 1346 943 contrahit
1361 909 1382 940 l.
1400 919 1430 948 4.
1446 908 1475 951 §.
1492 918 1540 951 23.
1557 909 1600 942 D.
1615 911 1648 942 de
1662 917 1770 952 except.
1786 911 1839 942 dol.
1860 912 1930 943 mal.

1055 954 1155 1000 altera
1167 952 1234 999 nest,
1255 951 1346 998 quod
1363 950 1452 982 foret
1466 951 1590 992 pupillo
1604 951 1769 992 inutile,fi
1787 960 1932 985 tutorum

1056 993 1286 1027 administratio
1308 1001 1373 1024 non
1398 990 1565 1025 servetur:
1602 994 1732 1026 nemine
1757 993 1879 1026 scilicet
1901 1004 1933 1026 e·

1055 1043 1165 1069 mente
1186 1035 1206 1066 l.
1225 1044 1272 1067 12.
1288 1033 1318 1080 §t
1338 1042 1364 1065 1.
1388 1032 1428 1066 D.
1442 1034 1476 1064 de
1490 1034 1601 1065 admin.
1624 1040 1712 1066 tutor.
1742 1033 1834 1067 Nihil
1856 1045 1934 1076 prae-

1056 1082 1190 1124 terrem
1215 1075 1374 1114 fecerim3
1403 1074 1544 1115 addens,
1564 1074 1793 1117 Papinianum,
1822 1077 1875 1109 ubi
1899 1078 1934 1109 in

1057 1118 1215 1159 pupillum
1233 1118 1287 1163 dat
1301 1115 1483 1154 astionem,
1506 1124 1663 1157 quatenus
1688 1118 1883 1158 locupletior
1895 1118 1934 1151 fit

1058 1161 1137 1191 dolo
1154 1166 1269 1190 tutoris
1283 1156 1406 1195 factus,
1429 1166 1494 1189 nou
1518 1158 1730 1200 distinguere,
1754 1166 1858 1191 utrum
1876 1159 1935 1192 sol-

1056 1201 1164 1247 vendo
1181 1199 1218 1246 sit
1235 1207 1324 1231 tutor
1334 1221 1351 1245 ,Π
1367 1207 1488 1245 aunon
1507 1198 1563 1232 sit:
1585 1201 1680 1241 igitur
1699 1199 1833 1233 voluisse
1848 1210 1864 1232 a
1881 1202 1936 1234 tali

1056 1241 1259 1273 dlstlnfihone
1275 1238 1432 1272 abstineri.
1454 1247 1551 1279 atque
1567 1241 1597 1272 in
1616 1251 1653 1273 ea
1668 1241 1823 1274 sententia
1838 1245 1936 1275 etiarn

1057 1282 1300 1357 suffragatorem
1323 1280 1464 1313 habuiffe
1490 1281 1687 1324 Ulpianum,
1717 1284 1818 1325 liquet
1841 1285 1934 1317 dietis

1073 1333 1150 1356 ocis.

1100 1365 1174 1397 Alio
1191 1371 1296 1396 tamen
1313 1361 1400 1395 iviss‘e
1417 1362 1561 1403 aliquos,
1583 1363 1704 1396 indicat
1730 1364 1883 1406 Ulpianus
1906 1368 1936 1398 d.

1061 1406 1083 1439 l.
1105 1417 1135 1446 4.
1152 1405 1182 1448 §.
1205 1415 1257 1447 23.
1281 1403 1409 1451 fuitque
1433 1413 1475 1436 ex
1497 1404 1543 1435 his
1567 1404 1786 1446 Pomponius,
1817 1407 1936 1439 Aristo·

1062 1457 1135 1480 nem
1155 1453 1313 1488 iequutus.
1336 1453 1381 1477 ait
1408 1452 1496 1476 certe
1514 1445 1534 1476 l.
1555 1454 1581 1476 1.
1604 1447 1631 1477 h.
1649 1452 1670 1478 t.
1695 1447 1739 1479 illi
1764 1447 1861 1480 visum
1883 1448 1937 1480 alf-

1064 1489 1193 1530 quando
1210 1485 1320 1525 fuiffe,
1343 1485 1500 1526 pupillum
1525 1485 1751 1527 possessorem,
1773 1488 1795 1520 si
1819 1490 1862 1520 ob
1887 1498 1936 1520 tu-

1063 1531 1142 1562 toris
1157 1529 1270 1560 dolum
1285 1526 1337 1558 vel
1353 1527 1481 1565 culpam
1498 1526 1739 1566 (put0‚latarn:
1763 1538 1857 1569 quam
1874 1529 1938 1561 sua-

1062 1572 1119 1603 det
1134 1568 1254 1609 adjecta
1270 1568 1392 1600 mentio
1408 1567 1606 1607 jurisjurandi
1623 1568 1654 1599 in
1673 1569 1782 1609 litem)
1798 1579 1847 1602 res
1857 1571 1939 1611 peti-

1063 1619 1093 1644 ta
1110 1610 1231 1643 restitui
1249 1615 1388 1650 nequeat
1401 1630 1411 1646 ‚
1434 1607 1497 1639 esse
1515 1609 1813 1642 condemnandum:
1835 1611 1887 1644 sed
1904 1618 1940 1643 ut

1062 1652 1131 1694 ipse
1148 1658 1325 1692 temperat,
1351 1650 1460 1681 saltem
1485 1650 1518 1681 in
1543 1659 1651 1682 veram
1672 1651 1736 1683 litis
1758 1651 1940 1684 aestimatio-

1063 1703 1161 1740 nem3.
1179 1702 1245 1725 non
1264 1690 1477 1738 quantiat‘hr
1501 1690 1533 1723 in
1558 1691 1649 1724 litem
1670 1693 1810 1733 iuraret:
1842 1694 1873 1725 &
1896 1701 1941 1726 ta·

1063 1745 1138 1768 men
1153 1742 1197 1766 ita
1214 1733 1276 1780 essJe
1294 1732 1463 1774 perhibet,
1493 1731 1516 1764 fi
1542 1742 1610 1765 rem
1631 1742 1648 1765 a
1676 1741 1786 1766 tutore
1814 1734 1940 1767 servare

1064 1776 1159 1818 possit
1183 1775 1332 1821 pupilluq.
1383 1772 1495 1805 Voluit
1517 1774 1631 1815 igitur,
1659 1775 1815 1816 pupillum
1839 1777 1942 1809 teneri

1065 1828 1106 1850 ex
1122 1817 1202 1858 dolo
1226 1824 1360 1854 tutoriS,
1385 1814 1449 1847 sive
1467 1824 1507 1846 eo
1538 1816 1733 1856 locupletior
1757 1816 1860 1850 factus
1885 1817 1941 1857 fit,

1064 1859 1127 1892 sive
1142 1867 1207 1890 non
1224 1857 1277 1890 sit:
1299 1857 1400 1889 modo
1419 1856 1574 1888 solvendo
1592 1856 1628 1888 sit
1646 1864 1752 1897 tutor-3
1776 1859 1815 1890 ab
1834 1868 1943 1899 eoque

1065 1900 1203 1942 solutum
1232 1898 1328 1940 poffit
1349 1898 1468 1938 recipi:
1492 1898 1556 1929 hoc
1580 1898 1651 1939 plus
1675 1899 1800 1939 censet,
1826 1899 1847 1932 si
1874 1910 1942 1933 non

1065 1943 1102 1975 fit
1121 1941 1277 1979 solvendo
1293 1947 1402 1978 tutor3
1423 1938 1529 1971 adhuc
1546 1940 1700 1980 pupillum
1716 1942 1882 1973 conveniri
1901 1951 1943 1974 ex

1066 1983 1144 2015 dolo
1163 1982 1296 2020 tutoris,
1320 1980 1373 2012 sed
1389 1988 1588 2012 conventum
1603 1981 1690 2021 posse
1715 1981 1847 2024 defungi
1871 1992 1944 2014 ces-

1065 2024 1151 2057 fione
1170 2024 1334 2055 aftionum
1349 2030 1425 2062 quas
1450 2021 1548 2053 habet
1564 2029 1678 2054 contra
1693 2030 1845 2055 tutorem.
1888 2024 1942 2055 Sic

1066 2066 1265 2106 Pomponius
1282 2064 1302 2095 l.
1318 2063 1374 2095 ult.
1392 2062 1435 2095 D.
1460 2064 1493 2094 de
1509 2064 1616 2094 admin.
1639 2070 1727 2096 tutor.
1750 2074 1786 2096 ac
1804 2074 1940 2097 vereor-

1067 2117 1108 2139 ne
1125 2116 1190 2139 non
1205 2105 1381 2136 obtinuerit
1399 2105 1467 2145 ejus
1487 2103 1661 2136 sententia:
1683 2105 1822 2138 refutata
1846 2116 1862 2138 a
1884 2090 1943 2138 Pa?

1068 2149 1197 2190 piniano
1221 2148 1240 2179 l.
1258 2156 1288 2187 3.
1305 2146 1333 2178 b.
1351 2151 1373 2177 t.
1405 2154 1466 2177 nec
1489 2145 1592 2177 minus
1622 2145 1761 2187 Ulpiano
1783 2149 1810 2179 d.
1826 2148 1846 2179 l.
1863 2159 1891 2186 4.
1909 2148 1940 2190 §.

1067 2200 1118 2230 23.
1135 2188 1178 2220 D.
1194 2189 1227 2219 de
1239 2192 1346 2228 except.
1363 2186 1417 2218 dol.
1431 2186 1498 2218 mal.
1520 2187 1560 2218 ab
1576 2195 1713 2228 utroque
1730 2189 1873 2222 modeste
1884 2213 1894 2228 ,
1912 2190 1943 2222 δι

1068 2230 1155 2263 testo
1172 2228 1345 2277 Pomponii
1362 2228 1504 2260 nomine.
1527 2229 1593 2260 imo
1612 2227 1768 2271 Ulpianus
1788 2231 1806 2262 l.
1824 2241 1852 2270 «3.
1869 2231 1898 2272 §.
1915 2240 1941 2263 r.

1068 2272 1112 2304 D.
1130 2272 1164 2318 de
1187 2272 1289 2302 trzbut.
1314 2269 1372 2316 oft.
1395 2279 1436 2301 eo
1460 2269 1627 2310 expresso,
1658 2271 1723 2311 pari
1750 2264 1945 2304 verecundia

1069 2322 1147 2360 eam.
1157 2318 1423 2352 interpretatione
1439 2310 1542 2348 lenit;
1566 2320 1639 2344 cum
1657 2312 1758 2353 posset
1781 2314 1941 2354 improba-

1069 2364 1114 2388 re.
1140 2354 1305 2392 intererit,
1337 2353 1402 2385 hoc
1426 2351 1659 2386 demonstrasse.
1701 2353 1848 2395 Species:
1870 2353 1941 2384 Ser-

1071 2404 1130 2428 vus
1149 2395 1262 2441 pupi-lli
1282 2394 1334 2426 vel
1350 2389 1607 2433 furiofi,sciente
1623 2400 1730 2427 tutore
1747 2396 1798 2427 vel
1815 2401 1941 2425 curato=

1070 2446 1105 2470 re
1121 2443 1305 2484 negotiatus
1314 2434 1369 2482 'est
1382 2437 1415 2467 in
1432 2444 1540 2468 merce
1555 2436 1717 2477 peculiari.
1733 2435 1757 2466 is
1772 2434 1879 2466 servus
1895 2433 1942 2466 est

1071 2478 1183 2520 pupilli
1198 2501 1210 2517 ,
1233 2478 1356 2510 domini
1383 2476 1445 2516 sui,
1468 2476 1605 2509 debitor.
1628 2477 1771 2516 quaedam
1788 2484 1942 2516 praeterea

1071 2520 1169 2566 debet
1184 2518 1399 2551 creditoribus
1415 2518 1637 2550 mercium.his
1651 2517 1835 2556 petentibus
1853 2516 1942 2557 quod

1070 2562 1126 2596 fibi
1142 2560 1297 2599 debetur,
1318 2567 1407 2591 tutor
1423 2559 1552 2599 pupilli,
1574 2558 1606 2590 id
1622 2557 1686 2597 est,
1702 2558 1824 2590 domini
1840 2559 1946 2590 nomi-

1069 2611 1130 2642 ne,
1154 2601 1311 2640 sablurus,
1336 2600 1381 2633 uti
1399 2600 1495 2630 moris
1511 2598 1575 2637 est,
1597 2599 1680 2631 inter
1704 2600 1878 2631 creditores
1901 2600 1948 2631 dia

1069 2644 1292 2675 stributionem
1316 2641 1432 2673 mercis
1454 2640 1623 2679 peculiaris
1638 2663 1648 2679 ‚
1688 2640 1719 2672 in
1746 2650 1783 2672 ea
1807 2640 1947 2673 versatus

1069 2684 1115 2716 est
1131 2683 1210 2716 dolo
1227 2683 1323 2714 malo.
1352 2681 1505 2720 quaeritur
1519 2703 1529 2719 ,
1559 2689 1666 2713 utrum
1688 2680 1835 2713 adversus
1860 2689 1946 2713 tuto·

1069 2734 1157 2764 rem,
1187 2734 1227 2755 an
1251 2721 1398 2756 adversus
1418 2722 1594 2762 pupillum,
1618 2730 1785 2763 competat
1808 2723 1946 2754 tributo-

1070 2768 1116 2799 ria
1131 2766 1236 2812 actio,
1259 2764 1461 2805 iniquitatem
1484 2762 1714 2796 distributionis
1730 2766 1947 2796 emendatum.

1071 2809 1115 2855 ait
1130 2806 1306 2847 Ulpianus,
1328 2805 1437 2837 dolum
1462 2806 1592 2845 quidem
1610 2806 1725 2837 tutoris
1749 2806 1801 2837 vel
1825 2801 1950 2836 curato-

1070 2859 1114 2882 ris
1137 2858 1203 2880 non
1231 2849 1350 2880 debere
1376 2846 1501 2886 pupillo
1528 2847 1580 2878 vel
1607 2846 1729 2878 furioso
1753 2856 1891 2879 nocere:
1914 2852 1947 2877 at

1071 2900 1133 2923 nec
1157 2889 1316 2922 lucrosum
1343 2886 1405 2919 effe
1422 2894 1586 2928 oportere.
1611 2888 1640 2920 ἀ
1663 2887 1738 2919 ideo
1753 2887 1870 2926 infert,
1894 2887 1949 2918 ha-

1073 2932 1183 2964 stenus
1200 2939 1273 2962 eum
1295 2939 1336 2961 ex
1352 2929 1430 2960 dolo
1454 2929 1569 2961 tutoris
1592 2928 1759 2960 tributoria
1781 2929 1902 2968 teneri,
1925 2927 1948 2960 si

1073 2974 1150 3012 quid
1166 2972 1205 3004 ad
1221 2980 1295 3003 eum
1314 2971 1507 3011 pervenerit.
1529 2970 1692 3010 injiciebat
1702 2979 1842 3009 moi-arn,
1859 2969 1946 3010 quod

1074 3013 1274 3054 Pomponius
1297 3012 1353 3044 lib.
1371 3015 1400 3045 8.
1430 3010 1643 3051 Epistolaruin
1670 3010 1812 3052 scripsit,
1844 3010 1864 3043 si
1888 3009 1949 3041 sol-

1075 3057 1185 3087 vendo
1202 3062 1290 3086 tutor
1313 3053 1370 3092 fit,
1391 3053 1548 3093 pupillum
1572 3062 1612 3084 ex
1636 3053 1700 3092 eius
1731 3053 1809 3086 dolo
1833 3051 1946 3083 teneri.

1076 3097 1139 3143 Sed
1156 3105 1222 3128 non
1239 3095 1362 3127 idcirco
1386 3093 1496 3126 transit
1513 3095 1543 3125 in
1567 3093 1720 3126 diversam
1744 3101 1864 3134 partein
1888 3090 1947 3123 Ul-

1076 3147 1204 3179 pianus,
1226 3136 1349 3168 deserta
1366 3134 1428 3169 sua.
1452 3135 1574 3167 simulat
1589 3143 1694 3166 tamen
1712 3144 1746 3173 ,a
1762 3134 1947 3174 Pomponio

1078 3179 1198 3211 dictum
1229 3178 1259 3210 iu
1289 3177 1373 3209 suam
1392 3175 1580 3208 sententiam
1598 3176 1840 3217 quodammodo
1865 3175 1947 3206 trahi

1079 3219 1186 3261 poss'e:
1209 3219 1309 3253 modo
1329 3218 1374 3252 ita
1396 3218 1589 3258 accipiatur,
1612 3215 1695 3258 quasi
1715 3216 1874 3255 voluerit,
1891 3224 1949 3255 pu-

1892 3256 1951 3297 pil-
