2052 3487
205 178 271 213 1‘08

209 257 255 294 est
270 286 280 302 ,
308 264 365 293 cui·
385 259 417 291 in
443 252 637 289 mandatai-io
660 251 714 292 qui
737 250 803 291 ejus
830 256 955 281 tantum
977 249 1066 280 vices

208 304 239 335 &
260 310 363 344 partes
384 299 481 331 habet
500 320 509 336 ,
539 294 630 326 aliter
651 300 817 332 receptum
835 290 881 322 fit.
906 290 962 322 nisi
980 291 1068 321 vide-

209 353 260 375 tur
278 339 494 381 Magistratui,
517 336 663 368 mandata
674 331 913 373 jnrisdietione,
933 331 998 362 dari
1019 331 1068 362 via

209 394 269 425 qua
295 381 409 422 Populi
434 377 569 410 Romani
599 376 685 416 leges
709 382 881 414 moresque
910 373 1066 410 invertat,

209 426 239 457 &
260 433 318 465 per
340 423 435 454 alium
460 419 596 459 accipiat
618 417 667 456 jus
686 413 824 446 faciendi
849 414 935 454 quod
962 412 1067 452 perse

206 475 270 497 non
289 462 403 505 potest.
428 461 517 502 quod
533 468 597 490 non
611 465 702 498 puto.
727 456 788 487 Sed
806 464 913 496 operae
931 455 1068 494 pretium

208 507 289 544 erit,
311 503 428 544 singula
445 525 454 540 ,
485 501 558 542 quia
580 501 611 530 in
637 497 768 530 dubium
793 503 970 533 vocantur,
994 504 1067 534 pau-

207 549 240 579 lo
258 546 382 588 plenius
399 552 527 583 exequi.
569 540 729 577 Primum,
754 537 840 579 quod
859 537 899 568 de
918 537 1079 567 tribunali·

206 588 297 625 dixi,
322 586 417 617 video
443 583 569 624 probari
594 581 699 612 verbis
726 580 774 611 his
793 578 961 609 Ciceronis
976 577 1024 607 lib.
1041 586 1065 609 i.

206 629 255 660 De
270 634 380 659 oratore
402 633 463 667 cap.
486 634 531 664 ¹7-
557 623 640 666 Quid
655 622 697 652 bis
717 622 819 661 paucis
835 619 959 650 diebus?
982 617 1069 649 Non·

206 679 242 701 ne
264 670 341 700 nobis
359 669 389 699 in
416 666 555 699 tribunali
583 663 623 707 Q.
651 662 779 703 Pompeji
801 661 938 692 Praetoris
963 661 1071 690 urbani

199 711 363 750 familiaris
388 706 478 749 nostri
490 707 657 747 sedentibus
683 704 761 734 homo
788 712 824 733 ex
846 710 964 732 numero
983 701 1068 740 diser-

206 758 301 783 mrum
315 747 478 792 postulabat
495 772 505 787 ‚
535 753 568 778 uc
588 746 632 777 illi
648 768 658 783 ,
687 745 763 776 uncle
783 748 927 784 peteretur
943 765 953 780 ,
985 748 1069 772 vetus

205 799 292 835 atque
307 791 415 827 ufitczta
438 789 562 829 exceptio
576 788 706 819 daretur.
751 785 869 817 Cicero
892 784 952 822 ait,
977 782 1068 814 Cras-

205 834 272 866 sum
296 831 402 864 sedisse
429 832 460 863 iti
486 828 631 861 tribunali
656 826 770 871 Quinti
795 825 957 866 Pompeii,
988 824 1068 855 Prae·

206 876 284 908 toris
302 873 430 910 urbani,
453 871 484 903 &
508 880 548 902 eo
566 870 698 902 sedente
723 867 785 900 esse
805 866 1012 908 postulatum:
1035 865 1067 897 id

205 916 270 956 est,
294 925 335 947 eo
359 912 578 956 cognoscente
596 920 638 942 ex
654 912 825 947 mandat03
858 916 892 940 ut
910 907 1007 938 visum
1025 907 1068 938 vi-

203 959 245 990 ris
269 957 380 989 doctis.
422 954 554 987 Mentio
575 961 681 984 tamen
707 951 860 983 maiidatae
876 948 1067 995 jurisdititio3

205 999 253 1030 nis
272 1008 312 1030 eo
337 999 368 1029 in
392 997 469 1028 loco
493 995 576 1027 nulla
598 993 659 1026 est:
691 1000 844 1033 praeterea
866 992 914 1031 jus
941 989 1068 1021 sedendi

205 1043 237 1072 in
262 1039 410 1072 tribunali
440 1047 531 1078 aeque
561 1035 624 1067 fuit
647 1033 890 1076 Magistratuum
918 1030 1067 1076 Consilia-

203 1082 275 1119 riis,
306 1090 342 1112 ae
363 1078 577 1112 mandatariis.
605 1076 687 1108 adeo
713 1084 824 1117 pai-um
851 1073 930 1104 facit
956 1073 1069 1110 sedendi

204 1123 338 1154 verbum
358 1131 422 1163 quo
440 1121 559 1153 Cicero
584 1118 694 1150 utitur.
736 1115 804 1149 Nifi
819 1115 918 1156 sedere
943 1115 1070 1145 videtur

204 1164 267 1196 ess'e
297 1164 363 1204 ejus
387 1163 440 1204 qui
463 1160 585 1202 judicio
603 1158 715 1200 praeest
739 1158 759 1190 l.
777 1167 803 1189 2.
834 1156 854 1197 §
884 1164 908 1187 i.
928 1154 1008 1201 &a
1028 1154 1069 1186 D.

202 1207 269 1249 quis
287 1206 353 1237 ordo
370 1207 402 1236 in
410 1200 570 1245 poffeffione
583 1202 734 1238 servatum
757 1207 792 1231 ut
813 1196 987 1243 Consiliarii
1004 1196 1067 1227 affi-

203 1251 302 1286 dere‚
332 1247 384 1278 cui
409 1246 440 1277 δε
464 1243 628 1277 Affefforis
651 1242 725 1274 inde
742 1249 861 1272 nomen
884 1244 934 1269 cot.
953 1243 999 1268 tu.
1024 1237 1065 1268 D.

202 1291 237 1321 de
257 1287 460 1328 Adsefforibus.
504 1285 568 1316 Sed
588 1292 702 1316 contra
725 1282 844 1315 Plinius
866 1280 913 1311 lib.
935 1283 964 1310 6.
988 1277 1066 1320 epist.

202 1340 254 1373 33.
279 1330 443 1366 Sedebant,
475 1326 597 1367 inquit,
622 1325 737 1366 judices
752 1328 864 1354 centum
887 1321 924 1356 δ’
942 1319 1067 1365 mogin-

202 1380 250 1404 ta:
275 1377 316 1403 tot
332 1372 408 1402 enim
425 1374 550 1411 quatuor
565 1366 687 1405 confiliis
705 1366 933 1399 conscribuntur.
975 1361 1005 1393 Si
1024 1370 1067 1392 ta-

201 1422 296 1453 men,
321 1412 408 1452 quod
436 1410 538 1442 sentio
554 1431 563 1447 ,
587 1409 709 1446 dicam3
733 1404 930 1437 verisimilius
950 1402 1014 1442 est,
1039 1412 1067 1434 a·

202 1455 269 1496 pud
288 1453 483 1485 Ciceronem
507 1450 655 1482 Praetoris
683 1447 793 1479 urbani
821 1445 1068 1483 mandatarium,

203 1505 297 1537 quam
317 1492 504 1525 Ass'ess'orem
520 1514 529 1530 ‚
553 1490 723 1530 indigitari.
765 1487 968 1530 Quamquam
985 1509 995 1525 ,
1028 1495 1068 1517 ne

203 1536 359 1577 ambiguis
390 1541 459 1565 utar
478 1556 488 1571 ‚
530 1530 595 1573 ipse
615 1530 742 1562 Livium
765 1528 920 1560 adferam.
964 1527 1070 1558 Verba

204 1578 289 1609 Livii
320 1577 368 1607 lib.
398 1585 423 1606 1.
453 1585 468 1604 c
503 1582 553 1613 41.
599 1571 792 1612 Tarquinium
823 1571 938 1601 interim
969 1569 1069 1599 Servio

206 1619 301 1651 Tullio
318 1618 418 1658 jubere
437 1616 575 1656 populum
603 1613 677 1644 dicto
705 1614 869 1644 audientem
898 1609 975 1651 effe:
1005 1619 1070 1640 eum

196 1663 271 1704 jura
298 1659 476 1690 redditurum
494 1679 505 1695 ,
539 1656 737 1695 obiturumque
768 1653 826 1684 alia
853 1655 927 1693 regis
957 1652 1067 1682 mimia.

203 1702 326 1734 Servius
343 1709 409 1731 cum
425 1699 524 1730 trabea
541 1696 577 1731 ὅ)
592 1695 741 1728 littoribus
754 1694 870 1735 prodit,
900 1693 1010 1731 aeplede
1025 1701 1067 1722 re·

200 1746 254 1786 gia
262 1743 365 1783 sedens
379 1740 440 1772 alia
456 1739 580 1770 decernit
592 1761 601 1777 ,
624 1739 656 1768 cie
678 1738 745 1767 ciliis
760 1736 957 1770 consulturum
969 1735 1003 1774 se
1024 1741 1066 1764 re·

200 1782 406 1827 gemfimulat.
450 1779 560 1812 Livius
587 1778 722 1810 exhibet
747 1776 885 1817 speciem
911 1775 1067 1807 niaridatae

199 1823 427 1868 jurisdictionis
440 1845 449 1861 ,
472 1821 602 1861 eiusque
621 1818 770 1859 insignia,
800 1818 832 1848 iii
851 1818 898 1848 liis
919 1815 1067 1854 lictores,

203 1868 343 1900 trabeam
359 1888 370 1904 ,
401 1863 432 1896 &
448 1862 552 1894 sedem
570 1861 707 1902 regiam:
736 1859 769 1890 id
787 1858 852 1897 est,
877 1864 910 1888 ut
929 1856 1004 1888 mihi
1025 1857 1067 1887 vi-

204 1910 323 1947 detur,
355 1904 489 1938 tribunal
521 1912 594 1934 cum
619 1900 691 1933 sella
721 1900 847 1937 cui-uli;
881 1908 952 1930 nam
986 1898 1069 1929 hanc

202 1949 308 1982 sellam
327 1949 355 1979 &
375 1947 528 1988 pleraque
551 1944 668 1975 decora
685 1950 782 1981 atque
805 1940 933 1981 insignia
953 1940 1069 1980 quibus

205 1990 329 2032 imperii
347 1988 481 2031 dignitas
500 1987 639 2025 eminet,
664 1993 682 2015 a
699 1982 814 2015 Tuscis
834 1986 872 2014 ad
889 1980 993 2023 Reges
1005 1980 1068 2011 Ro-

916 2101 1157 2140 CAPUT

808 161 1112 197 Gananni

1580 151 1594 166 ὑ

1161 150 1392 197 Noun-1·

1109 258 1242 288 manos,
1264 258 1281 280 a
1305 248 1445 292 Regibus
1468 248 1509 281 ad
1526 246 1681 283 Consules
1697 271 1707 289 ‚
1738 257 1755 282 a
1779 247 1968 285 Consulibus

1110 291 1148 321 ad
1177 290 1332 322 Praetores
1346 314 1357 331 ‚
1388 290 1533 323 transsata
1555 291 1617 323 ess'e
1633 315 1643 330 ,
1675 300 1754 332 pnto
1771 315 1781 331 ‚
1814 302 1854 325 ex
1875 293 1969 325 Floro

1111 329 1187 362 disci
1210 330 1258 362 lib.
1280 340 1307 363 1.
1331 342 1356 364 c.
1373 343 1403 373 5.
1427 333 1516 374 quod
1540 342 1646 371 autem
1671 333 1710 364 ad
1736 334 1872 365 tribunal
1899 336 1970 367 atti-

1111 381 1167 404 net
1183 396 1193 411 ,
1218 373 1337 405 clarum
1361 372 1405 405 est
1423 373 1638 406 testimonium
1662 375 1807 416 Dionysii
1831 375 1971 407 Halicar-

1111 412 1205 444 naffei
1238 414 1284 462 lib.
1312 424 1340 446 2.
1373 425 1397 461 ⁶:
1420 424 1449 452 ιι.
1482 415 1525 446 ita
1551 417 1591 447 de
1617 415 1756 447 Romulo
1781 416 1944 449 scribentis
1961 441 1972 457 ,

1112 454 1215 498 Quum
1232 456 1359 495 videret,
1383 456 1476 496 ipsum
1499 462 1605 488 metum
1629 458 1755 488 homines
1777 459 1812 489 ab
1834 459 1908 489 omni
1924 459 1972 496 fa-

1111 500 1205 527 cinore
1225 498 1363 527 deterrere
1387 497 1512 528 maxime
1523 498 1598 538 poffe
1613 521 1623 537 ,
1653 499 1745 530 multa
1767 500 1805 530 ad
1828 509 1887 530 rem
1909 509 1971 531 eum

1105 538 1247 584 paravit,
1273 536 1309 572 ὅ)
1326 539 1477 577 tribunal,
1500 540 1549 570 ubi
1557 540 1660 579 sedens
1671 540 1826 581 judicabat
1841 563 1850 578 ,
1881 541 1912 571 in
1921 541 1971 580 fo-

1111 588 1138 609 η
1156 578 1213 609 loco
1227 580 1350 610 maxime
1366 580 1521 620 conspicuo.
1562 579 1629 620 Jam
1653 581 1705 612 ubi
1730 581 1843 612 Macer
1859 580 1927 612 infit
1950 582 1970 613 l.

1110 630 1140 667 45
1161 626 1205 666 pr.
1218 619 1268 666 λξᾷ)
1295 629 1320 651 ι.
1346 619 1387 650 D.
1409 622 1442 666 cie
1458 619 1548 661 officio
1564 623 1626 664 ejus
1653 623 1702 653 cui
1717 625 1856 654 mandata
1871 620 1908 661 esl
1920 623 1972 663 ju·

1110 659 1237 708 risdzeiw
1254 682 1263 699 ,
1296 659 1425 700 suspecti
1451 663 1566 694 tutoris
1598 663 1832 695 accusationem
1850 687 1859 703 ,
1894 664 1972 695 item

1107 711 1155 742 jus
1175 701 1370 741 possessionis
1395 703 1504 734 dandae
1524 726 1534 742 ,
1565 704 1594 735 &
1619 704 1641 735 fi
1665 705 1715 735 cui
1733 705 1839 736 damni
1862 704 1973 737 insecti

1111 753 1176 789 non
1192 752 1361 789 caveatur.
1377 752 1419 788 *ut
1436 745 1460 775 is
1477 744 1633 784 posfidere
1646 746 1795 786 jubeatur
1811 769 1821 784 ‚
1846 749 1973 777 marida-

1111 794 1134 815 ri
1155 784 1264 825 posse-:3
1288 793 1438 825 equloem
1461 784 1572 816 frustra
1591 785 1644 818 sim
1660 805 1670 825 5
1703 786 1756 818 nisi
1776 788 1972 819 mandatario

1110 824 1200 857 simul
1231 826 1367 857 tribunal
1407 826 1563 858 indulsisse
1596 828 1783 859 existimem.
1834 828 1974 861 Primum

1111 868 1199 907 quod
1224 867 1264 898 ad
1291 866 1420 907 suspecti
1448 869 1563 899 tutoris
1582 868 1816 901 accusationem
1840 871 1974 909 attinet,

1110 916 1197 939 certa
1215 918 1263 940 res
1281 908 1343 939 est:
1366 910 1439 948 quia
1458 908 1640 942 Marcianus
1665 911 1765 942 refert
1786 912 1804 943 l.
1828 921 1851 942 i.
1876 911 1903 952 §.
1928 920 1973 943 11.

1112 949 1153 980 D.
1180 950 1229 980 Ad
1254 949 1540 994 senatusconsultum
1561 951 1788 992 Turpilianum,
1820 961 1889 983 eain
1914 962 1974 993 pro

1112 990 1259 1036 tribu—nali
1278 998 1399 1021 tanturn
1417 992 1608 1031 examinari,
1633 1003 1736 1033 neque
1753 994 1864 1032 alium,
1880 1002 1974 1033 quam

1112 1032 1279 1064 Praesidem
1298 1056 1306 1068 ‚
1336 1032 1368 1062 id
1383 1031 1438 1077 *est
1458 1055 1467 1070 ,
1498 1042 1571 1064 eum
1594 1043 1646 1074 qui
1676 1035 1821 1066 tribunali
1847 1035 1975 1074 praeest,

1113 1073 1152 1104 de
1176 1082 1213 1104 ea
1239 1080 1445 1112 pronuntiare
1469 1073 1568 1113 posse.
1612 1075 1777 1107 Praesidein
1804 1077 1887 1107 enim
1917 1086 1976 1116 op-

1112 1114 1203 1154 ponit
1233 1113 1471 1155 Magistratibus
1507 1117 1748 1156 municipalibus
1781 1117 1895 1157 quibus
1922 1119 1976 1147 tri-

1112 1156 1206 1187 bunal
1224 1165 1288 1186 non
1307 1154 1389 1193 fuit3
1413 1157 1614 1188 mandatariis
1634 1165 1740 1188 autem
1756 1160 1855 1189 totius
1877 1158 1976 1190 officii

1108 1197 1317 1237 jurisdicundi
1338 1205 1410 1227 euni
1433 1206 1497 1228 non
1515 1198 1654 1238 opponit
1674 1208 1681 1229 :
1713 1199 1759 1230 uti
1785 1209 1916 1240 apparet
1934 1209 1976 1231 ex

1110 1240 1129 1269 ι.
1159 1247 1183 1269 1.
1207 1238 1234 1279 §.
1256 1247 1285 1278 4.
1313 1237 1354 1269 D.
1382 1239 1415 1268 de
1437 1238 1574 1280 suspebiis
1600 1240 1743 1274 tutoribus
1761 1263 1770 1279 ‚
1803 1242 1833 1272 ἀ
1856 1243 1883 1272 τι.
1908 1242 1927 1273 l.
1943 1251 1972 1280 4.

1106 1286 1154 1320 pr.
1179 1279 1215 1314 δ’
1239 1279 1268 1321 §.
1290 1288 1314 1311 i.
1351 1279 1452 1311 Porro
1474 1280 1561 1320 quod
1579 1281 1617 1312 ad
1635 1281 1796 1313 bonorum
1815 1282 1974 1322 posscssio-

1111 1329 1182 1352 neiii
1201 1324 1316 1352 attinet
1334 1343 1343 1358 ,
1371 1330 1462 1361 aeque
1481 1329 1591 1360 aperte
1615 1323 1660 1353 ait
1679 1320 1832 1363 Ulpianus
1853 1324 1871 1355 l.
1892 1334 1919 1365 3.
1944 1324 1973 1365 ἓ.

1111 1367 1140 1397 8.
1166 1362 1207 1394 D.
1239 1363 1271 1392 a'e
1294 1363 1389 1393 bonor.
1409 1361 1517 1403 poffl’ff.
1547 1362 1567 1394 fi
1590 1362 1680 1395 causa
1705 1365 1835 1405 cognita
1863 1366 1975 1403 detur,

1111 1414 1175 1436 non
1200 1403 1273 1449 alibi
1301 1404 1393 1442 dari,
1425 1412 1519 1444 quam
1541 1413 1600 1445 pro
1620 1405 1786 1438 tribunali:
1816 1407 1846 1438 &
1863 1406 1975 1447 praefa-

1112 1454 1176 1484 tur,
1205 1454 1277 1486 quia
1303 1453 1407 1486 neque
1431 1445 1598 1477 decretum
1616 1446 1655 1477 de
1675 1447 1770 1487 piano
1793 1448 1975 1488 interponi3

1111 1496 1217 1528 neque
1242 1485 1332 1517 causa
1357 1487 1488 1528 cognita
1510 1487 1672 1519 bonorum
1700 1487 1846 1528 poffeffio
1879 1489 1975 1527 alibi,

1113 1537 1206 1569 quam
1230 1537 1288 1567 pro
1316 1527 1494 1565 tribunali,
1528 1529 1594 1560 dari
1617 1528 1733 1569 potest.
1776 1529 1839 1561 Sed
1869 1539 1975 1569 neque

1113 1572 1153 1601 de
1172 1569 1314 1601 missione
1338 1570 1370 1600 in
1393 1568 1615 1609 poffeffionem
1634 1579 1675 1600 ex
1696 1569 1786 1601 causa
1807 1572 1912 1602 damni
1931 1573 1976 1602 in-

1111 1611 1187 1642 festi
1205 1634 1214 1649 ‚
1245 1609 1417 1651 praesertim
1447 1609 1468 1641 fi
1496 1621 1537 1642 ex
1564 1610 1706 1642 secundo
1741 1612 1874 1643 deci-eto
1897 1612 1974 1651 fiat,

1111 1653 1247 1683 dubitari
1266 1650 1389 1692 potest:
1421 1650 1575 1684 desiderat
1591 1654 1676 1683 enim
1698 1652 1797 1684 causae
1813 1654 1976 1693 cognitio-

1110 1702 1183 1725 nem
1206 1693 1226 1724 l.
1244 1703 1274 1732 4.
1297 1692 1324 1734 §.
1343 1702 1374 1733 3.
1393 1692 1430 1727 δ”
1447 1702 1477 1731 4.
1503 1693 1546 1725 D.
1569 1694 1602 1724 de
1625 1694 1728 1725 damno
1754 1694 1880 1733 infeR03
1906 1695 1974 1725 ubi-

1110 1743 1249 1774 cumque
1276 1742 1382 1765 autem
1408 1733 1505 1764 causae
1522 1734 1668 1775 cognitio
1692 1735 1842 1773 vertitur,
1865 1745 1923 1776 pei·
1940 1737 1976 1767 li-

1110 1776 1229 1807 bellum
1248 1799 1258 1814 ,
1290 1775 1322 1806 id
1346 1773 1390 1806 est
1407 1797 1417 1813 ,
1449 1776 1489 1806 de
1507 1776 1625 1816 plano,
1657 1774 1711 1806 seu
1726 1775 1789 1807 fine
1806 1775 1975 1816 tribunali,

1111 1826 1160 1848 res
1176 1816 1322 1857 expediri
1346 1825 1410 1846 non
1428 1816 1533 1856 potest
1555 1816 1575 1847 l.
1595 1827 1624 1852 9-
1651 1815 1679 1857 ξ,
1704 1825 1729 1848 1.
1753 1817 1786 1847 de
1802 1815 1892 1857 officio
1904 1818 1975 1849 Pro-

1111 1858 1232 1895 consulis
1255 1856 1292 1891 ἐξ
1309 1856 1426 1897 Legati.
1471 1857 1570 1898 Igitur
1593 1866 1704 1889 verum
1727 1857 1791 1897 est,
1815 1859 1976 1890 mandata-

1112 1899 1212 1938 rium,
1235 1897 1256 1929 si
1279 1907 1349 1939 quae
1369 1907 1428 1938 pro
1446 1899 1593 1930 tribunali
1612 1898 1868 1941 cognoscuntur,
1891 1909 1976 1934 nian-

1112 1941 1183 1972 data
1202 1939 1320 1979 essent,
1346 1939 1495 1972 tribunali
1513 1940 1600 1973 usum
1619 1939 1720 1973 fuisse.

1215 2096 1260 2138 X.

206 2214 517 2262 Mandarai-inflasti}
532 2194 710 2261 potestatum
727 2209 848 2256 Confilii
865 2210 1034 2245 exercendi.
1089 2207 1241 2256 Ulpianus
1262 2207 1436 2243 emendatus
1460 2198 1502 2248 E?
1518 2207 1692 2257 illustratus
1713 2208 1735 2245 l.
1754 2218 1787 2245 2.
1813 2205 1858 2244 D.
1876 2206 1911 2243 de
1926 2205 1975 2253 of·

271 2265 344 2312 ficio
363 2266 427 2311 ejus
445 2266 493 2299 cui
510 2265 656 2309 inundata
680 2261 723 2309 est
734 2260 929 2307 jurisdic‘ii‘o,
954 2257 995 2298 &²
1021 2260 1041 2293 l.
1059 2267 1117 2302 42.
1136 2258 1180 2294 D.
1199 2258 1232 2293 de
1249 2258 1407 2293 verborum
1415 2256 1657 2304 significatione.
1902 2268 1907 2270 ’

271 2370 407 2402 ddamne
427 2393 437 2408 ,
469 2369 500 2400 &
521 2367 694 2400 Consilium
712 2364 912 2398 exercuisse?
936 2364 1070 2396 addam:

292 2421 352 2449 ne,
385 2410 406 2442 si
431 2411 462 2442 id
487 2420 620 2450 negem,
643 2408 732 2440 simul
753 2417 887 2448 negem,
920 2416 993 2438 eum
1012 2416 1070 2446 pro

207 2453 353 2484 tribunali
377 2452 579 2494 cognovisse:
610 2451 673 2482 hoc
693 2450 777 2481 enim
799 2449 849 2479 vel
869 2448 1070 2489 Magistratui

207 2495 260 2534 qui
283 2494 532 2533 jurisdictionem
557 2493 686 2524 mandat
705 2514 714 2529 ‚
745 2490 808 2522 fine
824 2489 965 2521 Consilio
983 2489 1070 2521 nefas

205 2534 287 2573 esse,
317 2534 439 2566 ostendi
466 2535 536 2565 libro
563 2544 587 2565 1.
618 2534 710 2573 capite
737 2540 786 2563 ιι.
819 2540 851 2562 at
879 2530 897 2562 si
924 2531 967 2562 illi
993 2531 1071 2561 veti-

205 2584 299 2607 tum:
333 2575 465 2615 quaeso‚
497 2576 550 2616 qui
587 2574 692 2615 potest
723 2573 819 2605 licei-e
849 2572 1069 2610 mandatario,

205 2625 329 2649 tantum
349 2624 454 2657 partes
473 2618 625 2656 vicesque
643 2616 707 2656 ejus
730 2614 916 2645 sustinenti?
941 2622 974 2644 ut
999 2623 1070 2654 pro-

204 2659 278 2690 bavi
297 2660 389 2695 capue
410 2667 435 2689 1.
459 2658 544 2697 hujus
563 2658 637 2688 libri.
682 2655 835 2696 Ulpianus
853 2664 957 2686 tamen
981 2654 1070 2686 testa-

205 2707 257 2731 tui·
275 2719 285 2740 9
316 2698 465 2730 Mundam
486 2698 686 2740 jurisdictione
704 2708 722 2729 a
743 2695 863 2734 Prcafide
882 2721 891 2734 ‚
922 2695 1069 2731 confilium

204 2751 263 2772 uon
281 2740 355 2782 poffe
373 2749 500 2771 exercere
521 2749 585 2770 euin
599 2763 608 2778 ‚
641 2740 688 2770 cui
705 2740 862 2769 mundatur
883 2738 901 2769 l.
920 2747 947 2769 2.
973 2737 1014 2769 D.
1036 2739 1069 2768 de

202 2781 293 2823 officio
317 2783 380 2823 ejus
403 2783 449 2812 cui
471 2784 610 2812 mundata
635 2779 672 2819 eft
695 2780 872 2822 jurisdibm.
917 2779 978 2810 Sed
1003 2788 1068 2811 non

202 2824 246 2855 fic
268 2823 473 2864 accipiendus
495 2821 675 2862 Ulpianum
701 2820 783 2861 qnasi
809 2821 991 2862 simpliciter
1015 2831 1067 2852 iie-

203 2872 274 2907 get,
291 2864 436 2895 mandata
453 2873 468 2894 a
487 2863 619 2894 Praesitie
635 2862 870 2901 jurisdictione,
896 2861 1067 2893 Consilium

203 2917 220 2937 a
250 2905 447 2938 mandatario
471 2905 615 2935 exerceri
641 2902 747 2942 posse:
771 2903 821 2943 (id
850 2905 934 2934 enini
959 2913 1067 2943 quam-

203 2957 298 2985 quam
318 2947 453 2978 latitudo
470 2946 557 2976 verbi
585 2945 718 2986 patitur,
742 2951 847 2974 tamen
873 2945 902 2974 dc
921 2947 1001 2975 ratio
1021 2955 1068 2975 re·

201 2989 305 3025 fellit,
318 2989 348 3020 &
364 2987 498 3027 veritas)
514 2986 564 3018 sed
581 2984 664 3027 quasi
680 2984 852 3025 significet,
863 2987 1008 3017 mandata
1022 2987 1066 3026 ju-

202 3031 386 3062 risdictione
412 3039 428 3060 a
453 3028 586 3062 Praeside
606 3050 615 3066 ‚
648 3027 876 3057 mandatarium
905 3036 970 3059 non
989 3027 1064 3058 sein-

202 3080 276 3109 per,
304 3080 408 3111 neque
425 3078 594 3110 perseque,
617 3067 669 3100 ubi
692 3066 807 3099 Praeses
832 3067 954 3106 potest,
979 3068 1066 3108 poss'e

203 3111 375 3143 Consilium
396 3120 568 3143 exercere:
593 3108 685 3152 plane
704 3108 792 3140 simili
818 3109 984 3140 locutione
1007 3119 1066 3149 qua

202 3152 287 3183 idem
313 3152 466 3192 Ulpianus
491 3153 508 3183 l,
529 3163 578 3191 42.
611 3152 652 3183 D.
685 3152 718 3180 (ie
748 3151 899 3180 verborum
915 3147 1066 3190 siguifica-

203 3195 296 3231 zione,
320 3193 485 3233 postquam
504 3194 605 3234 dixit,
628 3193 752 3225 Furtum
770 3191 806 3224 δέ)
820 3190 995 3221 adulterium
1013 3201 1065 3222 na-

201 3240 271 3264 tura
293 3240 377 3273 turpe
392 3234 459 3273 effe:
485 3237 515 3265 id
542 3236 606 3274 est,
632 3235 753 3272 semper
773 3241 865 3271 turpe
883 3231 963 3269 esl'e;
993 3234 1065 3271 quia

201 3274 289 3307 furto
317 3274 347 3306 δι
369 3276 526 3307 adulterio
555 3276 677 3317 semper
701 3274 779 3306 inest
804 3274 895 3305 dolus
912 3297 922 3312 ,
955 3282 1064 3306 natura

1115 2363 1216 2404 turpis
1233 2369 1329 2403 atque
1350 2360 1494 2394 infamis:
1527 2362 1644 2395 deinde
1669 2363 1712 2395 ita
1736 2361 1864 2401 sci-ibit,
1889 2360 1975 2392 Tute-

1113 2403 1146 2436 loe
1162 2405 1315 2443 damnari,
1338 2404 1388 2434 hoc
1404 2413 1460 2435 uon
1478 2414 1587 2436 natura
1597 2407 1733 2445 probrum
1751 2403 1807 2445 est:
1833 2413 1884 2435 nec
1899 2405 1974 2433 enini

1113 2452 1223 2477 natura
1236 2446 1370 2486 probrum
1392 2443 1431 2485 est
1445 2469 1455 2485 ‚
1486 2450 1560 2487 quud
1576 2445 1663 2487 potest
1684 2447 1770 2477 eciam
1786 2446 1818 2476 in
1834 2445 1975 2476 hominem

1113 2489 1243 2518 idoneum
1274 2487 1406 2518 incidere.
1449 2486 1496 2518 lta
1524 2489 1609 2519 enim
1640 2487 1809 2528 legendum
1827 2510 1837 2525 ‚
1867 2486 1975 2525 ejectis

1113 2529 1221 2560 verbis
1233 2552 1242 2567 ‚
1264 2528 1310 2563 sed
1327 2537 1401 2558 more
1417 2529 1564 2560 civitatis:
1585 2538 1656 2567 qua:
1674 2538 1738 2560 non
1757 2527 1906 2568 Ulpiani,
1923 2527 1976 2558 led

1113 2569 1199 2602 scioli
1218 2568 1298 2607 effe,
1314 2570 1375 2609 jam
1391 2569 1556 2601 observavi
1574 2569 1643 2600 libro
1658 2579 1682 2601 i.
1701 2570 1896 2600 Probabiiium
1912 2567 1975 2608 Ju-

1112 2613 1151 2642 rz's
1167 2613 1256 2651 capue
1274 2611 1328 2641 ult.
1341 2611 1444 2642 sensus
1463 2618 1587 2642 autem:
1604 2607 1732 2642 Tuteiae
1752 2610 1891 2641 damnari
1908 2619 1974 2640 non

1113 2653 1234 2694 semper
1253 2661 1356 2692 neque
1376 2661 1522 2692 peraeque
1534 2661 1645 2683 natura
1657 2652 1809 2691 probrum
1828 2650 1889 2681 est:
1902 2650 1974 2690 quia

1112 2702 1201 2725 tutor
1210 2703 1275 2725 non
1294 2701 1417 2724 tantum
1435 2694 1477 2724 ob
1496 2694 1606 2724 dolum
1618 2693 1672 2733 qui
1691 2701 1801 2724 natura
1818 2691 1975 2732 probrum

1112 2736 1157 2767 est
1174 2759 1183 2773 ,
1215 2737 1407 2773 damnatur3
1437 2733 1487 2766 sed
1513 2735 1608 2765 etiam
1633 2733 1678 2765 ob
1703 2734 1796 2765 latam
1815 2734 1844 2764 ἃ
1867 2732 1973 2763 levem

1112 2777 1237 2817 culpam
1261 2786 1331 2817 quae
1358 2785 1466 2807 natura
1489 2776 1640 2816 probi-uin
1668 2785 1732 2807 non
1751 2772 1818 2806 est:
1852 2775 1973 2814 quippe

1113 2828 1185 2849 cum
1211 2828 1301 2849 error
1321 2817 1357 2848 sit
1374 2840 1382 2855 ,
1415 2826 1480 2848 non
1499 2816 1598 2848 scelus
1617 2828 1627 2856 3
1660 2817 1689 2848 &
1714 2815 1808 2848 cadat
1830 2817 1924 2846 etiam
1942 2816 1973 2845 in

1112 2859 1278 2890 hominem
1296 2859 1468 2890 idoneum:
1492 2859 1523 2890 id
1542 2858 1587 2889 est
1604 2882 1613 2897 ,
1637 2859 1668 2890 in
1687 2860 1789 2889 virum
1803 2858 1924 2888 bonum
1943 2856 1974 2887 δε

1110 2901 1283 2941 integrum.
1325 2899 1350 2930 Is
1372 2898 1500 2939 Ulpiani
1519 2899 1620 2931 sensus
1640 2901 1669 2931 in
1689 2901 1716 2930 d.
1736 2900 1754 2930 l.
1765 2909 1814 2938 42·
1831 2907 1892 2929 nec
1907 2898 1973 2935 est,

1111 2942 1230 2980 opinor
1249 2965 1258 2980 ‚
1286 2941 1363 2972 alius
1382 2941 1412 2971 in
1432 2942 1461 2972 d.
1486 2942 1504 2972 l.
1524 2951 1549 2972 2.
1576 2951 1639 2972 non
1665 2942 1749 2972 enim
1768 2941 1799 2971 in
1823 2939 1882 2970 hac
1905 2938 1974 2969 vult

1111 2983 1266 3024 Ulpianus
1282 3005 1293 3021 ,
1324 2991 1397 3013 eum
1417 2982 1472 3013 -cui
1498 2992 1514 3013 a
1536 2983 1670 3014 Praeside
1696 2982 1841 3014 mandata
1867 2978 1912 3010 est
1927 2979 1975 3018 ju-

1109 3024 1248 3057 risdictio
1265 3047 1274 3063 ,
1306 3032 1477 3063 numquam
1496 3023 1583 3064 posse
1608 3023 1782 3055 Consilium
1799 3030 1973 3051 exercere:

1109 3066 1161 3097 sed
1181 3066 1267 3103 vult,
1292 3075 1364 3097 eum
1380 3074 1444 3096 iion
1462 3066 1584 3105 semper
1601 3074 1705 3105 neque
1724 3071 1872 3103 peraeque
1887 3085 1896 3100 ,
1920 3062 1973 3092 ubi

1109 3106 1224 3139 Pi'aeses
1243 3107 1368 3147 potest,
1392 3106 1564 3138 Consilium
1584 3114 1735 3137 exercere
1754 3103 1850 3144 posse.
1876 3103 1973 3142 idque

1111 3149 1300 3180 verissimum
1321 3147 1364 3178 est
1382 3158 1391 3185 3
1423 3148 1454 3179 &
1475 3147 1668 3180 demonstrat
1690 3144 1847 3184 Ulpianus
1866 3153 1973 3174 exem-

1109 3191 1163 3229 plo
1186 3190 1213 3231 §.
1237 3200 1263 3221 1.
1288 3189 1429 3230 ejusdem
1450 3190 1538 3221 loci:
1570 3189 1658 3229 cnjus
1687 3187 1783 3217 verba
1807 3186 1890 3224 apud
1912 3183 1975 3215 Ha-

1108 3231 1273 3263 loandrum
1301 3231 1373 3261 talia
1398 3233 1478 3262 sunt.
1522 3230 1565 3261 Ei
1581 3228 1608 3267 fi
1635 3235 1740 3260 tutores
1757 3227 1803 3259 vel
1830 3231 1975 3258 curatores

1106 3274 1198 3304 velint
1215 3274 1325 3314 praedici
1343 3273 1481 3312 vendere,
1506 3270 1592 3311 causa
1615 3270 1730 3312 cognita
1746 3270 1776 3302 id
1802 3266 1975 3339 Proetorpvei

1929 3317 1978 3338 rte-
