2052 3487
489 148 807 184 Pnonimtrun
854 142 986 194 Junrs
1037 144 1215 182 Crvrtrs
1265 146 1354 185 [ΑΒ.
1394 147 1467 185 IV.

83 241 183 280 reim,
206 245 259 272 aut
278 238 320 270 ita
339 237 456 279 scripsit
473 236 584 277 Gajus.

123 284 178 313 Seri
189 281 218 320 fi
239 282 303 312 cnm
318 281 449 311 debitori}
465 284 652 319 procuratore
667 278 823 316 convenit,
848 277 943 308 dicen-

140 326 210 356 dum
226 321 283 363 est,
304 323 335 353 id
353 321 469 352 debitori
480 326 532 361 per
548 321 606 352 doti
625 320 816 359 exceptionem
827 322 942 359 prodes·

148 367 174 396 ‘e
199 364 261 398 &a

79 377 175 439 Haiic
192 407 345 446 optimam
369 402 439 443 Gaji
456 402 641 444 scripturam
659 400 761 434 Vetus
783 402 941 442 interpres

80 449 215 488 aliquis,
239 445 364 487 adjectis
388 445 455 483 his,
477 445 527 476 Ne
541 444 582 483 fit
598 454 640 475 res
663 445 807 484 obligato,
833 453 939 475 corru-

78 492 146 530 pit,
171 488 247 520 &in
268 486 426 528 pessimam
454 485 640 517 sententiam
668 484 817 516 detorsit:
850 485 939 526 quod

78 539 146 562 non
177 529 398 570 perspiceret,
433 529 702 568 quemadmodum
735 526 874 558 debitori
897 537 938 558 ex

78 571 174 612 patto
198 571 414 612 procuratoris
438 578 491 600 aut
514 571 591 601 servi
619 573 658 600 de
682 569 849 599 alienando
873 569 937 610 pig-

78 622 178 651 nore,
201 621 242 643 eo
262 610 413 648 vendito,
437 612 563 642 diii-etur
581 610 734 650 exceptio
758 610 838 648 pacti
863 619 940 641 con-

78 654 188 692 venti,
219 660 272 683 aut
287 652 352 684 doli
371 653 462 683 mali:
486 662 559 683 cum
577 661 699 684 certum
724 650 821 689 esset,
845 652 942 682 actio-

79 704 153 726 nem
190 693 272 734 quasi
309 693 491 726 Servianam
507 718 516 733 ,
558 693 610 725 seu
648 694 667 724 h
695 693 914 734 pothecariam
930 716 940 732 ,

79 737 153 777 quia
174 736 204 766 in
224 744 290 766 rem
310 734 372 774 est,
399 737 592 777 liypothecae
615 745 658 776 po
682 733 841 773 =ess'orem,
876 744 940 766 non

78 777 231 808 debitoris
256 775 418 815 personam
449 776 546 817 sequi.
581 777 714 818 perinde
750 777 872 817 igitur,
904 784 941 807 ac

78 820 99 851 fi
123 819 232 850 lacuna
253 817 330 849 esset
354 828 395 849 eo
421 819 450 850 in
475 820 550 849 loco
567 842 577 857 ‚
608 827 662 849 aut
689 825 776 849 certe
802 817 888 849 aliud
911 826 940 848 e-

77 860 166 902 gisset
182 859 280 900 Gajus
295 883 305 899 ,
329 869 421 900 quam
439 860 535 891 verba
560 860 679 892 vellent
696 882 707 898 ,
735 858 787 890 vel
813 868 871 900 pro
898 859 939 890 in-

80 903 311 942 terpretatione
336 902 425 933 verbi
447 903 581 933 con-venit
597 925 608 941 ,
640 902 692 933 vel
715 909 774 941 pro
798 900 881 931 varia
899 900 942 931 le-

79 943 204 981 ctione,
230 944 269 974 ad
292 944 465 984 marginem
486 943 603 984 adjecit
624 943 722 974 verba
736 943 789 974 illa
808 965 817 980 ‚
848 950 883 972 ne
898 939 942 979 stt

78 995 122 1016 res
144 986 277 1026 obligata.
301 985 417 1016 deinde
442 984 537 1020 alius,
570 994 660 1025 aeque
683 983 867 1024 intelligens
886 982 940 1014 sci-

77 1027 155 1058 licet
172 1050 182 1063 ,
214 1035 250 1056 ea
274 1035 292 1057 e
326 1026 467 1067 margine
496 1025 653 1058 transtulit
678 1027 710 1057 in
737 1031 938 1069 contextum.

78 1068 140 1099 Sed
164 1067 185 1099 si
209 1068 247 1099 ad
268 1066 339 1107 Gaji
364 1068 460 1099 verba
477 1090 487 1105 ‚
520 1069 549 1099 &
573 1068 611 1098 ad
635 1076 748 1099 eorum
767 1074 942 1096 conneino-

76 1119 168 1148 nem,
192 1110 332 1140 animum
348 1109 512 1147 advertas3
535 1110 700 1149 aliquanto
721 1114 860 1153 apertius
876 1105 939 1151 est,

79 1159 172 1190 quam
198 1159 232 1181 ut
253 1150 432 1182 dissimulari
458 1151 549 1189 poffit
568 1173 577 1188 ,
610 1158 673 1180 non
702 1149 767 1180 boc
795 1146 877 1187 Gaio
899 1147 942 1177 se-

79 1192 175 1230 diss'e,
199 1199 233 1222 ut
251 1199 427 1231 exponeret
445 1191 616 1222 formulam
636 1190 715 1230 patri
740 1212 749 1228 ‚
780 1187 883 1227 Nefit
898 1198 941 1219 res

77 1234 227 1274 obligato3
261 1231 313 1263 sed
336 1239 371 1263 ut
387 1232 539 1263 indicaret
555 1256 564 1271 ‚
595 1231 671 1272 quid
689 1231 764 1271 juris
780 1229 836 1269 fit,
867 1239 941 1261 cum

78 1275 220 1305 creditor
243 1274 381 1314 pignoris
403 1273 586 1305 alieiiationi
615 1271 781 1303 consensit.
815 1273 845 1302 in
880 1281 940 1312 qua

75 1316 197 1356 specie.
223 1323 356 1355 propter
375 1315 585 1352 quorumdam
605 1314 859 1351 dubitationem,
892 1322 938 1344 tu-

77 1359 140 1388 tior
163 1355 225 1386 visa
250 1355 310 1386 suit
334 1355 416 1396 pacti
434 1364 608 1396 exceptio;
633 1364 706 1386 cum
732 1356 815 1386 eain
835 1354 940 1395 specie

75 1397 157 1439 pacti
177 1421 186 1433 ,
217 1397 267 1428 Ne
286 1406 329 1427 res
352 1398 477 1439 obligata
492 1396 558 1436 fit,
592 1397 783 1438 supervacua
808 1396 938 1427 habere-

76 1447 154 1470 tur:
186 1446 220 1469 ut
247 1439 367 1479 pridem
401 1438 524 1471 ostendi
552 1439 635 1470 libro
666 1437 806 1469 secundo
831 1438 938 1477 capite

75 1480 204 1512 ottavo.
249 1480 311 1511 Sed
328 1504 336 1516 ,
370 1488 403 1511 ut
428 1480 492 1512 hoe
517 1490 644 1522 agamus
660 1503 669 1519 ,
700 1480 836 1520 primum
861 1479 941 1511 dixit

75 1521 191 1562 Gajus,
213 1521 381 1553 creditoris
397 1521 549 1554 consensu
571 1522 610 1553 de
630 1521 798 1553 alienando
824 1520 939 1562 pigno-

75 1573 110 1596 re
140 1572 252 1604 pignus
281 1573 338 1604 per
368 1564 596 1604 exceptionem
633 1563 782 1595 liberari:
822 1563 940 1594 deliine

75 1604 217 1645 quaefivit
240 1605 280 1636 de
302 1606 425 1645 pupillo
447 1606 610 1638 creditore
626 1628 636 1644 ,
667 1614 705 1636 an
725 1604 790 1644 ejus
809 1603 940 1636 consen-

73 1646 124 1679 sus
140 1670 150 1685 ,
182 1646 233 1678 vel
258 1645 351 1678 solius
371 1671 381 1684 ‚
413 1648 464 1679 vel
488 1656 562 1678 cum
587 1654 731 1679 tutorum
751 1645 939 1678 auctoritate

75 1688 263 1728 conjunctus
278 1711 286 1727 ‚
317 1688 473 1720 sufficiat:
502 1690 581 1721 item
605 1689 704 1730 quid,
727 1687 748 1719 fi
769 1695 857 1719 tutor
875 1686 940 1729 ipse

75 1729 274 1761 consentiat:
298 1736 364 1761 tum
393 1731 433 1762 de
462 1730 633 1763 creditoris
654 1737 886 1771 procuratore,
911 1730 941 1761 &

76 1771 185 1802 actore
218 1769 308 1802 sei-vo
332 1770 491 1809 subiecit:
525 1771 688 1812 postremo
719 1771 759 1803 ad
785 1771 940 1803 debitoris

76 1819 322 1854 procuratorem
348 1812 484 1850 transiit3
508 1813 558 1852 (ἵε,
577 1813 600 1846 fi
617 1822 690 1845 curn
708 1822 749 1844 eo
765 1812 941 1852 convenit,

77 1863 163 1890 non,
186 1853 236 1885 Ne
259 1863 302 1884 res
319 1855 443 1895 obligata
456 1853 496 1892 fit
513 1878 523 1893 ,
556 1863 591 1886 ut
616 1854 737 1885 habent
755 1863 868 1886 omnes
885 1863 940 1885 co-

78 1896 188 1934 dices3
219 1896 324 1935 (quid
349 1896 432 1927 enim
459 1896 490 1927 id
516 1896 554 1926 ad
581 1894 776 1937 propositam
799 1895 943 1935 quaestio·

78 1946 152 1968 nem
163 1937 206 1976 22)
229 1936 280 1968 sed
304 1937 324 1968 fi
352 1946 425 1968 cum
448 1947 489 1968 eo
515 1940 690 1976 convenit,
720 1935 807 1973 ntfit
825 1937 943 1968 debitori

72 1979 125 2019 jus
142 1979 285 2009 vendendi
302 1980 454 2021 pignoris.-
480 1979 622 2018 quaesivit
639 2002 648 2017 ‚
682 1987 721 2009 an
755 1978 788 2009 id
814 1979 942 2019 paetum

78 2020 218 2052 debitori
240 2019 345 2060 profit.
374 2021 527 2060 proinde,
551 2030 622 2052 cum
641 2018 780 2059 scripsit,

117 2060 174 2093 Sed
182 2059 212 2098 fi
231 2070 295 2092 cum
311 2062 444 2092 debitoris
456 2068 641 2101 procuratore
666 2062 817 2099 convenit,
849 2061 943 2092 dicen-

138 2104 206 2133 dum
230 2099 270 2143 est
285 2125 294 2140 ,
327 2104 356 2134 id
378 2104 493 2133 debitori
515 2109 568 2142 per
590 2105 647 2134 doti
669 2104 858 2144 exceptionem
877 2109 942 2143 pro-

138 2143 217 2183 dffle.
241 2142 304 2178 &I-

78 2185 143 2217 hoc
161 2185 283 2217 voluit:
306 2184 335 2216 Si
351 2194 456 2223 neque
475 2194 548 2217 cum
572 2185 684 2225 pupilli
708 2191 815 2216 tutore
836 2208 847 2223 ,
880 2193 942 2216 nec

79 2235 152 2258 cum
173 2227 300 2258 alterius
315 2227 482 2259 creditoris
500 2235 728 2268 procuratore,
759 2228 800 2257 de
825 2226 940 2266 quibus

79 2267 198 2300 dictum
221 2267 255 2299 in
282 2268 538 2309 praecedentibus
566 2268 735 2308 vei-libum
766 2268 819 2300 sed
841 2266 864 2300 fi
885 2275 940 2300 aut

759 2380 972 2416 CAPuT

1809 162 1851 198 71

986 244 1060 268 cum
1078 235 1234 269 debitoris
1257 244 1484 278 procuratore,
1509 242 1562 268 aut
1579 246 1652 270 cum
1672 239 1738 280 eius
1763 237 1855 271 servo

986 277 1094 309 acrore
1110 286 1267 311 convenit
1285 279 1324 310 de
1347 281 1517 311 vendendo
1538 279 1696 320 pignore:
1727 281 1856 312 debito-

987 321 1012 350 ri
1029 319 1096 351 illic
1111 319 1177 351 doli
1196 343 1207 359 ‚
1238 323 1290 351 nic
1307 320 1386 359 pacti
1404 344 1414 359 ‚
1447 324 1676 361 exceptionem
1705 322 1853 362 profutu-

984 369 1060 392 ram.
1112 360 1212 404 Quod
1241 361 1432 393 verissimum
1458 362 1503 394 est
1526 362 1545 393 l.
1569 371 1611 395 io.
1637 362 1665 404 §.
1690 373 1718 395 2.
1756 363 1785 394 l)
1819 364 1854 394 de

977 401 1085 443 pactis.
1128 404 1191 435 sed
1207 404 1321 449 reeipit
1338 403 1558 435 difficultatem
1579 414 1640 443 eo,
1658 407 1747 446 quod
1766 404 1851 436 actio

984 443 1068 484 quasi
1089 444 1240 476 Serviana
1265 445 1328 476 sive
1356 444 1587 486 hypothecaria
1609 455 1674 478 non
1701 444 1853 478 adici-sus

983 486 1165 517 debitorem
1184 510 1192 524 ,
1224 488 1276 517 led
1301 487 1448 517 adversus
1480 488 1621 528 pignoris
1646 487 1854 529 possessorem

982 528 1073 559 datur
1089 527 1108 558 I.
1124 532 1170 559 16.
1195 527 1223 569 §.
1237 538 1265 568 3.
1289 526 1329 558 D.
1341 529 1374 558 de
1385 529 1554 569 pignoribus
1573 527 1610 563 ὅ)
1627 531 1803 571 hypothesin
1820 529 1852 560 ἀ

984 569 1060 600 ideo
1084 578 1149 600 non
1175 570 1300 600 Videtur
1325 570 1479 610 exceptio
1496 592 1506 607 ,
1537 568 1559 601 fi
1584 579 1653 611 quae
1688 571 1791 602 danda
1814 569 1853 602 sit

985 610 1040 642 illo
1059 620 1098 641 ex
1119 610 1211 650 patro
1224 633 1233 648 ‚
1250 611 1389 641 debitori
1408 612 1528 649 danda,
1546 610 1597 643 sed
1617 613 1760 653 pignoris
1779 621 1853 651 pos-

984 650 1097 682 seffori.
1143 651 1248 692 Atque
1276 653 1338 682 boc
1358 675 1366 688 ,
1399 652 1542 692 opinor,
1575 652 1620 683 est
1637 655 1724 694 quod
1752 653 1850 685 Vete-

985 702 1052 724 rem
1084 692 1297 732 interpretem
1321 692 1465 726 fefellit:
1506 693 1626 725 fefellit
1643 717 1652 732 ,
1692 695 1820 735 inquam
1841 705 1853 727 z

985 743 1058 774 quia
1083 733 1103 765 si
1129 734 1257 765 debitor
1283 734 1502 778 hypothecam
1521 736 1691 774 vendidit,
1714 746 1774 767 nec
1799 736 1853 767 ad-

984 775 1048 807 huc
1066 776 1194 807 tradidit
1212 786 1222 814 ;
1250 777 1315 816 ipie
1332 777 1436 815 potell:
1453 777 1579 808 actione
1604 777 1751 809 Serviano
1773 787 1852 809 con·

985 817 1113 854 veniri,
1145 817 1175 848 &
1199 816 1228 848 se
1256 817 1338 857 patri
1364 825 1419 849 aut
1441 819 1507 849 doli
1535 819 1731 859 exceptione
1756 819 1849 850 tueri.

984 858 1050 889 imo
1066 880 1077 896 ‚
1099 857 1120 889 si
1143 859 1285 889 creditor
1303 859 1330 889 ei
1359 860 1579 891 venditionem
1605 860 1744 901 permisit
1769 863 1852 892 intra

984 908 1100 930 annum
1119 922 1129 938 ,
1160 907 1212 930 aut
1239 900 1402 931 biennium
1421 924 1430 938 ,
1461 903 1521 942 (ut
1545 902 1577 933 in
1592 903 1611 932 ι.
1630 906 1659 936 8.
1682 902 1710 944 §.
1736 912 1780 934 ιι.
1808 902 1851 933 D.

986 940 1103 983 Quibus
1129 942 1217 971 modis
1232 943 1344 983 pignus
1366 941 1413 972 vel
1432 942 1589 983 hypotheca
1605 943 1762 985 solvitur)
1786 943 1853 975 for-

984 982 1035 1013 san
1051 982 1185 1012 nocebit
1202 982 1231 1013 ei
1251 983 1403 1023 exceptio
1420 985 1502 1014 intra
1520 984 1550 1015 id
1569 983 1719 1025 spatium,
1741 994 1851 1024 quam·

985 1025 1031 1054 vis
1055 1024 1198 1054 nondum
1227 1022 1309 1054 facta
1337 1024 1544 1056 venditione:
1577 1035 1648 1057 nam
1667 1035 1738 1058 cum
1761 1027 1852 1058 debi-

984 1064 1046 1096 tori
1070 1063 1223 1095 conceffit
1247 1066 1296 1103 jus
1322 1066 1480 1097 vendendi
1508 1068 1651 1108 pignoris
1677 1069 1758 1100 intra
1785 1077 1853 1100 cei·-

985 1114 1052 1136 tum
1075 1104 1212 1145 spatium
1231 1128 1241 1144 ,
1273 1115 1336 1137 non
1362 1114 1483 1138 tantum
1507 1109 1556 1147 jus
1582 1110 1764 1148 vendendi,
1798 1109 1853 1141 sed

984 1148 1014 1178 i&
1033 1148 1211 1184 retinendi,
1236 1147 1379 1188 pignoris
1403 1149 1430 1178 ei
1452 1149 1633 1180 conceffiss'e
1651 1151 1851 1192 intelligitur.

982 1189 1044 1220 Sed
1062 1188 1211 1228 profecto
1232 1189 1402 1220 verborum
1422 1187 1494 1229 Gaji
1520 1192 1619 1231 (quae
1644 1191 1712 1223 sunt
1732 1193 1761 1223 iii
1785 1195 1812 1223 d.
1827 1192 1849 1222 l.

983 1238 1012 1270 7.
1034 1236 1079 1268 pr.
1097 1229 1125 1271 §.
1146 1239 1170 1260 1.
1191 1228 1228 1264 δὲ)
1245 1231 1295 1270 2.)
1318 1229 1382 1262 sive
1398 1232 1582 1271 connexio,
1605 1232 1668 1264 sive
1686 1233 1850 1275 oppositio

985 1271 1079 1302 nimis
1099 1270 1263 1302 manifesta
1286 1270 1341 1303 est.

1023 1322 1052 1343 2.
1078 1311 1144 1344 Nisi
1161 1312 1189 1343 ei
1211 1321 1302 1344 novae
1321 1314 1460 1344 tenebrae
1477 1313 1685 1346 offundantur
1702 1325 1743 1347 ex
1764 1316 1851 1348 Mai·-

983 1354 1066 1385 ciani
1093 1354 1114 1387 l.
1133 1358 1161 1388 8.
1185 1352 1215 1394 §.
1234 1363 1263 1386 2.
1288 1356 1319 1385 in
1333 1353 1397 1394 fine
1418 1355 1459 1387 D.
1480 1358 1573 1387 eodem
1600 1357 1696 1388 titulo.
1743 1356 1851 1389 Verba

983 1405 1000 1427 e
1016 1405 1062 1426 us.

1000 1406 1010 1436 J
1024 1437 1057 1468 Si
1070 1441 1244 1476 procurator
1261 1438 1393 1468 debitoris
1409 1438 1441 1468 in
1466 1447 1525 1469 rem
1541 1439 1624 1476 litam
1638 1438 1692 1479 fit,
1723 1450 1781 1472 non
1797 1449 1854 1482 pit-

1044 1482 1071 1509 to
1094 1478 1224 1508 dubitari
1247 1480 1341 1509 debere
1359 1503 1368 1518 ,
1397 1480 1468 1520 quin
1482 1479 1600 1519 pubium
1617 1487 1716 1512 noceat
1734 1486 1853 1514 credito-

1044 1521 1081 1551 ri.
1123 1518 1251 1560 Itemque
1269 1519 1298 1557 fi
1321 1531 1338 1551 α
1357 1526 1442 1561 parte
1468 1523 1615 1553 creditoris
1636 1529 1805 1563 procurator
1822 1526 1854 1557 in

1044 1570 1103 1592 rem
1125 1563 1207 1597 luam
1230 1563 1384 1600 extiterit,
1407 1565 1571 1602 paciscendo
1593 1564 1726 1595 inutilem
1738 1565 1793 1602 fibi
1804 1566 1855 1605 fa-

1045 1603 1099 1633 ciet
1117 1603 1347 1642 hypothecariam
1365 1603 1513 1636 aaronem.
1539 1606 1570 1635 in
1590 1610 1705 1637 tantum
1720 1629 1730 1644 ,
1752 1612 1786 1638 ut
1799 1613 1856 1648 pu-

1046 1650 1101 1674 tem
1119 1643 1192 1675 rene
1209 1646 1283 1683 dici,
1317 1644 1353 1679 δέ’
1372 1645 1494 1677 dominis
1519 1647 1581 1677 litis
1600 1647 1650 1678 hoc
1668 1651 1737 1685 calu
1758 1657 1855 1681 nocere

1044 1685 1119 1717 hom
1141 1688 1343 1726 exceptionem.

983 1727 1226 1767 Exceptionern
1252 1738 1268 1759 a
1285 1728 1453 1760 Marciano
1480 1729 1542 1761 dici
1559 1730 1667 1770 vides,
1701 1730 1733 1762 ἅ
1751 1729 1856 1764 adfer-

984 1770 1009 1801 ri
1037 1770 1161 1810 pactum
1179 1792 1189 1807 ,
1220 1769 1271 1801 Ne
1294 1780 1337 1801 res
1366 1772 1482 1812 pignori
1509 1772 1704 1813 hypothecaeve
1720 1771 1784 1810 sit;
1816 1780 1853 1805 ut

985 1811 1086 1851 liquet
1107 1820 1147 1842 ex
1167 1812 1194 1842 d.
1218 1811 1238 1842 l.
1259 1815 1286 1846 8,
1311 1811 1339 1852 ὃ.
1364 1820 1387 1842 1.
1412 1811 1476 1853 Qui
1500 1813 1604 1853 potest
1620 1813 1638 1845 ,⁹
1669 1823 1741 1846 nam
1766 1814 1855 1847 idem

986 1851 1171 1883 Marcianus
1195 1852 1213 1882 l.
1232 1863 1262 1893 5.
1288 1852 1328 1883 D.
1355 1854 1413 1884 eod.
1437 1854 1483 1884 tit.
1509 1853 1615 1886 scribit
1631 1877 1642 1893 ,
1672 1857 1856 1896 hypothecam

978 1894 1076 1934 solvi,
1094 1892 1122 1933 fi
1139 1895 1174 1925 ab
1189 1903 1223 1925 ea
1240 1895 1413 1934 discedatur.
1459 1893 1577 1928 Verum
1598 1905 1675 1928 nom
1691 1898 1855 1938 improba-

987 1935 1094 1966 biliter
1117 1936 1252 1967 dixerim
1270 1959 1280 1974 ,
1313 1937 1501 1977 exceptionem
1519 1937 1563 1969 illi
1581 1937 1754 1979 significare
1772 1941 1802 1970 in
1821 1939 1853 1971 d.

985 1976 1014 2019 §.
1033 1986 1061 2008 2.
1085 1985 1150 2009 non
1176 1976 1394 2009 exclusionem
1413 1978 1544 2010 aetionis
1563 2002 1573 2018 ‚
1596 1987 1631 2011 ut
1649 1980 1775 2012 videtur
1791 1980 1857 2020 pri-

985 2027 1042 2051 mo
1064 2017 1210 2057 obtutu.;
1241 2018 1295 2051 sed
1319 2019 1505 2060 pactionem,
1537 2019 1588 2051 seu
1616 2023 1853 2054 conventionem:

985 2059 1095 2092 usitata
1123 2060 1291 2093 locutione
1309 2084 1319 2099 ‚
1350 2070 1420 2092 nam
1446 2061 1475 2093 ἃ
1499 2063 1628 2103 excipere
1651 2071 1711 2103 pro
1724 2064 1853 2104 pacisci,

986 2102 1017 2133 δι
1033 2103 1222 2140 exceptionem
1240 2111 1299 2143 pro
1319 2102 1452 2143 pastione
1479 2104 1674 2144 Pomponius
1697 2104 1715 2136 l.
1734 2114 1783 2145 32.
1808 2103 1855 2137 D.

984 2144 1019 2175 de
1035 2142 1210 2183 usufrutin,
1237 2143 1440 2176 Modestinus
1460 2145 1476 2176 l.
1497 2155 1551 2186 39.
1577 2145 1618 2177 D.
1643 2147 1676 2177 de
1692 2145 1855 2178 ustionibus

983 2185 1072 2225 empti
1096 2183 1133 2220 &⁹
1155 2186 1270 2218 venditi
1289 2209 1300 2225 ,
1329 2185 1360 2217 δε
1382 2184 1538 2226 Ulpianus
1560 2187 1579 2220 l.
1598 2196 1625 2228 7.
1648 2187 1678 2229 ᾗ.
1699 2191 1729 2220 6.
1751 2187 1795 2219 D.
1819 2189 1854 2220 de

977 2226 1093 2267 petiis,
1116 2227 1239 2260 dixere.

1049 2377 1172 2415 XII.

82 2486 116 2513 Ι.
147 2477 198 2513 De
217 2478 361 2513 mandato
377 2475 418 2518 ἐξ
434 2480 499 2525 ejus
521 2480 650 2525 origine.
701 2489 733 2515 2.
766 2476 808 2519 δὲ)
837 2490 867 2524 3.
896 2478 938 2512 Id
955 2478 1202 2524 quemadmodum
1219 2489 1240 2512 a
1264 2479 1468 2514 commendato
1494 2476 1536 2518 ἐξ
1560 2492 1580 2514 α
1604 2478 1722 2525 consilio
1744 2479 1852 2527 discere

155 2534 258 2563 natur.
307 2536 340 2570 4.
369 2529 441 2562 Non
461 2527 516 2573 ‘ffi'
537 2529 750 2575 obligatorium
769 2527 943 2573 consilinm,
971 2526 1003 2572 fi
1024 2528 1080 2561 tibi
1092 2525 1272 2573 specialiter
1285 2527 1435 2573 suadeam
1454 2528 1486 2561 id
1508 2530 1585 2574 qood
1606 2541 1662 2564 non
1668 2529 1784 2575 suillos
1791 2528 1855 2575 fa-

152 2575 341 2620 &iuriisstiisi
358 2588 412 2623 ego
429 2578 484 2610 tibz'
504 2578 639 2611 hortator
645 2576 786 2623 suffim-

839 2586 872 2619 5.
901 2576 1090 2610 Mandatum
1108 2576 1165 2609 tibi
1182 2583 1236 2610 tua
1250 2577 1359 2622 gratia
1379 2576 1437 2623 effe
1453 2576 1609 2622 confilium
1621 2606 1630 2620 ,
1651 2591 1707 2613 non
1725 2579 1851 2613 monda-

153 2632 219 2658 tnm
235 2634 246 2657 .·
281 2636 371 2670 neque
395 2627 427 2658 in
445 2637 475 2660 eo
494 2625 634 2671 interest&
653 2653 662 2668 ‚
697 2635 801 2662 utrum
826 2626 991 2660 mandator
1008 2626 1041 2658 in
1048 2622 1088 2670 se
1095 2621 1249 2671 suscipiat
1274 2626 1387 2670 negotii
1401 2627 1568 2670 pericnlum
1580 2655 1589 2671 ,
1617 2639 1658 2662 an
1682 2639 1739 2662 non
1748 2626 1851 2674 susci—

151 2674 231 2719 piat.
278 2675 312 2708 6.
338 2673 442 2709 Lebiio
460 2671 667 2720 &sententia
694 2676 715 2709 l.
737 2679 768 2710 6.
796 2674 824 2722 §.
844 2686 877 2717 4.
905 2671 946 2713 ἐξ
971 2684 1004 2716 5.
1033 2675 1076 2710 D.
1103 2673 1254 2709 Mandatz'
1269 2675 1319 2708 vel
1336 2681 1455 2710 contra.

90 2772 118 2796 1.
191 2774 221 2798 ta
243 2767 311 2808 est,
332 2777 369 2801 ut
398 2769 516 2802 Cicero
541 2770 648 2802 scribit
665 2794 675 2810 ‚
710 2771 767 2802 Pro
791 2770 822 2801 S.
849 2769 947 2805 Roscio

205 2808 338 2854 Amerino
356 2834 365 2849 ,
399 2812 430 2843 in
455 2812 570 2851 quibus
595 2813 688 2845 rebus
713 2811 769 2852 ipsi
791 2810 946 2852 superesse

89 2855 154 2878 non
173 2847 330 2894 po'ssumus
349 2875 358 2890 ,
389 2853 419 2883 in
446 2852 495 2883 his
512 2863 620 2894 operae
645 2853 756 2885 nostrae
781 2854 894 2884 vicaria
910 2852 946 2884 fi-

87 2889 144 2919 des
160 2897 332 2937 amicorum
348 2892 547 2934 supponitur:
573 2904 667 2935 quam
683 2896 736 2935 qui
759 2895 866 2933 laedit,
890 2903 934 2935 op

88 2938 209 2970 pugnat
225 2940 365 2977 omnium
382 2944 552 2967 commune
570 2936 745 2977 praefidium
757 2959 766 2974 ‚
783 2936 833 2975 δι,
850 2945 944 2976 quan-

88 2973 156 3002 tum
173 2974 204 3002 in
223 2972 289 3012 ipso
307 2973 369 3011 est,
391 2976 542 3008 disturbat
560 2978 634 3009 vitae
651 2979 857 3009 societatem:
880 2986 945 3009 non

88 3014 174 3057 enim
200 3013 360 3053 possumus
377 3017 482 3047 omnia
505 3026 563 3057 pei·
587 3029 646 3051 nos
663 3029 781 3060 agere:
813 3019 890 3050 alius
914 3020 946 3050 in

86 3053 146 3085 alia
167 3063 199 3085 re
217 3054 263 3086 est
281 3056 377 3095 magis
394 3056 496 3088 utilis:
520 3059 640 3091 idcirco
654 3061 801 3092 amicitiae
819 3069 947 3101 compa-

85 3103 219 3128 rantur:
251 3104 286 3127 ut
311 3106 483 3129 commune
506 3103 714 3133 commodum
739 3104 854 3134 mutuis
877 3101 944 3133 offi-

87 3137 143 3168 ciis
167 3138 374 3179 gubernetur.
407 3139 440 3171 id
471 3147 576 3172 autem
607 3151 712 3182 neque
737 3143 861 3175 facilius
883 3141 945 3182 fit,

88 3186 193 3224 neque
211 3179 412 3220 diligentius,
445 3189 539 3219 quarn
565 3192 638 3215 cum
662 3184 727 3215 hoe
749 3185 851 3226 agitur
866 3208 875 3224 ‚
905 3195 945 3217 ne

87 3226 157 3258 quis
173 3228 306 3262 propter
327 3220 423 3268 sidem
447 3221 581 3265 suscepti
597 3226 720 3268 negotii
746 3224 841 3258 facile
860 3227 944 3259 dam·

85 3269 162 3294 num
185 3269 245 3303 pro
267 3271 367 3305 gratia
382 3263 503 3300 referat
518 3287 529 3305 ‚
555 3275 639 3301 neve
664 3266 775 3305 officio
802 3267 946 3306 sunulato

987 2770 1116 2801 alterius
1139 2770 1320 2802 commodis
1343 2777 1466 2802 temere
1496 2772 1626 2804 officiat.
1671 2771 1779 2816 Quum
1804 2779 1849 2804 ta-

987 2821 1059 2843 men
1085 2810 1252 2843 censerent
1275 2811 1410 2844 Veteres
1429 2836 1438 2851 ,
1471 2816 1651 2846 mandatum
1679 2825 1718 2846 ex
1742 2813 1851 2845 officio

988 2861 1084 2893 atque
1106 2852 1244 2884 amicitia
1265 2852 1422 2894 proficisci
1446 2854 1464 2885 l.
1488 2864 1514 2886 1.
1539 2856 1566 2898 §.
1587 2867 1616 2895 4.
1644 2855 1681 2886 D.
1709 2854 1852 2887 Mitridati

986 2894 1033 2925 vei
1049 2902 1168 2926 contra.-
1191 2904 1254 2926 non
1273 2896 1423 2927 videntur
1442 2896 1534 2928 initio
1553 2899 1617 2929 hoc
1638 2897 1768 2929 nomine
1788 2896 1849 2927 ob·

988 2936 1173 2978 ligationem
1200 2936 1421 2976 constituiffe;
1449 2936 1528 2969 sicut
1552 2948 1612 2970 nec
1641 2948 1680 2969 ex
1703 2937 1849 2977 precario

988 2978 1008 3008 l.
1029 2987 1076 3016 14.
1101 2976 1143 3009 D.
1167 2979 1200 3009 de
1216 2980 1365 3019 precario:
1395 2978 1447 3011 secl
1463 3003 1472 3018 ,
1505 2982 1593 3020 quod
1626 2978 1719 3010 fidem
1753 2980 1848 3017 pluri-

988 3028 1074 3051 mum
1099 3019 1246 3051 colerent
1262 3043 1272 3059 ‚
1303 3029 1400 3060 atque
1424 3028 1460 3052 ut
1484 3022 1556 3052 alias
1581 3020 1725 3060 coi-poris
1743 3029 1850 3059 partes

989 3061 1058 3093 aliis
1083 3061 1225 3093 dicarent
1247 3062 1429 3094 numinibus
1446 3086 1456 3101 ,
1487 3063 1528 3093 sic
1550 3063 1693 3093 dextram
1712 3060 1787 3093 fidei
1806 3060 1851 3092 sa-

990 3111 1075 3134 cram
1100 3101 1247 3135 facerent
1263 3128 1273 3143 ‚
1306 3105 1444 3135 maxime
1466 3104 1516 3134 illa
1540 3102 1687 3142 promissa
1711 3102 1850 3144 ailignss'e

988 3143 1086 3176 fidem
1103 3145 1259 3177 mandatae
1276 3145 1491 3186 suscepraeque
1507 3153 1634 3184 operae:
1658 3153 1763 3185 eoque
1781 3153 1852 3184 per-

989 3186 1092 3217 tinere
1111 3194 1242 3227 putem,
1266 3188 1353 3228 quod
1372 3185 1504 3217 Isidorus
1526 3185 1633 3216 ici-ibit
1657 3185 1704 3215 lib.
1722 3195 1751 3226 5.
1779 3186 1849 3216 Ori-

986 3229 1091 3274 ginum
1113 3238 1137 3259 c.
1154 3238 1203 3265 24.
1228 3229 1408 3260 mandatum
1426 3225 1544 3258 ditium
1563 3226 1643 3265 csse,
1669 3227 1754 3267 quod
1772 3228 1850 3257 oliin

988 3278 1021 3307 in
1037 3269 1204 3308 commisso
1229 3271 1365 3312 negotio
1380 3267 1460 3301 alter
1476 3267 1567 3302 alteri
1589 3277 1718 3303 manum
1735 3268 1850 3338 dabaat':

1831 3325 1851 3339 ,.
