2036 3495
168 99 237 140 300
585 87 618 123 G
650 94 674 122 ε’
703 96 725 120 n
759 96 779 121 A
813 95 835 120 R
868 95 892 119 n
926 96 940 121 1

215 176 381 210 Postremo
399 178 441 208 ait
458 175 612 214 Ulpianus
629 175 655 204 d.
670 172 688 202 l.
707 175 748 213 63
774 173 802 214 §.
819 182 865 207 10.
885 173 912 204 h.
930 177 950 205 t.
963 172 1041 204 soci-

173 224 291 250 etatem
311 220 384 250 lolvi
400 216 532 249 actione.
557 217 587 246 id
605 223 711 245 autem
730 214 795 245 lieri
818 223 908 255 putat
929 215 1042 247 Paulus

175 257 193 290 l.
212 263 261 300 ⁶5-
277 259 295 290 fi
314 268 367 291 aut
391 257 594 298 stipulatione
621 254 806 294 autjudicio
829 256 918 287 causa
944 257 1042 287 socie-

177 302 249 331 tatis
278 301 313 331 fit
339 307 474 331 mutata:
500 297 606 334 addit,
631 296 798 328 Proculum
825 297 950 336 (licere,
981 298 1043 329 hcc

174 339 242 381 ipso
262 341 347 380 quod
361 339 512 380 judicium
531 339 604 370 ideo
629 337 777 369 cristatum
804 338 865 377 cst,
890 347 923 369 ut
948 338 1044 370 socie-

175 389 221 412 tas
256 381 440 412 distrahatur
457 403 466 418 ‚
498 381 716 411 renunciatam
748 380 950 411 societatem:
981 379 1045 411 five

177 429 320 453 totorum
359 421 520 454 bonorum
544 444 554 460 ,
594 420 657 452 five
698 421 788 452 unius
826 421 870 452 rei
911 420 1044 453 societas

179 463 265 493 coita
283 462 329 494 fit.

218 503 370 544 Exposita
386 503 495 536 indole
518 503 696 542 societatis,
721 512 846 542 tempus
870 503 935 542 est,
959 506 1045 545 cogi-

176 550 242 576 tare
260 548 300 577 de
318 544 443 577 afflone
466 545 503 575 ad
521 545 670 576 tuendam
694 554 762 575 eam
786 545 975 584 pertinente.
1000 546 1046 577 Ea

174 586 259 617 attio
284 587 459 627 appellatur
483 585 545 617 Pro
569 585 670 618 socio:
695 585 803 625 estque
828 586 945 617 directa
961 587 999 617 ab
1016 597 1048 617 u-

178 632 292 668 traque
311 636 418 667 parte:
436 638 452 659 a
470 635 580 658 neutra
598 629 754 658 contraria
764 627 791 668 §.
803 638 828 658 2.
840 626 909 667 lnst.
926 629 958 658 de
968 635 1047 668 poen.

177 672 242 699 tem.
268 670 341 711 litig.
377 670 440 709 pari
472 668 613 700 omnium
648 668 803 700 sociorum
835 668 933 699 causa.
972 670 1046 700 inde

177 709 337 750 Robrica,
365 710 526 751 Prosocio,
550 719 610 740 nec
629 710 773 748 additur,
791 709 836 740 vel
854 716 962 740 contra.
980 709 1044 740 Da-

177 760 230 783 tur
247 753 340 792 igitur
356 752 443 783 socio
468 749 615 782 adversus
640 750 769 781 focium.
796 752 889 782 etiam
909 752 1017 782 heredi
1035 775 1045 790 ,

180 792 210 824 &
227 793 373 825 adversus
392 793 554 824 heredem.
579 793 626 823 Ad
653 792 752 831 quid?
777 793 814 823 ad
845 792 876 823 id
895 794 981 832 quod
1002 792 1046 823 so-

178 833 249 873 cio,
266 844 398 875 propter
417 833 601 865 societatem
613 856 622 871 ‚
638 834 711 864 dare
734 832 841 864 facere
859 841 989 874 oportet
1005 843 1046 865 ex

177 873 241 907 fide
258 876 351 907 bona.
369 876 456 907 venit
473 876 557 906 enim
574 875 604 905 in
622 875 684 905 hoc
698 874 850 914 judicium
868 876 950 906 bona
968 874 1046 907 fides

179 917 198 948 l.
219 927 266 957 52.
286 917 304 959 §
336 926 362 948 1.
382 918 411 948 b.
429 922 451 948 t.
479 925 540 948 nec
557 915 602 947 est
625 915 774 952 dubium,
798 916 871 956 quin
899 926 960 954 eo,
985 926 1045 947 ma-

178 967 276 989 nente
302 959 475 995 societate,
507 966 654 998 petantur
679 966 728 988 res
747 959 787 988 de
807 958 919 997 quibus
943 958 1046 989 atium

180 999 243 1037 est,
270 1008 305 1031 ut
328 1000 358 1031 in
382 1008 553 1030 commune
578 998 785 1029 conferantur
807 999 827 1030 l.
853 1002 901 1038 65.
916 998 943 1040 ᾗ.
965 1008 1009 1038 15.
1027 999 1045 1028 l.

180 1051 229 1080 52.
248 1040 276 1083 §.
296 1046 323 1076 8.
339 1041 356 1072 l.
373 1051 423 1082 45.
441 1041 460 1071 l.
476 1041 568 1080 741²·
587 1045 607 1070 t.
634 1040 696 1071 Sed
721 1039 765 1070 eit
791 1039 863 1070 huie
887 1042 1045 1080 praecipue

179 1083 290 1120 locus,
314 1082 403 1114 finita
428 1081 601 1120 societate,
625 1090 659 1112 ut
682 1090 891 1120 eitaequcntur
914 1082 989 1111 lucri
1017 1082 1046 1112 ὄζ

179 1124 285 1155 damni
303 1131 426 1165 partes:
452 1132 583 1163 quarum
601 1122 689 1154 eausa
715 1124 801 1153 coita
817 1122 861 1154 est
879 1121 1008 1153 societas
1024 1122 1046 1152 l.

180 1169 228 1206 63.
249 1165 277 1207 §.
297 1176 324 1205 5.
345 1166 371 1197 b.
390 1171 410 1196 t.
431 1164 514 1196 Fieri
533 1164 595 1195 hoc
613 1164 701 1195 finita
724 1164 852 1196 demum
875 1163 1045 1199 societate,

182 1206 256 1238 ideo
275 1208 358 1246 dixi3
376 1207 463 1247 quod
481 1205 563 1237 aetio
582 1215 640 1246 pro
659 1203 742 1236 socio
761 1205 805 1235 est
821 1204 996 1244 generalis,
1013 1213 1047 1235 ut

183 1248 389 1289 negotiorum
407 1246 588 1289 gestorum,
611 1255 645 1277 ut
669 1246 776 1276 tutelae
794 1247 811 1277 l.
829 1251 877 1285 538.
895 1246 922 1276 l).
939 1251 958 1275 t.
979 1255 1047 1286 quie

181 1299 295 1321 omnes
318 1290 445 1321 demum
471 1289 620 1320 obtinent
642 1287 735 1319 finito
761 1287 870 1318 officio
890 1298 896 1318 :
921 1288 1048 1327 exigen-

182 1339 230 1363 tes
249 1332 367 1372 quippe
385 1331 541 1362 rationem
560 1330 658 1360 totius
675 1328 958 1359 administrationis.
987 1327 1048 1359 Ve-

180 1372 272 1403 niunt
289 1371 383 1413 igitur
400 1372 431 1403 in
451 1371 532 1402 hanc
552 1370 712 1401 astionem
729 1371 889 1409 praecipue
901 1369 1048 1410 praestati-

182 1423 258 1445 ones
269 1414 460 1453 personales.
478 1413 523 1443 An
536 1411 680 1442 &divisio
690 1414 905 1442 communium
918 1420 1020 1442 rerum
1031 1411 1048 1443 ‘2

181 1464 248 1486 non
269 1455 374 1494 placet
391 1453 531 1494 Ulpiano
552 1453 571 1482 l.
589 1462 638 1491 43.
655 1453 683 1482 h.
699 1459 720 1482 t.
741 1453 878 1490 dicenti,
896 1454 983 1492 quod
1001 1461 1050 1483 ac-

182 1496 229 1527 tio
255 1505 313 1536 pro
342 1494 428 1526 socio
454 1495 484 1525 &
509 1495 675 1524 nominum
699 1493 856 1525 rationem
881 1493 995 1531 habet,
1020 1493 1050 1524 &

183 1538 451 1577 adjtidicationem
471 1544 536 1566 non
552 1534 701 1565 admittit.
734 1533 886 1573 Ulpianus
905 1545 961 1575 per
980 1533 1048 1566 No-

182 1579 267 1610 mina
286 1578 432 1616 indigitat
449 1576 554 1617 (quod
574 1576 656 1606 bene
666 1575 846 1607 observavit
860 1576 900 1607 1).
916 1577 1048 1607 Vinnius

181 1620 229 1650 lib.
244 1627 268 1650 1.
284 1618 384 1650 Selebi.
398 1615 493 1659 quaeft.
506 1628 530 1648 c.
549 1616 805 1658 36.)pers0nales
816 1617 1052 1656 praestationes:

184 1670 241 1703 per
260 1659 524 1700 adjudicationem
541 1658 690 1697 intelligit
712 1659 931 1690 communium
950 1668 1053 1691 rerum

184 1702 633 1741 divifionem‚adjudicatione
645 1698 711 1731 fieri
728 1700 857 1731 solitam.
879 1699 975 1731 Forte
990 1701 1053 1731 boc

183 1744 289 1776 durius
307 1741 365 1774 tibi
382 1742 606 1782 videtur:quia
622 1740 839 1786 comparative
856 1740 969 1773 Paulus
987 1742 1005 1772 l.
1028 1750 1050 1772 1.

182 1786 231 1817 D.
252 1785 400 1816 Commun.
420 1785 512 1815 divid.
540 1785 601 1813 Pro
618 1783 712 1821 socio,
731 1782 853 1823 inquit,
871 1782 943 1814 atilio
961 1784 1052 1824 magis

184 1828 223 1858 ad
237 1825 397 1867 personales
413 1826 538 1856 invicem
553 1821 747 1864 praeftationes
757 1825 901 1864 pertinet,
913 1834 999 1865 quam
1015 1825 1052 1855 ad

183 1869 378 1899 communium
391 1876 485 1897 rerum
499 1864 675 1903 divisionem.
706 1864 767 1897 Sed
785 1866 885 1904 malo,
905 1866 965 1896 else
981 1865 1051 1896 haec

185 1909 284 1941 verba
302 1908 446 1940 modeste
463 1907 640 1947 loquentis,
664 1915 757 1946 quam
773 1907 838 1947 ejus
855 1908 908 1947 qui
927 1916 1051 1947 compa-

183 1951 338 1983 rationem
358 1949 465 1980 facere
482 1947 635 1980 instituat.
661 1947 703 1979 Et
725 1947 885 1979 lubentius
914 1949 946 1979 id
963 1948 1052 1979 dico:

186 1992 260 2032 quia
276 1991 322 2023 his
338 1991 478 2022 {imiliter
495 1991 592 2021 utitur
609 1989 762 2027 Ulpianus
772 1988 792 2021 l.
808 1999 838 2028 4.
856 1990 901 2021 D.
920 1992 953 2020 de
962 1990 1054 2031 juris-

184 2033 254 2066 diet.
272 2033 291 2064 l.
314 2041 359 2064 12.
382 2032 412 2073 §.
431 2041 475 2064 12.
500 2031 518 2062 l.
539 2035 587 2063 26.
606 2030 634 2073 §.
649 2034 679 2061 6.
707 2030 747 2062 D.
773 2032 926 2062 Adandati.
942 2031 959 2062 l.
978 2034 1007 2061 6,
1026 2031 1053 2072 §.

183 2085 214 2117 3.
235 2074 276 2106 D.
295 2074 329 2105 St
345 2073 443 2111 servit.
461 2073 643 2104 vindic.nec
654 2071 753 2104 minus
769 2081 818 2103 res
837 2072 930 2104 talem
952 2072 1054 2112 postu—

182 2118 229 2150 ]at
249 2115 557 2154 interpretationem.
583 2113 667 2145 Nam
693 2123 787 2154 agere
811 2114 850 2145 ad
874 2114 1054 2144 communis

184 2156 232 2190 rei
253 2155 437 2188 divisionem
455 2155 516 2194 est,
541 2165 599 2196 pro
622 2162 711 2196 parte
737 2154 898 2186 vindicare
917 2155 981 2195 ejus
999 2156 1055 2186 do·

182 2199 339 2238 minium,
363 2198 392 2229 ὅ(
411 2205 539 2238 petere3
564 2205 597 2227 ut
621 2207 656 2227 ea
681 2196 787 2233 socio,
813 2205 973 2237 tamquam
998 2198 1054 2228 do·

184 2241 291 2278 minO,
316 2249 375 2281 pro
392 2246 481 2279 parte
498 2238 705 2279 adjudicetur.
722 2238 760 2269 ad
779 2238 840 2268 hoc
860 2237 988 2278 prodest
1006 2247 1054 2269 ac-

188 2284 235 2314 tio
252 2281 416 2313 communi
442 2280 640 2311 dividundo:
665 2288 735 2319 qnae
756 2278 800 2310 est
819 2280 916 2310 mixta
941 2281 1054 2311 tamin

186 2333 272 2362 rem,
295 2331 389 2363 quam
407 2322 436 2353 in
457 2322 618 2361 personam
636 2320 664 2362 §.
683 2330 731 2352 20.
753 2318 824 2359 Inft.
842 2322 875 2351 de
889 2320 945 2351 aa.
960 2329 992 2351 at
1008 2330 1057 2351 ac-

186 2366 233 2396 tio
252 2374 310 2405 pro
329 2363 412 2394 socio
434 2372 499 2394 non
525 2362 570 2395 est
593 2364 711 2400 mixta;
736 2370 857 2393 tantum
878 2361 922 2393 est
939 2363 969 2392 in
988 2371 1057 2402 per-

188 2405 295 2437 sonam
311 2404 411 2443 actio,
437 2413 501 2435 non
519 2406 615 2435 etiam
634 2404 664 2435 in
683 2413 759 2435 rem.
785 2403 918 2444 proinde
938 2403 995 2434 hac
1012 2404 1057 2434 in-

190 2448 293 2478 tendit
310 2447 437 2486 quidem
458 2445 577 2483 socius,
595 2445 713 2476 socium
732 2445 786 2476 fibi
804 2444 866 2476 effe
881 2444 1056 2484 obligatum

188 2488 228 2520 'ad
244 2487 476 2526 praestationem
501 2496 633 2524 eorum,
658 2495 727 2526 quae
746 2487 827 2517 bona
852 2485 931 2517 ficies
958 2496 997 2517 ex
1014 2485 1058 2516 so-

189 2529 308 2560 cietate
326 2529 460 2568 praestari
481 2528 588 2568 jubet:
612 2528 665 2558 sed
690 2537 754 2559 non
772 2537 862 2568 aeque
879 2528 917 2558 ad
934 2526 1058 2558 divisio-

188 2578 264 2603 nem
282 2579 385 2601 rerum
401 2570 641 2601 communium:
666 2569 705 2600 ad
732 2578 863 2609 quarum
891 2567 1058 2601 vindicati-

188 2620 283 2644 onem
300 2619 364 2641 uon
384 2619 581 2650 comparatur
599 2612 629 2642 in
649 2609 817 2650 personam
835 2610 929 2642 astiO.

227 2652 388 2684 caeterum
414 2652 591 2691 personales
624 2652 685 2684 illae
710 2650 929 2692 praestationes
945 2673 954 2688 ‚
984 2659 1057 2682 cum

190 2703 233 2726 ex
254 2691 526 2725 administratione
551 2693 700 2731 veniant,
723 2693 792 2724 fere
816 2693 847 2724 in
873 2693 972 2724 tribus
991 2701 1058 2723 ver·

189 2735 315 2767 santur:
336 2732 368 2764 in
384 2733 490 2770 lucro,
512 2735 647 2772 damno,
671 2735 701 2766 ἀ
725 2734 884 2775 impensis.
909 2734 997 2773 quod
1019 2733 1058 2764 ad

189 2777 314 2809 lucrum
337 2775 468 2806 attinet:
492 2777 644 2815 quidquid
671 2776 774 2808 socius
799 2785 839 2807 ex
861 2776 955 2807 rebus
970 2783 1058 2806 com·

190 2818 342 2851 munibus
373 2825 431 2856 pro
454 2816 549 2859 varia·
563 2817 750 2849 conditione
766 2817 925 2848 societatis
950 2825 1059 2857 perce-

191 2860 278 2902 perit
293 2865 348 2890 aut
365 2857 520 2902 retineat,
543 2856 573 2887 id
589 2866 660 2889 cum
686 2858 770 2890 socio
793 2868 866 2890 eum
882 2858 1057 2890 communi-

190 2911 285 2939 care,
307 2900 401 2931 bonae
427 2897 502 2930 fidei
525 2898 722 2936 consequens
746 2900 800 2932 est.
824 2909 948 2931 tantum
973 2899 1056 2931 exci-

187 2944 275 2984 pitur
293 2951 333 2972 ex
349 2939 436 2971 furto
449 2946 503 2970 aut
525 2937 586 2969 alio
611 2939 769 2972 maleficio
793 2942 967 2982 quaesitum.
993 2942 1056 2972 hoc

191 2984 276 3017 enim
302 2983 340 3014 in.
358 2982 541 3012 societatem
565 2977 724 3018 conferri,
748 2992 809 3014 non
835 2984 958 3023 placet:
983 2983 1056 3023 quia

190 3024 380 3057 delictorum
397 3021 496 3061 turpis
513 3030 549 3052 ac
568 3020 654 3053 foeda
678 3026 863 3055 communio
881 3024 944 3056 est:
968 3023 1056 3056 omni

189 3076 258 3108 Jure
282 3067 320 3096 ad
343 3064 531 3105 juvandam,
554 3061 642 3093 nullo
666 3062 705 3093 ad
729 3065 947 3105 perdendam,
970 3074 1057 3097 com-

190 3116 320 3142 munem
344 3105 515 3137 utilitatem
536 3105 686 3136 invento:
709 3111 744 3134 ut
769 3104 909 3143 pluribus
933 3107 1057 3138 ostendi

192 3152 240 3182 lib.
258 3157 287 3188 3.
304 3148 504 3179 Probabilium
519 3156 543 3176 c.
557 3155 584 3178 2.
599 3144 697 3176 Plane
713 3153 805 3185 turpe
822 3144 961 3184 lucrum,
985 3147 1006 3179 fi
1022 3148 1059 3180 fit

191 3192 224 3225 in
240 3189 381 3222 medium
397 3188 569 3227 collatum,
588 3194 760 3219 commune
775 3186 854 3219 erit:
878 3187 966 3228 quod
977 3189 1063 3221 enim

999 85 1264 123 Noonr
1319 85 1531 123 Coun.

1084 184 1124 206 ex
1140 175 1296 209 maleficio
1314 177 1486 208 contulerit
1511 175 1632 215 socius,
1656 182 1718 209 non
1748 178 1839 210 aliter
1856 180 1953 214 debet

1086 218 1247 256 recipere,
1271 227 1365 258 quam
1384 218 1403 250 [i
1427 219 1593 250 damnatus
1610 217 1655 249 fit.
1680 219 1699 250 fi
1721 220 1815 260 igitur
1834 230 1872 251 ex
1894 221 1958 255 hoe

1086 266 1265 290 conventus
1282 258 1379 290 fuerit
1397 260 1449 299 qui
1462 260 1654 291 maleficium
1672 261 1849 292 admisistid
1869 265 1955 302 quod

1087 299 1241 339 contulit,
1272 309 1325 331 aut
1343 301 1441 332 solum
1454 324 1462 339 ,
1486 309 1538 332 aut
1553 310 1624 332 cum
1643 311 1735 340 poena
1752 302 1883 334 auferet.
1910 304 1958 335 so·-

1087 341 1173 379 lum3
1197 340 1216 371 fi
1244 342 1319 372 mihi
1347 351 1527 382 proponas,
1554 342 1707 374 insciente
1732 343 1817 374 socio
1835 353 1906 375 eum
1924 344 1958 379 in

1088 381 1246 413 societatis
1269 383 1428 415 rationtm
1447 384 1510 415 lioc
1521 383 1801 426 contulzss'ezquod
1824 385 1843 416 si
1860 386 1957 418 scien.

1089 431 1120 452 te
1139 445 1148 460 ‚
1174 424 1267 454 etiam
1294 434 1414 464 poenam
1441 425 1558 456 {ocium
1587 425 1780 465 adgnoscere
1805 434 1956 466 oportet:

1087 472 1211 507 aequum
1236 465 1320 496 enim
1345 465 1409 505 est,
1433 475 1466 498 ut
1491 467 1579 506 cujus
1597 466 1797 506 participavit
1817 469 1957 507 lucrum,

1088 506 1300 546 participet&
1312 507 1469 539 damnum.
1488 517 1548 539 nec
1565 509 1739 548 quidquam
1759 507 1906 547 interest,
1925 518 1957 540 u-

1091 554 1174 576 trum
1192 555 1340 577 manente
1355 548 1572 588 societate‚an
1592 549 1758 587 diii'oluta,
1777 551 1819 580 οἱ)
1838 549 1958 582 furtum

1091 586 1269 627 praestiterit
1287 588 1360 626 l.52.
1378 588 1405 629 §.
1431 598 1474 629 17·
1494 594 1512 620 ι.
1529 600 1637 631 5352.
1656 602 1704 631 55.
1723 591 1878 631 56.&‘57.
1895 592 1957 624 [tt.

1130 629 1238 659 Altera
1257 628 1495 669 praestatlonum
1513 631 1720 667 personalium
1734 643 1801 672 pars
1819 631 1959 664 tonsillis:

1090 678 1131 700 ex
1147 671 1264 700 damno
1282 670 1377 701 rebus
1395 672 1724 704 communibusillato.
1743 684 1800 704 nec
1819 673 1877 704 fuit
1893 682 1959 704 utn-

1091 720 1184 749 quam
1204 709 1437 751 dubium‚quin
1450 712 1527 742 dolo
1539 712 1654 745 facium
1672 714 1865 746 hacaClione
1883 724 1962 754 prae-

1089 752 1201 783 stetur:
1222 752 1296 784 dolo
1315 751 1435 792 semper
1453 753 1543 783 bonae
1556 752 1798 786 fideicontrario
1817 758 1842 786 d.
1866 757 1874 785 l
1905 766 1957 796 52.

1089 792 1118 834 ἓ.
1143 802 1168 824 1.
1189 794 1228 824 de
1246 803 1286 824 eo
1311 793 1474 834 quaesitum
1503 793 1582 831 suit;
1608 803 1709 826 utrum
1729 805 1848 828 tantum
1867 798 1961 828 dolus

1088 835 1119 865 in
1139 834 1221 865 hanc
1235 835 1392 866 actionem
1409 836 1537 875 veniat,
1550 846 1586 866 an
1605 837 1634 867 ὅ(
1654 838 1770 875 culpa?
1790 846 1854 868 crat
1874 839 1962 869 causa

1090 876 1273 908 dubitandi:
1291 878 1378 915 quod
1397 876 1496 907 socius
1516 878 1545 908 in
1566 877 1682 908 socrum
1702 888 1762 909 non
1782 879 1960 918 incideret,
2007 896 2016 921 ..³

1090 916 1142 947 sed
1161 927 1233 948 eum
1253 918 1403 958 eligeret:
1427 918 1610 959 electusque
1627 919 1703 950 ess'et
1721 929 1779 957 pro
1797 928 1885 958 parte
1903 923 1959 951 do-
2002 920 2015 949 ’1

1091 958 1211 993 minus;
1236 960 1285 989 cui
1303 959 1379 990 licet
1401 959 1431 990 in
1452 969 1484 990 re
1504 959 1554 991 sua
1573 960 1634 991 else
1659 962 1885 1002 negligentem.
1909 962 1962 993 sed

1088 999 1145 1029 alia
1169 998 1228 1030 fuit
1253 999 1405 1031 sententia
1430 1000 1511 1032 Celli
1537 1002 1589 1033 lib.
1616 1011 1642 1041 7.
1671 1001 1894 1042 paenorum,
1918 1004 1963 1034 ita

1089 1040 1280 1072 scribentis:
1310 1042 1418 1073 Socios
1448 1043 1531 1073 inter
1556 1042 1585 1073 se
1613 1046 1640 1074 <St
1666 1045 1790 1082 colpam
1817 1044 1961 1084 praestare

1090 1090 1236 1121 oportet:
1261 1083 1289 1113 ὅ(
1309 1082 1391 1114 hane
1410 1083 1494 1114 τεξὶε
1513 1085 1625 1123 probat
1655 1083 1809 1123 Ulpianus
1827 1088 1853 1115 d.
1871 1086 1889 1116 l.
1909 1095 1960 1125 52.

1089 1122 1117 1163 §.
1139 1133 1165 1153 2.
1184 1124 1254 1164 quia
1275 1133 1307 1154 ut
1326 1124 1414 1162 pollit
1441 1126 1509 1162 quis
1528 1125 1589 1156 ess'e
1606 1126 1768 1167 negligens
1788 1128 1816 1157 in
1838 1137 1870 1157 re
1889 1136 1960 1167 pro-

1090 1165 1156 1204 pria
1170 1188 1179 1203 ,
1203 1173 1235 1195 at
1253 1166 1282 1195 in
1301 1166 1401 1196 aliena
1418 1166 1580 1207 negligens
1606 1167 1668 1198 ess'e
1687 1177 1749 1198 non
1768 1169 1884 1199 debet:
1909 1177 1959 1199 res

1090 1213 1194 1236 autem
1214 1206 1392 1237 eommunis
1411 1216 1469 1247 pro
1480 1216 1567 1247 parte
1583 1208 1682 1239 aliena
1699 1209 1755 1240 est.
1770 1208 1891 1240 Demus«
1909 1208 1963 1250 igi-

1091 1254 1141 1277 tur
1163 1246 1276 1284 Celso,
1299 1257 1315 1278 a
1339 1247 1423 1279 socio
1447 1256 1508 1278 tam
1535 1250 1660 1289 culpam
1687 1250 1842 1289 praellari,
1867 1259 1962 1290 quam
1994 1251 1996 1254 ⁴

1091 1288 1210 1318 dolum.
1231 1287 1348 1319 Verum
1370 1298 1463 1329 quam
1483 1290 1630 1330 intelligit
1641 1292 1777 1331 culpam.
1804 1291 1883 1323 scio:
1897 1292 1965 1323 sim-

1092 1329 1384 1373 pliciter'loquutus
1404 1332 1433 1361 in
1446 1332 1471 1360 d.
1491 1330 1518 1371 §.
1537 1341 1564 1362 2.
1590 1332 1640 1362 sed
1665 1333 1819 1364 convenit
1843 1342 1963 1363 naturae

1093 1370 1248 1401 societatis
1265 1372 1301 1402 ad
1320 1372 1482 1410 utriusque
1499 1372 1667 1403 utilitatem
1688 1372 1900 1413 speelantis,a
1918 1373 1962 1404 so.

1095 1412 1146 1442 cio
1165 1420 1286 1443 tantum
1300 1413 1402 1444 levem
1422 1413 1554 1451 praestari
1572 1414 1695 1453 culpam
1708 1439 1715 1448 ,
1729 1425 1789 1445 non
1807 1415 1901 1445 etiam
1921 1416 1964 1445 le-

1094 1452 1254 1483 viffimam.
1278 1453 1317 1484 lic
1336 1453 1501 1485 definitum
1521 1456 1559 1485 ab
1580 1455 1715 1495 Ulpiano
1738 1456 1755 1485 l.
1777 1467 1805 1496 5.
1821 1455 1849 1497 §.
1871 1466 1898 1487 2.
1920 1455 1962 1486 D.

1094 1494 1278 1524 Commoduzi.
1291 1494 1376 1524 &est
1388 1494 1530 1525 rationis:
1547 1497 1693 1535 quoniam
1706 1496 1745 1527 sic
1758 1496 1870 1534 socius,
1890 1506 1962 1535 pro-

1093 1544 1164 1574 pter
1176 1534 1255 1565 suam
1269 1543 1389 1573 partem
1402 1535 1496 1565 habet
1506 1538 1634 1576 gerendi
1646 1537 1779 1567 causam.
1803 1537 1963 1577 prasstabit

1096 1577 1190 1615 igitur
1217 1577 1429 1616 diligentiam,
1453 1586 1517 1607 non
1547 1578 1670 1616 qualem
1696 1578 1966 1618 diligentissimus,

1096 1618 1149 1647 sed
1174 1618 1299 1656 qualem
1331 1617 1464 1658 diligens
1488 1618 1711 1658 paterfamilias
1735 1619 1765 1649 in
1790 1620 1882 1650 rebus
1907 1618 1964 1650 suis

1097 1658 1240 1698 praestat:
1260 1657 1304 1689 uri
1321 1660 1360 1690 de
1378 1658 1540 1689 coherede
1558 1660 1706 1692 traditum
1724 1660 1839 1702 l.25.§.
1855 1664 1899 1690 16.
1915 1661 1962 1692 D.

1096 1700 1196 1730 fiuntd.
1218 1703 1315 1735 emila.
1334 1701 1381 1730 Ac
1406 1699 1578 1732 secundum
1600 1701 1668 1733 haec
1694 1702 1819 1741 accipio
1847 1701 1966 1742 Gajum

1095 1741 1225 1781 l.72.D.
1239 1742 1267 1772 &
1287 1740 1314 1783 §
1334 1751 1363 1778 9.
1382 1739 1455 1781 Inst.
1472 1741 1499 1772 h.
1524 1747 1543 1773 t.
1567 1742 1640 1773 inde
1666 1744 1873 1776 deleriptum:
1898 1744 1966 1783 sup-

1096 1782 1199 1822 pofito
1208 1791 1342 1822 utroque
1353 1783 1382 1813 in
1395 1783 1468 1814 loco
1482 1782 1567 1814 socio
1580 1783 1811 1825 diligentissimo
1823 1785 1892 1825 :qui
1904 1785 1967 1815 ele-

1097 1825 1148 1855 Cto
1168 1822 1252 1854 socio
1269 1831 1391 1855 tantum
1416 1826 1578 1856 communi
1604 1835 1693 1856 more
1712 1827 1883 1867 diligente,
1908 1826 1961 1857 ha-

1095 1866 1151 1896 bet
1173 1866 1303 1905 quidem
1327 1866 1414 1906 quod
1444 1865 1497 1896 fibi
1529 1867 1684 1906 imputet:
1707 1866 1756 1899 scd
1782 1877 1844 1898 non
1870 1876 1964 1908 aeque

1097 1908 1185 1947 quod
1208 1905 1296 1937 socio
1312 1930 1322 1945 ,
1355 1907 1463 1938 saltem
1480 1908 1519 1938 ad
1542 1917 1743 1940 communem
1769 1908 1969 1950 diligentiam

1092 1949 1162 1988 jure
1188 1947 1350 1981 societatis
1375 1948 1527 1988 obligato.
1551 1949 1629 1979 Satis
1656 1950 1695 1980 de
1715 1950 1787 1981 dolo
1803 1951 1832 1981 ἃ
1849 1951 1963 1989 culpa,

1098 1989 1243 2029 locisque
1268 1999 1309 2020 eo
1332 1990 1553 2030 spectantibus.
1576 1990 1629 2021 nili
1653 1991 1723 2030 quis
1742 1999 1828 2031 petat
1844 1991 1963 2031 aliquid

1098 2031 1171 2062 addi
1188 2032 1221 2061 de
1237 2033 1302 2072 tigri
1316 2032 1450 2069 policore;
1473 2032 1567 2069 item,
1593 2032 1668 2071 quid
1685 2032 1736 2070 sit,
1749 2034 1873 2071 pretinm
1889 2033 1964 2062 artis

1099 2071 1137 2112 est
1159 2072 1368 2110 velamentum
1395 2081 1528 2112 quorum
1554 2074 1677 2103 mentio
1695 2075 1724 2104 in
1743 2075 1768 2103 d.
1786 2073 1812 2115 §.
1832 2083 1857 2104 2.
1875 2072 1893 2102 l.
1914 2083 1966 2113 52.

1099 2114 1151 2145 led
1171 2112 1253 2153 prius
1269 2112 1454 2153 explicitum
1471 2114 1633 2154 diligentia
1652 2114 1784 2145 Antonii
1802 2112 1966 2154 Augustini

1096 2156 1144 2186 Ιιί).
1162 2165 1191 2193 4.
1208 2154 1330 2186 Emend.
1347 2165 1371 2185 c.
1387 2164 1414 2191 9.
1432 2154 1586 2194 posterius
1602 2155 1707 2195 attigit
1721 2155 1856 2194 jacobus
1875 2155 1966 2194 Cuja-

1097 2198 1163 2228 cius
1182 2197 1220 2227 ad
1236 2195 1265 2237 §.
1287 2205 1315 2227 2.
1336 2194 1408 2235 Inft.
1425 2197 1452 2227 h.
1471 2203 1491 2226 ῖ.
1510 2195 1560 2227 De
1586 2196 1704 2227 calibus
1724 2196 1861 2228 fortuitis
1878 2196 1966 2236 Ulpi-

1098 2247 1174 2268 anus
1195 2238 1222 2267 d.
1240 2238 1258 2267 t.
1275 2247 1326 2278 52.
1343 2237 1372 2278 §.
1391 2246 1421 2276 3.
1447 2238 1489 2267 ita
1514 2237 1675 2277 loquitur:
1701 2239 1824 2268 Damna
1839 2247 1899 2278 quae
1917 2239 1969 2267 im·

1098 2280 1288 2319 prudentibus
1311 2280 1463 2317 accidunt,
1486 2278 1536 2309 hoc
1558 2277 1595 2318 est
1619 2281 1725 2310 damna
1739 2280 1870 2319 fatalia,
1893 2279 1969 2316 socii

1100 2330 1157 2350 ποη
1180 2327 1326 2359 coguntur
1346 2318 1489 2360 prcestare.
1512 2321 1626 2361 ideoque
1641 2319 1670 2356 fi
1685 2328 1772 2360 pectis
1794 2318 1967 2360 (estimatum

1102 2360 1247 2399 datztmfit
1259 2384 1268 2399 ,
1280 2361 1315 2395 ὃ)
1327 2362 1356 2391 id
1372 2361 1521 2392 latrocinio
1538 2369 1590 2392 (izit
1606 2362 1734 2392 incendio
1746 2363 1878 2401 perierit,
1896 2370 1970 2391 eom-

1100 2412 1185 2434 mzme
1200 2404 1340 2433 damnum
1356 2401 1450 2441 eJt‚st
1467 2402 1539 2433 nibil
1554 2403 1613 2433 dolo
1638 2409 1690 2433 aut
1708 2404 1789 2442 culpa
1812 2403 1967 2439 acciderit,

1101 2445 1163 2485 ejus
1179 2444 1230 2484 qui
1245 2442 1415 2484 aeflimmum
1429 2451 1515 2483 pectis
1531 2446 1676 2484 acceperit.
1694 2442 1804 2484 quodfi
1820 2454 1836 2472 (ι
1848 2443 1970 2479 furibus

1093 2487 1264 2526 subreptum
1273 2483 1315 2522 sit
1329 2507 1337 2523 ‚
1359 2487 1503 2525 proprium
1520 2486 1581 2525 ejus
1605 2486 1804 2515 detrimentum
1821 2484 1876 2524 est:
1899 2485 1969 2524 qnia

1102 2524 1260 2565 custodiam
1280 2524 1417 2567 praestare
1449 2527 1542 2556 debuit
1572 2526 1624 2566 qui
1653 2524 1823 2565 ceslii-natiuit
1852 2527 1970 2562 accepit.

1103 2568 1177 2599 Haec
1195 2567 1367 2608 vercisum,
1393 2566 1491 2606 &pro
1500 2567 1578 2605 chio
1594 2567 1647 2596 eric
1666 2566 1753 2598 attio:
1770 2566 1799 2604 fi
1817 2566 1972 2606 modosoci-

1100 2610 1185 2640 etatis
1202 2609 1399 2640 contrahentur
1418 2608 1503 2647 causa
1514 2609 1656 2648 pascenda
1674 2609 1843 2648 (intusum,
1870 2617 1969 2648 qtzczm-

1100 2652 1146 2681 vis
1154 2648 1300 2690 aestz‘mata.
1319 2649 1353 2681 In
1366 2649 1411 2679 his
1423 2648 1525 2679 verbis
1539 2648 1623 2679 varie
1633 2648 1815 2680 sollicitatur
1828 2648 1948 2679 locutio
1959 2671 1970 2686 ‚

1101 2691 1223 2723 Damna
1236 2701 1298 2732 quas
1322 2691 1549 2730 imprudentibus
1572 2692 1724 2728 accidunt,
1747 2691 1796 2721 boc
1811 2688 1865 2728 est,
1892 2691 1972 2720 dam-

1101 2743 1141 2764 na
1156 2733 1280 2773 fatalia.
1306 2731 1367 2763 Sed
1392 2741 1455 2762 non
1481 2731 1568 2771 piget
1595 2741 1646 2762 me
1671 2730 1789 2762 Gioffie
1814 2730 1971 2768 Accurfii3

1102 2775 1294 2815 imprudentes
1311 2772 1568 2813 interpretantis,
1593 2782 1650 2803 non
1665 2780 1791 2812 potentes
1804 2773 1971 2812 providere.-

1104 2824 1166 2848 nec
1181 2814 1290 2846 abnuit
1305 2814 1466 2854 johannes
1485 2813 1645 2845 Robertus
1663 2815 1710 2844 lib.
1732 2824 1758 2845 2.
1781 2813 1893 2852 Recepi.
1908 2812 1972 2844 leti.
1999 2830 2002 2831 ν

1101 2868 1126 2888 c.
1153 2866 1203 2898 31.
1229 2866 1267 2888 eo
1291 2856 1393 2886 verbo
1417 2855 1580 2896 significari
1599 2856 1712 2894 futura
1735 2857 1975 2896 improvidentes:

1101 2899 1132 2930 &
1147 2905 1262 2929 contra
1279 2896 1332 2938 qui
1350 2907 1386 2927 ea
1413 2897 1626 2937 prospiciunt,
1655 2898 1826 2938 prudentes,
1850 2897 1880 2926 id
1908 2894 1971 2933 est,

1094 2941 1297 2981 providentes,
1318 2937 1479 2978 appellari.
1507 2936 1587 2968 Usus
1606 2938 1658 2969 ille
1674 2937 1862 2969 auCtoritate
1881 2935 1972 2980 Cice-

1100 2980 1186 3014 ronis
1200 3003 1209 3019 ,
1233 2981 1272 3011 ab
1290 2979 1467 3019 hujusmodi
1491 2980 1654 3011 locutione
1679 2989 1742 3010 non
1763 2978 1971 3009 abhorrentis.

1100 3024 1143 3054 At
1167 3031 1228 3054 nec
1252 3021 1346 3053 nostri
1364 3022 1465 3052 abea
1490 3020 1663 3052 abstinent:
1695 3028 1863 3061 negantes,
1887 3015 1973 3062 casus

1102 3062 1256 3096 fortuitos
1274 3064 1409 3095 humana
1435 3062 1585 3100 sapientia
1613 3061 1782 3102 provideri.
1806 3058 1867 3097 ipse
1887 3058 1975 3104 Ulpi-

1101 3115 1178 3137 anus
1193 3105 1212 3136 l.
1231 3114 1259 3136 2.
1274 3104 1303 3146 §.
1321 3114 1350 3145 7.
1368 3104 1410 3135 D.
1428 3106 1461 3134 de
1475 3101 1636 3143 adminiflr.
1652 3113 1706 3134 rer.
1724 3103 1761 3132 ad
1770 3101 1850 3130 civit.
1865 3105 1974 3138 pertin.

1104 3146 1267 3185 Fortuitos,
1280 3146 1403 3185 inquit,
1420 3146 1503 3182 casias
1519 3145 1632 3176 nullum
1651 3145 1809 3174 humanum
1827 3138 1979 3177 confilium-

1099 3190 1253 3230 providere
1265 3185 1368 3230 potest.
1386 3186 1539 3221 Similiter
1547 3184 1729 3220 Alexander
1737 3182 1757 3214 ἰ.
1768 3185 1798 3215 6.
1810 3181 1842 3214 C.
1852 3182 1975 3253 depae&
