2036 3495
166 156 244 200 {1116
591 143 624 183 G
654 157 674 182 ε
709 156 730 180 i<
763 154 782 180 A
816 155 837 179 r.
871 154 895 179 r>
930 146 944 177 t

176 251 228 275 tui·
243 242 378 281 Praetor,
402 249 451 273 res
468 242 590 270 amotas
611 233 673 266 esse
692 243 758 265 non
779 228 1045 278 simpliciter,sed

172 283 370 325 *cogitatione
386 279 510 314 divortii
521 276 603 316 ,five
619 275 663 307 ob
680 275 802 310 causam
818 272 947 309 divortii
958 272 1046 312 quod

177 334 283 357 animo
298 324 400 354 volvit
412 345 421 360 ,
445 321 475 351 ὅ(
493 320 585 349 rebus
600 317 716 349 amotis
730 315 823 347 fecit.
868 313 940 346 Hac
954 313 1046 344 ratio·

170 368 219 398 'ne
235 366 350 397 dicitur
371 363 438 393 haec
453 360 536 392 actio
559 358 634 391 oriri
651 367 692 390 ex
714 355 855 389 divortio
879 362 1001 386 tantum
1024 354 1044 385 l.

179 407 234 439 ult.
252 405 294 436 D.
316 404 349 434 de
367 404 473 434 divort.
491 397 528 436 δ’
549 399 648 441 τεραιί.
673 399 769 437 etiam
791 404 981 435 ‘competere
1005 395 1048 426 di-

173 443 376 478 ‘vortii'causa
391 443 410 474 l.
433 452 478 483 17.
500 443 549 484 D.⁵
563 438 591 473 h.
611 447 633 472 t.
677 436 723 471 Ut
747 448 851 471 tamen
869 438 960 470 latius
978 435 1047 471 ‚ser-

178 490 227 529 pit
243 485 466 526 interpretatio
484 489 677 524 provocante
696 480 964 521 aequitate‚datur
980 477 1049 508 haec

177 529 260 560 aetio
275 528 371 559 etiam
387 526 431 558 ob
446 533 496 557 res
511 533 528 555 a
546 530 643 562 nupta
665 530 786 554 amotas
803 545 812 560 ,
834 520 854 552 si
880 529 951 557 eas,
975 527 1049 549 cum

178 568 355 602 discederet
369 590 380 607 ,
403 566 520 598 celavit
541 566 570 596 d.
589 564 606 596 l.
627 573 674 604 17.
697 564 725 605 §.
746 573 772 595 1.
796 561 879 602 quafi
904 561 1050 592 videatur

177 611 235 642 has
252 610 369 648 etiam,
389 610 463 639 'cum
481 605 619 644 celavit,
642 602 870 641 conti-coatia,
895 603 924 633 ἂ
942 603 1047 632 divor-

170 652 213 684 *tii
231 650 319 683 causa
336 648 489 682 amovisse
502 671 512 686 ,
535 656 611 688 quas
625 646 738 678 marito
758 644 885 677 divortii
905 642 1051 682 ternpore

177 696 243 725 hon
269 690 417 724 reddidit.
439 688 666 726 nihilominus,
690 687 761 727 quia
785 686 823 717 ab
844 684 936 716 initio
960 684 1051 714 aliam

180 733 291 766 habuit
310 732 480 764 amovendi
500 728 641 765 causam,
663 730 761 768 magis
783 727 828 757 est
848 726 906 757 hac
929 725 960 756 in
984 723 1051 764 spe-

177 776 251 814 cie,
275 782 310 806 ut
332 774 368 806 sit
392 771 473 804 utilis
491 779 584 811 quarn
608 768 724 801 diretta
750 776 853 799 rerum
873 773 1052 798 amotarum

179 817 264 850 ‘aerio
280 822 343 856 arg.
358 816 386 845 tl.
410 814 429 844 l.
453 814 502 843 21.
546 807 689 851 Oportet
705 809 799 851 igitur
816 819 864 841 res
888 807 1053 844 constante

179 856 384 891 inatrirnonio
407 853 467 885 esse
477 857 598 884 amoras
608 874 617 889 ‚
628 850 680 882 sed
697 849 827 882 divortii
837 848 933 880 causa.
944 848 1032 891 Quid
1043 864 1054 887 3

179 900 201 931 fi
220 897 330 930 mulier
347 895 458 928 mortis
476 894 565 925 causa
580 895 631 925 res
648 891 954 929 amoverit‚deinde
971 899 1053 921 iiior-

181 949 254 972 tuus
270 938 305 970 sit
326 935 623 974 maritusPJulianus
638 931 657 965 l.
675 943 722 965 22.
745 932 774 974 §.
796 930 822 963 i.
846 933 931 964 I).b.
948 936 970 961 ι.
988 939 1053 961 non

178 980 325 1021 indulget
340 978 419 1009 hanc
435 975 613 1008 astionem&
636 974 687 1006 sed
705 973 909 1011 hereditatis,
932 972 1053 1010 inquit,

178 1022 341 1064 petitione
373 1020 424 1051 vel
447 1016 573 1050 actione
596 1016 635 1048 ad
659 1012 876 1047 exhibendum
900 1011 1053 1052 consequi

179 1063 302 1105 poterit
312 1062 404 1092 heres
419 1060 453 1092 id
467 1060 554 1100 quod
572 1065 712 1090 ainotuin
728 1055 782 1088 est.
823 1054 991 1092 Similiter,
1011 1054 1054 1084 in-

181 1105 253 1146 quit
277 1103 390 1135 Paulus
410 1101 429 1133 l.
447 1105 476 1133 6.
493 1100 523 1143 ᾗ.
547 1100 603 1132 ult.
629 1099 676 1130 D.
698 1099 727 1129 cl.
744 1103 767 1129 t.
788 1096 810 1129 fi
833 1104 961 1128 mortuo
984 1093 1053 1125 viro

179 1144 294 1182 mulier
310 1153 360 1176 res
375 1142 553 1181 amoveritg
569 1140 624 1173 au't
642 1131 795 1171 vindicari
815 1143 986 1178 poterunt,
1001 1134 1055 1166 aut

181 1185 214 1219 in
232 1185 418 1217 hereditatis
433 1181 626 1225 petitionem
642 1180 786 1212 venierit.
821 1170 868 1210 lta
886 1177 1054 1218 plurimum

180 1226 310 1261 interest
321 1249 331 1266 ‚
354 1234 459 1258 utrum
475 1225 589 1257 mulier
606 1222 683 1264 quid
698 1222 845 1253 amoveat
857 1218 985 1251 divortii
997 1226 1055 1257 ‚an

181 1269 297 1303 mortis
312 1268 417 1300 causat
444 1268 515 1298 nain
540 1264 562 1298 fi
587 1263 716 1297 'divortii
733 1261 822 1294 causa
840 1261 915 1301 quid
932 1258 1055 1298 aufert,

181 1311 288 1357 yoluit
307 1309 421 1341 marito
444 1306 567 1339 furtu'rn
591 1304 718 1343 facere,
742 1303 876 1345 spolians
903 1309 976 1332 eum
999 1299 1055 1332 ini-

183 1394 265 1425 fecit
281 1392 396 1424 marito
412 1389 534 1421 furtum
550 1398 557 1420 :
579 1387 651 1429 quia
667 1387 729 1418 hoc
745 1395 808 1418 non
826 1385 880 1424 fit,
904 1380 957 1414 nili
972 1382 1054 1414 frau-

184 1432 294 1467 duiosa
318 1429 591 1464 contrectatione:
615 1437 684 1469 quae
702 1436 770 1459 non
793 1424 934 1466 est‚„nifi
953 1424 989 1456 sit
1002 1423 1056 1464 qui

183 1476 263 1508 velit
278 1472 420 1505 fraudem
437 1471 566 1509 facere,
590 1469 620 1501 ἃ
635 1468 671 1500 fit
686 1468 738 1499 cui
754 1467 840 1499 fraus
856 1464 921 1497 fiat.
940 1466 970 1497 iii
987 1467 1057 1506 prd-

183 1518 288 1559 posito
311 1514 419 1545 autem
445 1521 509 1544 non
537 1510 640 1542 voluit
663 1508 776 1541 mulier
798 1507 911 1540 marito
936 1506 1057 1538 furtum

182 1558 314 1594 facere3
335 1554 354 1587 si
374 1561 440 1585 no'n
464 1552 570 1584 fuiss'et
594 1550 776 1584 moriturus.
798 1551 883 1587 iiiio,
906 1547 928 1580 fi
953 1555 1056 1588 putas·

181 1600 230 1631 set
247 1598 399 1629 victurum
412 1618 422 1634 ,
445 1604 507 1626 non
523 1590 685 1626 arnoviss'et
700 1591 729 1623 ei
747 1590 930 1632 quidquam.
945 1598 975 1621 at
996 1588 1058 1621 nee

182 1639 264 1673 fecit
289 1635 455 1670 hereditati
478 1635 619 1673 furtum,
643 1633 717 1674 quia
742 1632 828 1664 'nulla
854 1633 937 1663 erat:
969 1639 1006 1662 ac
1034 1626 1057 1661 fi

181 1680 288 1714 fuiffet
303 1678 423 1720 aliqua,
439 1676 609 1709 hereditati
628 1684 693 1707 non
709 1673 746 1706 fit
760 1673 890 1706 furtum.
914 1669 957 1704 At
972 1671 1056 1703 euim

184 1722 299 1755 Paulus
315 1721 334 1751 l.
350 1729 400 1752 21.
423 1718 514 1753 D.,h.
531 1724 552 1749 ι.
575 1717 625 1755 Si,
648 1715 771 1756 inquit,
800 1714 920 1752 mulier,
944 1723 1008 1744 cum
1025 1714 1058 1744 de

186 1765 248 1796 viri
263 1764 329 1805 vita
353 1758 536 1802 despera-Uet,
551 1756 696 1800 subreptis
718 1756 890 1798 quibusdam
911 1756 994 1785 rebus
1016 1755 1059 1784 ‹ii-

188 1804 318 1845 vortiffet
329 1813 338 1835 .·
351 1800 380 1841 fi
396 1799 576 1833 convaluerit
592 1800 660 1837 vir,
680 1799 761 1830 utilis
776 1797 873 1828 rerum
896 1796 1058 1827 amotarum

184 1846 260 1879 aetio
275 1847 299 1877 ei
315 1845 414 1876 danda
429 1840 479 1883 est.
521 1841 584 1874 Sed
607 1841 652 1873 est
674 1839 796 1880 species
814 1838 890 1876 alia,
913 1845 1008 1876 quarn
1025 1837 1057 1867 in

185 1885 417 1929 superioribus:
441 1892 561 1916 namin
584 1883 614 1914 d.
641 1882 661 1913 l.
681 1885 711 1913 6.
735 1880 765 1922 §.
785 1880 837 1911 ult.
864 1877 1059 1920 proponitur

184 1929 300 1961 mulier
316 1926 392 1967 quid
409 1924 560 1957 amovisse
582 1924 649 1955 viro
666 1930 808 1954 mortuo:
830 1920 861 1952 &
875 1920 905 1951 in
924 1921 953 1951 d.
971 1919 990 1950 l.
1008 1923 1057 1950 22.

185 1970 217 2013 ᾗ.
241 1969 295 2001 uir.
317 1967 440 2000 amovit
464 1965 593 2007 quidem
617 1965 687 1996 viro
717 1962 795 1994 vivo
817 1961 927 1993 mortis
949 1959 1059 1999 causa,

186 2012 240 2044 i'ed
264 2011 293 2042 ei
319 2009 373 2050 qui
399 2008 517 2040 deinde
538 2006 599 2039 fuit
623 2004 779 2038 mortuus.
803 2011 834 2035 at
857 2003 887 2033 in
911 2002 939 2032 d.
962 2002 980 2032 l.
1008 2010 1057 2033 21.

186 2054 335 2085 neutrum
351 2049 478 2082 incidit:
502 2056 612 2080 contra
624 2047 741 2079 dicitur
754 2043 945 2076 convaluiffe
963 2043 1008 2074 vir
1019 2044 1059 2074 de

199 2096 253 2126 'uo
270 2093 489 2133 desperaverat
503 2088 675 2126 mulier,&
692 2087 808 2118 deinde
825 2086 996 2116 divortium
1014 2094 1060 2116 es-

201 2146 218 2167 e
247 2134 386 2167 factum:
419 2131 569 2171 recteque
596 2131 640 2161 ait
664 2129 777 2161 Paulus
794 2151 803 2166 ,
829 2125 856 2164 fi
880 2126 1060 2157 convaluerit

187 2178 254 2215 vir,
278 2175 360 2208 utilis
376 2182 473 2205 rerum
488 2178 650 2207 amotarum
666 2169 742 2201 attio
766 2170 791 2200 ei
813 2169 910 2200 danda
931 2165 979 2206 est.
1003 2167 1060 2197 uti-

188 2218 225 2250 lis
240 2241 249 2257 ,
273 2219 421 2256 inquam,
444 2215 517 2255 quia
532 2212 587 2245 etfi
604 2222 656 2244 eas
671 2211 710 2242 ab
734 2209 826 2242 initio
850 2218 915 2240 non
938 2208 1061 2239 amovit

191 2259 321 2291 divortii
339 2256 445 2289 causa:
471 2257 577 2287 tamen
594 2263 646 2286 eas
669 2255 817 2293 tempore
842 2250 973 2282 divortii
996 2258 1059 2281 ma·

190 2300 252 2332 rito
266 2309 330 2331 non
347 2297 494 2331 restituit,
952 2321 954 2324 ,

232 2341 335 2373 Datur
358 2339 452 2381 igitur
477 2336 558 2370 actio·
582 2336 687 2368 rei-um
714 2336 887 2366 amotarum
903 2355 913 2371 ,
935 2330 957 2364 si
980 2338 1062 2362 uxor

190 2390 241 2415 res
256 2381 376 2419 mariti,
399 2388 452 2411 aut
468 2379 598 2411 maritus
620 2386 669 2408 res
692 2375 801 2408 uxoris
824 2373 951 2407 divortii
975 2372 1064 2404 causa

190 2423 327 2461 amovit,
349 2420 379 2454 ἃ
397 2420 572 2453 divortium
589 2418 661 2459 post
677 2418 721 2449 est
738 2417 890 2448 secutum.
933 2414 997 2445 Res
1015 2423 1064 2445 au-

194 2473 261 2496 tern
276 2465 376 2495 mariti
392 2471 446 2494 aut
463 2461 570 2494 uxoris
586 2466 682 2491 vocat
700 2458 838 2496 Praetor,
861 2460 991 2498 quarum
1009 2457 1064 2486 do-

198 2505 330 2539 r'ninium
348 2505 477 2535 maritus
494 2511 547 2535 aut
563 2505 644 2533 uxor
669 2500 782 2531 habet:
808 2498 855 2530 bae
877 2498 962 2529 enirn
990 2506 1065 2527 vere

194 2548 267 2579 sunt
284 2545 388 2586 ipfius.
410 2545 494 2576 idem
513 2552 617 2575 tamen
629 2565 638 2581 ‚
661 2541 681 2573 fi
701 2548 778 2581 quas
795 2541 881 2571 bona
897 2539 961 2571 fide
979 2537 1065 2579 poffi-

195 2589 267 2620 det:
289 2595 361 2618 nam
379 2587 427 2617 vel
448 2587 495 2617 hae
511 2585 577 2625 ejus
601 2583 757 2615 habentur
776 2582 796 2613 l.
819 2591 867 2613 20.
894 2581 940 2612 D.
957 2580 984 2611 b.
1003 2587 1022 2610 t.
1045 2578 1066 2610 fi

193 2638 259 2662 non
274 2628 343 2669 jure
360 2626 465 2664 civili,
488 2635 518 2657 at
535 2627 603 2666 jure
626 2624 787 2656 Praetor'io.
813 2618 884 2662 plus
898 2622 1021 2659 dicam,
1044 2618 1065 2651 fi

192 2673 274 2703 u'xor
292 2670 441 2700 amoveat
458 2675 506 2699 res
524 2667 639 2698 marito
660 2664 783 2706 pignori
800 2663 909 2701 datas,
934 2662 998 2692 hoc
1018 2664 1065 2700 ju-

193 2714 279 2744 dicio
303 2707 404 2741 teneri
430 2707 448 2737 l.
469 2711 513 2746 i7.
536 2708 565 2749 §.
583 2717 611 2749 3.
636 2704 677 2738 D.
695 2708 722 2736 d.
746 2711 768 2736 c.
811 2704 885 2746 Qua
914 2702 1065 2734 ratione?

194 2754 318 2794 optima
342 2749 419 2788 hac,
440 2756 533 2786 quarn
558 2748 653 2779 habet
680 2744 834 2788 Ulpianus
858 2746 876 2776 l.
893 2755 943 2783 49.
964 2744 1009 2775 D.
1033 2745 1066 2773 de

193 2795 271 2826 verb.
284 2790 391 2833 fignif.
433 2787 646 2827 Naturaliter,
670 2788 836 2829 inquiens,
861 2785 945 2818 b'ona
962 2795 1003 2817 ex
1027 2794 1067 2815 eo

195 2837 364 2868 dicuntur:
389 2831 475 2872 quod
493 2830 607 2866 beant,
630 2830 694 2860 hoc
712 2829 779 2867 est,
802 2828 913 2859 beatos
929 2825 1067 2858 faciunt:

194 2878 292 2909 beare
307 2873 352 2906 est
369 2869 524 2913 prodesse.
547 2870 578 2900 in
603 2870 693 2901 bonis
715 2879 821 2902 autern
844 2868 958 2901 nostris
982 2877 1068 2899 corn·

194 2917 296 2959 putari
315 2913 474 2947 sciendum
491 2910 557 2950 est,
579 2919 644 2941 non
661 2910 759 2943 solum
776 2920 846 2950 quae
865 2908 997 2941 dominii
1016 2918 1069 2940 no-

195 2959 248 2991 stri
265 2956 334 2988 sunt
345 2954 417 2994 ‚sed
433 2953 463 2985 &
480 2952 500 2984 fi
515 2953 599 2984 bona
616 2949 679 2981 fide
695 2960 711 2980 a
730 2952 822 2983 nobis
833 2948 1067 2991 poffideantur,

196 3001 248 3031 vel
263 2995 474 3039 superficiaria
490 2992 559 3025 sint.
583 2999 673 3032 aeque
689 2990 779 3023 bonis
794 2991 1070 3030 annumerabitur,

197 3040 292 3072 etiam
302 3039 322 3070 fi
337 3038 414 3078 quid
424 3034 506 3067 estin
518 3032 711 3077 actionibus,
723 3033 928 3071 petitionibus
939 3056 949 3071 ,
968 3025 1070 3072 perse-

198 3079 380 3112 cutionibus
390 3089 397 3110 :
408 3086 478 3109 nam
489 3076 556 3107 haec
568 3076 673 3106 omnia
688 3073 718 3104 in
728 3072 821 3104 bonis
838 3074 899 3105 effe
911 3074 1069 3106 videntur.

198 3122 318 3158 Plane,
340 3119 361 3151 si
376 3128 458 3151 uxor
473 3124 538 3149 rem
556 3115 614 3148 viri
635 3114 664 3146 ei
691 3114 742 3145 cui
764 3122 833 3145 earn
858 3115 905 3144 vir
927 3116 1071 3146 cornino-

200 3163 328 3195 daverat
344 3183 354 3198 ,
382 3158 594 3199 subripuerit,
625 3157 714 3195 isque
738 3161 917 3186 conventus
940 3155 999 3186 fit:
1026 3156 1071 3187 ait

197 3203 328 3240 Paulus,
352 3200 532 3231 habitururn
549 3207 622 3230 eum
639 3195 717 3228 furti
731 3195 888 3228 afflonem
900 3217 910 3233 ,
925 3198 1068 3234 quamvis

197 3244 245 3277 vir
260 3242 378 3276 habere
393 3249 458 3274 non
472 3240 578 3282 poffit.
595 3240 615 3274 l·
630 3243 682 3275 28.
706 3238 755 3272 D.
770 3236 800 3270 h.
816 3242 839 3270 t.
860 3244 922 3270 nee
937 3234 982 3269 est
999 3236 1067 3269 hate

182 1352 267 1385 mico
283 1351 405 1382 animo:
422 1354 454 1380 at
471 1348 491 1380 si
506 1347 618 1380 mortis
635 1345 726 1377 causa
744 1344 819 1386 quid
836 1341 1055 1375 amovittnon
1100 1371 1103 1374 .

1002 139 1261 176 Noonr
1315 138 1526 178 C‘oiiiit.

1087 228 1175 262 Pauli
1193 226 1336 277 definitio
1352 239 1371 261 a
1391 229 1564 270 justiniano
1581 234 1701 265 'mutata
1725 233 1747 266 l.
1767 234 1821 266 ult.
1846 228 1876 276 ς.
1901 233 1957 269 ‘ulii

1089 269 1122 301 C.
1139 270 1172 315 de
1180 270 1286 309 surtzs.
1304 270 1373 318 sunt
1387 272 1472 303 enini
1488 272 1617 304 diversae
1636 276 1799 316 utriusque
1817 275 1956 316 species,

1088 311 1118 355 ot
1140 310 1269 350 diversa:
1285 320 1426 344 rationes
1442 325 1451 345 z
1476 321 1510 347 ut
1527 314 1610 345 bene
1625 316 1847 348 animadvertit
1866 317 1958 349 Fran·

1090 350 1190 398 ciscus
1206 351 1397 399 Ragnuellus,
1419 355 1457 385 ad
1473 353 1592 395 Conflit.
1609 355 1646 390 δέ)
1669 358 1770 397 Decifi
1792 348 1961 399 Justiniantl

1091 403 1123 424 in
1142 393 1343 438 expositione
1357 396 1386 426 d.
1410 395 1430 427 l.
1447 396 1499 427 ult.
1526 407 1563 428 an
1588 399 1700 429 mutari
1720 400 1759 431 ab
1783 399 1959 439 Imperato-

1091 444 1126 465 re
1150 434 1322 481 debuerit,
1351 437 1438 476 quod
1464 437 1559 470 visum
1586 437 1751 472 Francisco
1778 440 1959 480 Balduino3

1090 472 1261 521 Justzmario
1272 482 1429 524 pag-1338.
1452 479 1509 512 alia
1527 480 1656 520 quaestio
1673 480 1729 512 est.

1092 554 1094 558 ¹
1131 517 1332 548 Proinittitur
1346 527 1440 558 igitur
1456 529 1472 550 a
1495 519 1634 552 Praetore
1649 521 1733 553 aetio
1748 530 1852 554 rerum
1876 532 1963 554 arno-

1092 564 1214 604 taium,
1237 557 1257 589 si
1277 567 1357 589 uxor
1375 569 1422 592 res
1438 562 1560 599 mariti,
1584 571 1638 593 aut
1661 565 1789 595 maritus
1812 573 1862 596 res
1885 573 1962 595 uxo·

1092 608 1134 645 ris
1147 621 1157 637 ‚
1180 598 1345 630 constante
1362 602 1567 634 matrimonio
1583 604 1713 636 divortii
1730 604 1819 636 causa
1833 615 1964 637 amove·

1093 647 1160 678 rit;
1191 649 1251 686 nec
1277 648 1382 671 tamen
1407 642 1516 680 aliter,
1543 652 1636 683 quam
1665 645 1772 677 secuto
1799 645 1963 678 divortio:

1093 690 1166 712 nam
1192 681 1223 712 id
1248 680 1406 720 postulare
1430 682 1623 724 Praetorem,
1654 694 1777 719 tantum
1797 690 1885 728 quod
1911 690 1964 718 de-

1094 721 1302 768 monstratum
1321 721 1366 753 est
1390 732 1430 753 ex
1460 723 1478 754 1.
1501 734 1550 764 25.
1576 725 1623 757 D.
1648 726 1678 758 h.
1704 733 1725 758 t.
1746 728 1863 767 idque,
1894 728 1964 768 opi-

1096 772 1154 811 nor
1165 785 1182 807 ‚.
1197 764 1377 810 indigitavit
1400 764 1553 805 Ulpianus
1580 766 1599 796 l.
1623 775 1669 799 11.
1692 769 1718 799 d.
1737 774 1758 799 t.
1783 769 1964 810 Marcellur,

1095 813 1243 844 inquiens
1259 827 1269 842 ‚
1291 804 1339 835 lzh.
1357 809 1393 853 8..
1412 804 1732 848 Digestorumseribit,
1749 810 1818 841 Sive
1831 813 1880 842 vir
1894 821 1966 842 uxo·

1095 855 1173 884 rem,
1189 843 1254 883 stve
1268 852 1343 877 uxor
1359 855 1459 877 virum
1477 849 1555 879 domo
1574 849 1704 890 expulit,
1728 849 1765 884 ὅ)
1786 860 1831 881 res
1854 862 1967 883 anwve-

1096 893 1190 923 rimu
1213 896 1309 934 rerum
1324 894 1485 919 amotarum
1501 890 1600 921 teneri.
1643 889 1727 923 Nam
1746 900 1819 923 cum
1835 891 1897 931 ait,
1919 896 1967 923 clo-

1096 938 1139 959 mo
1162 928 1299 974 exprim,
1322 927 1476 975 fignificat
1499 931 1697 971 divortium,
1720 932 1904 973 expulsione
1926 934 1967 964 de

1097 970 1196 1000 domo
1217 968 1437 1017 fierivsoliturn.
1460 969 1678 1006 Tertullianus
1693 974 1870 1016 Apologetic.
1888 985 1913 1005 c.
1933 985 1965 1015 3-

1091 1017 1124 1051 p.
1141 1018 1191 1049 40.
1217 1009 1349 1058 *Uqcorem
1359 1021 1423 1059 jam
1436 1013 1570 1053 pudicam
1586 1016 1727 1054 maritus,
1740 1015 1806 1056 jam
1819 1014 1968 1047 nunZezo-

1096 1057 1181 1098 typus
1196 1057 1288 1098 ejecit.
1305 1051 1453 1100 Apuleius
1467 1054 1514 1085 lib.
1532 1064 1562 1091 9.
1574 1054 1766 1096 Metamorpb.
1783 1055 1880 1098 Pistor
1893 1067 1969 1088 nun-

1095 1103 1172 1139 cium
1190 1091 1405 1140 remzfituxo'n,
1417 1103 1536 1140 euinque
1543 1097 1681 1137 protinus
1696 1098 1732 1128 d‘e
1741 1098 1803 1137 sau
1815 1100 1968 1138 proturba·

1095 1140 1141 1165 vit
1156 1134 1244 1165 domo.
1285 1133 1327 1165 Et
1343 1134 1437 1175 221725·
1460 1146 1491 1167 in
1507 1137 1650 1169 divortio
1670 1137 1838 1179 Cupidinis
1854 1139 1883 1170 ἀ
1894 1139 1968 1175 Psv-

1097 1173 1174 1206 ches
1187 1175 1246 1222 ,Ef
1255 1173 1360 1216 statim
1377 1174 1507 1218 Zephyro
1519 1181 1668 1220 praecipit,
1690 1180 1770 1212 ultra
1778 1182 1911 1212 terminos
1927 1183 1971 1212 me
2019 1205 2025 1213 .

1097 1218 1195 1264 domur
1210 1226 1272 1258 ejus
1286 1215 1409 1264 afflaret.
1455 1218 1604 1255 Libertus
1623 1221 1663 1252 de
1679 1230 1768 1253 more
1786 1221 1905 1254 faciens
1922 1222 1968 1253 di-

1098 1266 1259 1297 vortium,
1282 1259 1323 1290 fic
1337 1267 1381 1291 ait
1398 1260 1481 1301 apud
1495 1260 1681 1334 luiz-{nalem
1691 1268 1750 1303 Jat.
1768 1266 1797 1294 6.
1814 1265 1886 1304 very.
1903 1267 1970 1304 ¹46-

1207 1334 1211 1337 .
1573 1313 1604 1334 xz

1134 1381 1140 1385 ῃ
1204 1340 1323 1381 chyus,
1345 1340 1382 1375 ὅ)
1394 1347 1525 1383 propera.
1550 1362 1635 1367 ——-

1097 1375 1194 1428 Igitur
1218 1390 1253 1413 ut
1276 1382 1422 1419 obtineat
1447 1393 1552 1416 rerum
1576 1383 1751 1417 amotarum
1776 1385 1879 1424 attio,
1902 1383 1969 1417 nori

1100 1423 1160 1454 fuit
1186 1422 1502 1469 contentus'Praetor
1531 1425 1740 1464 desiderasse,
1772 1436 1837 1458 rem
1864 1425 1967 1458 mai-iti

1100 1463 1265 1510 constante
1281 1465 1486 1497 matrimonio
1504 1466 1543 1497 ab
1560 1477 1660 1498 uxore
1678 1475 1815 1498 amotam
1833 1467 1895 1499 ess'e
1919 1467 1967 1498 di-

1100 1513 1193 1536 vortii
1209 1503 1318 1550 causa-z
1342 1504 1396 1551 sed
1412 1505 1475 1537 hoe
1492 1507 1626 1547 amplius
1645 1509 1732 1545 vult,
1748 1509 1864 1539 deinde
1882 1508 1969 1540 secus⁵

1101 1553 1168 1577 tum
1194 1544 1256 1590 effe
1279 1546 1465 1578 divortium.
1487 1549 1628 1588 alioquin
1654 1548 1676 1580 fi
1708 1548 1740 1580 in
1763 1549 1969 1580 matrimonio

1100 1591 1150 1619 res
1174 1585 1386 1629 subtraxerit:
1408 1597 1504 1632 negat
1519 1588 1703 1621 Marcianue
1720 1590 1836 1620 marito
1859 1590 1972 1621 adver-

1100 1629 1148 1659 sus
1173 1637 1308 1659 uxorem
1329 1637 1516 1676 competere
1543 1638 1647 1662 rerum
1672 1638 1850 1662 amotarum
1875 1629 1972 1662 aCtio-

1100 1679 1195 1712 nem„
1209 1676 1331 1716 tanturn
1358 1677 1494 1711 patitur,
1518 1676 1590 1703 eum
1609 1670 1688 1712 ipsas
1711 1681 1762 1703 res
1778 1672 1970 1703 condicere:

1100 1711 1262 1758 causatuS,
1281 1720 1349 1751 jure
1363 1712 1502 1745 ⁴1entium
1520 1713 1649 1745 condiei
1674 1712 1761 1753 poffe
1784 1721 1832 1745 res
1859 1714 1898 1744 ab
1921 1711 1972 1746 his

1100 1761 1155 1794 qui
1180 1761 1247 1783 non
1264 1761 1306 1784 ex
1320 1735 1399 1793 iuffa
1421 1754 1510 1785 causa
1534 1755 1691 1794 poffident
1713 1754 1732 1785 l.
1755 1761 1806 1793 2'5.
1831 1754 1878 1785 D.
1897 1754 1924 1784 b.
1949 1759 1971 1785 t.

1101 1793 1148 1840 lta
1170 1792 1336 1839 constante
1352 1795 1558 1828 matrimonio·
1574 1805 1679 1828 rerum
1695 1802 1872 1827 amotarum
1887 1794 1973 1826 aetio

1100 1844 1133 1880 in
1151 1834 1389 1881 condictionem
1407 1835 1469 1881 sine
1487 1837 1596 1876 eausa,
1620 1837 1670 1868 vel
1687 1837 1772 1877 quod
1789 1836 1905 1868 eodem
1924 1846 1976 1867 re-

1100 1873 1165 1921 dit,
1188 1885 1219 1907 in
1238 1877 1396 1908 actionem
1413 1886 1445 1909 in
1465 1877 1582 1919 fafturn
1600 1876 1819 1917 convertitur,
1841 1876 1974 1918 propter

1100 1925 1256 1959 rationem
1275 1918 1441 1964 adductam
1463 1920 1495 1950 in
1517 1920 1580 1957 1.,2.
1603 1920 1635 1951 C.
1653 1920 1713 1950 d.t.
1737 1920 1776 1950 de
1796 1927 1857 1960 qua
1873 1919 1970 1960 paulo

1100 1958 1180 2005 post..
1203 1957 1331 2006 lutei-im
1350 1959 1521 1993 secundum
1538 1960 1607 1992 hzcc
1624 1959 1807 1998 accipienda
1823 1960 1867 1991 est
1889 1969 1974 1991 nova

1100 1995 1261 2048 justiniani
1286 1999 1404 2039 decifio
1426 2002 1445 2033 l.
1470 2003 1523 2037 ult.
1548 2002 1575 2045 §.
1593 2001 1649 2033 ult.
1674 2001 1709 2033 C.
1732 2003 1766 2033 de
1781 2001 1903 2037 furtis:
1934 2009 1970 2032 ut

1101 2044 1144 2074 ibi
1162 2042 1245 2072 bene
1263 2041 1443 2073 observavit
1461 2042 1636 2075 Accurfius.
1704 2072 1706 2076 .

1144 2082 1247 2125 Porro
1263 2086 1308 2115 ait
1329 2083 1468 2125 Praetor,
1492 2084 1643 2116 Αέῖἰοηετη
1659 2084 1755 2117 dabo..
1783 2082 1864 2116 Haec
1886 2083 1970 2114 actio

1102 2134 1210 2171 rerum¹
1225 2133 1401 2171 amotarum
1420 2124 1552 2157 voeatui·
1577 2135 1593 2155 a
1612 2125 1719 2166 primis
1733 2123 1832 2156 Edisti
1850 2123 1975 2162 verbiss·

1103 2166 1212 2206 estque
1228 2174 1258 2197 in
1276 2165 1458 2211 personam:
1481 2168 1625 2207 pendens
1642 2169 1761 2207 quippe
1778 2175 1794 2197 a
1809 2165 1917 2204 furto,
1940 2165 1973 2197 id

1103 2207 1171 2244 est,
1194 2205 1233 2238 ab
1252 2207 1450 2249 obligatione
1473 2208 1515 2239 eit
1539 2207 1674 2239 delicto:
1696 2210 1809 2248 eadem
1833 2207 1916 2239 aftio
1939 2206 1972 2238 in

1100 2249 1120 2279 l.
1146 2252 1194 2280 26.
1221 2249 1265 2280 D.
1291 2249 1318 2280 b.
1345 2256 1366 2280 ε.
1391 2249 1567 2289 appellatur
1597 2248 1784 2286 condisti03
1815 2248 1845 2280 ὅ(
1873 2245 1918 2280 est
1939 2248 1975 2279 in

1102 2290 1261 2330 simplum:
1277 2290 1362 2336 'licet
1378 2290 1515 2330 alioquin
1536 2290 1588 2322 sur
1602 2290 1633 2322 in
1655 2290 1883 2331 quadruplum,
1919 2287 1970 2318 adi

1103 2333 1146 2363 do
1163 2354 1172 2370 ,
1202 2332 1252 2363 vel
1276 2341 1306 2362 iii
1323 2332 1481 2377 duplum,
1511 2333 1746 2363 condemnetur
1762 2354 1772 2370 ,
1801 2328 1969 2361 secundum

1107 2373 1230 2413 regulas
1253 2371 1329 2412 furti
1353 2373 1511 2405 manifesti
1535 2381 1589 2404 aut
1615 2370 1870 2407 neemanifesti:
1892 2377 1972 2408 quo-

1107 2413 1208 2446 modo
1220 2413 1385 2458 Russardus
1403 2413 1498 2446 Notis
1515 2413 1736 2454 marginalibus
1749 2410 1874 2451 accepit
1890 2409 1900 2439 l
1924 2412 1973 2441 16.

1109 2457 1155 2487 D.
1174 2455 1204 2487 d.
1220 2461 1242 2486 tt
1283 2455 1335 2500 Sic
1350 2453 1416 2487 esti
1440 2456 1534 2487 rebus
1553 2453 1680 2486 divortii
1697 2452 1784 2483 causa
1808 2450 1976 2482 constante

1107 2499 1313 2529 matrimonio
1330 2496 1613 2534 amotis,divortio
1631 2494 1739 2525 secuto
1754 2494 1845 2524 datur
1861 2501 1878 2522 a
1895 2491 1975 2523 Praea

1109 2546 1180 2570 tore
1197 2539 1278 2569 assio
1296 2538 1326 2569 in
1346 2537 1488 2578 fiiiipluin
1505 2537 1571 2576 eius
1588 2536 1673 2575 quod
1690 2542 1832 2565 amotum
1849 2533 1905 2565 iit:
1920 2533 1977 2572 igi-

1109 2588 1159 2610 tur
1175 2580 1213 2610 ad
1230 2580 1273 2610 rei
1291 2578 1563 2619 persecutionem:
1586 2576 1659 2608 licet
1677 2578 1717 2607 ex
1733 2574 1850 2607 delicto
1874 2573 1989 2606 naseu-'⁷

1107 2627 1157 2667 tur
1172 2620 1192 2651 l.
1211 2629 1260 2665 .²¹·
1276 2619 1303 2660 §.
1323 2629 1354 2661 5.
1380 2620 1428 2650 D.
1444 2619 1502 2649 eod.
1520 2618 1565 2649 tit.
1611 2616 1719 2649 Habet
1741 2624 1829 2648 certe
1845 2615 1875 2647 ἅ
1891 2616 1979 2647 darn·

1107 2671 1139 2692 ni
1160 2668 1316 2705 rati-onem
1332 2660 1362 2691 dt
1376 2660 1552 2694 commodi.
1578 2657 1599 2690 fi
1617 2659 1703 2698 quod
1721 2658 1770 2690 vir
1786 2657 1880 2689 rebus
1894 2662 1978 2690 amos

1109 2703 1149 2733 tis
1164 2701 1262 2732 aniifit
1279 2703 1306 2732 d.
1324 2701 1344 2747 l,
1362 2699 1411 2732 21.
1432 2700 1460 2742 §.
1480 2710 1508 2741 3.
1532 2700 1613 2738 &4
1637 2701 1713 2739 quin
1740 2698 1761 2731 fi
1789 2698 1902 2730 mulier
1925 2707 1975 2729 res

1110 2752 1186 2781 quas
1203 2747 1379 2787 amoverit,
1403 2743 1607 2773 contumacia
1625 2741 1675 2772 sua
1699 2750 1761 2772 non
1783 2740 1912 2776 reddat;
1935 2738 1977 2770 ait

1109 2784 1326 2822 Pomponius,
1340 2782 1482 2815 aestimari
1500 2781 1757 2822 debere‚quanti
1774 2783 1821 2812 vii·
1838 2781 1868 2812 in
1885 2780 1975 2815 litem

1108 2821 1234 2866 jurasset
1259 2825 1278 2855 l.
1294 2828 1321 2858 8.
1344 2817 1372 2866 ᾗ.
1392 2833 1415 2856 1.
1438 2826 1468 2855 d.
1486 2830 1507 2855 t.
1531 2834 1567 2855 ea
1591 2823 1730 2861 ratione,
1754 2831 1849 2862 quam
1873 2819 1978 2853 adfert

1112 2867 1225 2898 Paulus
1250 2866 1270 2897 l.
1288 2875 1318 2902 9.
1342 2866 1428 2906 quod
1449 2872 1515 2897 non
1539 2874 1663 2905 acquum
1681 2864 1744 2899 est,
1767 2864 1900 2896 invitum
1924 2862 1979 2894 suo

1112 2908 1236 2954 pretio,
1259 2906 1289 2938 id
1308 2905 1371 2952 est,
1395 2917 1473 2938 vero
1490 2907 1613 2947 pretio,
1636 2915 1684 2937 res
1700 2904 1764 2937 suas
1778 2905 1931 2936 vendere.
1948 2904 1981 2935 δε

1112 2959 1143 2980 in
1161 2949 1180 2979 l.
1203 2957 1245 2994 io.
1268 2948 1355 2993 addit
1372 2947 1589 2989 Pomponius,
1605 2947 1678 2978 ideo
1693 2955 1754 2977 nec
1770 2946 1888 2978 debere
1904 2953 1979 2976 eum

1113 2999 1172 3031 pro
1182 2988 1351 3036 'eviCtione
1373 2993 1582 3029 promittere3
1606 2988 1692 3028 quod
1714 2997 1755 3019 ex
1778 2986 1980 3018 contumacia

1113 3031 1254 3063 mulieris
1269 3031 1300 3062 id
1317 3031 1360 3061 ita
1376 3031 1538 3063 acciderit.
1574 3029 1636 3061 Sed
1654 3036 1688 3060 ut
1703 3032 1831 3069 agamus
1844 3034 1957 3058 caetera
1968 3042 1980 3064 ‚5

1114 3065 1181 3104 haee
1211 3071 1293 3102 actio
1318 3071 1427 3112 datur,
1452 3071 1587 3111 sequuto
1608 3071 1749 3103 divortio
1771 3069 1791 3101 l.
1808 3078 1836 3099 2.
1861 3066 1895 3098 C.
1913 3068 1941 3099 b.
1958 3073 1978 3098 t.

1113 3114 1143 3145 ἃ
1160 3113 1287 3159 quidem
1307 3111 1407 3144 statim
1425 3136 1434 3150 ‚
1458 3113 1552 3144 etiam
1569 3111 1621 3143 ubi
1636 3111 1717 3142 actio
1734 3110 1777 3142 rei
1802 3109 1922 3140 uxoriae
1938 3108 1977 3140 ad

1112 3152 1344 3198 restitutionem
1359 3153 1442 3186 dotis
1458 3162 1523 3186 non
1541 3155 1631 3186 datur
1646 3152 1766 3190 statim3
1783 3150 1834 3182 scd
1850 3149 1979 3182 demum

1112 3205 1231 3234 annua,
1253 3197 1357 3233 bima,
1379 3195 1491 3234 trima,
1513 3195 1575 3226 die.
1599 3194 1663 3225 hoc
1680 3193 1747 3224 vult
1776 3191 1890 3224 Paulus
1912 3193 1941 3222 d.
1958 3191 1978 3223 l.

1110 3245 1162 3271 21.
1184 3235 1214 3277 ᾗ.
1232 3246 1260 3278 3.
1285 3245 1358 3272 cum
1383 3235 1450 3275 ait,
1472 3244 1542 3274 eam
1566 3235 1712 3268 damnum
1735 3232 1980 3307 repraesentareff·

1860 3282 1978 3306 etiami
