2036 3495
157 107 229 154 386
649 94 682 128 G
714 102 733 125 e
764 100 786 123 R
821 100 842 123 Λ
867 99 890 123 it
923 98 945 122 11
980 98 992 120 i

165 198 214 229 boc
239 194 290 236 jus
314 190 438 222 moribus
458 209 467 225 ‚
504 194 560 215 non
590 182 699 226 legibus
715 201 725 216 ,
758 174 965 225 tetradiae-'tum-
983 170 1032 214 eft.

166 236 254 281 Quid
315 232 337 264 ii
363 227 508 270 praestet,
539 232 638 264 poni:
671 220 839 251 Lacrimas
871 216 1035 246 libertinam

165 258 283 313 matren’i
301 280 417 305 uxorem
431 269 529 298 ducere
544 274 601 295 non
612 260 725 303 potest?
748 258 790 292 fic
805 256 922 297 scripsit
943 256 1035 288 Pom-

165 320 293 361 ponius.
316 322 378 352 quo
395 306 551 340 auctore?
575 303 771 342 Pomponio:
800 308 857 332 nec
881 297 1036 345 desideres

166 361 266 400 magis
282 351 468 387 idoneumis
478 348 548 382 sane
569 344 711 377 causatur
723 344 812 383 :quia
826 342 936 384 boqjus
950 347 1034 384 mort-

167 399 218 433 bus
229 423 238 436 ,
248 406 303 428 non
313 392 420 433 legibus
429 413 439 429 ,
450 386 649 420 introdufflum
666 382 713 426 est.
727 385 798 417 Con
805 388 978 425 venienter·
986 379 1035 409 liis

165 450 237 481 quae
253 440 292 469 de
311 432 426 472 nuptiis
443 426 702 462 adscendentiuin
726 428 755 457 δι
773 422 1036 469 descendentium

165 471 316 513 dixerunt
333 474 469 505 Veteres
487 466 717 511 jurisconsulti.
742 466 794 497 sed
812 464 851 509 lii·
867 462 952 509 idem
972 470 1036 492 non

166 522 317 554 dixerunt
339 514 369 547 in
388 511 502 552 nuptiis
523 511 647 543 soi-oris.
673 504 1037 552 conti-anexistimarunss

166 562 223 597 has
240 559 302 592 effe
325 555 448 597 legibus
466 552 580 584 vetitas
595 574 606 589 ,
629 559 693 582 non
716 547 870 580 moribus.
913 545 1038 577 Audea-

166 612 236 637 mus
253 601 347 642 igitur
365 595 449 637 apud
473 593 687 633 Pomponium
706 590 812 622 delere
837 586 956 633 verba,
977 589 1040 631 *aut

159 644 287 686 fhroris,
309 641 338 671 ei
357 638 445 670 nullo
466 639 533 676 jure
557 632 704 671 obtrusa,
726 631 778 662 sed
794 629 824 660 id
841 629 921 659 Vidit
941 634 1037 658 etiam

166 684 330 717 Dominus
347 678 495 719 Cujacius
514 676 553 708 V.
570 675 619 706 CL
654 674 702 704 lib.
724 676 770 704 16.
796 669 916 713 obsera.
938 677 963 698 c.
989 675 1039 708 37.

166 725 225 760 Illa
241 724 338 762 levis,
360 721 510 759 frequens
528 725 632 747 tamen
650 714 680 744 δι
699 721 790 745 vetus
809 710 938 751 jactatio
953 731 963 746 ,
988 716 1040 738 ex-

167 764 324 808 perientia
341 759 483 800 magistra
499 756 594 795 disci,
615 755 728 787 fratres
745 753 776 785 ἃ
794 752 915 784 sorores
930 750 1041 781 adver-

168 809 217 842 sus
233 814 358 838 amores
378 801 505 834 illicitos
522 799 640 829 habere
656 795 867 839 aversionem,
883 790 966 839 quali
987 789 1038 836 tib·

168 849 322 882 stertente
341 845 371 875 vi
394 844 535 873 bumanae
555 846 683 871 naturae.
708 836 787 868 Meo
802 843 886 867 enim
901 834 1040 880 judieio,

170 891 275 921 verius
292 886 355 924 est,
377 879 554 923 hujusmodi
571 879 785 923 aversionem,
808 875 830 908 fi
848 884 918 916 quae
937 877 971 918 iit
989 872 1042 903 ali-

135 937 138 940 ’
170 931 285 971 quibus
297 951 306 966 ,
328 935 394 957 non
412 924 521 954 venire
537 931 554 952 a
569 929 678 953 natura
693 942 703 958 ,
724 920 775 950 ied
791 918 830 949 ab
849 917 1041 962 educatione

171 973 202 1003 &
225 968 388 1010 disciplina
403 966 550 997 locorum
573 963 603 994 in
630 962 744 1002 quibus
769 967 894 990 amores
917 956 961 987 illi
983 954 1042 985 11111

169 1012 274 1044 vetiti.
316 1008 385 1041 Ain’
409 1006 468 1038 tu?
499 1004 553 1046 11111
580 1005 649 1044 quis
680 1002 755 1033 ausit
779 996 1042 1045 negare‚-Atlie-

169 1052 314 1090 menses,
348 1045 627 1083 Lacedaemonios,
666 1045 836 1088 AEgyptios
853 1063 863 1078 ,
899 1039 1042 1075 aliosque

170 1094 310 1137 populos
339 1091 460 1132 politos
478 1112 488 1126 ,
517 1087 641 1119 nobiles
663 1108 673 1123 ‚
711 1080 922 1129 magnificos,
959 1077 1043 1122 apud

172 1145 254 1177 quos
273 1134 408 1166 fratrum
429 1137 483 1161 aut
506 1128 650 1160 soi-orum
677 1134 814 1165 nuptiae,
838 1123 890 1168 vel
911 1127 1043 1151 omnino

172 1178 225 1209 vel
240 1186 280 1208 ex
298 1182 404 1216 parte,
427 1171 548 1203 fuerint
566 1168 682 1204 licitae‚
697 1165 789 1197 fuisse
805 1165 950 1195 homines
967 1184 975 1199 ,
987 1160 1042 1191 hu·

172 1227 275 1252 manae
297 1222 415 1248 naturae
440 1221 531 1252 aeque
551 1210 742 1253 participes,
765 1215 802 1237 ac
826 1205 988 1236 Romanos
1011 1201 1041 1232 ἀ

172 1261 253 1293 alios
270 1258 352 1299 apud
370 1264 451 1296 quos
470 1261 561 1285 erant
578 1249 787 1281 vetitaezinos
807 1255 910 1278 tamen
929 1252 997 1290 eam
1013 1252 1039 1273 a·

172 1300 353 1333 verfionem
379 1296 418 1328 ab
443 1291 625 1335 hujusmodi
648 1289 765 1331 nuptiis
789 1297 852 1320 non
876 1283 1042 1329 habuil'i'e,

173 1343 258 1375 unde
283 1337 477 1372 manifestius
501 1334 564 1372 est,
595 1341 688 1373 quam
708 1330 796 1372 quod
822 1339 874 1361 eas
899 1327 1044 1372 quotidie

171 1379 432 1416 contraherent?
462 1374 645 1409 Commode
674 1371 844 1404 Cornelius
878 1369 991 1408 Nepos
1014 1375 1046 1396 m

173 1424 365 1464 Praefatione.
411 1418 456 1450 Hi
473 1422 559 1448 eruat
569 1416 636 1455 fere
651 1415 703 1455 qui
725 1419 850 1452 expertes
873 1411 1045 1442 Grcecarum

176 1467 346 1501 literarum,
369 1459 443 1491 nihil
465 1457 574 1489 retium
599 1454 655 1493 m'fi
677 1456 751 1495 quoa
776 1455 899 1493 ipsorum
922 1451 1045 1481 moribus

177 1503 347 1541 mmmm,
373 1500 534 1542 putabunt.
573 1497 602 1528 hi
613 1496 643 1533 fi
664 1496 836 1531 didicerint,
866 1502 923 1524 non
952 1492 1046 1522 eadem

174 1547 304 1580 omnibus
323 1542 372 1584 effe
387 1537 519 1581 honesta,
542 1543 628 1579 atque
643 1537 757 1577 turpia,
776 1534 828 1576 fici
841 1534 937 1565 omnia
960 1532 1048 1578 majo-

174 1582 243 1620 rum
265 1583 408 1625 institutis
425 1580 576 1623 judicari,
600 1587 657 1609 non
681 1578 923 1613 admirabuntur,
946 1583 997 1618 ⁷301
1013 1582 1045 1603 tn

173 1629 334 1670 Grajorum
353 1623 516 1655 virtutibus
532 1619 705 1660 exponendis
723 1627 811 1648 mores
826 1621 922 1647 eoru-,72
940 1623 1044 1655 lequu-

176 1676 230 1703 tos.
273 1667 378 1708 Neque
400 1664 475 1695 enim
499 1662 611 1694 Cimoni
629 1660 697 1700 fuit
720 1665 805 1699 turpe
827 1654 1046 1694 Athenienstam

165 1712 280 1753 flammo
295 1710 375 1746 viro,
399 1705 520 1744 sororem
532 1711 703 1745 germanam
727 1700 827 1732 habere
846 1701 878 1729 in
900 1698 1045 1729 matrimo-

170 1754 238 1792 nio,
264 1751 366 1792 quippe
381 1756 447 1780 cum
470 1745 546 1777 cives
563 1743 623 1786 ejus
647 1743 739 1773 eodem
760 1745 912 1773 uterentur
933 1736 1047 1778 institu-

172 1799 211 1831 to.
235 1798 266 1832 at
282 1793 314 1824 ia
329 1790 442 1833 quidem
456 1784 560 1827 nostris
577 1785 702 1818 moribus
721 1782 804 1822 nefas
825 1781 953 1812 habetur.
983 1777 1048 1810 Ne-

172 1835 246 1877 poti
259 1827 425 1874 jungamus
442 1829 610 1862 Platonem
627 1826 675 1856 lib.
693 1829 722 1859 8.
746 1823 794 1854 De
808 1824 925 1864 legibus.

218 1876 246 1911 A
268 1872 407 1907 secundo
423 1869 522 1912 gradu
537 1867 630 1901 lineae
655 1864 837 1899 transversae
860 1870 1046 1895 moveamus

173 1917 296 1960 pedem
310 1915 350 1946 ad
372 1913 510 1945 tertium.
552 1908 604 1941 De
622 1908 747 1952 quo-ita
762 1905 950 1945 Justinianus
969 1902 998 1945 §.
1015 1912 1045 1943 3.

175 1957 251 2000 Inss.
273 1952 302 1989 b.
325 1963 347 1988 t.
390 1953 503 1986 Fratris
525 1960 592 1982 vero
615 1948 660 1980 vel
673 1949 783 1988 ⁵sororii·
804 1945 901 1987 filiam
931 1953 1050 1976 uxorem

176 1993 353 2035 dacere'non
376 1996 457 2027 licet:
486 1993 534 2033 sed
555 2001 605 2023 nec
622 1996 731 2028 neptem
745 1989 856 2029 fratris
879 1987 925 2018 vel
940 1986 1048 2028 sororis

176 2043 243 2085 quis
257 2041 357 2078 ducere
367 2033 457 2079 potest
467 2058 477 2074 ,
498 2033 633 2076 quamvis
648 2036 751 2073 quarto
762 2031 859 2072 gradu
868 2027 940 2067 sint.
963 2027 1048 2068 cujus

178 2085 254 2116 enim
270 2076 365 2122 filiam
381 2086 499 2110 uxorem
515 2077 614 2106 elucere
637 2082 695 2104 non
718 2073 799 2109 licet,
822 2079 911 2112 neque
926 2069 986 2111 ejus
1001 2077 1036 2098 ne

177 2131 254 2167 ptem
271 2121 464 2164 permittitur.
506 2117 545 2147 Et
563 2124 636 2147 mox
659 2114 744 2145 addit
768 2113 795 2155 §.
819 2123 848 2153 5.
889 2111 961 2143 Item
982 2110 1049 2156 ami-

180 2174 240 2198 tam
255 2188 264 2204 ,
287 2165 350 2196 licet
365 2161 550 2201 adoptivam,
575 2160 677 2187 ducere
700 2165 820 2186 uxorem
843 2162 899 2184 non
922 2152 1005 2186 licet.
1029 2160 1050 2180 z·

181 2214 236 2238 tem
259 2215 310 2238 nec
336 2207 535 2234 materteram:
559 2199 627 2240 quia
651 2204 807 2237 parentum
831 2195 887 2225 loco
904 2193 1051 2224 hahentur.

182 2258 239 2289 qua
254 2248 364 2278 ratione
384 2252 486 2275 verum
502 2238 558 2281 est,
580 2248 716 2280 magnam
741 2245 851 2278 quoque
874 2236 991 2265 amitam
1015 2232 1051 2280 {25³

183 2294 364 2320 materteram
387 2292 524 2325 magnam
543 2280 687 2321 prohiberi
705 2287 824 2309 uxorem
846 2278 956 2307 ducere.
1000 2274 1052 2305 Sic

183 2329 369 2369 Imperator.
394 2335 454 2366 qua
479 2321 628 2354 ratione?
659 2321 792 2356 eadem,
817 2321 951 2357 opinor,
982 2325 1051 2355 quae

185 2371 276 2402 allata
291 2369 336 2400 est
358 2369 387 2399 in
409 2366 509 2408 gradu
527 2362 677 2395 secundo.
722 2360 840 2392 Vetitae
865 2359 958 2399 igitur
983 2358 1050 2388 fue-

184 2418 259 2444 runt
277 2408 390 2451 nuptiae
408 2407 500 2439 etiam
517 2405 547 2437 in
571 2402 667 2435 tertio
691 2403 789 2443 gradu
814 2398 994 2432 transversae
1020 2398 1052 2429 li>

184 2462 274 2489 neae,
298 2451 326 2481 δι
345 2449 455 2488 civili,
478 2457 542 2479 non
561 2444 712 2483 naturali,
732 2444 818 2485 jure:
841 2450 875 2473 ut
890 2440 934 2472 est
958 2440 1054 2481 paulo

184 2501 261 2525 ante
280 2490 482 2523 monstratum
499 2498 538 2520 ex
561 2486 660 2519 Paulo
685 2485 703 2516 l.
723 2485 778 2516 ult.
801 2484 848 2516 D.
871 2484 899 2514 li.
916 2488 935 2513 t.
980 2480 1053 2513 Nec

186 2535 250 2576 jam
272 2531 352 2564 male
368 2531 552 2571 Papinianus
568 2530 586 2558 l.
603 2533 653 2568 38.
677 2527 704 2569 §.
727 2535 753 2558 1.
772 2536 798 2557 2.
816 2534 846 2566 3.
871 2523 914 2556 D.
932 2522 982 2568 Aa
998 2523 1052 2563 leg.

188 2575 255 2618 Jul.
273 2574 306 2604 de
323 2572 415 2603 adult.
442 2570 593 2602 incestum
618 2570 681 2600 hoc
702 2570 732 2599 in
762 2569 863 2610 gradu
890 2563 1052 2596 admiffum

187 2625 246 2658 per
269 2621 409 2646 errorem
435 2611 559 2642 excusat
577 2609 660 2648 quasi
684 2609 719 2640 fit
739 2607 813 2649 juris
837 2606 959 2638 civilis:
988 2614 1053 2636 non

189 2655 412 2691 excusaturUS,
450 2653 469 2683 si
493 2651 569 2684 css'et
588 2652 663 2692 juris
694 2651 847 2690 gentium.
900 2647 1054 2684 Accedit,

189 2697 278 2740 quod
304 2693 578 2726 Senatusconsulto
601 2692 777 2723 Claudiano
806 2689 872 2730 (de
894 2697 958 2728 quo
981 2686 1054 2717 Sue-

190 2740 318 2774 tonius,
343 2734 461 2766 Claudio
477 2743 500 2762 c.
519 2735 591 2773 26.)
616 2733 734 2772 nuptiae
751 2740 833 2762 inter
856 2737 1003 2771 patruum
1026 2728 1055 2758 ἂ

189 2779 295 2814 fratris
311 2775 405 2808 filiam
421 2774 520 2816 palam
538 2774 626 2805 fuere
643 2773 810 2814 permiss'ae:
824 2773 987 2812 judicante
1002 2768 1043 2800 Se

190 2830 269 2856 natu
286 2828 327 2851 ex
343 2815 497 2848 sententia
514 2812 652 2852 Vitellii,
682 2815 747 2846 illas
773 2822 882 2845 natura
901 2821 963 2843 non
989 2819 1056 2849 pro-

190 2860 311 2897 hiberi:
334 2857 461 2891 11υᾶ010
478 2853 596 2886 Tacito
613 2856 658 2885 lili.
679 2866 723 2887 12.
748 2855 859 2887 Arimil.
877 2864 901 2886 c.
918 2857 948 2884 6.
992 2851 1057 2882 Ob-

194 2903 290 2937 tinuit
308 2908 414 2932 tamen
437 2897 469 2928 id
493 2895 803 2928 senatusconsultum
826 2897 880 2935 (ut
898 2893 1060 2925 arbitraria

193 2946 266 2978 sunt
287 2953 305 2975 a
328 2940 452 2983 legibus
487 2935 632 2981 profecta
664 2938 797 2975 omnia)
827 2938 906 2968 intra
938 2933 1060 2965 Urbem

193 2994 336 3022 tantum3
357 2991 422 3014 non
442 2979 535 3011 etiam
553 2987 583 3009 in
600 2977 786 3020 provinciis:
803 2986 862 3008 nec
879 2975 1061 3017 porrectum

196 3029 236 3060 ad
259 3026 371 3060 sororis
388 3021 493 3054 filiam.
518 3018 672 3050 servatum
688 3018 813 3049 interim
828 3019 857 3049 in
880 3017 984 3049 frati-is
1000 3015 1062 3047 filia

196 3068 259 3100 fuit
274 3068 342 3107 jure
364 3063 612 3099 Pandectarum9
633 3058 684 3089 sed
711 3058 823 3089 deinde
841 3067 1008 3089 mutatum.
1031 3057 1062 3089 id

198 3110 366 3148 diligenter
389 3105 482 3136 docui
501 3104 547 3133 tib.
569 3111 597 3132 2.
623 3100 741 3139 Observ.
765 3108 788 3129 c.
805 3109 835 3137 5.
858 3098 985 3129 Liceret
1002 3099 1059 3129 mi-

198 3149 230 3181 111
251 3149 324 3181 hinc
347 3156 430 3178 nunc
454 3144 629 3176 recedere:
653 3139 706 3172 nisi
726 3147 921 3173 inetuerem;
945 3148 985 3169 ne
1009 3139 1059 3170 cui

197 3189 368 3224 abiurdum
384 3188 565 3224 videretur,
590 3183 679 3225 quod
693 3181 726 3217 111
742 3183 770 3215 a.
786 3179 815 3223 §.
829 3188 859 3221 3.
883 3178 919 3214 &⁷
934 3189 965 3219 5.
988 3178 1061 3220 inst.

1057 85 1092 119 N
1130 95 1151 118 o
1185 95 1206 118 ο
1241 93 1317 119 111
1375 82 1457 117 C·0
1492 93 1518 117 M
1553 94 1590 119 1-1.

1076 170 1104 203 h.
1131 177 1167 217 t..
1183 179 1310 212 patruus
1326 194 1336 210 ‚
1370 172 1544 204 avunculus
1559 194 1571 212 ‚
1602 173 1694 205 amita
1713 195 1723 212 ‚
1753 180 1922 206 matertera
1936 197 1946 213 ,

1077 212 1287 254 perhibentur
1301 212 1433 245 fratrum
1453 213 1483 245 &
1515 213 1654 246 sororum
1680 214 1784 246 liberis
1811 214 1873 246 esse
1893 224 1946 255 pa·

1078 261 1205 285 rentum
1229 253 1325 299 loco:
1348 256 1436 294 quod
1461 254 1490 286 ὅ(
1518 255 1555 286 fit
1587 256 1616 286 in
1646 255 1664 285 l.
1685 265 1734 297 39.
1755 263 1801 296 pr.
1821 255 1860 286 D.
1878 258 1903 286 b.
1925 263 1947 287 t.

1079 295 1109 341 §t
1125 302 1230 326 tamen
1248 296 1333 333 dixi,
1358 304 1430 328 cum
1447 295 1495 328 his
1511 295 1663 328 incestum
1681 304 1803 328 tantum
1826 297 1949 328 admitti

1075 345 1147 377 Jure
1162 336 1419 376 civili:quamvis
1437 336 1578 377 alioquin
1597 338 1680 368 inter
1695 337 1869 369 consimiles
1882 347 1951 377 per-

1079 376 1189 421 sonas,
1212 377 1320 417 quales
1338 378 1486 417 vitricus,
1511 387 1670 416 noverca,
1696 379 1950 420 privignus,pri-

1080 426 1194 458 Vigna,
1225 417 1334 456 socer,
1366 418 1496 458 socrus,
1526 429 1642 461 gener,
1674 429 1792 458 nurus,
1814 420 1951 451 incestus

1081 459 1228 504 credatur
1252 458 1319 490 fieri
1342 459 1413 501 jure
1438 463 1593 501 gentium.
1637 459 1681 491 Ut
1705 461 1800 501 igitur
1824 461 1874 492 vel
1899 461 1952 492 hic

1081 507 1239 531 eitimatur
1262 498 1421 546 scrupulus
1439 524 1449 539 ‚
1472 502 1650 533 deliberent
1675 502 1885 540 eruditiores3
1914 511 1953 533 an

1081 550 1118 573 ea
1141 547 1362 580 comparatio,
1386 551 1455 581 quae
1473 552 1524 574 me
1548 543 1629 581 urit,
1654 542 1724 574 suos
1748 543 1863 574 habeat
1886 552 1954 582 gra·

1082 583 1156 613 dus:
1179 581 1340 627 poffitque
1357 581 1420 614 fine
1436 583 1625 615 absurditate
1641 585 1701 615 dici
1714 607 1722 622 ‚
1747 594 1787 615 ex
1805 584 1953 616 omnibus

1081 624 1139 655 illis
1151 622 1289 667 personis
1299 623 1373 654 alias
1382 625 1486 654 verius
1496 624 1526 655 dt
1537 627 1776 664 quodammodo
1786 625 1896 657 zirCtius
1907 635 1955 656 re-

1082 671 1359 708 putariparentum
1371 663 1585 707 &liberorum
1602 666 1780 705 loc03alias
1798 668 1953 698 remotius

1083 705 1114 736 ὅ(
1137 705 1248 736 laxius.
1275 703 1344 735 sane
1369 704 1522 742 Vitricus,
1553 713 1587 735 ut
1609 706 1653 737 est
1677 707 1805 738 maritus
1828 711 1954 743 matri5‚

1083 755 1141 786 per
1160 754 1228 777 eam
1247 744 1344 776 habet
1359 744 1527 785 imaginem
1546 747 1612 777 vei-i
1630 743 1742 786 patris,
1763 757 1868 789 eoque
1896 758 1954 779 no·

1084 788 1170 818 mine
1187 785 1349 818 honestius
1367 786 1529 819 censetur:
1554 796 1692 819 noverca
1708 798 1857 830 quoque,
1879 799 1952 821 cum

1083 827 1121 860 fit
1138 837 1219 859 uxor
1239 828 1352 868 patris,
1375 836 1508 858 matrem
1535 837 1569 858 re
1593 828 1622 859 &
1647 829 1777 860 nomine
1799 832 1953 862 imitatur:

1084 873 1326 914 cum-patruus,
1349 869 1541 906 avunculus,
1564 870 1676 907 amita,
1701 877 1886 909 matertera,
1904 881 1954 911 pa-

1084 919 1139 942 tris
1158 918 1211 941 aut
1227 917 1332 941 matris
1348 917 1470 941 tanturn
1488 909 1546 941 (int
1571 910 1684 943 fratres
1710 911 1740 942 ὅ(
1763 910 1900 942 sorores:
1922 913 1957 943 li-

1083 959 1138 983 cet
1165 951 1272 990 aliquo
1298 950 1440 990 respec'tu
1463 951 1618 983 accedant
1653 953 1692 983 ad
1719 952 1823 983 vicem
1848 961 1956 992 paren-

1085 1001 1164 1024 tum.
1212 992 1256 1024 lta
1273 999 1405 1032 apparet
1429 991 1614 1024 discrimen:
1637 991 1744 1030 simul,
1763 1002 1819 1024 cur
1838 993 1959 1032 placue-

1086 1036 1127 1078 rit
1147 1033 1337 1070 Veteribus,
1361 1042 1433 1065 curn
1451 1033 1610 1073 aliquibus
1626 1033 1780 1066 incestum
1801 1034 1869 1074 jure
1884 1044 1959 1075 gen-

1087 1083 1164 1106 tium
1192 1074 1372 1111 committi3
1397 1083 1469 1106 cum
1490 1075 1647 1114 aliquibus
1664 1077 1732 1116 Jure
1747 1074 1845 1106 civili.

1130 1115 1291 1155 Superiori
1321 1114 1538 1159 ‚observationi
1571 1118 1714 1157 proxima
1748 1116 1792 1148 est
1828 1115 1960 1154 sequens

1088 1157 1158 1189 haec
1172 1156 1370 1197 Theophili,
1395 1158 1482 1196 quod
1502 1157 1581 1198 imp.
1599 1156 1787 1197 justinianus
1805 1158 1834 1189 in
1853 1159 1880 1189 d.
1891 1157 1917 1198 §.
1928 1167 1958 1197 5.

1085 1196 1158 1239 liisb.
1182 1199 1210 1229 h.
1237 1205 1258 1229 t.
1292 1197 1458 1238 postquam
1487 1199 1568 1229 dixit
1586 1222 1595 1237 ,
1623 1198 1694 1230 Item
1722 1199 1867 1238 amitam,
1897 1199 1959 1229 licet

1084 1241 1269 1281 adoptivam,
1290 1241 1391 1270 ducere
1406 1249 1524 1270 uxorem
1539 1249 1597 1271 non
1613 1239 1695 1271 lz'cet:
1717 1241 1832 1272 deinde
1856 1239 1959 1271 verbis

1086 1281 1193 1320 hisce,
1217 1280 1290 1312 Item
1312 1290 1362 1311 nec
1387 1287 1570 1312 materteram
1587 1304 1597 1320 ,
1628 1291 1692 1313 non
1720 1281 1865 1321 apposuit
1888 1280 1959 1319 illa,

1088 1322 1172 1354 Licet
1190 1323 1373 1361 adoptivam:
1402 1322 1431 1352 151
1454 1321 1604 1362 praefatui·
1628 1321 1852 1363 Theophilus;
1875 1322 1962 1362 quod

1089 1371 1257 1396 matertera
1275 1371 1340 1393 non
1359 1360 1395 1393 fit
1418 1371 1474 1402 per
1497 1364 1725 1402 adoptionem,
1748 1363 1826 1395 ficut
1848 1373 1908 1394 nec
1930 1372 1962 1394 a·

1087 1404 1257 1436 vunculus:
1281 1403 1452 1442 videlicet,
1475 1405 1561 1444 quod
1587 1414 1643 1444 per
1664 1404 1869 1444 adoptionem
1896 1413 1963 1435 non

1086 1445 1261 1485 adquiritur
1303 1445 1450 1476 naturalis
1482 1454 1634 1485 cognatio
1655 1469 1664 1484 ,
1708 1445 1761 1476 sed
1797 1446 1963 1477 dumtaxat

1086 1487 1212 1528 agnatio
1231 1495 1299 1525 quae
1318 1484 1363 1516 est
1386 1486 1529 1525 legitima
1552 1486 1580 1516 ἀ
1604 1485 1714 1518 civilis.
1740 1487 1873 1527 proinde
1895 1495 1962 1517 non

1088 1528 1223 1560 habetur
1240 1528 1347 1557 matris
1366 1526 1441 1570 loco
1465 1525 1550 1557 soror
1567 1526 1688 1558 uterina
1704 1535 1758 1558 aut
1780 1527 1867 1558 soror
1886 1536 1965 1558 uxo-

1088 1570 1130 1601 ris
1147 1567 1292 1607 adoptivi
1309 1575 1424 1608 patris;
1448 1576 1508 1599 nec
1525 1568 1590 1607 ejus
1607 1575 1776 1599 matertera
1791 1578 1800 1606 ;
1824 1576 1884 1599 nec
1900 1576 1964 1599 ma-

1088 1610 1136 1651 gis
1151 1609 1301 1650 adoptiva
1320 1609 1427 1640 matris
1450 1607 1534 1640 soror
1556 1609 1575 1639 l.
1598 1618 1642 1640 12.
1667 1608 1695 1650 §.
1713 1609 1766 1640 ult.
1794 1610 1832 1640 I).
1849 1609 1874 1640 11,
1897 1614 1918 1639 t.
1941 1608 1961 1640 l.

1088 1661 1138 1692 23.
1171 1651 1220 1682 I).
1246 1650 1279 1681 de
1311 1651 1405 1689 adopt.
1436 1649 1669 1689 consequenter
1698 1649 1825 1691 poss'unt
1851 1658 1964 1681 omnes

1089 1701 1207 1724 uxores
1233 1691 1317 1722 duci.
1362 1688 1552 1733 Theophilo
1575 1699 1680 1723 tamen
1706 1693 1746 1723 de
1770 1692 1905 1723 veritate
1929 1690 1963 1723 li·

1091 1741 1156 1766 tcrn
1179 1739 1293 1764 movet
1309 1731 1407 1772 Gaius
1423 1733 1442 1764 1.
1459 1743 1510 1773 55.
1533 1732 1562 1774 §.
1584 1742 1609 1764 1.
1636 1732 1678 1764 D.
1698 1733 1726 1764 h.
1746 1739 1767 1764 t.
1792 1742 1902 1764 verum
1925 1732 1964 1765 ad

1091 1776 1174 1806 hanc
1191 1774 1266 1806 vide
1282 1773 1318 1805 sis
1334 1772 1379 1805 D.
1398 1772 1563 1814 Cujaciuin
1580 1775 1628 1806 lib.
1649 1784 1698 1815 23.
1724 1774 1835 1815 Observ
1871 1784 1896 1805 ε.
1914 1777 1963 1814 36.

1089 1817 1240 1848 adderem
1260 1814 1413 1847 Contiutn
1432 1815 1479 1847 lib.
1492 1820 1521 1850 8.
1534 1815 1683 1851 Subseciv.
1701 1815 1762 1847 lest.
1787 1826 1811 1847 c.
1830 1825 1860 1852 9.
1880 1814 1963 1846 Hot-

1089 1865 1217 1890 manum
1235 1855 1282 1888 De
1295 1859 1357 1888 ritu
1372 1863 1455 1898 nupt.
1479 1867 1504 1889 c.
1519 1866 1549 1896 4.
1578 1856 1777 1889 Bachovium
1800 1859 1836 1888 aa
1855 1855 1962 1888 Treutl.

1087 1905 1166 1941 part.
1185 1908 1214 1930 2.
1241 1898 1330 1939 Disp.
1353 1901 1383 1928 6.
1407 1898 1475 1938 thes}
1492 1907 1522 1930 2.
1545 1898 1588 1930 lit.
1607 1898 1641 1930 C.
1662 1899 1758 1930 alios:
1783 1898 1838 1930 11111
1861 1897 1964 1930 0111111-

1092 1942 1151 1972 bus
1168 1937 1329 1981 praestaret
1346 1938 1504 1980 Cujacius.

1132 1980 1279 2020 Superest
1294 1980 1476 2012 transversae
1495 1981 1586 2012 iineae
1612 1980 1727 2020 gradus
1756 1987 1902 2021 quartus:
1924 1979 1965 2011 de
2002 2007 2005 2010 .

1091 2032 1155 2064 quo
1169 2023 1213 2054 ita
1228 2020 1414 2062 justinianus
1436 2022 1465 2064 §.
1483 2031 1513 2058 4.
1530 2019 1601 2061 Inst.
1620 2023 1649 2054 b.
1666 2029 1687 2055 t.
1712 2022 1852 2053 Duorum
1867 2027 1965 2053 autem

1090 2069 1221 2103 fratrum
1244 2063 1290 2094 vel
1310 2062 1442 2104 sororum
1464 2063 1560 2094 liberie
1592 2063 1638 2093 vel
1668 2063 1779 2103 fratris
1804 2063 1840 2097 ὅ)
1856 2064 1964 2102 sororis

1093 2105 1232 2146 conjungi
1245 2104 1371 2146 poffzmt.
1394 2103 1601 2144 Theophilus
1617 2105 1733 2141 vertit,
1751 2104 1890 2146 conjungi
1904 2113 1961 2134 non

1092 2147 1219 2188 poffimt.
1244 2153 1343 2186 pute,
1367 2155 1432 2177 11011
1456 2155 1495 2177 ex
1519 2145 1673 2177 sententia
1689 2145 1868 2185 =Iustiniani:
1890 2154 1961 2176 nam

1094 2190 1119 2219 is
1136 2198 1166 2219 111
1183 2189 1281 2228 gradu
1297 2195 1410 2227 quarto
1426 2188 1516 2218 lineae
1534 2187 1736 2224 transveriae,
1762 2189 1885 2227 nuptias
1895 2195 1961 2226 per-

1095 2229 1193 2261 mittit
1209 2227 1275 2269 §.3.
1288 2229 1509 2268 praecedente:
1535 2230 1645 2268 utique
1663 2232 1745 2259 inter
1762 2238 1818 2259 eos
1834 2228 1959 2266 quinon

1094 2270 1152 2302 sint
1176 2278 1345 2310 parentum
1381 2270 1411 2302 &
1442 2269 1614 2301 liberorum
1639 2270 1725 2300 loco.
1750 2271 1826 2300 tales
1855 2276 1961 2298 autem

1095 2313 1163 2343 sunt
1178 2310 1310 2342 fratrum
1328 2312 1355 2341 ὅ(
1366 2311 1507 2343 sororum
1524 2311 1626 2342 liberi.
1639 2311 1764 2350 possunt
1782 2310 1875 2350 igitur
1888 2316 1960 2337 con-

1092 2353 1179 2393 jungi
1197 2362 1237 2384 ex
1262 2351 1417 2384 sententia
1445 2352 1609 2385 iustiniani.
1657 2351 1779 2382 Eodem
1801 2347 1962 2388 pertendit

1097 2395 1230 2433 Paulus,
1254 2403 1287 2425 ut
1304 2394 1381 2425 esta
1399 2392 1599 2425 Tribonizino
1615 2392 1732 2433 positus
1750 2392 1769 2421 1.
1789 2400 1817 2431 3.
1836 2389 1877 2420 D.
1894 2390 1922 2419 b.
1938 2395 1960 2420 τ.

1098 2437 1150 2475 Si,
1172 2436 1339 2475 inquiens,
1362 2442 1487 2475 nepotem
1502 2444 1538 2466 ex
1548 2434 1612 2474 filio
1631 2433 1666 2469 &2⁹
1683 2437 1792 2472 neptem
1814 2440 1850 2462 ex
1874 2431 1962 2461 altero

1089 2478 1153 2518 filio
1175 2478 1206 2507 in
1225 2474 1363 2518 potestate
1387 2478 1521 2512 babeam,
1552 2475 1667 2516 nuptias
1685 2474 1759 2504 inter
1775 2481 1819 2503 eos
1843 2481 1885 2502 me
1902 2471 1963 2511 solo

1095 2518 1210 2550 auetore
1225 2519 1354 2549 contrabi
1366 2517 1440 2558 poffe
1451 2540 1461 2555 ‚
1484 2517 1655 2556 Pomponius
1673 2515 1788 2550 leribit,
1805 2512 1841 2547 ὃ
1858 2522 1962 2543 verum.

1095 2559 1142 2600 eft.
1189 2558 1296 2602 Quid,
1332 2557 1351 2589 fi
1380 2557 1503 2597 iiil'uper
1525 2557 1676 2587 Arcadius
1703 2556 1732 2586 ἃ
1755 2553 1919 2585 Honorius
1942 2554 1963 2585 l.

1100 2610 1146 2637 19-
1166 2600 1197 2631 C.
1212 2605 1239 2631 a.
1256 2607 1276 2630 t.
1300 2599 1466 2639 indulgent
1483 2598 1644 2629 licentiam
1668 2594 1865 2628 celebrandis
1882 2594 1965 2625 inter

1097 2642 1308 2673 cotilobrinos
1336 2639 1477 2679 nuptiis?
1507 2638 1570 2669 Res
1592 2645 1693 2670 certa:
1724 2636 1778 2668 etii
1805 2636 1963 2668 sincerita-

1098 2692 1163 2713 tem
1180 2683 1245 2722 ejus
1264 2679 1509 2713 constitutionis
1530 2679 1677 2711 sollicitat
1703 2679 1856 2710 Antonius
1882 2676 1964 2708 Con-

1099 2726 1159 2755 tius
1175 2724 1224 2754 111).
1247 2731 1272 2753 1.
1290 2722 1434 2756 Subsecz‘v.
1454 2720 1516 2753 lea.
1538 2731 1561 2752 c.
1577 2730 1606 2757 9.
1650 2720 1711 2752 Sed
1738 2719 1782 2750 illi
1803 2716 1968 2758 respondit

1097 2765 1230 2805 jacobus
1244 2761 1471 2795 Gothofredus
1496 2763 1535 2794 ad
1557 2763 1574 2793 l.
1592 2773 1620 2803 3.
1639 2762 1706 2793 Coa,
1728 2759 1831 2791 Theoa.
1855 2758 1901 2790 De
1923 2761 1968 2789 in·

1100 2804 1165 2846 cest.
1184 2812 1266 2847 nupt.
1313 2804 1474 2836 Variacum
1490 2803 1658 2843 aliquoties
1672 2801 1760 2834 fuiffe
1777 2800 1836 2831 hac
1854 2801 1884 2831 in
1903 2809 1969 2839 par-

1103 2856 1134 2880 te
1150 2856 1213 2878 non
1231 2848 1356 2889 ignoro:
1380 2844 1548 2885 potestque
1571 2845 1603 2876 id
1621 2844 1721 2875 videti
1747 2842 1829 2882 apud
1853 2840 1968 2873 Biiffo-

1103 2891 1192 2921 nium
1212 2888 1263 2919 De
1274 2888 1335 2929 jur.
1353 2888 1473 2918 COmzub.
1485 2893 1515 2928 p.
1536 2895 1603 2922 219.
1622 2885 1744 2925 &seqq
1771 2882 1970 2914 Hormanum

1104 2930 1152 2962 De
1171 2930 1218 2960 rit.
1243 2934 1325 2969 nupt.
1351 2938 1376 2959 c.
1391 2940 1420 2968 5.
1442 2935 1473 2968 p,
1491 2936 1562 2968 424.
1592 2927 1776 2959 Albericum
1802 2922 1969 2956 Gentilem

1104 2972 1151 3003 lib.
1167 2981 1198 3011 5.
1221 2969 1268 3000 De
1283 2975 1364 3009 nupt.
1389 2979 1411 3000 c.
1428 2979 1473 3001 xi.

1147 3012 1332 3044 Proximum
1358 3010 1402 3043 est
1419 3034 1427 3048 ,
1459 3017 1493 3042 ut
1516 3010 1555 3045 de
1584 3008 1733 3040 affinitate
1764 3006 1968 3045 disputemus.

1104 3063 1176 3086 nam
1202 3052 1254 3084 vel
1281 3054 1361 3083 lianc
1387 3051 1505 3091 nuptiis
1528 3051 1759 3091 impedimento
1778 3046 1856 3081 esse,
1881 3045 1970 3091 supra

1102 3096 1223 3128 monui.
1268 3094 1347 3125 Sunt
1362 3102 1467 3124 autem
1484 3092 1593 3124 affines
1615 3090 1762 3132 (auctore
1778 3086 1968 3119 Modellino

1102 3137 1121 3169 l.
1140 3147 1167 3174 4,
1190 3136 1219 3177 §.
1239 3145 1266 3167 1.
1291 3135 1331 3167 D.
1350 3137 1382 3165 de
1399 3135 1535 3176 grcidz'b.)
1560 3133 1616 3164 viri
1643 3132 1671 3162 δι
1695 3129 1800 3161 uxoris
1826 3127 1968 3170 cognati:

1107 3178 1181 3211 dieti
1198 3177 1237 3209 ab
1256 3187 1296 3210 eo
1313 3178 1401 3218 quod
1419 3178 1490 3209 duae
1512 3173 1720 3216 cognationes
1746 3178 1815 3211 quae
1841 3169 1970 3214 diverlae

1919 3218 1967 3240 in-
