<?xml version="1.0" encoding="UTF-8"?>
<!DOCTYPE html PUBLIC "-//W3C//DTD XHTML 1.0 Transitional//EN"
    "http://www.w3.org/TR/xhtml1/DTD/xhtml1-transitional.dtd">
<html xmlns="http://www.w3.org/1999/xhtml" xml:lang="en" lang="en">
 <head>
  <title>
</title>
<meta http-equiv="Content-Type" content="text/html;charset=utf-8" />
  <meta name='ocr-system' content='tesseract 3.04.00' />
  <meta name='ocr-capabilities' content='ocr_page ocr_carea ocr_par ocr_line ocrx_word'/>
</head>
<body>
  <div class='ocr_page' id='page_1' title='image "./gerardinoodtnovi00nood_0878.png"; bbox 0 0 2036 3495; ppageno 0'>
   <div class='ocr_carea' id='block_1_1' title="bbox 162 65 926 114">
    <p class='ocr_par' dir='ltr' id='par_1_1' title="bbox 162 65 926 114">
     <span class='ocr_line' id='line_1_1' title="bbox 162 65 926 114; baseline -0.001 -18"><span class='ocrx_word' id='word_1_1' title='bbox 162 73 233 114; x_wconf 67' lang='lat'><strong>296</strong></span> <span class='ocrx_word' id='word_1_2' title='bbox 579 65 926 99; x_wconf 74' lang='lat' dir='ltr'><strong>GEitARDI</strong></span> 
     </span>
    </p>
   </div>
   <div class='ocr_carea' id='block_1_2' title="bbox 164 145 1041 241">
    <p class='ocr_par' dir='ltr' id='par_1_2' title="bbox 164 145 1041 241">
     <span class='ocr_line' id='line_1_2' title="bbox 164 145 1041 198; baseline -0.017 -8"><span class='ocrx_word' id='word_1_3' title='bbox 164 167 255 190; x_wconf 79' lang='lat' dir='ltr'><strong>unum</strong></span> <span class='ocrx_word' id='word_1_4' title='bbox 279 157 420 198; x_wconf 76' lang='lat' dir='ltr'><em>quoddam</em></span> <span class='ocrx_word' id='word_1_5' title='bbox 440 150 558 194; x_wconf 59' lang='lat' dir='ltr'><strong>fufium</strong></span> <span class='ocrx_word' id='word_1_6' title='bbox 582 150 628 191; x_wconf 79' lang='lat' dir='ltr'><strong>eft.</strong></span> <span class='ocrx_word' id='word_1_7' title='bbox 653 150 723 191; x_wconf 79' lang='lat' dir='ltr'><strong>quid</strong></span> <span class='ocrx_word' id='word_1_8' title='bbox 744 146 783 189; x_wconf 79' lang='lat' dir='ltr'><strong>est</strong></span> <span class='ocrx_word' id='word_1_9' title='bbox 793 145 924 195; x_wconf 65' lang='lat' dir='ltr'><strong>jastius,</strong></span> <span class='ocrx_word' id='word_1_10' title='bbox 955 156 1041 194; x_wconf 66' lang='lat' dir='ltr'><strong>qniim</strong></span> 
     </span>
     <span class='ocr_line' id='line_1_3' title="bbox 165 187 1041 241; baseline -0.017 -9"><span class='ocrx_word' id='word_1_11' title='bbox 165 198 344 241; x_wconf 74' lang='lat' dir='ltr'><strong>compositum</strong></span> <span class='ocrx_word' id='word_1_12' title='bbox 363 195 568 238; x_wconf 79' lang='lat' dir='ltr'><em>patrimonium</em></span> <span class='ocrx_word' id='word_1_13' title='bbox 593 193 692 222; x_wconf 79' lang='lat' dir='ltr'><strong>habere</strong></span> <span class='ocrx_word' id='word_1_14' title='bbox 717 191 907 220; x_wconf 71' lang='lat' dir='ltr'><strong>corzazrzonem</strong></span> <span class='ocrx_word' id='word_1_15' title='bbox 928 187 1041 219; x_wconf 77' lang='lat' dir='ltr'><strong>unitis?</strong></span> 
     </span>
    </p>
   </div>
   <div class='ocr_carea' id='block_1_3' title="bbox 122 228 1040 3206">
    <p class='ocr_par' dir='ltr' id='par_1_3' title="bbox 154 228 1040 1053">
     <span class='ocr_line' id='line_1_4' title="bbox 154 228 1040 281; baseline -0.017 -8"><span class='ocrx_word' id='word_1_16' title='bbox 154 242 305 281; x_wconf 65' lang='lat' dir='ltr'><strong>societatis</strong></span> <span class='ocrx_word' id='word_1_17' title='bbox 327 239 396 280; x_wconf 82' lang='lat' dir='ltr'><strong>(hoc</strong></span> <span class='ocrx_word' id='word_1_18' title='bbox 411 234 468 273; x_wconf 67' lang='lat' dir='ltr'><strong>est,</strong></span> <span class='ocrx_word' id='word_1_19' title='bbox 491 233 644 272; x_wconf 74' lang='lat' dir='ltr'><strong>unitatis).</strong></span> <span class='ocrx_word' id='word_1_20' title='bbox 690 230 780 261; x_wconf 78' lang='lat' dir='ltr'><strong>Vides</strong></span> <span class='ocrx_word' id='word_1_21' title='bbox 797 239 862 271; x_wconf 79' lang='lat' dir='ltr'><strong>ergo</strong></span> <span class='ocrx_word' id='word_1_22' title='bbox 881 228 919 263; x_wconf 60' lang='grc' dir='ltr'><strong>ὅ)</strong></span> <span class='ocrx_word' id='word_1_23' title='bbox 933 230 1040 260; x_wconf 80' lang='lat' dir='ltr'><strong>damna</strong></span> 
     </span>
     <span class='ocr_line' id='line_1_5' title="bbox 168 271 1039 316; baseline -0.015 -3"><span class='ocrx_word' id='word_1_24' title='bbox 168 281 205 316; x_wconf 53' lang='grc' dir='ltr'>ὅ</span> <span class='ocrx_word' id='word_1_25' title='bbox 220 282 300 312; x_wconf 82' lang='lat' dir='ltr'><strong>lucra</strong></span> <span class='ocrx_word' id='word_1_26' title='bbox 313 277 471 310; x_wconf 80' lang='lat' dir='ltr'><strong>communia</strong></span> <span class='ocrx_word' id='word_1_27' title='bbox 490 274 540 315; x_wconf 83' lang='lat' dir='ltr'><strong>effe</strong></span> <span class='ocrx_word' id='word_1_28' title='bbox 557 275 671 312; x_wconf 73' lang='lat' dir='ltr'><strong>dehere,</strong></span> <span class='ocrx_word' id='word_1_29' title='bbox 695 271 731 306; x_wconf 64' lang='grc' dir='ltr'><strong>ὅ)</strong></span> <span class='ocrx_word' id='word_1_30' title='bbox 750 271 824 302; x_wconf 70' lang='lat' dir='ltr'><strong>nibil</strong></span> <span class='ocrx_word' id='word_1_31' title='bbox 846 280 903 300; x_wconf 81' lang='lat' dir='ltr'><strong>non</strong></span> <span class='ocrx_word' id='word_1_32' title='bbox 926 280 1039 312; x_wconf 63' lang='lat' dir='ltr'><strong>coquum</strong></span> 
     </span>
     <span class='ocr_line' id='line_1_6' title="bbox 165 311 1036 363; baseline -0.015 -9"><span class='ocrx_word' id='word_1_33' title='bbox 165 323 217 363; x_wconf 81' lang='lat' dir='ltr'><strong>effe</strong></span> <span class='ocrx_word' id='word_1_34' title='bbox 245 322 360 361; x_wconf 72' lang='lat' dir='ltr'><strong>utrique</strong></span> <span class='ocrx_word' id='word_1_35' title='bbox 381 318 474 357; x_wconf 70' lang='lat' dir='ltr'><strong>parti.</strong></span> <span class='ocrx_word' id='word_1_36' title='bbox 528 315 623 356; x_wconf 78' lang='lat' dir='ltr'><strong>igitur</strong></span> <span class='ocrx_word' id='word_1_37' title='bbox 654 323 728 345; x_wconf 88' lang='lat' dir='ltr'><strong>curn</strong></span> <span class='ocrx_word' id='word_1_38' title='bbox 761 311 896 343; x_wconf 61' lang='lat' dir='ltr'><strong>tra-‘Statu</strong></span> <span class='ocrx_word' id='word_1_39' title='bbox 925 311 1036 342; x_wconf 84' lang='lat' dir='ltr'><strong>habito</strong></span> 
     </span>
     <span class='ocr_line' id='line_1_7' title="bbox 165 352 1037 397; baseline -0.014 -3"><span class='ocrx_word' id='word_1_40' title='bbox 165 364 250 395; x_wconf 87' lang='lat' dir='ltr'><strong>coita</strong></span> <span class='ocrx_word' id='word_1_41' title='bbox 262 361 311 392; x_wconf 38' lang='lat' dir='ltr'><strong>*est</strong></span> <span class='ocrx_word' id='word_1_42' title='bbox 335 358 486 394; x_wconf 78' lang='lat' dir='ltr'><strong>societas,</strong></span> <span class='ocrx_word' id='word_1_43' title='bbox 512 364 569 397; x_wconf 90' lang='lat' dir='ltr'><strong>pro</strong></span> <span class='ocrx_word' id='word_1_44' title='bbox 586 356 673 386; x_wconf 84' lang='lat' dir='ltr'><strong>socio</strong></span> <span class='ocrx_word' id='word_1_45' title='bbox 698 354 779 385; x_wconf 73' lang='lat' dir='ltr'><strong>actio</strong></span> <span class='ocrx_word' id='word_1_46' title='bbox 798 352 860 384; x_wconf 86' lang='lat' dir='ltr'><strong>est:</strong></span> <span class='ocrx_word' id='word_1_47' title='bbox 883 362 956 384; x_wconf 90' lang='lat' dir='ltr'><strong>cum</strong></span> <span class='ocrx_word' id='word_1_48' title='bbox 974 353 1037 384; x_wconf 89' lang='lat' dir='ltr'><strong>sine</strong></span> 
     </span>
     <span class='ocr_line' id='line_1_8' title="bbox 165 395 1036 439; baseline -0.013 -5"><span class='ocrx_word' id='word_1_49' title='bbox 165 404 297 435; x_wconf 70' lang='lat' dir='ltr'><strong>tractatu</strong></span> <span class='ocrx_word' id='word_1_50' title='bbox 321 402 352 431; x_wconf 87' lang='lat' dir='ltr'><strong>in</strong></span> <span class='ocrx_word' id='word_1_51' title='bbox 376 408 409 431; x_wconf 85' lang='lat' dir='ltr'><strong>re</strong></span> <span class='ocrx_word' id='word_1_52' title='bbox 436 397 498 439; x_wconf 79' lang='lat' dir='ltr'><strong>ipsa</strong></span> <span class='ocrx_word' id='word_1_53' title='bbox 523 399 551 429; x_wconf 75' lang='lat' dir='ltr'><strong>&lt;St</strong></span> <span class='ocrx_word' id='word_1_54' title='bbox 577 397 708 438; x_wconf 80' lang='lat' dir='ltr'><strong>negotio</strong></span> <span class='ocrx_word' id='word_1_55' title='bbox 741 395 956 426; x_wconf 86' lang='lat' dir='ltr'><strong>communiter</strong></span> <span class='ocrx_word' id='word_1_56' title='bbox 981 402 1036 434; x_wconf 86' lang='lat' dir='ltr'><strong>ge·</strong></span> 
     </span>
     <span class='ocr_line' id='line_1_9' title="bbox 165 435 1035 481; baseline -0.013 -5"><span class='ocrx_word' id='word_1_57' title='bbox 165 444 244 476; x_wconf 85' lang='lat' dir='ltr'><strong>stum</strong></span> <span class='ocrx_word' id='word_1_58' title='bbox 263 442 406 473; x_wconf 87' lang='lat' dir='ltr'><strong>videtur:</strong></span> <span class='ocrx_word' id='word_1_59' title='bbox 425 448 458 471; x_wconf 89' lang='lat' dir='ltr'><strong>ut</strong></span> <span class='ocrx_word' id='word_1_60' title='bbox 476 439 506 471; x_wconf 86' lang='lat' dir='ltr'><strong>iii</strong></span> <span class='ocrx_word' id='word_1_61' title='bbox 524 436 792 470; x_wconf 72' lang='lat' dir='ltr'><strong>conduttionibus</strong></span> <span class='ocrx_word' id='word_1_62' title='bbox 812 435 1035 481; x_wconf 61' lang='lat' dir='ltr'><strong>puhlicorum,</strong></span> 
     </span>
     <span class='ocr_line' id='line_1_10' title="bbox 161 476 1034 524; baseline -0.009 -8"><span class='ocrx_word' id='word_1_63' title='bbox 161 485 214 524; x_wconf 80' lang='lat' dir='ltr'><strong>(id</strong></span> <span class='ocrx_word' id='word_1_64' title='bbox 240 483 301 520; x_wconf 85' lang='lat' dir='ltr'><strong>est,</strong></span> <span class='ocrx_word' id='word_1_65' title='bbox 327 481 542 522; x_wconf 69' lang='lat' dir='ltr'><strong>vectigalium:</strong></span> <span class='ocrx_word' id='word_1_66' title='bbox 567 490 637 511; x_wconf 84' lang='lat' dir='ltr'><strong>nam</strong></span> <span class='ocrx_word' id='word_1_67' title='bbox 666 480 734 510; x_wconf 83' lang='lat' dir='ltr'><strong>haec</strong></span> <span class='ocrx_word' id='word_1_68' title='bbox 760 477 887 521; x_wconf 79' lang='lat' dir='ltr'><strong>publica</strong></span> <span class='ocrx_word' id='word_1_69' title='bbox 915 477 945 507; x_wconf 91' lang='lat' dir='ltr'><strong>in</strong></span> <span class='ocrx_word' id='word_1_70' title='bbox 968 476 987 507; x_wconf 78' lang='lat' dir='ltr'><strong>l.</strong></span> <span class='ocrx_word' id='word_1_71' title='bbox 1008 485 1034 521; x_wconf 75' lang='lat'><strong>¹.-</strong></span> 
     </span>
     <span class='ocr_line' id='line_1_11' title="bbox 162 518 1035 567; baseline -0.011 -10"><span class='ocrx_word' id='word_1_72' title='bbox 162 527 192 567; x_wconf 84' lang='lat'><strong>§.</strong></span> <span class='ocrx_word' id='word_1_73' title='bbox 220 533 245 556; x_wconf 91' lang='lat'><strong>1.</strong></span> <span class='ocrx_word' id='word_1_74' title='bbox 276 523 317 555; x_wconf 93' lang='lat' dir='ltr'><strong>D.</strong></span> <span class='ocrx_word' id='word_1_75' title='bbox 335 522 525 564; x_wconf 67' lang='lat' dir='ltr'><strong>(republican.</strong></span> <span class='ocrx_word' id='word_1_76' title='bbox 552 522 581 552; x_wconf 68' lang='grc' dir='ltr'>ἃ</span> <span class='ocrx_word' id='word_1_77' title='bbox 608 520 700 560; x_wconf 85' lang='lat' dir='ltr'><strong>alibi)</strong></span> <span class='ocrx_word' id='word_1_78' title='bbox 724 521 800 550; x_wconf 85' lang='lat' dir='ltr'><strong>item</strong></span> <span class='ocrx_word' id='word_1_79' title='bbox 817 526 847 548; x_wconf 83' lang='lat' dir='ltr'><strong>in</strong></span> <span class='ocrx_word' id='word_1_80' title='bbox 864 518 1035 558; x_wconf 88' lang='lat' dir='ltr'><strong>emptioni-</strong></span> 
     </span>
     <span class='ocr_line' id='line_1_12' title="bbox 161 558 1036 605; baseline -0.011 -7"><span class='ocrx_word' id='word_1_81' title='bbox 161 569 230 598; x_wconf 85' lang='lat' dir='ltr'><strong>bus.</strong></span> <span class='ocrx_word' id='word_1_82' title='bbox 257 574 328 597; x_wconf 86' lang='lat' dir='ltr'><strong>nam</strong></span> <span class='ocrx_word' id='word_1_83' title='bbox 353 564 405 605; x_wconf 85' lang='lat' dir='ltr'><strong>qui</strong></span> <span class='ocrx_word' id='word_1_84' title='bbox 426 564 543 595; x_wconf 87' lang='lat' dir='ltr'><strong>nolunt</strong></span> <span class='ocrx_word' id='word_1_85' title='bbox 572 565 654 593; x_wconf 84' lang='lat' dir='ltr'><strong>inter</strong></span> <span class='ocrx_word' id='word_1_86' title='bbox 681 561 711 592; x_wconf 90' lang='lat' dir='ltr'><strong>se</strong></span> <span class='ocrx_word' id='word_1_87' title='bbox 737 559 936 591; x_wconf 81' lang='lat' dir='ltr'>contendere</span> <span class='ocrx_word' id='word_1_88' title='bbox 955 582 964 597; x_wconf 96' lang='lat'><strong>,</strong></span> <span class='ocrx_word' id='word_1_89' title='bbox 989 558 1036 589; x_wconf 90' lang='lat' dir='ltr'><strong>so-</strong></span> 
     </span>
     <span class='ocr_line' id='line_1_13' title="bbox 163 599 1036 648; baseline -0.01 -9"><span class='ocrx_word' id='word_1_90' title='bbox 163 609 231 640; x_wconf 84' lang='lat' dir='ltr'><strong>lent</strong></span> <span class='ocrx_word' id='word_1_91' title='bbox 248 616 305 648; x_wconf 88' lang='lat' dir='ltr'><strong>pei·</strong></span> <span class='ocrx_word' id='word_1_92' title='bbox 321 606 471 637; x_wconf 87' lang='lat' dir='ltr'><strong>nuncium</strong></span> <span class='ocrx_word' id='word_1_93' title='bbox 488 614 553 635; x_wconf 90' lang='lat' dir='ltr'><strong>rem</strong></span> <span class='ocrx_word' id='word_1_94' title='bbox 570 612 677 634; x_wconf 86' lang='lat' dir='ltr'><strong>emere</strong></span> <span class='ocrx_word' id='word_1_95' title='bbox 693 603 724 633; x_wconf 93' lang='lat' dir='ltr'><strong>in</strong></span> <span class='ocrx_word' id='word_1_96' title='bbox 742 609 931 632; x_wconf 89' lang='lat' dir='ltr'><strong>commune:</strong></span> <span class='ocrx_word' id='word_1_97' title='bbox 948 599 1036 640; x_wconf 87' lang='lat' dir='ltr'><strong>quod</strong></span> 
     </span>
     <span class='ocr_line' id='line_1_14' title="bbox 163 642 1035 688; baseline -0.01 -8"><span class='ocrx_word' id='word_1_98' title='bbox 163 658 179 681; x_wconf 86' lang='lat' dir='ltr'><strong>a</strong></span> <span class='ocrx_word' id='word_1_99' title='bbox 198 647 351 680; x_wconf 86' lang='lat' dir='ltr'><strong>societate</strong></span> <span class='ocrx_word' id='word_1_100' title='bbox 373 648 469 688; x_wconf 82' lang='lat' dir='ltr'><strong>longe</strong></span> <span class='ocrx_word' id='word_1_101' title='bbox 493 653 652 678; x_wconf 87' lang='lat' dir='ltr'><strong>remotum</strong></span> <span class='ocrx_word' id='word_1_102' title='bbox 681 643 734 675; x_wconf 88' lang='lat' dir='ltr'><strong>est.</strong></span> <span class='ocrx_word' id='word_1_103' title='bbox 759 642 830 682; x_wconf 86' lang='lat' dir='ltr'><strong>(nisi</strong></span> <span class='ocrx_word' id='word_1_104' title='bbox 854 642 887 672; x_wconf 82' lang='lat' dir='ltr'><strong>sit</strong></span> <span class='ocrx_word' id='word_1_105' title='bbox 914 642 1035 686; x_wconf 79' lang='lat' dir='ltr'><strong>animus</strong></span> 
     </span>
     <span class='ocr_line' id='line_1_15' title="bbox 164 682 1036 727; baseline -0.011 -5"><span class='ocrx_word' id='word_1_106' title='bbox 164 699 234 722; x_wconf 82' lang='lat' dir='ltr'><strong>eam</strong></span> <span class='ocrx_word' id='word_1_107' title='bbox 252 688 480 721; x_wconf 80' lang='lat' dir='ltr'><strong>contrahendi:</strong></span> <span class='ocrx_word' id='word_1_108' title='bbox 505 688 557 727; x_wconf 82' lang='lat' dir='ltr'><strong>qui</strong></span> <span class='ocrx_word' id='word_1_109' title='bbox 584 684 704 717; x_wconf 86' lang='lat' dir='ltr'><strong>animus</strong></span> <span class='ocrx_word' id='word_1_110' title='bbox 727 683 951 723; x_wconf 85' lang='lat' dir='ltr'><strong>supponendus</strong></span> <span class='ocrx_word' id='word_1_111' title='bbox 968 682 1036 727; x_wconf 30' lang='lat' dir='ltr'><strong>in&#39;l.</strong></span> 
     </span>
     <span class='ocr_line' id='line_1_16' title="bbox 166 723 1036 767; baseline -0.011 -4"><span class='ocrx_word' id='word_1_112' title='bbox 166 742 193 763; x_wconf 91' lang='lat'><strong>1.</strong></span> <span class='ocrx_word' id='word_1_113' title='bbox 221 732 266 763; x_wconf 90' lang='lat' dir='ltr'><strong>D.</strong></span> <span class='ocrx_word' id='word_1_114' title='bbox 285 731 433 762; x_wconf 82' lang='lat' dir='ltr'><strong>Commun.</strong></span> <span class='ocrx_word' id='word_1_115' title='bbox 456 728 569 767; x_wconf 76' lang='lat' dir='ltr'><strong>divid.)</strong></span> <span class='ocrx_word' id='word_1_116' title='bbox 600 727 647 758; x_wconf 85' lang='lat' dir='ltr'><strong>his</strong></span> <span class='ocrx_word' id='word_1_117' title='bbox 671 725 764 766; x_wconf 87' lang='lat' dir='ltr'><strong>igitur</strong></span> <span class='ocrx_word' id='word_1_118' title='bbox 782 725 900 755; x_wconf 85' lang='lat' dir='ltr'><strong>casihus</strong></span> <span class='ocrx_word' id='word_1_119' title='bbox 924 724 942 754; x_wconf 81' lang='lat' dir='ltr'><strong>ii</strong></span> <span class='ocrx_word' id='word_1_120' title='bbox 960 723 1036 763; x_wconf 87' lang='lat' dir='ltr'><strong>quid</strong></span> 
     </span>
     <span class='ocr_line' id='line_1_17' title="bbox 164 763 1037 809; baseline -0.011 -4"><span class='ocrx_word' id='word_1_121' title='bbox 164 773 253 804; x_wconf 84' lang='lat' dir='ltr'><strong>forte</strong></span> <span class='ocrx_word' id='word_1_122' title='bbox 272 782 351 804; x_wconf 90' lang='lat' dir='ltr'><strong>unus</strong></span> <span class='ocrx_word' id='word_1_123' title='bbox 372 772 403 803; x_wconf 91' lang='lat' dir='ltr'><strong>in</strong></span> <span class='ocrx_word' id='word_1_124' title='bbox 420 779 487 801; x_wconf 87' lang='lat' dir='ltr'><strong>eam</strong></span> <span class='ocrx_word' id='word_1_125' title='bbox 511 777 577 800; x_wconf 91' lang='lat' dir='ltr'><strong>rem</strong></span> <span class='ocrx_word' id='word_1_126' title='bbox 593 767 804 807; x_wconf 87' lang='lat' dir='ltr'><strong>impenderit,</strong></span> <span class='ocrx_word' id='word_1_127' title='bbox 830 765 892 809; x_wconf 83' lang='lat' dir='ltr'><strong>sive</strong></span> <span class='ocrx_word' id='word_1_128' title='bbox 915 763 1037 796; x_wconf 66' lang='lat' dir='ltr'><strong>fructus</strong></span> 
     </span>
     <span class='ocr_line' id='line_1_18' title="bbox 164 805 1037 850; baseline -0.013 -4"><span class='ocrx_word' id='word_1_129' title='bbox 164 814 374 846; x_wconf 80' lang='lat' dir='ltr'><strong>mercedesve</strong></span> <span class='ocrx_word' id='word_1_130' title='bbox 393 822 470 843; x_wconf 91' lang='lat' dir='ltr'><strong>unus</strong></span> <span class='ocrx_word' id='word_1_131' title='bbox 488 810 686 850; x_wconf 81' lang='lat' dir='ltr'><strong>perceperit,</strong></span> <span class='ocrx_word' id='word_1_132' title='bbox 712 808 763 838; x_wconf 91' lang='lat' dir='ltr'><strong>vel</strong></span> <span class='ocrx_word' id='word_1_133' title='bbox 781 808 975 837; x_wconf 88' lang='lat' dir='ltr'><strong>deteriorem</strong></span> <span class='ocrx_word' id='word_1_134' title='bbox 991 805 1037 837; x_wconf 88' lang='lat' dir='ltr'><strong>fe-</strong></span> 
     </span>
     <span class='ocr_line' id='line_1_19' title="bbox 164 847 1038 894; baseline -0.013 -6"><span class='ocrx_word' id='word_1_135' title='bbox 164 856 246 887; x_wconf 89' lang='lat' dir='ltr'><strong>cerit</strong></span> <span class='ocrx_word' id='word_1_136' title='bbox 275 864 361 893; x_wconf 85' lang='lat' dir='ltr'><strong>rem,</strong></span> <span class='ocrx_word' id='word_1_137' title='bbox 385 863 450 885; x_wconf 75' lang='lat' dir='ltr'><strong>non</strong></span> <span class='ocrx_word' id='word_1_138' title='bbox 476 852 634 882; x_wconf 83' lang='lat' dir='ltr'><strong>societatis</strong></span> <span class='ocrx_word' id='word_1_139' title='bbox 659 848 778 890; x_wconf 82' lang='lat' dir='ltr'><strong>judicio</strong></span> <span class='ocrx_word' id='word_1_140' title='bbox 797 849 884 894; x_wconf 72' lang='lat' dir='ltr'><strong>locus</strong></span> <span class='ocrx_word' id='word_1_141' title='bbox 901 847 961 878; x_wconf 90' lang='lat' dir='ltr'><strong>est:</strong></span> <span class='ocrx_word' id='word_1_142' title='bbox 985 847 1038 878; x_wconf 90' lang='lat' dir='ltr'><strong>sed</strong></span> 
     </span>
     <span class='ocr_line' id='line_1_20' title="bbox 163 889 1038 935; baseline -0.013 -6"><span class='ocrx_word' id='word_1_143' title='bbox 163 899 248 929; x_wconf 84' lang='lat' dir='ltr'><strong>inter</strong></span> <span class='ocrx_word' id='word_1_144' title='bbox 264 896 441 927; x_wconf 80' lang='lat' dir='ltr'><strong>coheredes</strong></span> <span class='ocrx_word' id='word_1_145' title='bbox 460 893 588 934; x_wconf 80' lang='lat' dir='ltr'><strong>quidem</strong></span> <span class='ocrx_word' id='word_1_146' title='bbox 605 892 731 923; x_wconf 83' lang='lat' dir='ltr'><strong>familiae</strong></span> <span class='ocrx_word' id='word_1_147' title='bbox 750 889 961 935; x_wconf 70' lang='lat' dir='ltr'><strong>erciscundae,</strong></span> <span class='ocrx_word' id='word_1_148' title='bbox 985 896 1038 919; x_wconf 87' lang='lat' dir='ltr'><strong>aut</strong></span> 
     </span>
     <span class='ocr_line' id='line_1_21' title="bbox 164 933 1034 975; baseline -0.011 -5"><span class='ocrx_word' id='word_1_149' title='bbox 164 938 329 970; x_wconf 87' lang='lat' dir='ltr'><strong>communi</strong></span> <span class='ocrx_word' id='word_1_150' title='bbox 347 935 528 968; x_wconf 85' lang='lat' dir='ltr'><strong>dividundo</strong></span> <span class='ocrx_word' id='word_1_151' title='bbox 548 933 669 975; x_wconf 88' lang='lat' dir='ltr'><strong>judicio</strong></span> <span class='ocrx_word' id='word_1_152' title='bbox 687 939 816 974; x_wconf 82' lang='lat' dir='ltr'><strong>agetur3</strong></span> <span class='ocrx_word' id='word_1_153' title='bbox 839 937 922 961; x_wconf 88' lang='lat' dir='ltr'><strong>inter</strong></span> <span class='ocrx_word' id='word_1_154' title='bbox 940 937 1034 961; x_wconf 86' lang='lat' dir='ltr'><strong>caete-</strong></span> 
     </span>
     <span class='ocr_line' id='line_1_22' title="bbox 165 971 1033 1015; baseline -0.013 -4"><span class='ocrx_word' id='word_1_155' title='bbox 165 989 218 1012; x_wconf 88' lang='lat' dir='ltr'><strong>ros</strong></span> <span class='ocrx_word' id='word_1_156' title='bbox 243 979 406 1010; x_wconf 86' lang='lat' dir='ltr'><strong>communi</strong></span> <span class='ocrx_word' id='word_1_157' title='bbox 424 975 599 1009; x_wconf 89' lang='lat' dir='ltr'><strong>dividundo</strong></span> <span class='ocrx_word' id='word_1_158' title='bbox 624 975 642 1006; x_wconf 76' lang='lat' dir='ltr'><strong>l.</strong></span> <span class='ocrx_word' id='word_1_159' title='bbox 657 983 707 1015; x_wconf 85' lang='lat'><strong>31.</strong></span> <span class='ocrx_word' id='word_1_160' title='bbox 734 973 753 1004; x_wconf 72' lang='lat' dir='ltr'><strong>l.</strong></span> <span class='ocrx_word' id='word_1_161' title='bbox 772 981 820 1013; x_wconf 77' lang='lat'><strong>32.</strong></span> <span class='ocrx_word' id='word_1_162' title='bbox 840 971 858 1002; x_wconf 85' lang='lat' dir='ltr'><strong>l.</strong></span> <span class='ocrx_word' id='word_1_163' title='bbox 878 980 929 1012; x_wconf 83' lang='lat'><strong>33.</strong></span> <span class='ocrx_word' id='word_1_164' title='bbox 945 971 964 1003; x_wconf 82' lang='lat' dir='ltr'><strong>l.</strong></span> <span class='ocrx_word' id='word_1_165' title='bbox 983 980 1033 1012; x_wconf 86' lang='lat'><strong>34.</strong></span> 
     </span>
     <span class='ocr_line' id='line_1_23' title="bbox 165 1021 307 1053; baseline -0.014 0"><span class='ocrx_word' id='word_1_166' title='bbox 165 1022 212 1053; x_wconf 86' lang='lat' dir='ltr'><strong>D.</strong></span> <span class='ocrx_word' id='word_1_167' title='bbox 238 1021 265 1051; x_wconf 83' lang='lat' dir='ltr'><strong>h.</strong></span> <span class='ocrx_word' id='word_1_168' title='bbox 287 1025 307 1051; x_wconf 83' lang='lat' dir='ltr'><strong>t.</strong></span> 
     </span>
    </p>

    <p class='ocr_par' dir='ltr' id='par_1_4' title="bbox 127 1053 1038 2464">
     <span class='ocr_line' id='line_1_24' title="bbox 205 1053 1036 1101; baseline -0.012 -8"><span class='ocrx_word' id='word_1_169' title='bbox 205 1062 284 1093; x_wconf 82' lang='lat' dir='ltr'>Vult</span> <span class='ocrx_word' id='word_1_170' title='bbox 315 1059 410 1101; x_wconf 84' lang='lat' dir='ltr'><strong>igitur</strong></span> <span class='ocrx_word' id='word_1_171' title='bbox 439 1059 585 1097; x_wconf 71' lang='lat' dir='ltr'><strong>Praetor,</strong></span> <span class='ocrx_word' id='word_1_172' title='bbox 617 1065 652 1089; x_wconf 90' lang='lat' dir='ltr'><strong>ut</strong></span> <span class='ocrx_word' id='word_1_173' title='bbox 675 1065 734 1098; x_wconf 87' lang='lat' dir='ltr'><strong>pro</strong></span> <span class='ocrx_word' id='word_1_174' title='bbox 757 1055 845 1086; x_wconf 91' lang='lat' dir='ltr'><strong>socio</strong></span> <span class='ocrx_word' id='word_1_175' title='bbox 869 1053 951 1085; x_wconf 72' lang='lat' dir='ltr'><strong>aCtio</strong></span> <span class='ocrx_word' id='word_1_176' title='bbox 980 1054 1036 1099; x_wconf 74' lang='lat' dir='ltr'><strong>sit,</strong></span> 
     </span>
     <span class='ocr_line' id='line_1_25' title="bbox 165 1093 1036 1140; baseline -0.013 -5"><span class='ocrx_word' id='word_1_177' title='bbox 165 1104 284 1135; x_wconf 84' lang='lat' dir='ltr'><strong>coitam</strong></span> <span class='ocrx_word' id='word_1_178' title='bbox 309 1102 370 1133; x_wconf 89' lang='lat' dir='ltr'><strong>esse</strong></span> <span class='ocrx_word' id='word_1_179' title='bbox 401 1102 596 1132; x_wconf 84' lang='lat' dir='ltr'><strong>societatem.</strong></span> <span class='ocrx_word' id='word_1_180' title='bbox 621 1098 667 1130; x_wconf 87' lang='lat' dir='ltr'><strong>est</strong></span> <span class='ocrx_word' id='word_1_181' title='bbox 692 1107 770 1129; x_wconf 90' lang='lat' dir='ltr'><strong>vero</strong></span> <span class='ocrx_word' id='word_1_182' title='bbox 800 1105 836 1127; x_wconf 89' lang='lat' dir='ltr'><strong>ea</strong></span> <span class='ocrx_word' id='word_1_183' title='bbox 863 1093 1036 1140; x_wconf 34' lang='lat' dir='ltr'><strong>res-sacti,</strong></span> 
     </span>
     <span class='ocr_line' id='line_1_26' title="bbox 163 1136 1036 1182; baseline -0.01 -6"><span class='ocrx_word' id='word_1_184' title='bbox 163 1144 258 1177; x_wconf 86' lang='lat' dir='ltr'><strong>facile</strong></span> <span class='ocrx_word' id='word_1_185' title='bbox 296 1142 530 1176; x_wconf 77' lang='lat' dir='ltr'><strong>dubitationem</strong></span> <span class='ocrx_word' id='word_1_186' title='bbox 563 1140 756 1181; x_wconf 85' lang='lat' dir='ltr'><strong>recipientis.</strong></span> <span class='ocrx_word' id='word_1_187' title='bbox 800 1138 973 1182; x_wconf 72' lang='lat' dir='ltr'><strong>intererit,</strong></span> <span class='ocrx_word' id='word_1_188' title='bbox 1004 1136 1036 1167; x_wconf 91' lang='lat' dir='ltr'><strong>id</strong></span> 
     </span>
     <span class='ocr_line' id='line_1_27' title="bbox 164 1175 1035 1225; baseline -0.014 -7"><span class='ocrx_word' id='word_1_189' title='bbox 164 1186 318 1224; x_wconf 82' lang='lat' dir='ltr'><strong>exemplo</strong></span> <span class='ocrx_word' id='word_1_190' title='bbox 342 1184 486 1225; x_wconf 78' lang='lat' dir='ltr'><strong>intelligi.</strong></span> <span class='ocrx_word' id='word_1_191' title='bbox 511 1182 611 1223; x_wconf 80' lang='lat' dir='ltr'><strong>finge:</strong></span> <span class='ocrx_word' id='word_1_192' title='bbox 635 1182 706 1222; x_wconf 84' lang='lat' dir='ltr'><strong>(qui</strong></span> <span class='ocrx_word' id='word_1_193' title='bbox 726 1181 769 1211; x_wconf 90' lang='lat' dir='ltr'><strong>est</strong></span> <span class='ocrx_word' id='word_1_194' title='bbox 787 1180 872 1210; x_wconf 82' lang='lat' dir='ltr'><strong>casus</strong></span> <span class='ocrx_word' id='word_1_195' title='bbox 889 1177 908 1208; x_wconf 85' lang='lat' dir='ltr'><strong>l.</strong></span> <span class='ocrx_word' id='word_1_196' title='bbox 923 1186 973 1215; x_wconf 82' lang='lat'><strong>44.</strong></span> <span class='ocrx_word' id='word_1_197' title='bbox 991 1175 1035 1223; x_wconf 90' lang='lat' dir='ltr'><strong>D.</strong></span> 
     </span>
     <span class='ocr_line' id='line_1_28' title="bbox 164 1219 1037 1267; baseline -0.014 -8"><span class='ocrx_word' id='word_1_198' title='bbox 164 1228 192 1259; x_wconf 77' lang='lat' dir='ltr'><strong>h.</strong></span> <span class='ocrx_word' id='word_1_199' title='bbox 210 1234 229 1258; x_wconf 74' lang='lat' dir='ltr'><strong>z.</strong></span> <span class='ocrx_word' id='word_1_200' title='bbox 250 1226 285 1261; x_wconf 50' lang='grc' dir='ltr'><strong>ἐξ</strong></span> <span class='ocrx_word' id='word_1_201' title='bbox 302 1227 321 1257; x_wconf 86' lang='lat' dir='ltr'><strong>l.</strong></span> <span class='ocrx_word' id='word_1_202' title='bbox 343 1235 391 1267; x_wconf 74' lang='lat'><strong>13.</strong></span> <span class='ocrx_word' id='word_1_203' title='bbox 413 1225 453 1257; x_wconf 96' lang='lat' dir='ltr'><strong>D.</strong></span> <span class='ocrx_word' id='word_1_204' title='bbox 470 1226 502 1255; x_wconf 83' lang='lat' dir='ltr'><strong>de</strong></span> <span class='ocrx_word' id='word_1_205' title='bbox 514 1225 674 1264; x_wconf 72' lang='lat' dir='ltr'><strong>prascripc.</strong></span> <span class='ocrx_word' id='word_1_206' title='bbox 692 1223 790 1261; x_wconf 80' lang='lat' dir='ltr'><strong>verb.)</strong></span> <span class='ocrx_word' id='word_1_207' title='bbox 815 1219 981 1249; x_wconf 84' lang='lat' dir='ltr'><strong>vendenda</strong></span> <span class='ocrx_word' id='word_1_208' title='bbox 1001 1224 1037 1248; x_wconf 90' lang='lat' dir='ltr'><strong>ti-</strong></span> 
     </span>
     <span class='ocr_line' id='line_1_29' title="bbox 165 1262 1037 1308; baseline -0.014 -7"><span class='ocrx_word' id='word_1_209' title='bbox 165 1270 199 1301; x_wconf 87' lang='lat' dir='ltr'><strong>bi</strong></span> <span class='ocrx_word' id='word_1_210' title='bbox 216 1269 289 1300; x_wconf 88' lang='lat' dir='ltr'><strong>dedi</strong></span> <span class='ocrx_word' id='word_1_211' title='bbox 307 1267 486 1308; x_wconf 83' lang='lat' dir='ltr'><strong>margarita:</strong></span> <span class='ocrx_word' id='word_1_212' title='bbox 512 1266 568 1295; x_wconf 85' lang='lat' dir='ltr'><strong>hac</strong></span> <span class='ocrx_word' id='word_1_213' title='bbox 585 1266 677 1305; x_wconf 78' lang='lat' dir='ltr'><strong>lege,</strong></span> <span class='ocrx_word' id='word_1_214' title='bbox 701 1271 735 1294; x_wconf 90' lang='lat' dir='ltr'><strong>ut</strong></span> <span class='ocrx_word' id='word_1_215' title='bbox 749 1263 767 1293; x_wconf 84' lang='lat' dir='ltr'><strong>si</strong></span> <span class='ocrx_word' id='word_1_216' title='bbox 784 1270 819 1292; x_wconf 88' lang='lat' dir='ltr'><strong>ea</strong></span> <span class='ocrx_word' id='word_1_217' title='bbox 834 1262 948 1306; x_wconf 79' lang='lat' dir='ltr'><strong>decem</strong></span> <span class='ocrx_word' id='word_1_218' title='bbox 961 1268 1037 1290; x_wconf 90' lang='lat' dir='ltr'><strong>ven·</strong></span> 
     </span>
     <span class='ocr_line' id='line_1_30' title="bbox 165 1299 1037 1347; baseline -0.014 -5"><span class='ocrx_word' id='word_1_219' title='bbox 165 1310 312 1347; x_wconf 76' lang='lat' dir='ltr'><strong>didiffes,</strong></span> <span class='ocrx_word' id='word_1_220' title='bbox 337 1310 486 1340; x_wconf 75' lang='lat' dir='ltr'><strong>redderes</strong></span> <span class='ocrx_word' id='word_1_221' title='bbox 511 1307 587 1338; x_wconf 87' lang='lat' dir='ltr'><strong>milii</strong></span> <span class='ocrx_word' id='word_1_222' title='bbox 611 1309 743 1338; x_wconf 88' lang='lat' dir='ltr'><strong>decem:</strong></span> <span class='ocrx_word' id='word_1_223' title='bbox 767 1304 785 1334; x_wconf 92' lang='lat' dir='ltr'><strong>si</strong></span> <span class='ocrx_word' id='word_1_224' title='bbox 810 1302 926 1346; x_wconf 78' lang='lat' dir='ltr'><strong>plui-is3</strong></span> <span class='ocrx_word' id='word_1_225' title='bbox 948 1299 1037 1346; x_wconf 80' lang='lat' dir='ltr'><strong>quod</strong></span> 
     </span>
     <span class='ocr_line' id='line_1_31' title="bbox 165 1343 1038 1389; baseline -0.014 -6"><span class='ocrx_word' id='word_1_226' title='bbox 165 1351 314 1389; x_wconf 79' lang='lat' dir='ltr'><strong>excedit,</strong></span> <span class='ocrx_word' id='word_1_227' title='bbox 339 1357 373 1380; x_wconf 88' lang='lat' dir='ltr'><strong>tu</strong></span> <span class='ocrx_word' id='word_1_228' title='bbox 396 1349 539 1380; x_wconf 84' lang='lat' dir='ltr'><strong>haberes.</strong></span> <span class='ocrx_word' id='word_1_229' title='bbox 564 1347 731 1388; x_wconf 84' lang='lat' dir='ltr'><strong>quaeritur,</strong></span> <span class='ocrx_word' id='word_1_230' title='bbox 755 1353 815 1385; x_wconf 86' lang='lat' dir='ltr'><strong>qua</strong></span> <span class='ocrx_word' id='word_1_231' title='bbox 840 1343 964 1373; x_wconf 70' lang='lat' dir='ltr'><strong>athone</strong></span> <span class='ocrx_word' id='word_1_232' title='bbox 988 1350 1038 1387; x_wconf 82' lang='lat' dir='ltr'><strong>agi</strong></span> 
     </span>
     <span class='ocr_line' id='line_1_32' title="bbox 166 1382 1038 1434; baseline -0.015 -9"><span class='ocrx_word' id='word_1_233' title='bbox 166 1400 333 1434; x_wconf 82' lang='lat' dir='ltr'><strong>oporteat:</strong></span> <span class='ocrx_word' id='word_1_234' title='bbox 357 1390 513 1428; x_wconf 81' lang='lat' dir='ltr'><strong>mandati,</strong></span> <span class='ocrx_word' id='word_1_235' title='bbox 538 1398 575 1420; x_wconf 91' lang='lat' dir='ltr'><strong>an</strong></span> <span class='ocrx_word' id='word_1_236' title='bbox 600 1398 658 1428; x_wconf 90' lang='lat' dir='ltr'><strong>pro</strong></span> <span class='ocrx_word' id='word_1_237' title='bbox 683 1387 790 1424; x_wconf 90' lang='lat' dir='ltr'><strong>socio,</strong></span> <span class='ocrx_word' id='word_1_238' title='bbox 813 1393 851 1415; x_wconf 85' lang='lat' dir='ltr'><strong>an</strong></span> <span class='ocrx_word' id='word_1_239' title='bbox 878 1382 1038 1424; x_wconf 84' lang='lat' dir='ltr'><strong>praescrip-</strong></span> 
     </span>
     <span class='ocr_line' id='line_1_33' title="bbox 165 1423 1037 1471; baseline -0.014 -5"><span class='ocrx_word' id='word_1_240' title='bbox 165 1435 206 1466; x_wconf 81' lang='lat' dir='ltr'><strong>tis</strong></span> <span class='ocrx_word' id='word_1_241' title='bbox 224 1434 328 1464; x_wconf 86' lang='lat' dir='ltr'><strong>verbis</strong></span> <span class='ocrx_word' id='word_1_242' title='bbox 340 1433 356 1464; x_wconf 73' lang='grc' dir='ltr'><strong>ἱ)</strong></span> <span class='ocrx_word' id='word_1_243' title='bbox 368 1430 499 1471; x_wconf 80' lang='lat' dir='ltr'><strong>quaestio</strong></span> <span class='ocrx_word' id='word_1_244' title='bbox 517 1431 671 1467; x_wconf 86' lang='lat' dir='ltr'><strong>vertitur,</strong></span> <span class='ocrx_word' id='word_1_245' title='bbox 695 1428 765 1468; x_wconf 91' lang='lat' dir='ltr'><strong>quis</strong></span> <span class='ocrx_word' id='word_1_246' title='bbox 785 1427 819 1458; x_wconf 78' lang='lat' dir='ltr'><strong>iit</strong></span> <span class='ocrx_word' id='word_1_247' title='bbox 835 1423 1037 1469; x_wconf 57' lang='lat' dir='ltr'><strong>contractus?</strong></span> 
     </span>
     <span class='ocr_line' id='line_1_34' title="bbox 165 1467 1034 1517; baseline -0.015 -9"><span class='ocrx_word' id='word_1_248' title='bbox 165 1476 196 1508; x_wconf 87' lang='lat'>&amp;</span> <span class='ocrx_word' id='word_1_249' title='bbox 221 1475 350 1517; x_wconf 88' lang='lat' dir='ltr'><strong>quidem</strong></span> <span class='ocrx_word' id='word_1_250' title='bbox 378 1472 561 1504; x_wconf 86' lang='lat' dir='ltr'><strong>mandatum</strong></span> <span class='ocrx_word' id='word_1_251' title='bbox 585 1469 647 1501; x_wconf 86' lang='lat' dir='ltr'><strong>esse</strong></span> <span class='ocrx_word' id='word_1_252' title='bbox 671 1478 735 1500; x_wconf 91' lang='lat' dir='ltr'><strong>non</strong></span> <span class='ocrx_word' id='word_1_253' title='bbox 763 1468 868 1509; x_wconf 81' lang='lat' dir='ltr'><strong>placet</strong></span> <span class='ocrx_word' id='word_1_254' title='bbox 898 1467 1034 1506; x_wconf 85' lang='lat' dir='ltr'><strong>Ulpiano</strong></span> 
     </span>
     <span class='ocr_line' id='line_1_35' title="bbox 163 1511 1036 1556; baseline -0.014 -8"><span class='ocrx_word' id='word_1_255' title='bbox 163 1519 193 1550; x_wconf 87' lang='lat' dir='ltr'><strong>d.</strong></span> <span class='ocrx_word' id='word_1_256' title='bbox 219 1517 238 1547; x_wconf 85' lang='lat' dir='ltr'><strong>l.</strong></span> <span class='ocrx_word' id='word_1_257' title='bbox 268 1525 313 1556; x_wconf 86' lang='lat'><strong>13.</strong></span> <span class='ocrx_word' id='word_1_258' title='bbox 338 1513 409 1554; x_wconf 83' lang='lat' dir='ltr'><strong>quia</strong></span> <span class='ocrx_word' id='word_1_259' title='bbox 437 1521 499 1543; x_wconf 89' lang='lat' dir='ltr'><strong>non</strong></span> <span class='ocrx_word' id='word_1_260' title='bbox 523 1511 568 1543; x_wconf 88' lang='lat' dir='ltr'><strong>est</strong></span> <span class='ocrx_word' id='word_1_261' title='bbox 591 1511 781 1552; x_wconf 88' lang='lat' dir='ltr'><strong>gratuitum,</strong></span> <span class='ocrx_word' id='word_1_262' title='bbox 812 1515 977 1551; x_wconf 72' lang='lat' dir='ltr'><strong>retenturo</strong></span> <span class='ocrx_word' id='word_1_263' title='bbox 1003 1514 1036 1537; x_wconf 89' lang='lat' dir='ltr'><strong>te</strong></span> 
     </span>
     <span class='ocr_line' id='line_1_36' title="bbox 127 1547 1036 1598; baseline -0.013 -9"><span class='ocrx_word' id='word_1_264' title='bbox 127 1559 129 1562; x_wconf 57' lang='lat'><em>⁴</em></span> <span class='ocrx_word' id='word_1_265' title='bbox 165 1557 253 1598; x_wconf 85' lang='lat' dir='ltr'><strong>quod</strong></span> <span class='ocrx_word' id='word_1_266' title='bbox 278 1555 407 1587; x_wconf 85' lang='lat' dir='ltr'><strong>excedit</strong></span> <span class='ocrx_word' id='word_1_267' title='bbox 434 1554 556 1585; x_wconf 82' lang='lat' dir='ltr'><strong>decem.</strong></span> <span class='ocrx_word' id='word_1_268' title='bbox 580 1561 645 1584; x_wconf 88' lang='lat' dir='ltr'><strong>non</strong></span> <span class='ocrx_word' id='word_1_269' title='bbox 671 1552 768 1592; x_wconf 83' lang='lat' dir='ltr'><strong>magis</strong></span> <span class='ocrx_word' id='word_1_270' title='bbox 792 1547 897 1595; x_wconf 81' lang='lat' dir='ltr'><strong>potest</strong></span> <span class='ocrx_word' id='word_1_271' title='bbox 913 1558 960 1588; x_wconf 81' lang='lat' dir='ltr'><strong>agi</strong></span> <span class='ocrx_word' id='word_1_272' title='bbox 977 1556 1036 1587; x_wconf 88' lang='lat' dir='ltr'><strong>pro</strong></span> 
     </span>
     <span class='ocr_line' id='line_1_37' title="bbox 164 1593 1036 1637; baseline -0.013 -7"><span class='ocrx_word' id='word_1_273' title='bbox 164 1599 263 1631; x_wconf 88' lang='lat' dir='ltr'><strong>socio:</strong></span> <span class='ocrx_word' id='word_1_274' title='bbox 287 1598 359 1637; x_wconf 82' lang='lat' dir='ltr'><strong>quia</strong></span> <span class='ocrx_word' id='word_1_275' title='bbox 374 1595 418 1626; x_wconf 84' lang='lat' dir='ltr'><strong>est</strong></span> <span class='ocrx_word' id='word_1_276' title='bbox 435 1595 563 1635; x_wconf 85' lang='lat' dir='ltr'><strong>quidem</strong></span> <span class='ocrx_word' id='word_1_277' title='bbox 589 1593 713 1630; x_wconf 70' lang='lat' dir='ltr'><strong>astum,</strong></span> <span class='ocrx_word' id='word_1_278' title='bbox 736 1600 771 1622; x_wconf 89' lang='lat' dir='ltr'><strong>ut</strong></span> <span class='ocrx_word' id='word_1_279' title='bbox 788 1599 925 1630; x_wconf 84' lang='lat' dir='ltr'><strong>pretium</strong></span> <span class='ocrx_word' id='word_1_280' title='bbox 950 1598 1036 1620; x_wconf 88' lang='lat' dir='ltr'><strong>com·</strong></span> 
     </span>
     <span class='ocr_line' id='line_1_38' title="bbox 164 1632 1036 1676; baseline -0.013 -4"><span class='ocrx_word' id='word_1_281' title='bbox 164 1639 363 1676; x_wconf 79' lang='lat' dir='ltr'><strong>municctur3</strong></span> <span class='ocrx_word' id='word_1_282' title='bbox 387 1637 438 1668; x_wconf 89' lang='lat' dir='ltr'><strong>sed</strong></span> <span class='ocrx_word' id='word_1_283' title='bbox 457 1643 578 1667; x_wconf 85' lang='lat' dir='ltr'><strong>tanturn</strong></span> <span class='ocrx_word' id='word_1_284' title='bbox 590 1659 599 1674; x_wconf 93' lang='lat'><strong>‚</strong></span> <span class='ocrx_word' id='word_1_285' title='bbox 613 1634 634 1666; x_wconf 84' lang='lat' dir='ltr'><strong>fi</strong></span> <span class='ocrx_word' id='word_1_286' title='bbox 650 1634 745 1675; x_wconf 85' lang='lat' dir='ltr'><strong>pluris</strong></span> <span class='ocrx_word' id='word_1_287' title='bbox 762 1632 941 1664; x_wconf 82' lang='lat' dir='ltr'><strong>vendideris</strong></span> <span class='ocrx_word' id='word_1_288' title='bbox 958 1639 1036 1661; x_wconf 88' lang='lat' dir='ltr'><strong>mar-</strong></span> 
     </span>
     <span class='ocr_line' id='line_1_39' title="bbox 163 1671 1036 1723; baseline -0.013 -11"><span class='ocrx_word' id='word_1_289' title='bbox 163 1681 282 1723; x_wconf 83' lang='lat' dir='ltr'><strong>garita,</strong></span> <span class='ocrx_word' id='word_1_290' title='bbox 306 1687 400 1720; x_wconf 86' lang='lat' dir='ltr'><strong>quam</strong></span> <span class='ocrx_word' id='word_1_291' title='bbox 419 1678 540 1709; x_wconf 85' lang='lat' dir='ltr'><strong>decern.</strong></span> <span class='ocrx_word' id='word_1_292' title='bbox 563 1677 593 1708; x_wconf 68' lang='grc' dir='ltr'><strong>ὅς</strong></span> <span class='ocrx_word' id='word_1_293' title='bbox 615 1683 708 1716; x_wconf 79' lang='lat' dir='ltr'><strong>negat</strong></span> <span class='ocrx_word' id='word_1_294' title='bbox 727 1673 881 1714; x_wconf 84' lang='lat' dir='ltr'><strong>Ulpianus</strong></span> <span class='ocrx_word' id='word_1_295' title='bbox 904 1674 932 1703; x_wconf 86' lang='lat' dir='ltr'><strong>d.</strong></span> <span class='ocrx_word' id='word_1_296' title='bbox 949 1671 968 1702; x_wconf 89' lang='lat' dir='ltr'><strong>l.</strong></span> <span class='ocrx_word' id='word_1_297' title='bbox 989 1681 1036 1717; x_wconf 55' lang='grc' dir='ltr'><strong>ῃ.</strong></span> 
     </span>
     <span class='ocr_line' id='line_1_40' title="bbox 163 1714 1036 1760; baseline -0.013 -6"><span class='ocrx_word' id='word_1_298' title='bbox 163 1723 349 1755; x_wconf 86' lang='lat' dir='ltr'><strong>societatem</strong></span> <span class='ocrx_word' id='word_1_299' title='bbox 374 1719 566 1751; x_wconf 69' lang='lat' dir='ltr'><strong>conti-aetam</strong></span> <span class='ocrx_word' id='word_1_300' title='bbox 589 1718 619 1748; x_wconf 93' lang='lat' dir='ltr'><strong>in</strong></span> <span class='ocrx_word' id='word_1_301' title='bbox 644 1727 684 1748; x_wconf 90' lang='lat' dir='ltr'><strong>eo</strong></span> <span class='ocrx_word' id='word_1_302' title='bbox 703 1716 754 1756; x_wconf 86' lang='lat' dir='ltr'><strong>qui</strong></span> <span class='ocrx_word' id='word_1_303' title='bbox 773 1723 804 1746; x_wconf 91' lang='lat' dir='ltr'><strong>te</strong></span> <span class='ocrx_word' id='word_1_304' title='bbox 826 1723 894 1760; x_wconf 70' lang='lat' dir='ltr'><strong>non¹</strong></span> <span class='ocrx_word' id='word_1_305' title='bbox 915 1714 1036 1744; x_wconf 79' lang='lat' dir='ltr'><strong>admisit</strong></span> 
     </span>
     <span class='ocr_line' id='line_1_41' title="bbox 164 1757 1036 1800; baseline -0.013 -5"><span class='ocrx_word' id='word_1_306' title='bbox 164 1764 282 1797; x_wconf 80' lang='lat' dir='ltr'><strong>socium</strong></span> <span class='ocrx_word' id='word_1_307' title='bbox 298 1761 522 1793; x_wconf 69' lang='lat' dir='ltr'><strong>distractionis:</strong></span> <span class='ocrx_word' id='word_1_308' title='bbox 546 1759 578 1791; x_wconf 91' lang='lat' dir='ltr'><strong>id</strong></span> <span class='ocrx_word' id='word_1_309' title='bbox 595 1757 657 1797; x_wconf 86' lang='lat' dir='ltr'><strong>est,</strong></span> <span class='ocrx_word' id='word_1_310' title='bbox 682 1758 734 1797; x_wconf 82' lang='lat' dir='ltr'><strong>qui</strong></span> <span class='ocrx_word' id='word_1_311' title='bbox 754 1765 785 1787; x_wconf 91' lang='lat' dir='ltr'><strong>te</strong></span> <span class='ocrx_word' id='word_1_312' title='bbox 802 1765 865 1787; x_wconf 88' lang='lat' dir='ltr'><strong>non</strong></span> <span class='ocrx_word' id='word_1_313' title='bbox 888 1764 917 1786; x_wconf 91' lang='lat' dir='ltr'><strong>in</strong></span> <span class='ocrx_word' id='word_1_314' title='bbox 935 1762 1036 1800; x_wconf 78' lang='lat' dir='ltr'><strong>totum</strong></span> 
     </span>
     <span class='ocr_line' id='line_1_42' title="bbox 165 1798 1036 1842; baseline -0.014 -5"><span class='ocrx_word' id='word_1_315' title='bbox 165 1804 288 1837; x_wconf 75' lang='lat' dir='ltr'><strong>admisit</strong></span> <span class='ocrx_word' id='word_1_316' title='bbox 310 1804 430 1834; x_wconf 84' lang='lat' dir='ltr'><strong>socium</strong></span> <span class='ocrx_word' id='word_1_317' title='bbox 455 1800 563 1842; x_wconf 89' lang='lat' dir='ltr'><strong>pretii,</strong></span> <span class='ocrx_word' id='word_1_318' title='bbox 590 1810 629 1831; x_wconf 83' lang='lat' dir='ltr'><strong>ex</strong></span> <span class='ocrx_word' id='word_1_319' title='bbox 657 1798 859 1831; x_wconf 68' lang='lat' dir='ltr'><strong>distractione</strong></span> <span class='ocrx_word' id='word_1_320' title='bbox 874 1804 1036 1840; x_wconf 81' lang='lat' dir='ltr'><strong>percepti:</strong></span> 
     </span>
     <span class='ocr_line' id='line_1_43' title="bbox 162 1838 1035 1885; baseline -0.013 -7"><span class='ocrx_word' id='word_1_321' title='bbox 162 1847 214 1879; x_wconf 87' lang='lat' dir='ltr'><strong>sed</strong></span> <span class='ocrx_word' id='word_1_322' title='bbox 237 1845 292 1877; x_wconf 83' lang='lat' dir='ltr'><strong>fibi</strong></span> <span class='ocrx_word' id='word_1_323' title='bbox 318 1853 441 1875; x_wconf 89' lang='lat' dir='ltr'><strong>certum</strong></span> <span class='ocrx_word' id='word_1_324' title='bbox 459 1844 594 1884; x_wconf 82' lang='lat' dir='ltr'><strong>pretium</strong></span> <span class='ocrx_word' id='word_1_325' title='bbox 612 1841 756 1880; x_wconf 85' lang='lat' dir='ltr'><strong>excepit:</strong></span> <span class='ocrx_word' id='word_1_326' title='bbox 781 1840 811 1871; x_wconf 90' lang='lat' dir='ltr'><strong>id</strong></span> <span class='ocrx_word' id='word_1_327' title='bbox 828 1838 895 1885; x_wconf 66' lang='lat' dir='ltr'><strong>est,</strong></span> <span class='ocrx_word' id='word_1_328' title='bbox 917 1846 969 1877; x_wconf 86' lang='lat' dir='ltr'><strong>qui</strong></span> <span class='ocrx_word' id='word_1_329' title='bbox 984 1846 1035 1876; x_wconf 86' lang='lat' dir='ltr'><strong>pa-</strong></span> 
     </span>
     <span class='ocr_line' id='line_1_44' title="bbox 167 1881 1036 1925; baseline -0.012 -6"><span class='ocrx_word' id='word_1_330' title='bbox 167 1889 219 1920; x_wconf 72' lang='lat' dir='ltr'><strong>eto</strong></span> <span class='ocrx_word' id='word_1_331' title='bbox 241 1886 297 1919; x_wconf 81' lang='lat' dir='ltr'><strong>fibi</strong></span> <span class='ocrx_word' id='word_1_332' title='bbox 314 1893 403 1917; x_wconf 88' lang='lat' dir='ltr'><strong>certo</strong></span> <span class='ocrx_word' id='word_1_333' title='bbox 425 1883 547 1925; x_wconf 89' lang='lat' dir='ltr'><strong>pretio,</strong></span> <span class='ocrx_word' id='word_1_334' title='bbox 572 1884 611 1915; x_wconf 90' lang='lat' dir='ltr'><strong>de</strong></span> <span class='ocrx_word' id='word_1_335' title='bbox 637 1890 753 1913; x_wconf 81' lang='lat' dir='ltr'><strong>caetero</strong></span> <span class='ocrx_word' id='word_1_336' title='bbox 769 1881 912 1921; x_wconf 74' lang='lat' dir='ltr'><strong>negleXit</strong></span> <span class='ocrx_word' id='word_1_337' title='bbox 934 1887 1036 1923; x_wconf 72' lang='lat' dir='ltr'><strong>tequa-</strong></span> 
     </span>
     <span class='ocr_line' id='line_1_45' title="bbox 164 1921 1037 1968; baseline -0.013 -6"><span class='ocrx_word' id='word_1_338' title='bbox 164 1931 307 1967; x_wconf 86' lang='lat' dir='ltr'><strong>litatem,</strong></span> <span class='ocrx_word' id='word_1_339' title='bbox 332 1927 489 1968; x_wconf 82' lang='lat' dir='ltr'><strong>propriam</strong></span> <span class='ocrx_word' id='word_1_340' title='bbox 505 1934 623 1957; x_wconf 76' lang='lat' dir='ltr'><strong>naturae</strong></span> <span class='ocrx_word' id='word_1_341' title='bbox 638 1923 803 1955; x_wconf 82' lang='lat' dir='ltr'><strong>societatis.</strong></span> <span class='ocrx_word' id='word_1_342' title='bbox 850 1921 920 1952; x_wconf 80' lang='lat' dir='ltr'><strong>Erit</strong></span> <span class='ocrx_word' id='word_1_343' title='bbox 943 1928 1037 1966; x_wconf 79' lang='lat' dir='ltr'><strong>igitur</strong></span> 
     </span>
     <span class='ocr_line' id='line_1_46' title="bbox 165 1962 1036 2009; baseline -0.013 -6"><span class='ocrx_word' id='word_1_344' title='bbox 165 1981 207 2003; x_wconf 84' lang='lat' dir='ltr'><strong>ex</strong></span> <span class='ocrx_word' id='word_1_345' title='bbox 220 1970 372 2002; x_wconf 88' lang='lat' dir='ltr'><strong>sententia</strong></span> <span class='ocrx_word' id='word_1_346' title='bbox 390 1967 516 2009; x_wconf 76' lang='lat' dir='ltr'><strong>Ulpiani</strong></span> <span class='ocrx_word' id='word_1_347' title='bbox 534 1968 562 1998; x_wconf 82' lang='lat' dir='ltr'><strong>d.</strong></span> <span class='ocrx_word' id='word_1_348' title='bbox 582 1967 599 1997; x_wconf 87' lang='lat' dir='ltr'><strong>l.</strong></span> <span class='ocrx_word' id='word_1_349' title='bbox 623 1975 667 2006; x_wconf 75' lang='lat'><strong>13.</strong></span> <span class='ocrx_word' id='word_1_350' title='bbox 689 1965 765 1997; x_wconf 89' lang='lat' dir='ltr'><strong>alius</strong></span> <span class='ocrx_word' id='word_1_351' title='bbox 784 1962 980 2000; x_wconf 71' lang='lat' dir='ltr'><strong>contractus,</strong></span> <span class='ocrx_word' id='word_1_352' title='bbox 1005 1962 1036 1993; x_wconf 92' lang='lat' dir='ltr'><strong>id</strong></span> 
     </span>
     <span class='ocr_line' id='line_1_47' title="bbox 164 2009 1037 2050; baseline -0.011 -6"><span class='ocrx_word' id='word_1_353' title='bbox 164 2013 211 2044; x_wconf 89' lang='lat' dir='ltr'><strong>est</strong></span> <span class='ocrx_word' id='word_1_354' title='bbox 227 2035 237 2050; x_wconf 89' lang='lat'><strong><em>‚</em></strong></span> <span class='ocrx_word' id='word_1_355' title='bbox 260 2012 399 2043; x_wconf 85' lang='lat' dir='ltr'><strong>incertus</strong></span> <span class='ocrx_word' id='word_1_356' title='bbox 425 2018 520 2050; x_wconf 89' lang='lat' dir='ltr'><strong>atque</strong></span> <span class='ocrx_word' id='word_1_357' title='bbox 543 2009 756 2039; x_wconf 82' lang='lat' dir='ltr'><strong>innominatus</strong></span> <span class='ocrx_word' id='word_1_358' title='bbox 778 2015 818 2037; x_wconf 89' lang='lat' dir='ltr'><strong>ex</strong></span> <span class='ocrx_word' id='word_1_359' title='bbox 841 2014 903 2050; x_wconf 73' lang='lat' dir='ltr'><strong>quo</strong></span> <span class='ocrx_word' id='word_1_360' title='bbox 926 2010 1037 2050; x_wconf 78' lang='lat' dir='ltr'><strong>agetur</strong></span> 
     </span>
     <span class='ocr_line' id='line_1_48' title="bbox 163 2044 1035 2093; baseline -0.013 -7"><span class='ocrx_word' id='word_1_361' title='bbox 163 2054 288 2086; x_wconf 72' lang='lat' dir='ltr'><strong>afflone</strong></span> <span class='ocrx_word' id='word_1_362' title='bbox 304 2051 489 2093; x_wconf 76' lang='lat' dir='ltr'><strong>praescriptis</strong></span> <span class='ocrx_word' id='word_1_363' title='bbox 505 2050 621 2081; x_wconf 84' lang='lat' dir='ltr'><strong>verbis.</strong></span> <span class='ocrx_word' id='word_1_364' title='bbox 666 2047 742 2079; x_wconf 91' lang='lat' dir='ltr'><strong>Hoc</strong></span> <span class='ocrx_word' id='word_1_365' title='bbox 766 2049 796 2078; x_wconf 87' lang='lat' dir='ltr'><strong>in</strong></span> <span class='ocrx_word' id='word_1_366' title='bbox 814 2046 910 2092; x_wconf 82' lang='lat' dir='ltr'><strong>dubio</strong></span> <span class='ocrx_word' id='word_1_367' title='bbox 926 2044 1035 2085; x_wconf 90' lang='lat' dir='ltr'><strong>Ulpia·</strong></span> 
     </span>
     <span class='ocr_line' id='line_1_49' title="bbox 164 2087 1032 2134; baseline -0.013 -7"><span class='ocrx_word' id='word_1_368' title='bbox 164 2105 224 2128; x_wconf 91' lang='lat' dir='ltr'><strong>nus</strong></span> <span class='ocrx_word' id='word_1_369' title='bbox 249 2095 279 2126; x_wconf 89' lang='lat' dir='ltr'><strong>in</strong></span> <span class='ocrx_word' id='word_1_370' title='bbox 304 2095 333 2125; x_wconf 79' lang='lat' dir='ltr'><strong>d.</strong></span> <span class='ocrx_word' id='word_1_371' title='bbox 359 2093 376 2124; x_wconf 86' lang='lat' dir='ltr'><strong>l.</strong></span> <span class='ocrx_word' id='word_1_372' title='bbox 397 2103 442 2134; x_wconf 78' lang='lat'><strong>13.</strong></span> <span class='ocrx_word' id='word_1_373' title='bbox 486 2091 558 2124; x_wconf 85' lang='lat' dir='ltr'><strong>Nec</strong></span> <span class='ocrx_word' id='word_1_374' title='bbox 584 2099 689 2122; x_wconf 88' lang='lat' dir='ltr'><strong>tamen</strong></span> <span class='ocrx_word' id='word_1_375' title='bbox 713 2088 822 2121; x_wconf 79' lang='lat' dir='ltr'><strong>resistit</strong></span> <span class='ocrx_word' id='word_1_376' title='bbox 843 2096 875 2118; x_wconf 84' lang='lat' dir='ltr'><strong>in</strong></span> <span class='ocrx_word' id='word_1_377' title='bbox 899 2088 928 2118; x_wconf 84' lang='lat' dir='ltr'><strong>d.</strong></span> <span class='ocrx_word' id='word_1_378' title='bbox 946 2087 964 2117; x_wconf 84' lang='lat' dir='ltr'><strong>l.</strong></span> <span class='ocrx_word' id='word_1_379' title='bbox 981 2096 1032 2126; x_wconf 81' lang='lat'><strong>44.</strong></span> 
     </span>
     <span class='ocr_line' id='line_1_50' title="bbox 163 2128 1034 2177; baseline -0.013 -9"><span class='ocrx_word' id='word_1_380' title='bbox 163 2146 228 2177; x_wconf 83' lang='lat' dir='ltr'><strong>quo</strong></span> <span class='ocrx_word' id='word_1_381' title='bbox 243 2135 345 2167; x_wconf 83' lang='lat' dir='ltr'><strong>minus</strong></span> <span class='ocrx_word' id='word_1_382' title='bbox 367 2134 402 2166; x_wconf 78' lang='lat' dir='ltr'><strong>sit</strong></span> <span class='ocrx_word' id='word_1_383' title='bbox 423 2143 479 2175; x_wconf 92' lang='lat' dir='ltr'><strong>pro</strong></span> <span class='ocrx_word' id='word_1_384' title='bbox 505 2132 589 2164; x_wconf 85' lang='lat' dir='ltr'><strong>socio</strong></span> <span class='ocrx_word' id='word_1_385' title='bbox 605 2132 706 2170; x_wconf 59' lang='lat' dir='ltr'><strong>aftio,</strong></span> <span class='ocrx_word' id='word_1_386' title='bbox 729 2129 750 2162; x_wconf 91' lang='lat' dir='ltr'><strong>fi</strong></span> <span class='ocrx_word' id='word_1_387' title='bbox 769 2131 799 2161; x_wconf 89' lang='lat' dir='ltr'><strong>in</strong></span> <span class='ocrx_word' id='word_1_388' title='bbox 817 2128 1034 2160; x_wconf 87' lang='lat' dir='ltr'><strong>contrahendo</strong></span> 
     </span>
     <span class='ocr_line' id='line_1_51' title="bbox 162 2168 1032 2210; baseline -0.013 0"><span class='ocrx_word' id='word_1_389' title='bbox 162 2178 263 2210; x_wconf 87' lang='lat' dir='ltr'><strong>fuerit</strong></span> <span class='ocrx_word' id='word_1_390' title='bbox 289 2175 410 2207; x_wconf 83' lang='lat' dir='ltr'><strong>animus</strong></span> <span class='ocrx_word' id='word_1_391' title='bbox 442 2175 669 2206; x_wconf 86' lang='lat' dir='ltr'><strong>contrahendae</strong></span> <span class='ocrx_word' id='word_1_392' title='bbox 697 2171 868 2203; x_wconf 85' lang='lat' dir='ltr'><strong>societatis.</strong></span> <span class='ocrx_word' id='word_1_393' title='bbox 912 2168 1032 2201; x_wconf 85' lang='lat' dir='ltr'><strong>Datum</strong></span> 
     </span>
     <span class='ocr_line' id='line_1_52' title="bbox 162 2212 1033 2251; baseline -0.011 0"><span class='ocrx_word' id='word_1_394' title='bbox 162 2220 226 2251; x_wconf 87' lang='lat' dir='ltr'><strong>hoc</strong></span> <span class='ocrx_word' id='word_1_395' title='bbox 242 2218 389 2250; x_wconf 62' lang='lat' dir='ltr'><strong>electioni</strong></span> <span class='ocrx_word' id='word_1_396' title='bbox 409 2215 681 2248; x_wconf 81' lang='lat' dir='ltr'><strong>contrahentium:</strong></span> <span class='ocrx_word' id='word_1_397' title='bbox 705 2223 737 2244; x_wconf 90' lang='lat' dir='ltr'><strong>re</strong></span> <span class='ocrx_word' id='word_1_398' title='bbox 760 2222 822 2244; x_wconf 90' lang='lat' dir='ltr'><strong>non</strong></span> <span class='ocrx_word' id='word_1_399' title='bbox 844 2212 974 2242; x_wconf 90' lang='lat' dir='ltr'><strong>omnino</strong></span> <span class='ocrx_word' id='word_1_400' title='bbox 988 2220 1033 2242; x_wconf 88' lang='lat' dir='ltr'><strong>re·</strong></span> 
     </span>
     <span class='ocr_line' id='line_1_53' title="bbox 163 2253 1033 2293; baseline -0.011 -1"><span class='ocrx_word' id='word_1_401' title='bbox 163 2261 292 2293; x_wconf 88' lang='lat' dir='ltr'><strong>cusante</strong></span> <span class='ocrx_word' id='word_1_402' title='bbox 323 2267 392 2291; x_wconf 85' lang='lat' dir='ltr'><strong>eam</strong></span> <span class='ocrx_word' id='word_1_403' title='bbox 419 2256 601 2289; x_wconf 67' lang='lat' dir='ltr'><strong>contrastus</strong></span> <span class='ocrx_word' id='word_1_404' title='bbox 624 2255 760 2286; x_wconf 72' lang='lat' dir='ltr'><strong>formam</strong></span> <span class='ocrx_word' id='word_1_405' title='bbox 782 2263 788 2284; x_wconf 90' lang='lat'>:</span> <span class='ocrx_word' id='word_1_406' title='bbox 826 2262 899 2284; x_wconf 88' lang='lat' dir='ltr'><strong>cum</strong></span> <span class='ocrx_word' id='word_1_407' title='bbox 924 2253 1033 2291; x_wconf 80' lang='lat' dir='ltr'><strong>utique</strong></span> 
     </span>
     <span class='ocr_line' id='line_1_54' title="bbox 163 2293 1033 2342; baseline -0.014 -7"><span class='ocrx_word' id='word_1_408' title='bbox 163 2302 338 2342; x_wconf 81' lang='lat' dir='ltr'><strong>placuerit,</strong></span> <span class='ocrx_word' id='word_1_409' title='bbox 363 2300 565 2330; x_wconf 89' lang='lat' dir='ltr'><strong>venditorem</strong></span> <span class='ocrx_word' id='word_1_410' title='bbox 593 2297 730 2328; x_wconf 82' lang='lat' dir='ltr'><strong>venditis</strong></span> <span class='ocrx_word' id='word_1_411' title='bbox 754 2294 961 2337; x_wconf 72' lang='lat' dir='ltr'><strong>margaritis,</strong></span> <span class='ocrx_word' id='word_1_412' title='bbox 980 2293 1033 2324; x_wconf 84' lang='lat' dir='ltr'><strong>ha-</strong></span> 
     </span>
     <span class='ocr_line' id='line_1_55' title="bbox 164 2335 1033 2381; baseline -0.013 -6"><span class='ocrx_word' id='word_1_413' title='bbox 164 2344 240 2375; x_wconf 87' lang='lat' dir='ltr'><strong>bere</strong></span> <span class='ocrx_word' id='word_1_414' title='bbox 258 2343 344 2381; x_wconf 77' lang='lat' dir='ltr'><strong>quod</strong></span> <span class='ocrx_word' id='word_1_415' title='bbox 360 2341 488 2373; x_wconf 75' lang='lat' dir='ltr'><strong>excedit</strong></span> <span class='ocrx_word' id='word_1_416' title='bbox 510 2339 640 2370; x_wconf 83' lang='lat' dir='ltr'><strong>decem:</strong></span> <span class='ocrx_word' id='word_1_417' title='bbox 663 2339 693 2369; x_wconf 91' lang='lat' dir='ltr'><strong>in</strong></span> <span class='ocrx_word' id='word_1_418' title='bbox 717 2346 823 2377; x_wconf 87' lang='lat' dir='ltr'><strong>eoque</strong></span> <span class='ocrx_word' id='word_1_419' title='bbox 846 2335 891 2367; x_wconf 83' lang='lat' dir='ltr'><strong>est</strong></span> <span class='ocrx_word' id='word_1_420' title='bbox 904 2335 1033 2365; x_wconf 70' lang='lat' dir='ltr'><strong>societas</strong></span> 
     </span>
     <span class='ocr_line' id='line_1_56' title="bbox 164 2376 1035 2422; baseline -0.01 -7"><span class='ocrx_word' id='word_1_421' title='bbox 164 2384 392 2422; x_wconf 68' lang='lat' dir='ltr'><strong>distractioni53</strong></span> <span class='ocrx_word' id='word_1_422' title='bbox 415 2383 492 2414; x_wconf 90' lang='lat' dir='ltr'><strong>licet</strong></span> <span class='ocrx_word' id='word_1_423' title='bbox 508 2390 572 2412; x_wconf 90' lang='lat' dir='ltr'><strong>non</strong></span> <span class='ocrx_word' id='word_1_424' title='bbox 591 2380 626 2412; x_wconf 84' lang='lat' dir='ltr'><strong>fit</strong></span> <span class='ocrx_word' id='word_1_425' title='bbox 643 2380 672 2411; x_wconf 89' lang='lat' dir='ltr'><strong>in</strong></span> <span class='ocrx_word' id='word_1_426' title='bbox 690 2385 802 2410; x_wconf 83' lang='lat' dir='ltr'><strong>totum.</strong></span> <span class='ocrx_word' id='word_1_427' title='bbox 827 2377 857 2408; x_wconf 68' lang='grc' dir='ltr'><strong>ἃ</strong></span> <span class='ocrx_word' id='word_1_428' title='bbox 876 2377 920 2407; x_wconf 86' lang='lat' dir='ltr'><strong>est</strong></span> <span class='ocrx_word' id='word_1_429' title='bbox 937 2376 1035 2407; x_wconf 87' lang='lat' dir='ltr'><strong>simile</strong></span> 
     </span>
     <span class='ocr_line' id='line_1_57' title="bbox 164 2420 1012 2464; baseline -0.011 -8"><span class='ocrx_word' id='word_1_430' title='bbox 164 2426 416 2456; x_wconf 83' lang='lat' dir='ltr'><strong>animadvertere</strong></span> <span class='ocrx_word' id='word_1_431' title='bbox 432 2426 462 2455; x_wconf 88' lang='lat' dir='ltr'><strong>in</strong></span> <span class='ocrx_word' id='word_1_432' title='bbox 479 2423 582 2463; x_wconf 86' lang='lat' dir='ltr'><strong>specie</strong></span> <span class='ocrx_word' id='word_1_433' title='bbox 599 2423 617 2452; x_wconf 86' lang='lat' dir='ltr'><strong>l.</strong></span> <span class='ocrx_word' id='word_1_434' title='bbox 633 2431 683 2461; x_wconf 81' lang='lat'><strong>52.</strong></span> <span class='ocrx_word' id='word_1_435' title='bbox 706 2420 735 2461; x_wconf 80' lang='lat'><strong>§.</strong></span> <span class='ocrx_word' id='word_1_436' title='bbox 760 2430 789 2460; x_wconf 81' lang='lat'><strong>7.</strong></span> <span class='ocrx_word' id='word_1_437' title='bbox 810 2420 855 2450; x_wconf 92' lang='lat' dir='ltr'><strong>D.</strong></span> <span class='ocrx_word' id='word_1_438' title='bbox 880 2420 907 2449; x_wconf 82' lang='lat' dir='ltr'><strong>h.</strong></span> <span class='ocrx_word' id='word_1_439' title='bbox 924 2424 943 2448; x_wconf 79' lang='lat' dir='ltr'><strong>t.</strong></span> <span class='ocrx_word' id='word_1_440' title='bbox 1006 2459 1012 2464; x_wconf 95' lang='lat'>.</span> 
     </span>
    </p>

    <p class='ocr_par' dir='ltr' id='par_1_5' title="bbox 122 2458 1040 3206">
     <span class='ocr_line' id='line_1_58' title="bbox 208 2458 1035 2502; baseline -0.01 -5"><span class='ocrx_word' id='word_1_441' title='bbox 208 2466 269 2497; x_wconf 86' lang='lat' dir='ltr'><strong>Sed</strong></span> <span class='ocrx_word' id='word_1_442' title='bbox 292 2467 389 2498; x_wconf 85' lang='lat' dir='ltr'><strong>redeo</strong></span> <span class='ocrx_word' id='word_1_443' title='bbox 414 2475 472 2502; x_wconf 85' lang='lat' dir='ltr'><strong>eo,</strong></span> <span class='ocrx_word' id='word_1_444' title='bbox 497 2464 580 2495; x_wconf 89' lang='lat' dir='ltr'><strong>unde</strong></span> <span class='ocrx_word' id='word_1_445' title='bbox 607 2462 741 2493; x_wconf 76' lang='lat' dir='ltr'><strong>discesti:</strong></span> <span class='ocrx_word' id='word_1_446' title='bbox 766 2468 801 2492; x_wconf 88' lang='lat' dir='ltr'><strong>ut</strong></span> <span class='ocrx_word' id='word_1_447' title='bbox 822 2459 858 2491; x_wconf 85' lang='lat' dir='ltr'><strong>fit</strong></span> <span class='ocrx_word' id='word_1_448' title='bbox 876 2469 932 2499; x_wconf 87' lang='lat' dir='ltr'><strong>pro</strong></span> <span class='ocrx_word' id='word_1_449' title='bbox 952 2458 1035 2490; x_wconf 83' lang='lat' dir='ltr'><strong>socio</strong></span> 
     </span>
     <span class='ocr_line' id='line_1_59' title="bbox 167 2500 1034 2547; baseline -0.009 -9"><span class='ocrx_word' id='word_1_450' title='bbox 167 2507 265 2544; x_wconf 75' lang='lat' dir='ltr'><strong>attio,</strong></span> <span class='ocrx_word' id='word_1_451' title='bbox 288 2507 424 2547; x_wconf 88' lang='lat' dir='ltr'><strong>postulat</strong></span> <span class='ocrx_word' id='word_1_452' title='bbox 446 2506 584 2544; x_wconf 84' lang='lat' dir='ltr'><strong>Praetor,</strong></span> <span class='ocrx_word' id='word_1_453' title='bbox 607 2505 726 2534; x_wconf 83' lang='lat' dir='ltr'><strong>coitam</strong></span> <span class='ocrx_word' id='word_1_454' title='bbox 752 2501 813 2534; x_wconf 80' lang='lat' dir='ltr'><strong>ess&#39;e</strong></span> <span class='ocrx_word' id='word_1_455' title='bbox 830 2500 1034 2539; x_wconf 86' lang='lat' dir='ltr'><strong>societatem,</strong></span> 
     </span>
     <span class='ocr_line' id='line_1_60' title="bbox 166 2542 1032 2585; baseline -0.01 -5"><span class='ocrx_word' id='word_1_456' title='bbox 166 2550 199 2580; x_wconf 90' lang='lat' dir='ltr'><strong>id</strong></span> <span class='ocrx_word' id='word_1_457' title='bbox 214 2547 276 2585; x_wconf 84' lang='lat' dir='ltr'><strong>est,</strong></span> <span class='ocrx_word' id='word_1_458' title='bbox 299 2547 359 2578; x_wconf 83' lang='lat' dir='ltr'><strong>esse</strong></span> <span class='ocrx_word' id='word_1_459' title='bbox 384 2549 486 2579; x_wconf 76' lang='lat' dir='ltr'><strong>aCtum</strong></span> <span class='ocrx_word' id='word_1_460' title='bbox 511 2547 550 2577; x_wconf 87' lang='lat' dir='ltr'><strong>de</strong></span> <span class='ocrx_word' id='word_1_461' title='bbox 577 2544 845 2576; x_wconf 87' lang='lat' dir='ltr'><strong>communicando</strong></span> <span class='ocrx_word' id='word_1_462' title='bbox 875 2543 965 2573; x_wconf 86' lang='lat' dir='ltr'><strong>lucro</strong></span> <span class='ocrx_word' id='word_1_463' title='bbox 1002 2542 1032 2572; x_wconf 84' lang='lat'>&amp;</span> 
     </span>
     <span class='ocr_line' id='line_1_61' title="bbox 166 2583 1032 2628; baseline -0.012 -6"><span class='ocrx_word' id='word_1_464' title='bbox 166 2591 294 2622; x_wconf 83' lang='lat' dir='ltr'><strong>damno.</strong></span> <span class='ocrx_word' id='word_1_465' title='bbox 319 2598 377 2619; x_wconf 83' lang='lat' dir='ltr'><strong>nec</strong></span> <span class='ocrx_word' id='word_1_466' title='bbox 400 2588 499 2620; x_wconf 77' lang='lat' dir='ltr'><strong>refert</strong></span> <span class='ocrx_word' id='word_1_467' title='bbox 519 2588 603 2628; x_wconf 78' lang='lat' dir='ltr'><strong>ejtls;</strong></span> <span class='ocrx_word' id='word_1_468' title='bbox 628 2595 732 2617; x_wconf 83' lang='lat' dir='ltr'><strong>utrum</strong></span> <span class='ocrx_word' id='word_1_469' title='bbox 755 2584 792 2616; x_wconf 88' lang='lat' dir='ltr'><strong>fit</strong></span> <span class='ocrx_word' id='word_1_470' title='bbox 816 2583 947 2614; x_wconf 86' lang='lat' dir='ltr'><strong>societas</strong></span> <span class='ocrx_word' id='word_1_471' title='bbox 965 2583 1032 2613; x_wconf 88' lang='lat' dir='ltr'><strong>uni-</strong></span> 
     </span>
     <span class='ocr_line' id='line_1_62' title="bbox 167 2624 1035 2670; baseline -0.012 -7"><span class='ocrx_word' id='word_1_472' title='bbox 167 2629 328 2662; x_wconf 87' lang='lat' dir='ltr'><strong>versorum</strong></span> <span class='ocrx_word' id='word_1_473' title='bbox 351 2629 508 2661; x_wconf 85' lang='lat' dir='ltr'><strong>bonorum</strong></span> <span class='ocrx_word' id='word_1_474' title='bbox 530 2652 540 2667; x_wconf 92' lang='lat'><strong>,</strong></span> <span class='ocrx_word' id='word_1_475' title='bbox 569 2637 606 2659; x_wconf 90' lang='lat' dir='ltr'><strong>an</strong></span> <span class='ocrx_word' id='word_1_476' title='bbox 632 2626 861 2668; x_wconf 83' lang='lat' dir='ltr'><strong>negotiationis</strong></span> <span class='ocrx_word' id='word_1_477' title='bbox 884 2624 1035 2670; x_wconf 25' lang='lat' dir='ltr'><strong>ali-cupis,</strong></span> 
     </span>
     <span class='ocr_line' id='line_1_63' title="bbox 122 2665 1034 2710; baseline -0.011 -5"><span class='ocrx_word' id='word_1_478' title='bbox 122 2703 124 2705; x_wconf 74' lang='grc'><strong>,</strong></span> <span class='ocrx_word' id='word_1_479' title='bbox 170 2680 224 2704; x_wconf 86' lang='lat' dir='ltr'><strong>aut</strong></span> <span class='ocrx_word' id='word_1_480' title='bbox 240 2669 456 2710; x_wconf 65' lang='lat' dir='ltr'><strong>vectigalium,</strong></span> <span class='ocrx_word' id='word_1_481' title='bbox 470 2680 507 2701; x_wconf 82' lang='lat' dir='ltr'><strong>an</strong></span> <span class='ocrx_word' id='word_1_482' title='bbox 521 2670 566 2701; x_wconf 89' lang='lat' dir='ltr'><strong>rei</strong></span> <span class='ocrx_word' id='word_1_483' title='bbox 577 2670 748 2700; x_wconf 63' lang='lat' dir='ltr'><strong>uniumron</strong></span> <span class='ocrx_word' id='word_1_484' title='bbox 760 2668 844 2698; x_wconf 89' lang='lat' dir='ltr'><strong>enim</strong></span> <span class='ocrx_word' id='word_1_485' title='bbox 861 2665 1034 2706; x_wconf 85' lang='lat' dir='ltr'><strong>distinguit.</strong></span> 
     </span>
     <span class='ocr_line' id='line_1_64' title="bbox 167 2707 1037 2752; baseline -0.01 -6"><span class='ocrx_word' id='word_1_486' title='bbox 167 2712 297 2746; x_wconf 85' lang='lat' dir='ltr'><strong>Initium</strong></span> <span class='ocrx_word' id='word_1_487' title='bbox 314 2710 583 2749; x_wconf 78' lang='lat' dir='ltr'><strong>interpretationis</strong></span> <span class='ocrx_word' id='word_1_488' title='bbox 598 2711 714 2743; x_wconf 89' lang='lat' dir='ltr'><strong>sumam</strong></span> <span class='ocrx_word' id='word_1_489' title='bbox 731 2710 769 2740; x_wconf 78' lang='lat' dir='ltr'><strong>ab</strong></span> <span class='ocrx_word' id='word_1_490' title='bbox 790 2709 879 2740; x_wconf 90' lang='lat' dir='ltr'><strong>unius</strong></span> <span class='ocrx_word' id='word_1_491' title='bbox 890 2707 1037 2752; x_wconf 36' lang='lat' dir='ltr'><strong>rei-velu-</strong></span> 
     </span>
     <span class='ocr_line' id='line_1_65' title="bbox 167 2749 1037 2794; baseline -0.011 -7"><span class='ocrx_word' id='word_1_492' title='bbox 167 2757 235 2788; x_wconf 86' lang='lat' dir='ltr'><strong>nius</strong></span> <span class='ocrx_word' id='word_1_493' title='bbox 246 2750 469 2794; x_wconf 76' lang='lat' dir='ltr'><strong>negotiationis</strong></span> <span class='ocrx_word' id='word_1_494' title='bbox 485 2751 645 2783; x_wconf 89' lang='lat' dir='ltr'><strong>societate.</strong></span> <span class='ocrx_word' id='word_1_495' title='bbox 668 2751 738 2782; x_wconf 85' lang='lat' dir='ltr'><strong>talis</strong></span> <span class='ocrx_word' id='word_1_496' title='bbox 749 2749 792 2781; x_wconf 90' lang='lat' dir='ltr'><strong>est</strong></span> <span class='ocrx_word' id='word_1_497' title='bbox 810 2749 1037 2792; x_wconf 84' lang='lat' dir='ltr'><strong>mancipiorum</strong></span> 
     </span>
     <span class='ocr_line' id='line_1_66' title="bbox 168 2789 1037 2833; baseline -0.012 -4"><span class='ocrx_word' id='word_1_498' title='bbox 168 2795 376 2829; x_wconf 84' lang='lat' dir='ltr'><strong>emendorum</strong></span> <span class='ocrx_word' id='word_1_499' title='bbox 393 2792 715 2833; x_wconf 86' lang='lat' dir='ltr'><strong>vendendorumque,</strong></span> <span class='ocrx_word' id='word_1_500' title='bbox 737 2799 790 2822; x_wconf 85' lang='lat' dir='ltr'><strong>aut</strong></span> <span class='ocrx_word' id='word_1_501' title='bbox 808 2791 871 2822; x_wconf 93' lang='lat' dir='ltr'><strong>olei</strong></span> <span class='ocrx_word' id='word_1_502' title='bbox 900 2798 954 2820; x_wconf 86' lang='lat' dir='ltr'><strong>aut</strong></span> <span class='ocrx_word' id='word_1_503' title='bbox 971 2789 1037 2820; x_wconf 84' lang='lat' dir='ltr'><strong>Vini</strong></span> 
     </span>
     <span class='ocr_line' id='line_1_67' title="bbox 167 2829 1037 2874; baseline -0.008 -5"><span class='ocrx_word' id='word_1_504' title='bbox 167 2847 222 2869; x_wconf 87' lang='lat' dir='ltr'><strong>aut</strong></span> <span class='ocrx_word' id='word_1_505' title='bbox 241 2834 392 2868; x_wconf 85' lang='lat' dir='ltr'><strong>frumenti</strong></span> <span class='ocrx_word' id='word_1_506' title='bbox 416 2831 542 2864; x_wconf 83' lang='lat' dir='ltr'><strong>emendi</strong></span> <span class='ocrx_word' id='word_1_507' title='bbox 564 2835 787 2874; x_wconf 88' lang='lat' dir='ltr'><strong>vendendique</strong></span> <span class='ocrx_word' id='word_1_508' title='bbox 807 2839 855 2873; x_wconf 87' lang='lat' dir='ltr'><strong>pr.</strong></span> <span class='ocrx_word' id='word_1_509' title='bbox 879 2829 952 2871; x_wconf 74' lang='lat' dir='ltr'><strong>lust.</strong></span> <span class='ocrx_word' id='word_1_510' title='bbox 968 2831 996 2861; x_wconf 86' lang='lat' dir='ltr'><strong>h.</strong></span> <span class='ocrx_word' id='word_1_511' title='bbox 1014 2836 1037 2862; x_wconf 76' lang='lat' dir='ltr'><strong>t.</strong></span> 
     </span>
     <span class='ocr_line' id='line_1_68' title="bbox 169 2871 1038 2916; baseline -0.012 -5"><span class='ocrx_word' id='word_1_512' title='bbox 169 2879 219 2911; x_wconf 85' lang='lat' dir='ltr'><strong>Ex</strong></span> <span class='ocrx_word' id='word_1_513' title='bbox 235 2881 349 2909; x_wconf 86' lang='lat' dir='ltr'><strong>eodem</strong></span> <span class='ocrx_word' id='word_1_514' title='bbox 369 2883 486 2916; x_wconf 84' lang='lat' dir='ltr'><strong>genere</strong></span> <span class='ocrx_word' id='word_1_515' title='bbox 509 2871 554 2903; x_wconf 89' lang='lat' dir='ltr'><strong>est</strong></span> <span class='ocrx_word' id='word_1_516' title='bbox 584 2873 730 2913; x_wconf 78' lang='lat' dir='ltr'><strong>societas3</strong></span> <span class='ocrx_word' id='word_1_517' title='bbox 754 2883 827 2905; x_wconf 90' lang='lat' dir='ltr'><strong>cum</strong></span> <span class='ocrx_word' id='word_1_518' title='bbox 855 2875 898 2904; x_wconf 89' lang='lat' dir='ltr'><strong>ita</strong></span> <span class='ocrx_word' id='word_1_519' title='bbox 923 2881 1038 2903; x_wconf 91' lang='lat' dir='ltr'><strong>conve·</strong></span> 
     </span>
     <span class='ocr_line' id='line_1_69' title="bbox 168 2913 1039 2959; baseline -0.01 -7"><span class='ocrx_word' id='word_1_520' title='bbox 168 2924 236 2959; x_wconf 87' lang='lat' dir='ltr'><strong>nit,</strong></span> <span class='ocrx_word' id='word_1_521' title='bbox 260 2926 295 2950; x_wconf 87' lang='lat' dir='ltr'><strong>ut</strong></span> <span class='ocrx_word' id='word_1_522' title='bbox 310 2917 330 2949; x_wconf 88' lang='lat' dir='ltr'>fi</span> <span class='ocrx_word' id='word_1_523' title='bbox 347 2926 408 2957; x_wconf 86' lang='lat' dir='ltr'><strong>qua</strong></span> <span class='ocrx_word' id='word_1_524' title='bbox 425 2914 501 2956; x_wconf 84' lang='lat' dir='ltr'><strong>justa</strong></span> <span class='ocrx_word' id='word_1_525' title='bbox 519 2913 676 2945; x_wconf 82' lang='lat' dir='ltr'><strong>hereditas</strong></span> <span class='ocrx_word' id='word_1_526' title='bbox 691 2916 831 2946; x_wconf 84' lang='lat' dir='ltr'><strong>alterutri</strong></span> <span class='ocrx_word' id='word_1_527' title='bbox 849 2914 1039 2952; x_wconf 82' lang='lat' dir='ltr'><strong>obvenerit,</strong></span> 
     </span>
     <span class='ocr_line' id='line_1_70' title="bbox 170 2954 1038 2997; baseline -0.01 -4"><span class='ocrx_word' id='word_1_528' title='bbox 170 2961 350 2993; x_wconf 84' lang='lat' dir='ltr'><strong>communis</strong></span> <span class='ocrx_word' id='word_1_529' title='bbox 363 2957 410 2989; x_wconf 83' lang='lat' dir='ltr'><strong>fit.</strong></span> <span class='ocrx_word' id='word_1_530' title='bbox 435 2959 466 2988; x_wconf 91' lang='lat' dir='ltr'><strong>in</strong></span> <span class='ocrx_word' id='word_1_531' title='bbox 483 2964 584 2990; x_wconf 62' lang='lat' dir='ltr'><strong>eaque</strong></span> <span class='ocrx_word' id='word_1_532' title='bbox 602 2955 644 2984; x_wconf 85' lang='lat' dir='ltr'><strong>ait</strong></span> <span class='ocrx_word' id='word_1_533' title='bbox 666 2954 776 2986; x_wconf 85' lang='lat' dir='ltr'><strong>Paulus</strong></span> <span class='ocrx_word' id='word_1_534' title='bbox 794 2957 813 2987; x_wconf 86' lang='lat' dir='ltr'><strong>l.</strong></span> <span class='ocrx_word' id='word_1_535' title='bbox 826 2966 853 2997; x_wconf 82' lang='lat'><strong>3.</strong></span> <span class='ocrx_word' id='word_1_536' title='bbox 871 2955 899 2997; x_wconf 76' lang='lat'><strong>§.</strong></span> <span class='ocrx_word' id='word_1_537' title='bbox 917 2964 944 2986; x_wconf 83' lang='lat'><strong>2.</strong></span> <span class='ocrx_word' id='word_1_538' title='bbox 964 2954 992 2985; x_wconf 83' lang='lat' dir='ltr'><strong>h.</strong></span> <span class='ocrx_word' id='word_1_539' title='bbox 1016 2960 1038 2985; x_wconf 80' lang='lat' dir='ltr'><strong>t.</strong></span> 
     </span>
     <span class='ocr_line' id='line_1_71' title="bbox 171 2994 1039 3041; baseline -0.009 -7"><span class='ocrx_word' id='word_1_540' title='bbox 171 3004 211 3034; x_wconf 89' lang='lat' dir='ltr'><strong>de</strong></span> <span class='ocrx_word' id='word_1_541' title='bbox 228 3003 281 3033; x_wconf 92' lang='lat' dir='ltr'><strong>illo</strong></span> <span class='ocrx_word' id='word_1_542' title='bbox 296 3002 414 3041; x_wconf 76' lang='lat' dir='ltr'><strong>quaeri,</strong></span> <span class='ocrx_word' id='word_1_543' title='bbox 432 3006 498 3038; x_wconf 83' lang='lat' dir='ltr'><strong>quae</strong></span> <span class='ocrx_word' id='word_1_544' title='bbox 513 2995 589 3036; x_wconf 76' lang='lat' dir='ltr'><strong>justa</strong></span> <span class='ocrx_word' id='word_1_545' title='bbox 603 2994 724 3026; x_wconf 85' lang='lat' dir='ltr'><strong>dicatur</strong></span> <span class='ocrx_word' id='word_1_546' title='bbox 740 2996 914 3035; x_wconf 75' lang='lat' dir='ltr'><strong>hereditas3</strong></span> <span class='ocrx_word' id='word_1_547' title='bbox 935 3003 1039 3027; x_wconf 90' lang='lat' dir='ltr'><strong>utrum</strong></span> 
     </span>
     <span class='ocr_line' id='line_1_72' title="bbox 171 3037 1037 3083; baseline -0.009 -8"><span class='ocrx_word' id='word_1_548' title='bbox 171 3053 242 3083; x_wconf 86' lang='lat' dir='ltr'><strong>quae</strong></span> <span class='ocrx_word' id='word_1_549' title='bbox 263 3044 330 3082; x_wconf 74' lang='lat' dir='ltr'><strong>Jure</strong></span> <span class='ocrx_word' id='word_1_550' title='bbox 344 3041 489 3081; x_wconf 82' lang='lat' dir='ltr'><strong>legitimo</strong></span> <span class='ocrx_word' id='word_1_551' title='bbox 510 3037 659 3073; x_wconf 90' lang='lat' dir='ltr'><strong>obvenit,</strong></span> <span class='ocrx_word' id='word_1_552' title='bbox 682 3045 718 3066; x_wconf 84' lang='lat' dir='ltr'><strong>an</strong></span> <span class='ocrx_word' id='word_1_553' title='bbox 742 3038 835 3068; x_wconf 84' lang='lat' dir='ltr'><strong>etiam</strong></span> <span class='ocrx_word' id='word_1_554' title='bbox 854 3047 889 3068; x_wconf 82' lang='lat' dir='ltr'><strong>ea</strong></span> <span class='ocrx_word' id='word_1_555' title='bbox 904 3047 972 3076; x_wconf 78' lang='lat' dir='ltr'><strong>quae</strong></span> <span class='ocrx_word' id='word_1_556' title='bbox 992 3046 1037 3067; x_wconf 89' lang='lat' dir='ltr'><strong>te-</strong></span> 
     </span>
     <span class='ocr_line' id='line_1_73' title="bbox 171 3076 1039 3116; baseline -0.008 0"><span class='ocrx_word' id='word_1_557' title='bbox 171 3085 340 3116; x_wconf 84' lang='lat' dir='ltr'><strong>stamento.</strong></span> <span class='ocrx_word' id='word_1_558' title='bbox 365 3083 394 3112; x_wconf 84' lang='lat'>&amp;</span> <span class='ocrx_word' id='word_1_559' title='bbox 420 3080 465 3112; x_wconf 89' lang='lat' dir='ltr'><strong>est</strong></span> <span class='ocrx_word' id='word_1_560' title='bbox 487 3079 565 3110; x_wconf 86' lang='lat' dir='ltr'><strong>ratio</strong></span> <span class='ocrx_word' id='word_1_561' title='bbox 588 3076 771 3113; x_wconf 87' lang='lat' dir='ltr'><strong>dubitandi,</strong></span> <span class='ocrx_word' id='word_1_562' title='bbox 795 3080 882 3116; x_wconf 82' lang='lat' dir='ltr'><strong>quod</strong></span> <span class='ocrx_word' id='word_1_563' title='bbox 906 3086 1039 3116; x_wconf 80' lang='lat' dir='ltr'><strong>utraque</strong></span> 
     </span>
     <span class='ocr_line' id='line_1_74' title="bbox 170 3116 1039 3166; baseline -0.009 -10"><span class='ocrx_word' id='word_1_564' title='bbox 170 3124 247 3166; x_wconf 80' lang='lat' dir='ltr'><strong>justa</strong></span> <span class='ocrx_word' id='word_1_565' title='bbox 262 3124 385 3154; x_wconf 89' lang='lat' dir='ltr'><strong>dicitur.</strong></span> <span class='ocrx_word' id='word_1_566' title='bbox 410 3123 461 3154; x_wconf 88' lang='lat' dir='ltr'><strong>sed</strong></span> <span class='ocrx_word' id='word_1_567' title='bbox 478 3119 671 3164; x_wconf 81' lang='lat' dir='ltr'><strong>probabilius</strong></span> <span class='ocrx_word' id='word_1_568' title='bbox 687 3116 749 3148; x_wconf 88' lang='lat' dir='ltr'><strong>esse</strong></span> <span class='ocrx_word' id='word_1_569' title='bbox 766 3116 808 3146; x_wconf 87' lang='lat' dir='ltr'><strong>ait</strong></span> <span class='ocrx_word' id='word_1_570' title='bbox 827 3118 957 3156; x_wconf 83' lang='lat' dir='ltr'><strong>Paulus,</strong></span> <span class='ocrx_word' id='word_1_571' title='bbox 975 3119 1039 3149; x_wconf 88' lang='lat' dir='ltr'><strong>hoc</strong></span> 
     </span>
     <span class='ocr_line' id='line_1_75' title="bbox 169 3157 1040 3206; baseline -0.008 -8"><span class='ocrx_word' id='word_1_572' title='bbox 169 3168 209 3200; x_wconf 87' lang='lat' dir='ltr'><strong>ad</strong></span> <span class='ocrx_word' id='word_1_573' title='bbox 226 3164 401 3206; x_wconf 82' lang='lat' dir='ltr'><strong>legitimam</strong></span> <span class='ocrx_word' id='word_1_574' title='bbox 417 3171 540 3196; x_wconf 86' lang='lat' dir='ltr'><strong>tantum</strong></span> <span class='ocrx_word' id='word_1_575' title='bbox 565 3167 742 3202; x_wconf 84' lang='lat' dir='ltr'><strong>pertinere:</strong></span> <span class='ocrx_word' id='word_1_576' title='bbox 766 3157 849 3189; x_wconf 82' lang='lat' dir='ltr'><strong>forte</strong></span> <span class='ocrx_word' id='word_1_577' title='bbox 871 3160 956 3197; x_wconf 86' lang='lat' dir='ltr'><strong>quod</strong></span> <span class='ocrx_word' id='word_1_578' title='bbox 971 3159 1040 3191; x_wconf 71' lang='lat' dir='ltr'><strong>haec</strong></span> 
     </span>
    </p>
   </div>
   <div class='ocr_carea' id='block_1_4' title="bbox 990 56 1256 93">
    <p class='ocr_par' dir='ltr' id='par_1_6' title="bbox 990 56 1256 93">
     <span class='ocr_line' id='line_1_76' title="bbox 990 56 1256 93; baseline 0.004 -1"><span class='ocrx_word' id='word_1_579' title='bbox 990 56 1256 93; x_wconf 76' lang='lat' dir='ltr'><strong>Noonr</strong></span> 
     </span>
    </p>
   </div>
   <div class='ocr_carea' id='block_1_5' title="bbox 1315 57 1527 95">
    <p class='ocr_par' dir='ltr' id='par_1_7' title="bbox 1315 57 1527 95">
     <span class='ocr_line' id='line_1_77' title="bbox 1315 57 1527 95; baseline 0.005 -2"><span class='ocrx_word' id='word_1_580' title='bbox 1315 57 1396 94; x_wconf 87' lang='lat' dir='ltr'><strong>Co</strong></span> <span class='ocrx_word' id='word_1_581' title='bbox 1428 69 1455 94; x_wconf 76' lang='lat' dir='ltr'>M</span> <span class='ocrx_word' id='word_1_582' title='bbox 1488 70 1527 95; x_wconf 81' lang='lat' dir='ltr'><strong>M.</strong></span> 
     </span>
    </p>
   </div>
   <div class='ocr_carea' id='block_1_6' title="bbox 1072 145 1951 727">
    <p class='ocr_par' dir='ltr' id='par_1_8' title="bbox 1072 145 1951 727">
     <span class='ocr_line' id='line_1_78' title="bbox 1085 145 1951 194; baseline 0.012 -17"><span class='ocrx_word' id='word_1_583' title='bbox 1085 145 1243 193; x_wconf 77' lang='lat' dir='ltr'><strong>hereditas</strong></span> <span class='ocrx_word' id='word_1_584' title='bbox 1268 148 1396 188; x_wconf 86' lang='lat' dir='ltr'><strong>proprie</strong></span> <span class='ocrx_word' id='word_1_585' title='bbox 1419 148 1449 180; x_wconf 72' lang='grc' dir='ltr'><strong>ὅ(</strong></span> <span class='ocrx_word' id='word_1_586' title='bbox 1472 148 1555 188; x_wconf 85' lang='lat' dir='ltr'><strong>quafi</strong></span> <span class='ocrx_word' id='word_1_587' title='bbox 1576 157 1633 190; x_wconf 86' lang='lat' dir='ltr'><strong>per</strong></span> <span class='ocrx_word' id='word_1_588' title='bbox 1655 151 1858 185; x_wconf 86' lang='lat' dir='ltr'><strong>eminentiam</strong></span> <span class='ocrx_word' id='word_1_589' title='bbox 1872 154 1951 194; x_wconf 70' lang='lat' dir='ltr'><strong>iusta</strong></span> 
     </span>
     <span class='ocr_line' id='line_1_79' title="bbox 1084 187 1949 233; baseline 0.009 -15"><span class='ocrx_word' id='word_1_590' title='bbox 1084 187 1113 218; x_wconf 88' lang='lat'>&amp;</span> <span class='ocrx_word' id='word_1_591' title='bbox 1130 187 1270 233; x_wconf 80' lang='lat' dir='ltr'><strong>legitima</strong></span> <span class='ocrx_word' id='word_1_592' title='bbox 1286 190 1420 229; x_wconf 77' lang='lat' dir='ltr'><strong>dicitur3</strong></span> <span class='ocrx_word' id='word_1_593' title='bbox 1444 190 1676 223; x_wconf 84' lang='lat' dir='ltr'><strong>testamentaria</strong></span> <span class='ocrx_word' id='word_1_594' title='bbox 1694 200 1805 223; x_wconf 85' lang='lat' dir='ltr'><strong>contra</strong></span> <span class='ocrx_word' id='word_1_595' title='bbox 1825 201 1949 229; x_wconf 84' lang='lat' dir='ltr'><strong>tantum</strong></span> 
     </span>
     <span class='ocr_line' id='line_1_80' title="bbox 1083 231 1949 274; baseline 0.012 -16"><span class='ocrx_word' id='word_1_596' title='bbox 1083 237 1144 258; x_wconf 89' lang='lat' dir='ltr'><strong>non</strong></span> <span class='ocrx_word' id='word_1_597' title='bbox 1164 231 1334 270; x_wconf 84' lang='lat' dir='ltr'><strong>improprie</strong></span> <span class='ocrx_word' id='word_1_598' title='bbox 1351 231 1414 262; x_wconf 91' lang='lat' dir='ltr'><strong>hoc</strong></span> <span class='ocrx_word' id='word_1_599' title='bbox 1433 232 1562 263; x_wconf 88' lang='lat' dir='ltr'><strong>nomine</strong></span> <span class='ocrx_word' id='word_1_600' title='bbox 1577 233 1753 272; x_wconf 79' lang='lat' dir='ltr'><strong>appellatur</strong></span> <span class='ocrx_word' id='word_1_601' title='bbox 1772 233 1790 264; x_wconf 86' lang='lat' dir='ltr'><strong>l.</strong></span> <span class='ocrx_word' id='word_1_602' title='bbox 1813 242 1877 274; x_wconf 80' lang='lat'>130.</span> <span class='ocrx_word' id='word_1_603' title='bbox 1903 237 1949 269; x_wconf 89' lang='lat' dir='ltr'><strong>D.</strong></span> 
     </span>
     <span class='ocr_line' id='line_1_81' title="bbox 1081 269 1950 314; baseline 0.012 -15"><span class='ocrx_word' id='word_1_604' title='bbox 1081 270 1118 314; x_wconf 66' lang='lat' dir='ltr'><strong>eie</strong></span> <span class='ocrx_word' id='word_1_605' title='bbox 1133 271 1210 300; x_wconf 81' lang='lat' dir='ltr'><strong>verb.</strong></span> <span class='ocrx_word' id='word_1_606' title='bbox 1218 269 1322 312; x_wconf 82' lang='lat' dir='ltr'><strong>fignif.</strong></span> <span class='ocrx_word' id='word_1_607' title='bbox 1339 271 1494 313; x_wconf 85' lang='lat' dir='ltr'><strong>favetque</strong></span> <span class='ocrx_word' id='word_1_608' title='bbox 1508 274 1764 313; x_wconf 80' lang='lat' dir='ltr'><strong>interpretationi</strong></span> <span class='ocrx_word' id='word_1_609' title='bbox 1780 275 1875 307; x_wconf 88' lang='lat' dir='ltr'><strong>etiam</strong></span> <span class='ocrx_word' id='word_1_610' title='bbox 1886 275 1950 309; x_wconf 82' lang='lat' dir='ltr'><strong>hoe</strong></span> 
     </span>
     <span class='ocr_line' id='line_1_82' title="bbox 1082 309 1948 359; baseline 0.007 -17"><span class='ocrx_word' id='word_1_611' title='bbox 1082 309 1246 342; x_wconf 86' lang='lat' dir='ltr'><strong>Ciceronis</strong></span> <span class='ocrx_word' id='word_1_612' title='bbox 1262 313 1308 342; x_wconf 85' lang='lat' dir='ltr'><strong>lib.</strong></span> <span class='ocrx_word' id='word_1_613' title='bbox 1324 322 1353 353; x_wconf 82' lang='lat'><strong>3.</strong></span> <span class='ocrx_word' id='word_1_614' title='bbox 1374 313 1418 344; x_wconf 85' lang='lat' dir='ltr'><strong>De</strong></span> <span class='ocrx_word' id='word_1_615' title='bbox 1437 321 1499 345; x_wconf 73' lang='lat' dir='ltr'><strong>nat.</strong></span> <span class='ocrx_word' id='word_1_616' title='bbox 1519 313 1604 345; x_wconf 86' lang='lat' dir='ltr'><strong>Deor.</strong></span> <span class='ocrx_word' id='word_1_617' title='bbox 1620 325 1643 345; x_wconf 79' lang='lat' dir='ltr'><strong>c.</strong></span> <span class='ocrx_word' id='word_1_618' title='bbox 1659 325 1709 356; x_wconf 73' lang='lat'>535.</span> <span class='ocrx_word' id='word_1_619' title='bbox 1753 315 1883 357; x_wconf 74' lang='lat' dir='ltr'><strong>Eamque</strong></span> <span class='ocrx_word' id='word_1_620' title='bbox 1898 324 1948 359; x_wconf 81' lang='lat' dir='ltr'><strong>po-</strong></span> 
     </span>
     <span class='ocr_line' id='line_1_83' title="bbox 1080 349 1947 400; baseline 0.01 -20"><span class='ocrx_word' id='word_1_621' title='bbox 1080 349 1208 390; x_wconf 76' lang='lat' dir='ltr'><strong>testatem</strong></span> <span class='ocrx_word' id='word_1_622' title='bbox 1228 362 1316 394; x_wconf 79' lang='lat' dir='ltr'><strong>quam</strong></span> <span class='ocrx_word' id='word_1_623' title='bbox 1338 355 1394 394; x_wconf 76' lang='lat' dir='ltr'><strong>ipse</strong></span> <span class='ocrx_word' id='word_1_624' title='bbox 1414 362 1464 396; x_wconf 86' lang='lat' dir='ltr'><strong>per</strong></span> <span class='ocrx_word' id='word_1_625' title='bbox 1481 355 1575 393; x_wconf 82' lang='lat' dir='ltr'><strong>scelus</strong></span> <span class='ocrx_word' id='word_1_626' title='bbox 1599 362 1662 387; x_wconf 80' lang='lat' dir='ltr'><strong>crat</strong></span> <span class='ocrx_word' id='word_1_627' title='bbox 1685 356 1788 388; x_wconf 71' lang='lat' dir='ltr'><strong>nat&#39;tus</strong></span> <span class='ocrx_word' id='word_1_628' title='bbox 1803 356 1886 398; x_wconf 80' lang='lat' dir='ltr'><strong>quasi</strong></span> <span class='ocrx_word' id='word_1_629' title='bbox 1896 359 1947 400; x_wconf 70' lang='lat' dir='ltr'><strong>ju-</strong></span> 
     </span>
     <span class='ocr_line' id='line_1_84' title="bbox 1072 391 1948 440; baseline 0.011 -19"><span class='ocrx_word' id='word_1_630' title='bbox 1072 391 1152 440; x_wconf 51' lang='lat' dir='ltr'><strong>Jfam</strong></span> <span class='ocrx_word' id='word_1_631' title='bbox 1180 393 1216 427; x_wconf 60' lang='grc' dir='ltr'><strong>ἐπ”</strong></span> <span class='ocrx_word' id='word_1_632' title='bbox 1240 395 1425 435; x_wconf 80' lang='lat' dir='ltr'><strong>legitimam,</strong></span> <span class='ocrx_word' id='word_1_633' title='bbox 1466 398 1631 428; x_wconf 77' lang='lat' dir='ltr'><strong>hereditatis</strong></span> <span class='ocrx_word' id='word_1_634' title='bbox 1659 397 1717 429; x_wconf 87' lang='lat' dir='ltr'><strong>loco</strong></span> <span class='ocrx_word' id='word_1_635' title='bbox 1739 398 1797 437; x_wconf 77' lang='lat' dir='ltr'><strong>filio</strong></span> <span class='ocrx_word' id='word_1_636' title='bbox 1821 401 1948 432; x_wconf 65' lang='lat' dir='ltr'><strong>tradidit.</strong></span> 
     </span>
     <span class='ocr_line' id='line_1_85' title="bbox 1078 432 1948 478; baseline 0.009 -14"><span class='ocrx_word' id='word_1_637' title='bbox 1078 432 1221 478; x_wconf 61' lang='lat' dir='ltr'><strong>Effectus</strong></span> <span class='ocrx_word' id='word_1_638' title='bbox 1236 437 1429 475; x_wconf 86' lang='lat' dir='ltr'><strong>particularis</strong></span> <span class='ocrx_word' id='word_1_639' title='bbox 1445 438 1601 469; x_wconf 82' lang='lat' dir='ltr'><strong>societatis</strong></span> <span class='ocrx_word' id='word_1_640' title='bbox 1623 438 1676 469; x_wconf 91' lang='lat' dir='ltr'><strong>ille</strong></span> <span class='ocrx_word' id='word_1_641' title='bbox 1692 438 1753 470; x_wconf 85' lang='lat' dir='ltr'><strong>est:</strong></span> <span class='ocrx_word' id='word_1_642' title='bbox 1777 447 1811 470; x_wconf 90' lang='lat' dir='ltr'><strong>ut</strong></span> <span class='ocrx_word' id='word_1_643' title='bbox 1833 439 1864 470; x_wconf 87' lang='lat' dir='ltr'><strong>in</strong></span> <span class='ocrx_word' id='word_1_644' title='bbox 1880 439 1948 474; x_wconf 85' lang='lat' dir='ltr'><strong>eam</strong></span> 
     </span>
     <span class='ocr_line' id='line_1_86' title="bbox 1080 478 1949 522; baseline 0.012 -19"><span class='ocrx_word' id='word_1_645' title='bbox 1080 482 1211 521; x_wconf 77' lang='lat' dir='ltr'><strong>veniant</strong></span> <span class='ocrx_word' id='word_1_646' title='bbox 1228 483 1349 522; x_wconf 77' lang='lat' dir='ltr'><strong>tantum</strong></span> <span class='ocrx_word' id='word_1_647' title='bbox 1368 478 1453 510; x_wconf 86' lang='lat' dir='ltr'><strong>lucra</strong></span> <span class='ocrx_word' id='word_1_648' title='bbox 1470 480 1499 511; x_wconf 88' lang='lat'>&amp;</span> <span class='ocrx_word' id='word_1_649' title='bbox 1515 480 1647 518; x_wconf 86' lang='lat' dir='ltr'><strong>damna,</strong></span> <span class='ocrx_word' id='word_1_650' title='bbox 1671 481 1949 520; x_wconf 77' lang='lat' dir='ltr'><strong>contemplatione</strong></span> 
     </span>
     <span class='ocr_line' id='line_1_87' title="bbox 1078 521 1948 562; baseline 0.009 -16"><span class='ocrx_word' id='word_1_651' title='bbox 1078 525 1144 554; x_wconf 74' lang='lat' dir='ltr'><strong>eius</strong></span> <span class='ocrx_word' id='word_1_652' title='bbox 1159 524 1220 554; x_wconf 84' lang='lat' dir='ltr'><strong>rei,</strong></span> <span class='ocrx_word' id='word_1_653' title='bbox 1244 525 1350 556; x_wconf 74' lang='lat' dir='ltr'><strong>ejusve</strong></span> <span class='ocrx_word' id='word_1_654' title='bbox 1374 521 1598 559; x_wconf 80' lang='lat' dir='ltr'><strong>negotiationis</strong></span> <span class='ocrx_word' id='word_1_655' title='bbox 1621 530 1682 562; x_wconf 87' lang='lat' dir='ltr'><strong>qua</strong></span> <span class='ocrx_word' id='word_1_656' title='bbox 1705 522 1745 553; x_wconf 88' lang='lat' dir='ltr'><strong>de</strong></span> <span class='ocrx_word' id='word_1_657' title='bbox 1764 523 1948 556; x_wconf 87' lang='lat' dir='ltr'><strong>nominatim</strong></span> 
     </span>
     <span class='ocr_line' id='line_1_88' title="bbox 1078 557 1949 602; baseline 0.009 -15"><span class='ocrx_word' id='word_1_658' title='bbox 1078 565 1273 588; x_wconf 88' lang='lat' dir='ltr'><strong>conventum</strong></span> <span class='ocrx_word' id='word_1_659' title='bbox 1297 557 1359 597; x_wconf 91' lang='lat' dir='ltr'><strong>est,</strong></span> <span class='ocrx_word' id='word_1_660' title='bbox 1383 561 1613 602; x_wconf 84' lang='lat' dir='ltr'><strong>contingentia.</strong></span> <span class='ocrx_word' id='word_1_661' title='bbox 1667 561 1861 602; x_wconf 82' lang='lat' dir='ltr'><strong>Exemplum</strong></span> <span class='ocrx_word' id='word_1_662' title='bbox 1882 563 1913 595; x_wconf 88' lang='lat' dir='ltr'><strong>in</strong></span> <span class='ocrx_word' id='word_1_663' title='bbox 1929 565 1949 596; x_wconf 57' lang='lat' dir='ltr'><strong>1i</strong></span> 
     </span>
     <span class='ocr_line' id='line_1_89' title="bbox 1077 597 1951 643; baseline 0.011 -16"><span class='ocrx_word' id='word_1_664' title='bbox 1077 607 1129 643; x_wconf 64' lang='grc' dir='ltr'><strong>52.ἱ</strong></span> <span class='ocrx_word' id='word_1_665' title='bbox 1149 597 1178 638; x_wconf 85' lang='lat'><strong>§.</strong></span> <span class='ocrx_word' id='word_1_666' title='bbox 1195 608 1225 638; x_wconf 84' lang='lat'><strong>5.</strong></span> <span class='ocrx_word' id='word_1_667' title='bbox 1251 597 1328 643; x_wconf 77' lang='lat' dir='ltr'><strong>Duo</strong></span> <span class='ocrx_word' id='word_1_668' title='bbox 1347 608 1436 631; x_wconf 86' lang='lat' dir='ltr'><strong>erant</strong></span> <span class='ocrx_word' id='word_1_669' title='bbox 1453 602 1618 643; x_wconf 84' lang='lat' dir='ltr'><strong>argentarii</strong></span> <span class='ocrx_word' id='word_1_670' title='bbox 1635 603 1720 635; x_wconf 85' lang='lat' dir='ltr'><strong>socii.</strong></span> <span class='ocrx_word' id='word_1_671' title='bbox 1743 605 1822 636; x_wconf 87' lang='lat' dir='ltr'><strong>alter</strong></span> <span class='ocrx_word' id='word_1_672' title='bbox 1839 615 1951 639; x_wconf 88' lang='lat' dir='ltr'><strong>eorum</strong></span> 
     </span>
     <span class='ocr_line' id='line_1_90' title="bbox 1080 639 1951 686; baseline 0.01 -18"><span class='ocrx_word' id='word_1_673' title='bbox 1080 642 1156 678; x_wconf 84' lang='lat' dir='ltr'><strong>quid</strong></span> <span class='ocrx_word' id='word_1_674' title='bbox 1178 639 1343 680; x_wconf 85' lang='lat' dir='ltr'><strong>separatim</strong></span> <span class='ocrx_word' id='word_1_675' title='bbox 1367 642 1528 681; x_wconf 82' lang='lat' dir='ltr'><strong>quaefierat</strong></span> <span class='ocrx_word' id='word_1_676' title='bbox 1551 645 1581 675; x_wconf 73' lang='grc' dir='ltr'>ἅ</span> <span class='ocrx_word' id='word_1_677' title='bbox 1604 645 1682 676; x_wconf 86' lang='lat' dir='ltr'><strong>lucri</strong></span> <span class='ocrx_word' id='word_1_678' title='bbox 1700 645 1844 676; x_wconf 84' lang='lat' dir='ltr'><strong>senserat.</strong></span> <span class='ocrx_word' id='word_1_679' title='bbox 1869 655 1951 686; x_wconf 86' lang='lat' dir='ltr'><strong>quae-</strong></span> 
     </span>
     <span class='ocr_line' id='line_1_91' title="bbox 1080 680 1948 727; baseline 0.01 -17"><span class='ocrx_word' id='word_1_680' title='bbox 1080 680 1232 719; x_wconf 74' lang='lat' dir='ltr'><strong>rebatur,</strong></span> <span class='ocrx_word' id='word_1_681' title='bbox 1264 690 1302 712; x_wconf 80' lang='lat' dir='ltr'><strong>an</strong></span> <span class='ocrx_word' id='word_1_682' title='bbox 1327 690 1497 714; x_wconf 88' lang='lat' dir='ltr'><strong>commune</strong></span> <span class='ocrx_word' id='word_1_683' title='bbox 1520 684 1583 715; x_wconf 88' lang='lat' dir='ltr'><strong>esse</strong></span> <span class='ocrx_word' id='word_1_684' title='bbox 1608 686 1729 717; x_wconf 88' lang='lat' dir='ltr'><strong>lucrum</strong></span> <span class='ocrx_word' id='word_1_685' title='bbox 1756 688 1948 727; x_wconf 74' lang='lat' dir='ltr'><strong>oporteret?</strong></span> 
     </span>
    </p>
   </div>
   <div class='ocr_carea' id='block_1_7' title="bbox 1080 721 1985 810">
    <p class='ocr_par' dir='ltr' id='par_1_9' title="bbox 1080 721 1985 810">
     <span class='ocr_line' id='line_1_92' title="bbox 1082 721 1983 768; baseline 0.009 -15"><span class='ocrx_word' id='word_1_686' title='bbox 1082 721 1259 768; x_wconf 40' lang='lat' dir='ltr'><strong>Impera-tor</strong></span> <span class='ocrx_word' id='word_1_687' title='bbox 1276 722 1412 754; x_wconf 87' lang='lat' dir='ltr'><strong>Severus</strong></span> <span class='ocrx_word' id='word_1_688' title='bbox 1425 723 1533 755; x_wconf 82' lang='lat' dir='ltr'><strong>Flavio</strong></span> <span class='ocrx_word' id='word_1_689' title='bbox 1550 724 1648 757; x_wconf 84' lang='lat' dir='ltr'><strong>Felici</strong></span> <span class='ocrx_word' id='word_1_690' title='bbox 1666 726 1953 768; x_wconf 79' lang='lat' dir='ltr'><strong>rescripsit:etiam-</strong></span> <span class='ocrx_word' id='word_1_691' title='bbox 1981 723 1983 726; x_wconf 49' lang='lat'>¹</span> 
     </span>
     <span class='ocr_line' id='line_1_93' title="bbox 1080 761 1985 810; baseline 0.01 -17"><span class='ocrx_word' id='word_1_692' title='bbox 1080 761 1101 793; x_wconf 82' lang='lat' dir='ltr'><strong>si</strong></span> <span class='ocrx_word' id='word_1_693' title='bbox 1126 771 1263 795; x_wconf 83' lang='lat' dir='ltr'><strong>maxime</strong></span> <span class='ocrx_word' id='word_1_694' title='bbox 1285 766 1461 804; x_wconf 85' lang='lat' dir='ltr'><strong>argentaria</strong></span> <span class='ocrx_word' id='word_1_695' title='bbox 1495 765 1626 797; x_wconf 85' lang='lat' dir='ltr'><strong>societas</strong></span> <span class='ocrx_word' id='word_1_696' title='bbox 1648 768 1725 799; x_wconf 85' lang='lat' dir='ltr'><strong>inita</strong></span> <span class='ocrx_word' id='word_1_697' title='bbox 1754 769 1826 808; x_wconf 87' lang='lat' dir='ltr'><strong>est,</strong></span> <span class='ocrx_word' id='word_1_698' title='bbox 1859 771 1957 810; x_wconf 59' lang='lat' dir='ltr'><strong>quod,</strong></span> <span class='ocrx_word' id='word_1_699' title='bbox 1984 802 1985 807; x_wconf 66' lang='grc'>,</span> 
     </span>
    </p>
   </div>
   <div class='ocr_carea' id='block_1_8' title="bbox 1080 805 1951 849">
    <p class='ocr_par' dir='ltr' id='par_1_10' title="bbox 1080 805 1951 849">
     <span class='ocr_line' id='line_1_94' title="bbox 1080 805 1951 849; baseline 0.01 -15"><span class='ocrx_word' id='word_1_700' title='bbox 1080 805 1216 844; x_wconf 87' lang='lat' dir='ltr'><strong>quisque</strong></span> <span class='ocrx_word' id='word_1_701' title='bbox 1239 814 1344 838; x_wconf 84' lang='lat' dir='ltr'><strong>tamen</strong></span> <span class='ocrx_word' id='word_1_702' title='bbox 1381 806 1480 838; x_wconf 84' lang='lat' dir='ltr'><strong>sociiis</strong></span> <span class='ocrx_word' id='word_1_703' title='bbox 1504 816 1570 838; x_wconf 90' lang='lat' dir='ltr'><strong>non</strong></span> <span class='ocrx_word' id='word_1_704' title='bbox 1598 817 1639 839; x_wconf 87' lang='lat' dir='ltr'><strong>ex</strong></span> <span class='ocrx_word' id='word_1_705' title='bbox 1663 811 1835 849; x_wconf 85' lang='lat' dir='ltr'><strong>argentaria</strong></span> <span class='ocrx_word' id='word_1_706' title='bbox 1861 810 1951 843; x_wconf 81' lang='lat' dir='ltr'><strong>causa</strong></span> 
     </span>
    </p>
   </div>
   <div class='ocr_carea' id='block_1_9' title="bbox 1081 846 1987 891">
    <p class='ocr_par' dir='ltr' id='par_1_11' title="bbox 1081 846 1987 891">
     <span class='ocr_line' id='line_1_95' title="bbox 1081 846 1987 891; baseline 0.011 -17"><span class='ocrx_word' id='word_1_707' title='bbox 1081 846 1240 885; x_wconf 79' lang='lat' dir='ltr'><strong>quaei&#39;ivit,</strong></span> <span class='ocrx_word' id='word_1_708' title='bbox 1274 847 1306 877; x_wconf 87' lang='lat' dir='ltr'><strong>id</strong></span> <span class='ocrx_word' id='word_1_709' title='bbox 1330 847 1367 878; x_wconf 92' lang='lat' dir='ltr'><strong>ad</strong></span> <span class='ocrx_word' id='word_1_710' title='bbox 1396 850 1655 880; x_wconf 85' lang='lat' dir='ltr'><strong>communionem</strong></span> <span class='ocrx_word' id='word_1_711' title='bbox 1680 859 1742 881; x_wconf 91' lang='lat' dir='ltr'><strong>non</strong></span> <span class='ocrx_word' id='word_1_712' title='bbox 1769 854 1951 891; x_wconf 85' lang='lat' dir='ltr'><strong>pertinere,</strong></span> <span class='ocrx_word' id='word_1_713' title='bbox 1980 847 1987 855; x_wconf 51' lang='lat'><strong>&#39;¹</strong></span> 
     </span>
    </p>
   </div>
   <div class='ocr_carea' id='block_1_10' title="bbox 1081 886 1402 928">
    <p class='ocr_par' dir='ltr' id='par_1_12' title="bbox 1081 886 1402 928">
     <span class='ocr_line' id='line_1_96' title="bbox 1081 886 1402 928; baseline 0.012 -12"><span class='ocrx_word' id='word_1_714' title='bbox 1081 887 1237 927; x_wconf 81' lang='lat' dir='ltr'><strong>explorati</strong></span> <span class='ocrx_word' id='word_1_715' title='bbox 1254 886 1329 928; x_wconf 86' lang='lat' dir='ltr'><strong>juris</strong></span> <span class='ocrx_word' id='word_1_716' title='bbox 1347 888 1402 920; x_wconf 85' lang='lat' dir='ltr'><strong>est.</strong></span> 
     </span>
    </p>
   </div>
   <div class='ocr_carea' id='block_1_11' title="bbox 1077 1011 1954 2083">
    <p class='ocr_par' dir='ltr' id='par_1_13' title="bbox 1077 1011 1954 2083">
     <span class='ocr_line' id='line_1_97' title="bbox 1080 1011 1951 1056; baseline 0.009 -16"><span class='ocrx_word' id='word_1_717' title='bbox 1080 1011 1185 1051; x_wconf 89' lang='lat' dir='ltr'><strong>placet</strong></span> <span class='ocrx_word' id='word_1_718' title='bbox 1211 1011 1410 1056; x_wconf 83' lang='lat' dir='ltr'><strong>Papiniano,</strong></span> <span class='ocrx_word' id='word_1_719' title='bbox 1440 1014 1528 1053; x_wconf 86' lang='lat' dir='ltr'><strong>quod</strong></span> <span class='ocrx_word' id='word_1_720' title='bbox 1562 1014 1689 1045; x_wconf 82' lang='lat' dir='ltr'><strong>aliunde</strong></span> <span class='ocrx_word' id='word_1_721' title='bbox 1725 1015 1951 1056; x_wconf 70' lang='lat' dir='ltr'><strong>quaesivissent,</strong></span> 
     </span>
     <span class='ocr_line' id='line_1_98' title="bbox 1079 1053 1952 1098; baseline 0.008 -16"><span class='ocrx_word' id='word_1_722' title='bbox 1079 1061 1145 1082; x_wconf 89' lang='lat' dir='ltr'><strong>nou</strong></span> <span class='ocrx_word' id='word_1_723' title='bbox 1162 1053 1262 1093; x_wconf 84' lang='lat' dir='ltr'><strong>redigi</strong></span> <span class='ocrx_word' id='word_1_724' title='bbox 1277 1063 1306 1084; x_wconf 92' lang='lat' dir='ltr'><strong>in</strong></span> <span class='ocrx_word' id='word_1_725' title='bbox 1323 1063 1495 1085; x_wconf 86' lang='lat' dir='ltr'><strong>commune</strong></span> <span class='ocrx_word' id='word_1_726' title='bbox 1511 1056 1538 1086; x_wconf 81' lang='lat' dir='ltr'><strong>d.</strong></span> <span class='ocrx_word' id='word_1_727' title='bbox 1559 1055 1576 1086; x_wconf 88' lang='lat' dir='ltr'><strong>l.</strong></span> <span class='ocrx_word' id='word_1_728' title='bbox 1593 1066 1642 1094; x_wconf 78' lang='lat'><strong>52.</strong></span> <span class='ocrx_word' id='word_1_729' title='bbox 1667 1055 1696 1096; x_wconf 86' lang='lat'><strong>§.</strong></span> <span class='ocrx_word' id='word_1_730' title='bbox 1712 1060 1740 1087; x_wconf 90' lang='lat'><strong>6.</strong></span> <span class='ocrx_word' id='word_1_731' title='bbox 1786 1058 1826 1088; x_wconf 91' lang='lat' dir='ltr'><strong>At</strong></span> <span class='ocrx_word' id='word_1_732' title='bbox 1844 1067 1952 1098; x_wconf 89' lang='lat' dir='ltr'><strong>quem-</strong></span> 
     </span>
     <span class='ocr_line' id='line_1_99' title="bbox 1079 1093 1951 1139; baseline 0.008 -16"><span class='ocrx_word' id='word_1_733' title='bbox 1079 1093 1252 1139; x_wconf 86' lang='lat' dir='ltr'><strong>admodum</strong></span> <span class='ocrx_word' id='word_1_734' title='bbox 1281 1096 1312 1125; x_wconf 88' lang='lat' dir='ltr'><strong>in</strong></span> <span class='ocrx_word' id='word_1_735' title='bbox 1338 1104 1434 1139; x_wconf 82' lang='lat' dir='ltr'><strong>certae</strong></span> <span class='ocrx_word' id='word_1_736' title='bbox 1456 1096 1499 1127; x_wconf 90' lang='lat' dir='ltr'><strong>rei</strong></span> <span class='ocrx_word' id='word_1_737' title='bbox 1516 1119 1525 1133; x_wconf 88' lang='lat'><strong>‚</strong></span> <span class='ocrx_word' id='word_1_738' title='bbox 1550 1098 1839 1138; x_wconf 82' lang='lat' dir='ltr'><strong>negotiationisve‚</strong></span> <span class='ocrx_word' id='word_1_739' title='bbox 1864 1108 1951 1131; x_wconf 88' lang='lat' dir='ltr'><strong>com-</strong></span> 
     </span>
     <span class='ocr_line' id='line_1_100' title="bbox 1079 1136 1954 1180; baseline 0.009 -16"><span class='ocrx_word' id='word_1_740' title='bbox 1079 1143 1264 1166; x_wconf 88' lang='lat' dir='ltr'><strong>munionem</strong></span> <span class='ocrx_word' id='word_1_741' title='bbox 1281 1136 1358 1167; x_wconf 88' lang='lat' dir='ltr'><strong>nihil</strong></span> <span class='ocrx_word' id='word_1_742' title='bbox 1377 1137 1466 1168; x_wconf 90' lang='lat' dir='ltr'><strong>venit</strong></span> <span class='ocrx_word' id='word_1_743' title='bbox 1484 1145 1598 1177; x_wconf 82' lang='lat' dir='ltr'><strong>praeter</strong></span> <span class='ocrx_word' id='word_1_744' title='bbox 1615 1138 1644 1169; x_wconf 92' lang='lat' dir='ltr'><strong>id</strong></span> <span class='ocrx_word' id='word_1_745' title='bbox 1662 1140 1749 1178; x_wconf 87' lang='lat' dir='ltr'><strong>quod</strong></span> <span class='ocrx_word' id='word_1_746' title='bbox 1768 1148 1807 1170; x_wconf 84' lang='lat' dir='ltr'><strong>ex</strong></span> <span class='ocrx_word' id='word_1_747' title='bbox 1823 1149 1858 1170; x_wconf 88' lang='lat' dir='ltr'><strong>ea</strong></span> <span class='ocrx_word' id='word_1_748' title='bbox 1869 1150 1954 1180; x_wconf 82' lang='lat' dir='ltr'><strong>quae·</strong></span> 
     </span>
     <span class='ocr_line' id='line_1_101' title="bbox 1078 1175 1950 1222; baseline 0.007 -15"><span class='ocrx_word' id='word_1_749' title='bbox 1078 1178 1176 1214; x_wconf 83' lang='lat' dir='ltr'><strong>ritur3</strong></span> <span class='ocrx_word' id='word_1_750' title='bbox 1199 1175 1239 1207; x_wconf 86' lang='lat' dir='ltr'><strong>fic</strong></span> <span class='ocrx_word' id='word_1_751' title='bbox 1256 1186 1274 1208; x_wconf 91' lang='lat' dir='ltr'><strong>e</strong></span> <span class='ocrx_word' id='word_1_752' title='bbox 1296 1179 1458 1209; x_wconf 88' lang='lat' dir='ltr'><strong>contrario</strong></span> <span class='ocrx_word' id='word_1_753' title='bbox 1475 1180 1501 1209; x_wconf 90' lang='lat' dir='ltr'><strong>ei</strong></span> <span class='ocrx_word' id='word_1_754' title='bbox 1521 1180 1693 1219; x_wconf 83' lang='lat' dir='ltr'><strong>imputatur</strong></span> <span class='ocrx_word' id='word_1_755' title='bbox 1715 1181 1869 1221; x_wconf 86' lang='lat' dir='ltr'><strong>quidquid</strong></span> <span class='ocrx_word' id='word_1_756' title='bbox 1885 1185 1950 1222; x_wconf 85' lang='lat' dir='ltr'><strong>ejus</strong></span> 
     </span>
     <span class='ocr_line' id='line_1_102' title="bbox 1081 1218 1952 1262; baseline 0.009 -15"><span class='ocrx_word' id='word_1_757' title='bbox 1081 1220 1278 1257; x_wconf 86' lang='lat' dir='ltr'><strong>exequendae</strong></span> <span class='ocrx_word' id='word_1_758' title='bbox 1306 1218 1403 1260; x_wconf 85' lang='lat' dir='ltr'><strong>gratia</strong></span> <span class='ocrx_word' id='word_1_759' title='bbox 1429 1218 1533 1251; x_wconf 89' lang='lat' dir='ltr'><strong>damni</strong></span> <span class='ocrx_word' id='word_1_760' title='bbox 1559 1220 1678 1252; x_wconf 71' lang='lat' dir='ltr'><strong>factum</strong></span> <span class='ocrx_word' id='word_1_761' title='bbox 1702 1220 1756 1253; x_wconf 85' lang='lat' dir='ltr'><strong>est.</strong></span> <span class='ocrx_word' id='word_1_762' title='bbox 1786 1231 1892 1262; x_wconf 86' lang='lat' dir='ltr'><strong>pone,</strong></span> <span class='ocrx_word' id='word_1_763' title='bbox 1916 1231 1952 1255; x_wconf 72' lang='lat' dir='ltr'><strong>uu</strong></span> 
     </span>
     <span class='ocr_line' id='line_1_103' title="bbox 1079 1257 1950 1306; baseline 0.008 -17"><span class='ocrx_word' id='word_1_764' title='bbox 1079 1257 1116 1289; x_wconf 90' lang='lat' dir='ltr'><strong>fit</strong></span> <span class='ocrx_word' id='word_1_765' title='bbox 1138 1259 1320 1306; x_wconf 78' lang='lat' dir='ltr'><strong>exemplum</strong></span> <span class='ocrx_word' id='word_1_766' title='bbox 1337 1283 1347 1298; x_wconf 91' lang='lat'><strong>,</strong></span> <span class='ocrx_word' id='word_1_767' title='bbox 1378 1270 1418 1292; x_wconf 84' lang='lat' dir='ltr'><strong>ex</strong></span> <span class='ocrx_word' id='word_1_768' title='bbox 1442 1262 1470 1293; x_wconf 86' lang='lat' dir='ltr'><strong>d.</strong></span> <span class='ocrx_word' id='word_1_769' title='bbox 1494 1261 1513 1291; x_wconf 85' lang='lat' dir='ltr'><strong>l.</strong></span> <span class='ocrx_word' id='word_1_770' title='bbox 1530 1271 1581 1302; x_wconf 80' lang='lat'><strong>52.</strong></span> <span class='ocrx_word' id='word_1_771' title='bbox 1612 1261 1640 1303; x_wconf 85' lang='lat'><strong>§.</strong></span> <span class='ocrx_word' id='word_1_772' title='bbox 1657 1272 1686 1301; x_wconf 88' lang='lat'><strong>4.</strong></span> <span class='ocrx_word' id='word_1_773' title='bbox 1711 1263 1838 1303; x_wconf 82' lang='lat' dir='ltr'><strong>quidam</strong></span> <span class='ocrx_word' id='word_1_774' title='bbox 1864 1267 1950 1296; x_wconf 81' lang='lat' dir='ltr'><strong>coi&#39;e·</strong></span> 
     </span>
     <span class='ocr_line' id='line_1_104' title="bbox 1080 1300 1950 1345; baseline 0.009 -16"><span class='ocrx_word' id='word_1_775' title='bbox 1080 1308 1153 1345; x_wconf 78' lang='lat' dir='ltr'><strong>runt</strong></span> <span class='ocrx_word' id='word_1_776' title='bbox 1176 1300 1322 1340; x_wconf 83' lang='lat' dir='ltr'><strong>sagariam</strong></span> <span class='ocrx_word' id='word_1_777' title='bbox 1341 1303 1606 1342; x_wconf 85' lang='lat' dir='ltr'><strong>negotiationem.</strong></span> <span class='ocrx_word' id='word_1_778' title='bbox 1631 1303 1734 1343; x_wconf 82' lang='lat' dir='ltr'><strong>sagum</strong></span> <span class='ocrx_word' id='word_1_779' title='bbox 1751 1303 1812 1336; x_wconf 79' lang='lat' dir='ltr'><strong>effe</strong></span> <span class='ocrx_word' id='word_1_780' title='bbox 1832 1304 1950 1337; x_wconf 85' lang='lat' dir='ltr'><strong>vestem</strong></span> 
     </span>
     <span class='ocr_line' id='line_1_105' title="bbox 1081 1341 1953 1387; baseline 0.008 -17"><span class='ocrx_word' id='word_1_781' title='bbox 1081 1341 1268 1386; x_wconf 78' lang='lat' dir='ltr'><strong>militarem,</strong></span> <span class='ocrx_word' id='word_1_782' title='bbox 1292 1350 1405 1373; x_wconf 87' lang='lat' dir='ltr'><strong>omnes</strong></span> <span class='ocrx_word' id='word_1_783' title='bbox 1428 1351 1563 1374; x_wconf 89' lang='lat' dir='ltr'><strong>norunt:</strong></span> <span class='ocrx_word' id='word_1_784' title='bbox 1586 1344 1616 1375; x_wconf 67' lang='grc' dir='ltr'><strong>ὅ(</strong></span> <span class='ocrx_word' id='word_1_785' title='bbox 1645 1344 1690 1375; x_wconf 84' lang='lat' dir='ltr'><strong>cst</strong></span> <span class='ocrx_word' id='word_1_786' title='bbox 1718 1345 1832 1386; x_wconf 83' lang='lat' dir='ltr'><strong>sagaria</strong></span> <span class='ocrx_word' id='word_1_787' title='bbox 1853 1355 1953 1387; x_wconf 80' lang='lat' dir='ltr'><strong>nego-</strong></span> 
     </span>
     <span class='ocr_line' id='line_1_106' title="bbox 1080 1382 1952 1428; baseline 0.007 -16"><span class='ocrx_word' id='word_1_788' title='bbox 1080 1389 1172 1412; x_wconf 84' lang='lat' dir='ltr'><strong>tiatio</strong></span> <span class='ocrx_word' id='word_1_789' title='bbox 1190 1382 1229 1413; x_wconf 90' lang='lat' dir='ltr'><strong>de</strong></span> <span class='ocrx_word' id='word_1_790' title='bbox 1248 1382 1362 1414; x_wconf 89' lang='lat' dir='ltr'><strong>talibus</strong></span> <span class='ocrx_word' id='word_1_791' title='bbox 1386 1384 1524 1416; x_wconf 88' lang='lat' dir='ltr'><strong>vestibus</strong></span> <span class='ocrx_word' id='word_1_792' title='bbox 1540 1385 1684 1416; x_wconf 86' lang='lat' dir='ltr'><strong>emendis</strong></span> <span class='ocrx_word' id='word_1_793' title='bbox 1707 1387 1952 1428; x_wconf 83' lang='lat' dir='ltr'><strong>vendendisque</strong></span> 
     </span>
     <span class='ocr_line' id='line_1_107' title="bbox 1078 1422 1951 1468; baseline 0.008 -14"><span class='ocrx_word' id='word_1_794' title='bbox 1078 1422 1234 1454; x_wconf 83' lang='lat' dir='ltr'><strong>instituta:</strong></span> <span class='ocrx_word' id='word_1_795' title='bbox 1250 1423 1331 1455; x_wconf 59' lang='lat' dir='ltr'><strong>dicta</strong></span> <span class='ocrx_word' id='word_1_796' title='bbox 1345 1425 1477 1465; x_wconf 80' lang='lat' dir='ltr'><strong>sagaria,</strong></span> <span class='ocrx_word' id='word_1_797' title='bbox 1500 1433 1535 1457; x_wconf 89' lang='lat' dir='ltr'><strong>ut</strong></span> <span class='ocrx_word' id='word_1_798' title='bbox 1552 1426 1695 1458; x_wconf 85' lang='lat' dir='ltr'><strong>lintearia</strong></span> <span class='ocrx_word' id='word_1_799' title='bbox 1710 1427 1729 1458; x_wconf 87' lang='lat' dir='ltr'><strong>l.</strong></span> <span class='ocrx_word' id='word_1_800' title='bbox 1747 1437 1776 1467; x_wconf 82' lang='lat'><strong>5.</strong></span> <span class='ocrx_word' id='word_1_801' title='bbox 1792 1427 1822 1468; x_wconf 52' lang='grc' dir='ltr'><strong>ᾗ.</strong></span> <span class='ocrx_word' id='word_1_802' title='bbox 1842 1437 1886 1468; x_wconf 87' lang='lat'><strong>15·</strong></span> <span class='ocrx_word' id='word_1_803' title='bbox 1906 1428 1951 1461; x_wconf 88' lang='lat' dir='ltr'><strong>D.</strong></span> 
     </span>
     <span class='ocr_line' id='line_1_108' title="bbox 1078 1465 1949 1509; baseline 0.007 -15"><span class='ocrx_word' id='word_1_804' title='bbox 1078 1466 1111 1495; x_wconf 81' lang='lat' dir='ltr'><strong>cle</strong></span> <span class='ocrx_word' id='word_1_805' title='bbox 1135 1466 1237 1496; x_wconf 77' lang='lat' dir='ltr'><strong>tribur.</strong></span> <span class='ocrx_word' id='word_1_806' title='bbox 1273 1465 1330 1497; x_wconf 69' lang='lat' dir='ltr'><strong>att.</strong></span> <span class='ocrx_word' id='word_1_807' title='bbox 1355 1473 1389 1497; x_wconf 91' lang='lat' dir='ltr'><strong>ut</strong></span> <span class='ocrx_word' id='word_1_808' title='bbox 1413 1475 1556 1498; x_wconf 85' lang='lat' dir='ltr'><strong>notatum</strong></span> <span class='ocrx_word' id='word_1_809' title='bbox 1578 1476 1595 1498; x_wconf 87' lang='lat' dir='ltr'><strong>a</strong></span> <span class='ocrx_word' id='word_1_810' title='bbox 1619 1466 1802 1499; x_wconf 85' lang='lat' dir='ltr'><strong>Catelliano</strong></span> <span class='ocrx_word' id='word_1_811' title='bbox 1828 1468 1949 1509; x_wconf 83' lang='lat' dir='ltr'><strong>Cotta,</strong></span> 
     </span>
     <span class='ocr_line' id='line_1_109' title="bbox 1078 1505 1951 1551; baseline 0.006 -14"><span class='ocrx_word' id='word_1_812' title='bbox 1078 1505 1328 1551; x_wconf 63' lang='lat' dir='ltr'><strong>Memorabilz&#39;bus.</strong></span> <span class='ocrx_word' id='word_1_813' title='bbox 1359 1507 1488 1547; x_wconf 86' lang='lat' dir='ltr'><strong>quidam</strong></span> <span class='ocrx_word' id='word_1_814' title='bbox 1513 1509 1608 1548; x_wconf 81' lang='lat' dir='ltr'><strong>igitur</strong></span> <span class='ocrx_word' id='word_1_815' title='bbox 1629 1508 1775 1549; x_wconf 84' lang='lat' dir='ltr'><strong>sagariam</strong></span> <span class='ocrx_word' id='word_1_816' title='bbox 1801 1510 1951 1542; x_wconf 64' lang='lat' dir='ltr'><strong>coierunt</strong></span> 
     </span>
     <span class='ocr_line' id='line_1_110' title="bbox 1077 1547 1949 1590; baseline 0.006 -13"><span class='ocrx_word' id='word_1_817' title='bbox 1077 1547 1342 1588; x_wconf 81' lang='lat' dir='ltr'><strong>negotiationem.</strong></span> <span class='ocrx_word' id='word_1_818' title='bbox 1373 1557 1414 1579; x_wconf 83' lang='lat' dir='ltr'><strong>ex</strong></span> <span class='ocrx_word' id='word_1_819' title='bbox 1442 1549 1488 1580; x_wconf 87' lang='lat' dir='ltr'><strong>his</strong></span> <span class='ocrx_word' id='word_1_820' title='bbox 1512 1551 1592 1579; x_wconf 88' lang='lat' dir='ltr'><strong>alter</strong></span> <span class='ocrx_word' id='word_1_821' title='bbox 1612 1550 1650 1580; x_wconf 84' lang='lat' dir='ltr'><strong>ad</strong></span> <span class='ocrx_word' id='word_1_822' title='bbox 1673 1559 1796 1580; x_wconf 82' lang='lat' dir='ltr'><strong>merces</strong></span> <span class='ocrx_word' id='word_1_823' title='bbox 1817 1560 1949 1590; x_wconf 85' lang='lat' dir='ltr'><strong>compa-</strong></span> 
     </span>
     <span class='ocr_line' id='line_1_111' title="bbox 1079 1586 1950 1632; baseline 0.006 -14"><span class='ocrx_word' id='word_1_824' title='bbox 1079 1588 1190 1619; x_wconf 85' lang='lat' dir='ltr'><strong>randas</strong></span> <span class='ocrx_word' id='word_1_825' title='bbox 1215 1586 1399 1628; x_wconf 64' lang='lat' dir='ltr'><strong>profectus,</strong></span> <span class='ocrx_word' id='word_1_826' title='bbox 1423 1589 1453 1621; x_wconf 89' lang='lat' dir='ltr'><strong>in</strong></span> <span class='ocrx_word' id='word_1_827' title='bbox 1481 1590 1619 1621; x_wconf 89' lang='lat' dir='ltr'><strong>latrones</strong></span> <span class='ocrx_word' id='word_1_828' title='bbox 1641 1589 1771 1627; x_wconf 81' lang='lat' dir='ltr'><strong>incidit,</strong></span> <span class='ocrx_word' id='word_1_829' title='bbox 1800 1590 1950 1632; x_wconf 81' lang='lat' dir='ltr'><strong>suamque</strong></span> 
     </span>
     <span class='ocr_line' id='line_1_112' title="bbox 1080 1630 1951 1672; baseline 0.006 -12"><span class='ocrx_word' id='word_1_830' title='bbox 1080 1630 1247 1670; x_wconf 86' lang='lat' dir='ltr'><strong>pecuniam</strong></span> <span class='ocrx_word' id='word_1_831' title='bbox 1272 1630 1420 1670; x_wconf 84' lang='lat' dir='ltr'><strong>perdidit.</strong></span> <span class='ocrx_word' id='word_1_832' title='bbox 1444 1631 1530 1671; x_wconf 87' lang='lat' dir='ltr'><strong>cujus</strong></span> <span class='ocrx_word' id='word_1_833' title='bbox 1556 1632 1704 1663; x_wconf 79' lang='lat' dir='ltr'><strong>damnum</strong></span> <span class='ocrx_word' id='word_1_834' title='bbox 1722 1630 1790 1663; x_wconf 76' lang='lat' dir='ltr'><strong>est?</strong></span> <span class='ocrx_word' id='word_1_835' title='bbox 1813 1631 1951 1672; x_wconf 85' lang='lat' dir='ltr'><strong>Julianus</strong></span> 
     </span>
     <span class='ocr_line' id='line_1_113' title="bbox 1080 1670 1950 1713; baseline 0.006 -12"><span class='ocrx_word' id='word_1_836' title='bbox 1080 1671 1174 1708; x_wconf 88' lang='lat' dir='ltr'><strong>dicit,</strong></span> <span class='ocrx_word' id='word_1_837' title='bbox 1199 1670 1261 1702; x_wconf 84' lang='lat' dir='ltr'><strong>esse</strong></span> <span class='ocrx_word' id='word_1_838' title='bbox 1278 1680 1470 1710; x_wconf 85' lang='lat' dir='ltr'><strong>commune,</strong></span> <span class='ocrx_word' id='word_1_839' title='bbox 1496 1672 1526 1703; x_wconf 85' lang='lat'>&amp;</span> <span class='ocrx_word' id='word_1_840' title='bbox 1549 1672 1623 1703; x_wconf 86' lang='lat' dir='ltr'><strong>ideo</strong></span> <span class='ocrx_word' id='word_1_841' title='bbox 1641 1681 1810 1713; x_wconf 87' lang='lat' dir='ltr'><strong>utrumque</strong></span> <span class='ocrx_word' id='word_1_842' title='bbox 1827 1673 1950 1707; x_wconf 72' lang='lat' dir='ltr'><strong>afflone</strong></span> 
     </span>
     <span class='ocr_line' id='line_1_114' title="bbox 1080 1711 1950 1754; baseline 0.007 -13"><span class='ocrx_word' id='word_1_843' title='bbox 1080 1721 1136 1752; x_wconf 87' lang='lat' dir='ltr'><strong>pro</strong></span> <span class='ocrx_word' id='word_1_844' title='bbox 1151 1711 1236 1743; x_wconf 87' lang='lat' dir='ltr'><strong>socio</strong></span> <span class='ocrx_word' id='word_1_845' title='bbox 1253 1713 1371 1744; x_wconf 85' lang='lat' dir='ltr'><strong>debere</strong></span> <span class='ocrx_word' id='word_1_846' title='bbox 1388 1714 1581 1754; x_wconf 83' lang='lat' dir='ltr'><strong>adgnoscere</strong></span> <span class='ocrx_word' id='word_1_847' title='bbox 1597 1715 1702 1745; x_wconf 85' lang='lat' dir='ltr'><strong>damni</strong></span> <span class='ocrx_word' id='word_1_848' title='bbox 1719 1722 1841 1754; x_wconf 88' lang='lat' dir='ltr'><strong>partem</strong></span> <span class='ocrx_word' id='word_1_849' title='bbox 1860 1715 1950 1747; x_wconf 86' lang='lat' dir='ltr'><strong>dimi-</strong></span> 
     </span>
     <span class='ocr_line' id='line_1_115' title="bbox 1079 1755 1951 1797; baseline 0.005 -13"><span class='ocrx_word' id='word_1_850' title='bbox 1079 1755 1160 1785; x_wconf 87' lang='lat' dir='ltr'><strong>diam</strong></span> <span class='ocrx_word' id='word_1_851' title='bbox 1179 1761 1242 1785; x_wconf 85' lang='lat' dir='ltr'><strong>tam</strong></span> <span class='ocrx_word' id='word_1_852' title='bbox 1262 1755 1423 1794; x_wconf 79' lang='lat' dir='ltr'><strong>pecuniae,</strong></span> <span class='ocrx_word' id='word_1_853' title='bbox 1441 1764 1535 1795; x_wconf 84' lang='lat' dir='ltr'><strong>quam</strong></span> <span class='ocrx_word' id='word_1_854' title='bbox 1552 1763 1738 1787; x_wconf 79' lang='lat' dir='ltr'><strong>caeterarum</strong></span> <span class='ocrx_word' id='word_1_855' title='bbox 1753 1765 1856 1788; x_wconf 89' lang='lat' dir='ltr'><strong>rerum</strong></span> <span class='ocrx_word' id='word_1_856' title='bbox 1872 1766 1951 1797; x_wconf 78' lang='lat' dir='ltr'><strong>quas</strong></span> 
     </span>
     <span class='ocr_line' id='line_1_116' title="bbox 1080 1794 1953 1835; baseline 0.006 -10"><span class='ocrx_word' id='word_1_857' title='bbox 1080 1794 1185 1826; x_wconf 85' lang='lat' dir='ltr'><strong>secum</strong></span> <span class='ocrx_word' id='word_1_858' title='bbox 1212 1804 1279 1826; x_wconf 91' lang='lat' dir='ltr'><strong>non</strong></span> <span class='ocrx_word' id='word_1_859' title='bbox 1297 1795 1413 1827; x_wconf 84' lang='lat' dir='ltr'><strong>tulisset</strong></span> <span class='ocrx_word' id='word_1_860' title='bbox 1430 1795 1551 1835; x_wconf 89' lang='lat' dir='ltr'><strong>socius,</strong></span> <span class='ocrx_word' id='word_1_861' title='bbox 1574 1795 1630 1828; x_wconf 85' lang='lat' dir='ltr'><strong>nisi</strong></span> <span class='ocrx_word' id='word_1_862' title='bbox 1653 1797 1692 1828; x_wconf 85' lang='lat' dir='ltr'><strong>ad</strong></span> <span class='ocrx_word' id='word_1_863' title='bbox 1715 1805 1837 1830; x_wconf 89' lang='lat' dir='ltr'><strong>merces</strong></span> <span class='ocrx_word' id='word_1_864' title='bbox 1859 1807 1953 1830; x_wconf 83' lang='lat' dir='ltr'><strong>coni-</strong></span> 
     </span>
     <span class='ocr_line' id='line_1_117' title="bbox 1079 1837 1951 1879; baseline 0.006 -12"><span class='ocrx_word' id='word_1_865' title='bbox 1079 1837 1165 1868; x_wconf 87' lang='lat' dir='ltr'><strong>muni</strong></span> <span class='ocrx_word' id='word_1_866' title='bbox 1183 1838 1313 1868; x_wconf 88' lang='lat' dir='ltr'><strong>nomine</strong></span> <span class='ocrx_word' id='word_1_867' title='bbox 1330 1838 1556 1878; x_wconf 89' lang='lat' dir='ltr'><strong>comparandas</strong></span> <span class='ocrx_word' id='word_1_868' title='bbox 1573 1837 1833 1879; x_wconf 85' lang='lat' dir='ltr'><strong>proficisceretur.</strong></span> <span class='ocrx_word' id='word_1_869' title='bbox 1851 1839 1903 1870; x_wconf 88' lang='lat' dir='ltr'><strong>sed</strong></span> <span class='ocrx_word' id='word_1_870' title='bbox 1920 1840 1951 1872; x_wconf 70' lang='lat' dir='ltr'><strong>G:</strong></span> 
     </span>
     <span class='ocr_line' id='line_1_118' title="bbox 1079 1877 1952 1920; baseline 0.001 -10"><span class='ocrx_word' id='word_1_871' title='bbox 1079 1877 1100 1910; x_wconf 84' lang='lat' dir='ltr'>fi</span> <span class='ocrx_word' id='word_1_872' title='bbox 1118 1878 1194 1918; x_wconf 87' lang='lat' dir='ltr'><strong>quid</strong></span> <span class='ocrx_word' id='word_1_873' title='bbox 1217 1878 1246 1910; x_wconf 90' lang='lat' dir='ltr'><strong>in</strong></span> <span class='ocrx_word' id='word_1_874' title='bbox 1269 1879 1413 1910; x_wconf 88' lang='lat' dir='ltr'><strong>medicos</strong></span> <span class='ocrx_word' id='word_1_875' title='bbox 1432 1879 1607 1920; x_wconf 84' lang='lat' dir='ltr'><strong>impensum</strong></span> <span class='ocrx_word' id='word_1_876' title='bbox 1625 1879 1688 1918; x_wconf 89' lang='lat' dir='ltr'><strong>est,</strong></span> <span class='ocrx_word' id='word_1_877' title='bbox 1711 1889 1770 1920; x_wconf 90' lang='lat' dir='ltr'><strong>pro</strong></span> <span class='ocrx_word' id='word_1_878' title='bbox 1789 1888 1877 1920; x_wconf 85' lang='lat' dir='ltr'><strong>parte</strong></span> <span class='ocrx_word' id='word_1_879' title='bbox 1901 1880 1952 1912; x_wconf 85' lang='lat' dir='ltr'><strong>so-</strong></span> 
     </span>
     <span class='ocr_line' id='line_1_119' title="bbox 1079 1919 1950 1962; baseline 0.003 -12"><span class='ocrx_word' id='word_1_880' title='bbox 1079 1920 1164 1950; x_wconf 90' lang='lat' dir='ltr'><strong>cium</strong></span> <span class='ocrx_word' id='word_1_881' title='bbox 1179 1919 1351 1961; x_wconf 85' lang='lat' dir='ltr'><strong>agnoscere</strong></span> <span class='ocrx_word' id='word_1_882' title='bbox 1370 1921 1508 1957; x_wconf 86' lang='lat' dir='ltr'><strong>debere,</strong></span> <span class='ocrx_word' id='word_1_883' title='bbox 1532 1921 1697 1952; x_wconf 73' lang='lat' dir='ltr'><strong>rectiffime</strong></span> <span class='ocrx_word' id='word_1_884' title='bbox 1720 1920 1858 1960; x_wconf 86' lang='lat' dir='ltr'><strong>Julianus</strong></span> <span class='ocrx_word' id='word_1_885' title='bbox 1877 1931 1950 1962; x_wconf 68' lang='lat' dir='ltr'><strong>pro-³</strong></span> 
     </span>
     <span class='ocr_line' id='line_1_120' title="bbox 1079 1961 1949 2003; baseline 0.002 -11"><span class='ocrx_word' id='word_1_886' title='bbox 1079 1961 1142 1992; x_wconf 89' lang='lat' dir='ltr'><strong>bat.</strong></span> <span class='ocrx_word' id='word_1_887' title='bbox 1168 1961 1304 2001; x_wconf 87' lang='lat' dir='ltr'><strong>proinde</strong></span> <span class='ocrx_word' id='word_1_888' title='bbox 1329 1963 1358 1993; x_wconf 70' lang='grc' dir='ltr'>ἂ</span> <span class='ocrx_word' id='word_1_889' title='bbox 1381 1961 1402 1993; x_wconf 83' lang='lat' dir='ltr'><strong>fi</strong></span> <span class='ocrx_word' id='word_1_890' title='bbox 1427 1961 1594 2001; x_wconf 85' lang='lat' dir='ltr'><strong>naufragio</strong></span> <span class='ocrx_word' id='word_1_891' title='bbox 1617 1962 1693 2003; x_wconf 89' lang='lat' dir='ltr'><strong>quid</strong></span> <span class='ocrx_word' id='word_1_892' title='bbox 1721 1962 1842 2002; x_wconf 88' lang='lat' dir='ltr'><strong>periit,</strong></span> <span class='ocrx_word' id='word_1_893' title='bbox 1872 1972 1949 1996; x_wconf 87' lang='lat' dir='ltr'><strong>cum</strong></span> 
     </span>
     <span class='ocr_line' id='line_1_121' title="bbox 1079 2002 1950 2044; baseline 0.001 -10"><span class='ocrx_word' id='word_1_894' title='bbox 1079 2012 1144 2034; x_wconf 90' lang='lat' dir='ltr'><strong>non</strong></span> <span class='ocrx_word' id='word_1_895' title='bbox 1169 2002 1243 2034; x_wconf 86' lang='lat' dir='ltr'><strong>alias</strong></span> <span class='ocrx_word' id='word_1_896' title='bbox 1267 2010 1410 2041; x_wconf 85' lang='lat' dir='ltr'><strong>merces,</strong></span> <span class='ocrx_word' id='word_1_897' title='bbox 1431 2012 1523 2044; x_wconf 87' lang='lat' dir='ltr'><strong>quam</strong></span> <span class='ocrx_word' id='word_1_898' title='bbox 1554 2003 1628 2034; x_wconf 84' lang='lat' dir='ltr'><strong>navi</strong></span> <span class='ocrx_word' id='word_1_899' title='bbox 1647 2002 1786 2034; x_wconf 88' lang='lat' dir='ltr'><strong>solerent</strong></span> <span class='ocrx_word' id='word_1_900' title='bbox 1808 2002 1950 2043; x_wconf 78' lang='lat' dir='ltr'><strong>advehi,</strong></span> 
     </span>
     <span class='ocr_line' id='line_1_122' title="bbox 1080 2043 1947 2083; baseline 0 -8"><span class='ocrx_word' id='word_1_901' title='bbox 1080 2045 1230 2076; x_wconf 83' lang='lat' dir='ltr'><strong>damnum</strong></span> <span class='ocrx_word' id='word_1_902' title='bbox 1250 2045 1346 2076; x_wconf 86' lang='lat' dir='ltr'><strong>ambo</strong></span> <span class='ocrx_word' id='word_1_903' title='bbox 1363 2045 1514 2076; x_wconf 81' lang='lat' dir='ltr'><strong>sentient:</strong></span> <span class='ocrx_word' id='word_1_904' title='bbox 1539 2054 1610 2076; x_wconf 89' lang='lat' dir='ltr'><strong>narn</strong></span> <span class='ocrx_word' id='word_1_905' title='bbox 1633 2043 1721 2075; x_wconf 84' lang='lat' dir='ltr'><strong>ficuti</strong></span> <span class='ocrx_word' id='word_1_906' title='bbox 1738 2044 1879 2083; x_wconf 88' lang='lat' dir='ltr'><strong>lucrum,</strong></span> <span class='ocrx_word' id='word_1_907' title='bbox 1902 2045 1947 2075; x_wconf 83' lang='lat' dir='ltr'><strong>ita</strong></span> 
     </span>
    </p>
   </div>
   <div class='ocr_carea' id='block_1_12' title="bbox 1077 2078 2004 2132">
    <p class='ocr_par' dir='ltr' id='par_1_14' title="bbox 1077 2078 2004 2132">
     <span class='ocr_line' id='line_1_123' title="bbox 1077 2078 2004 2132; baseline 0.001 -15"><span class='ocrx_word' id='word_1_908' title='bbox 1077 2086 1226 2118; x_wconf 85' lang='lat' dir='ltr'><strong>damnum</strong></span> <span class='ocrx_word' id='word_1_909' title='bbox 1247 2095 1375 2132; x_wconf 82' lang='lat' dir='ltr'><strong>quoque</strong></span> <span class='ocrx_word' id='word_1_910' title='bbox 1399 2095 1570 2118; x_wconf 89' lang='lat' dir='ltr'><strong>commune</strong></span> <span class='ocrx_word' id='word_1_911' title='bbox 1592 2085 1654 2117; x_wconf 84' lang='lat' dir='ltr'><strong>effe</strong></span> <span class='ocrx_word' id='word_1_912' title='bbox 1678 2092 1828 2126; x_wconf 87' lang='lat' dir='ltr'><strong>oportet,</strong></span> <span class='ocrx_word' id='word_1_913' title='bbox 1859 2086 1948 2127; x_wconf 85' lang='lat' dir='ltr'><strong>quod</strong></span> <span class='ocrx_word' id='word_1_914' title='bbox 2000 2078 2004 2083; x_wconf 64' lang='grc'>’</span> 
     </span>
    </p>
   </div>
   <div class='ocr_carea' id='block_1_13' title="bbox 1075 2126 1954 3227">
    <p class='ocr_par' dir='ltr' id='par_1_15' title="bbox 1077 2126 1748 2168">
     <span class='ocr_line' id='line_1_124' title="bbox 1077 2126 1748 2168; baseline -0.003 -9"><span class='ocrx_word' id='word_1_915' title='bbox 1077 2136 1142 2159; x_wconf 88' lang='lat' dir='ltr'><strong>non</strong></span> <span class='ocrx_word' id='word_1_916' title='bbox 1161 2127 1254 2168; x_wconf 90' lang='lat' dir='ltr'><strong>culpa</strong></span> <span class='ocrx_word' id='word_1_917' title='bbox 1272 2126 1343 2158; x_wconf 88' lang='lat' dir='ltr'><strong>socii</strong></span> <span class='ocrx_word' id='word_1_918' title='bbox 1361 2127 1529 2168; x_wconf 86' lang='lat' dir='ltr'><strong>contingit.</strong></span> <span class='ocrx_word' id='word_1_919' title='bbox 1744 2157 1748 2161; x_wconf 70' lang='grc'>,</span> 
     </span>
    </p>

    <p class='ocr_par' dir='ltr' id='par_1_16' title="bbox 1075 2164 1954 3200">
     <span class='ocr_line' id='line_1_125' title="bbox 1118 2164 1946 2208; baseline 0.001 -9"><span class='ocrx_word' id='word_1_920' title='bbox 1118 2168 1226 2200; x_wconf 86' lang='lat' dir='ltr'><strong>Altera</strong></span> <span class='ocrx_word' id='word_1_921' title='bbox 1251 2167 1372 2208; x_wconf 90' lang='lat' dir='ltr'><strong>species</strong></span> <span class='ocrx_word' id='word_1_922' title='bbox 1408 2168 1568 2200; x_wconf 84' lang='lat' dir='ltr'><strong>societatis</strong></span> <span class='ocrx_word' id='word_1_923' title='bbox 1600 2168 1646 2200; x_wconf 90' lang='lat' dir='ltr'><strong>est</strong></span> <span class='ocrx_word' id='word_1_924' title='bbox 1677 2167 1821 2200; x_wconf 87' lang='lat' dir='ltr'><strong>omnium</strong></span> <span class='ocrx_word' id='word_1_925' title='bbox 1847 2164 1946 2200; x_wconf 62' lang='grc' dir='ltr'>θοῇσι</span> 
     </span>
     <span class='ocr_line' id='line_1_126' title="bbox 1075 2207 1947 2251; baseline -0.001 -10"><span class='ocrx_word' id='word_1_926' title='bbox 1075 2218 1154 2241; x_wconf 85' lang='lat' dir='ltr'><strong>rum.</strong></span> <span class='ocrx_word' id='word_1_927' title='bbox 1199 2209 1386 2250; x_wconf 77' lang='lat' dir='ltr'><strong>justinianus</strong></span> <span class='ocrx_word' id='word_1_928' title='bbox 1415 2217 1460 2251; x_wconf 87' lang='lat' dir='ltr'><strong>pr.</strong></span> <span class='ocrx_word' id='word_1_929' title='bbox 1494 2207 1565 2251; x_wconf 76' lang='lat' dir='ltr'><strong>Inst.</strong></span> <span class='ocrx_word' id='word_1_930' title='bbox 1591 2210 1620 2241; x_wconf 86' lang='lat' dir='ltr'><strong>h.</strong></span> <span class='ocrx_word' id='word_1_931' title='bbox 1646 2215 1666 2240; x_wconf 85' lang='lat' dir='ltr'><strong>t.</strong></span> <span class='ocrx_word' id='word_1_932' title='bbox 1701 2208 1779 2241; x_wconf 83' lang='lat' dir='ltr'><strong>dicit</strong></span> <span class='ocrx_word' id='word_1_933' title='bbox 1803 2217 1947 2241; x_wconf 86' lang='lat' dir='ltr'><strong>totorum</strong></span> 
     </span>
     <span class='ocr_line' id='line_1_127' title="bbox 1075 2250 1948 2291; baseline 0 -9"><span class='ocrx_word' id='word_1_934' title='bbox 1075 2252 1252 2283; x_wconf 87' lang='lat' dir='ltr'><strong>bonorum:</strong></span> <span class='ocrx_word' id='word_1_935' title='bbox 1283 2258 1348 2282; x_wconf 89' lang='lat' dir='ltr'><strong>tota</strong></span> <span class='ocrx_word' id='word_1_936' title='bbox 1372 2252 1454 2282; x_wconf 88' lang='lat' dir='ltr'><strong>bona</strong></span> <span class='ocrx_word' id='word_1_937' title='bbox 1478 2260 1536 2291; x_wconf 93' lang='lat' dir='ltr'><strong>pro</strong></span> <span class='ocrx_word' id='word_1_938' title='bbox 1569 2251 1717 2283; x_wconf 89' lang='lat' dir='ltr'><strong>omnibus</strong></span> <span class='ocrx_word' id='word_1_939' title='bbox 1743 2250 1883 2283; x_wconf 87' lang='lat' dir='ltr'><strong>sumens:</strong></span> <span class='ocrx_word' id='word_1_940' title='bbox 1914 2258 1948 2282; x_wconf 86' lang='lat' dir='ltr'><strong>ut</strong></span> 
     </span>
     <span class='ocr_line' id='line_1_128' title="bbox 1076 2291 1948 2334; baseline -0.002 -10"><span class='ocrx_word' id='word_1_941' title='bbox 1076 2293 1107 2324; x_wconf 90' lang='lat' dir='ltr'><strong>in</strong></span> <span class='ocrx_word' id='word_1_942' title='bbox 1133 2292 1152 2323; x_wconf 86' lang='lat' dir='ltr'><strong>l.</strong></span> <span class='ocrx_word' id='word_1_943' title='bbox 1168 2296 1218 2334; x_wconf 83' lang='lat'><strong>63.</strong></span> <span class='ocrx_word' id='word_1_944' title='bbox 1243 2292 1285 2324; x_wconf 87' lang='lat' dir='ltr'><strong>D.</strong></span> <span class='ocrx_word' id='word_1_945' title='bbox 1312 2293 1345 2323; x_wconf 80' lang='lat' dir='ltr'><strong>de</strong></span> <span class='ocrx_word' id='word_1_946' title='bbox 1365 2299 1513 2333; x_wconf 74' lang='lat' dir='ltr'><strong>procurat.</strong></span> <span class='ocrx_word' id='word_1_947' title='bbox 1550 2292 1579 2324; x_wconf 83' lang='lat'>&amp;</span> <span class='ocrx_word' id='word_1_948' title='bbox 1603 2293 1676 2324; x_wconf 82' lang='lat' dir='ltr'><strong>alibi</strong></span> <span class='ocrx_word' id='word_1_949' title='bbox 1701 2292 1789 2332; x_wconf 74' lang='lat' dir='ltr'><strong>ssepe.</strong></span> <span class='ocrx_word' id='word_1_950' title='bbox 1832 2291 1948 2323; x_wconf 84' lang='lat' dir='ltr'><strong>Coitur</strong></span> 
     </span>
     <span class='ocr_line' id='line_1_129' title="bbox 1078 2333 1946 2374; baseline -0.002 -9"><span class='ocrx_word' id='word_1_951' title='bbox 1078 2343 1154 2365; x_wconf 88' lang='lat' dir='ltr'><strong>vero</strong></span> <span class='ocrx_word' id='word_1_952' title='bbox 1179 2334 1250 2365; x_wconf 87' lang='lat' dir='ltr'><strong>talis</strong></span> <span class='ocrx_word' id='word_1_953' title='bbox 1292 2334 1425 2366; x_wconf 87' lang='lat' dir='ltr'><strong>societas</strong></span> <span class='ocrx_word' id='word_1_954' title='bbox 1455 2335 1626 2374; x_wconf 87' lang='lat' dir='ltr'><strong>aliquando</strong></span> <span class='ocrx_word' id='word_1_955' title='bbox 1661 2333 1863 2374; x_wconf 85' lang='lat' dir='ltr'><strong>specialiter,</strong></span> <span class='ocrx_word' id='word_1_956' title='bbox 1894 2333 1946 2363; x_wconf 88' lang='lat' dir='ltr'><strong>ali-</strong></span> 
     </span>
     <span class='ocr_line' id='line_1_130' title="bbox 1078 2373 1944 2416; baseline -0.002 -10"><span class='ocrx_word' id='word_1_957' title='bbox 1078 2375 1207 2416; x_wconf 85' lang='lat' dir='ltr'><strong>quando</strong></span> <span class='ocrx_word' id='word_1_958' title='bbox 1232 2374 1423 2416; x_wconf 74' lang='lat' dir='ltr'><strong>simpliciter.</strong></span> <span class='ocrx_word' id='word_1_959' title='bbox 1448 2375 1582 2414; x_wconf 90' lang='lat' dir='ltr'><strong>primum</strong></span> <span class='ocrx_word' id='word_1_960' title='bbox 1609 2375 1802 2414; x_wconf 89' lang='lat' dir='ltr'><strong>specialiter:</strong></span> <span class='ocrx_word' id='word_1_961' title='bbox 1822 2375 1854 2405; x_wconf 92' lang='lat' dir='ltr'><strong>id</strong></span> <span class='ocrx_word' id='word_1_962' title='bbox 1878 2373 1944 2412; x_wconf 89' lang='lat' dir='ltr'><strong>est,</strong></span> 
     </span>
     <span class='ocr_line' id='line_1_131' title="bbox 1079 2415 1944 2457; baseline -0.003 -9"><span class='ocrx_word' id='word_1_963' title='bbox 1079 2425 1114 2448; x_wconf 92' lang='lat' dir='ltr'><strong>ut</strong></span> <span class='ocrx_word' id='word_1_964' title='bbox 1143 2416 1309 2449; x_wconf 83' lang='lat' dir='ltr'><strong>Accurfius</strong></span> <span class='ocrx_word' id='word_1_965' title='bbox 1333 2417 1473 2457; x_wconf 85' lang='lat' dir='ltr'><strong>explicat</strong></span> <span class='ocrx_word' id='word_1_966' title='bbox 1491 2440 1499 2453; x_wconf 89' lang='lat'><strong>‚</strong></span> <span class='ocrx_word' id='word_1_967' title='bbox 1530 2415 1691 2457; x_wconf 76' lang='lat' dir='ltr'><strong>express&#39;e:</strong></span> <span class='ocrx_word' id='word_1_968' title='bbox 1723 2424 1794 2445; x_wconf 90' lang='lat' dir='ltr'><strong>cum</strong></span> <span class='ocrx_word' id='word_1_969' title='bbox 1817 2415 1944 2456; x_wconf 63' lang='lat' dir='ltr'><strong>pactum</strong></span> 
     </span>
     <span class='ocr_line' id='line_1_132' title="bbox 1079 2455 1946 2498; baseline -0.002 -9"><span class='ocrx_word' id='word_1_970' title='bbox 1079 2466 1276 2489; x_wconf 90' lang='lat' dir='ltr'><strong>conventum</strong></span> <span class='ocrx_word' id='word_1_971' title='bbox 1302 2457 1339 2489; x_wconf 85' lang='lat' dir='ltr'><strong>fit</strong></span> <span class='ocrx_word' id='word_1_972' title='bbox 1362 2457 1524 2498; x_wconf 70' lang='lat' dir='ltr'><strong>expresse,</strong></span> <span class='ocrx_word' id='word_1_973' title='bbox 1549 2457 1602 2488; x_wconf 88' lang='lat' dir='ltr'><strong>seu</strong></span> <span class='ocrx_word' id='word_1_974' title='bbox 1624 2456 1833 2495; x_wconf 81' lang='lat' dir='ltr'><strong>nominatim3</strong></span> <span class='ocrx_word' id='word_1_975' title='bbox 1856 2463 1890 2487; x_wconf 86' lang='lat' dir='ltr'><strong>ut</strong></span> <span class='ocrx_word' id='word_1_976' title='bbox 1908 2455 1946 2487; x_wconf 81' lang='lat' dir='ltr'><strong>fit</strong></span> 
     </span>
     <span class='ocr_line' id='line_1_133' title="bbox 1078 2497 1948 2537; baseline -0.001 -7"><span class='ocrx_word' id='word_1_977' title='bbox 1078 2499 1212 2531; x_wconf 88' lang='lat' dir='ltr'><strong>societas</strong></span> <span class='ocrx_word' id='word_1_978' title='bbox 1243 2500 1387 2531; x_wconf 89' lang='lat' dir='ltr'><strong>omnium</strong></span> <span class='ocrx_word' id='word_1_979' title='bbox 1415 2499 1594 2537; x_wconf 85' lang='lat' dir='ltr'><strong>bonorum,</strong></span> <span class='ocrx_word' id='word_1_980' title='bbox 1636 2497 1699 2529; x_wconf 89' lang='lat' dir='ltr'><strong>five</strong></span> <span class='ocrx_word' id='word_1_981' title='bbox 1728 2497 1948 2529; x_wconf 87' lang='lat' dir='ltr'><strong>universorum</strong></span> 
     </span>
     <span class='ocr_line' id='line_1_134' title="bbox 1078 2537 1949 2579; baseline -0.002 -8"><span class='ocrx_word' id='word_1_982' title='bbox 1078 2541 1258 2579; x_wconf 85' lang='lat' dir='ltr'><strong>bonorum,</strong></span> <span class='ocrx_word' id='word_1_983' title='bbox 1281 2540 1345 2572; x_wconf 85' lang='lat' dir='ltr'><strong>five</strong></span> <span class='ocrx_word' id='word_1_984' title='bbox 1369 2540 1580 2571; x_wconf 85' lang='lat' dir='ltr'><strong>universarum</strong></span> <span class='ocrx_word' id='word_1_985' title='bbox 1607 2537 1815 2570; x_wconf 86' lang='lat' dir='ltr'><strong>fortunarum.</strong></span> <span class='ocrx_word' id='word_1_986' title='bbox 1868 2537 1949 2569; x_wconf 85' lang='lat' dir='ltr'><strong>Scae-</strong></span> 
     </span>
     <span class='ocr_line' id='line_1_135' title="bbox 1076 2580 1950 2621; baseline 0 -9"><span class='ocrx_word' id='word_1_987' title='bbox 1076 2582 1151 2613; x_wconf 81' lang='lat' dir='ltr'><strong>vola</strong></span> <span class='ocrx_word' id='word_1_988' title='bbox 1175 2583 1238 2621; x_wconf 87' lang='lat' dir='ltr'><strong>ait,</strong></span> <span class='ocrx_word' id='word_1_989' title='bbox 1262 2581 1326 2612; x_wconf 89' lang='lat' dir='ltr'><strong>hoc</strong></span> <span class='ocrx_word' id='word_1_990' title='bbox 1351 2582 1450 2613; x_wconf 88' lang='lat' dir='ltr'><strong>modo</strong></span> <span class='ocrx_word' id='word_1_991' title='bbox 1477 2583 1632 2612; x_wconf 66' lang='lat' dir='ltr'><strong>coeuntes</strong></span> <span class='ocrx_word' id='word_1_992' title='bbox 1655 2581 1687 2611; x_wconf 93' lang='lat' dir='ltr'><strong>in</strong></span> <span class='ocrx_word' id='word_1_993' title='bbox 1709 2580 1858 2611; x_wconf 85' lang='lat' dir='ltr'><strong>omnibus</strong></span> <span class='ocrx_word' id='word_1_994' title='bbox 1884 2580 1950 2612; x_wconf 79' lang='lat' dir='ltr'><strong>effe</strong></span> 
     </span>
     <span class='ocr_line' id='line_1_136' title="bbox 1078 2620 1947 2664; baseline -0.002 -10"><span class='ocrx_word' id='word_1_995' title='bbox 1078 2622 1180 2654; x_wconf 86' lang='lat' dir='ltr'><strong>socios</strong></span> <span class='ocrx_word' id='word_1_996' title='bbox 1201 2623 1220 2653; x_wconf 73' lang='lat' dir='ltr'><strong>l.</strong></span> <span class='ocrx_word' id='word_1_997' title='bbox 1237 2632 1285 2663; x_wconf 80' lang='lat'><strong>39.</strong></span> <span class='ocrx_word' id='word_1_998' title='bbox 1308 2622 1335 2663; x_wconf 84' lang='lat'><strong>§.</strong></span> <span class='ocrx_word' id='word_1_999' title='bbox 1354 2632 1380 2662; x_wconf 71' lang='lat'><strong>53.</strong></span> <span class='ocrx_word' id='word_1_1000' title='bbox 1403 2623 1449 2652; x_wconf 73' lang='lat' dir='ltr'><strong>D,</strong></span> <span class='ocrx_word' id='word_1_1001' title='bbox 1470 2621 1571 2653; x_wconf 74' lang='lat' dir='ltr'><strong>Famz‘z.</strong></span> <span class='ocrx_word' id='word_1_1002' title='bbox 1593 2621 1688 2661; x_wconf 75' lang='lat' dir='ltr'><strong>ercifir.</strong></span> <span class='ocrx_word' id='word_1_1003' title='bbox 1730 2620 1947 2664; x_wconf 84' lang='lat' dir='ltr'><strong>Quintilianus</strong></span> 
     </span>
     <span class='ocr_line' id='line_1_137' title="bbox 1079 2661 1950 2703; baseline 0 -8"><span class='ocrx_word' id='word_1_1004' title='bbox 1079 2665 1186 2695; x_wconf 89' lang='lat' dir='ltr'><strong>verbis</strong></span> <span class='ocrx_word' id='word_1_1005' title='bbox 1215 2663 1306 2703; x_wconf 88' lang='lat' dir='ltr'><strong>supra</strong></span> <span class='ocrx_word' id='word_1_1006' title='bbox 1327 2661 1468 2703; x_wconf 74' lang='lat' dir='ltr'><strong>allegatis</strong></span> <span class='ocrx_word' id='word_1_1007' title='bbox 1488 2672 1531 2694; x_wconf 64' lang='lat' dir='ltr'><strong>‚ex</strong></span> <span class='ocrx_word' id='word_1_1008' title='bbox 1549 2662 1677 2693; x_wconf 67' lang='lat' dir='ltr'><strong>Declcim.</strong></span> <span class='ocrx_word' id='word_1_1009' title='bbox 1697 2671 1766 2703; x_wconf 81' lang='lat'>320.</span> <span class='ocrx_word' id='word_1_1010' title='bbox 1798 2663 1883 2694; x_wconf 82' lang='lat' dir='ltr'><strong>illam</strong></span> <span class='ocrx_word' id='word_1_1011' title='bbox 1905 2662 1950 2695; x_wconf 86' lang='lat' dir='ltr'><strong>in-</strong></span> 
     </span>
     <span class='ocr_line' id='line_1_138' title="bbox 1079 2703 1950 2746; baseline 0 -10"><span class='ocrx_word' id='word_1_1012' title='bbox 1079 2704 1214 2746; x_wconf 88' lang='lat' dir='ltr'><strong>telligit:</strong></span> <span class='ocrx_word' id='word_1_1013' title='bbox 1238 2705 1367 2742; x_wconf 87' lang='lat' dir='ltr'><strong>dicens,</strong></span> <span class='ocrx_word' id='word_1_1014' title='bbox 1391 2713 1463 2735; x_wconf 89' lang='lat' dir='ltr'><strong>cum</strong></span> <span class='ocrx_word' id='word_1_1015' title='bbox 1486 2705 1548 2735; x_wconf 91' lang='lat' dir='ltr'><strong>duo</strong></span> <span class='ocrx_word' id='word_1_1016' title='bbox 1569 2703 1716 2735; x_wconf 88' lang='lat' dir='ltr'><strong>homines</strong></span> <span class='ocrx_word' id='word_1_1017' title='bbox 1743 2711 1856 2735; x_wconf 89' lang='lat' dir='ltr'><strong>omnes</strong></span> <span class='ocrx_word' id='word_1_1018' title='bbox 1882 2703 1950 2736; x_wconf 85' lang='lat' dir='ltr'><strong>for-</strong></span> 
     </span>
     <span class='ocr_line' id='line_1_139' title="bbox 1082 2744 1948 2784; baseline -0.002 -6"><span class='ocrx_word' id='word_1_1019' title='bbox 1082 2754 1173 2778; x_wconf 86' lang='lat' dir='ltr'><strong>tunas</strong></span> <span class='ocrx_word' id='word_1_1020' title='bbox 1206 2745 1273 2777; x_wconf 90' lang='lat' dir='ltr'><strong>suas</strong></span> <span class='ocrx_word' id='word_1_1021' title='bbox 1304 2745 1537 2784; x_wconf 86' lang='lat' dir='ltr'><strong>contulerunt,</strong></span> <span class='ocrx_word' id='word_1_1022' title='bbox 1569 2754 1682 2777; x_wconf 87' lang='lat' dir='ltr'><strong>omnes</strong></span> <span class='ocrx_word' id='word_1_1023' title='bbox 1706 2744 1792 2776; x_wconf 85' lang='lat' dir='ltr'><strong>casus</strong></span> <span class='ocrx_word' id='word_1_1024' title='bbox 1815 2744 1948 2777; x_wconf 88' lang='lat' dir='ltr'><strong>miscue-</strong></span> 
     </span>
     <span class='ocr_line' id='line_1_140' title="bbox 1081 2785 1951 2827; baseline -0.003 -7"><span class='ocrx_word' id='word_1_1025' title='bbox 1081 2796 1170 2820; x_wconf 86' lang='lat' dir='ltr'><strong>runt:</strong></span> <span class='ocrx_word' id='word_1_1026' title='bbox 1193 2787 1223 2818; x_wconf 69' lang='grc' dir='ltr'><strong>ἃ</strong></span> <span class='ocrx_word' id='word_1_1027' title='bbox 1242 2787 1346 2825; x_wconf 89' lang='lat' dir='ltr'><strong>addit,</strong></span> <span class='ocrx_word' id='word_1_1028' title='bbox 1370 2786 1591 2826; x_wconf 83' lang='lat' dir='ltr'><strong>Conipofitum</strong></span> <span class='ocrx_word' id='word_1_1029' title='bbox 1611 2785 1836 2827; x_wconf 84' lang='lat' dir='ltr'><strong>patrimonium</strong></span> <span class='ocrx_word' id='word_1_1030' title='bbox 1853 2786 1951 2818; x_wconf 89' lang='lat' dir='ltr'><strong>habe·</strong></span> 
     </span>
     <span class='ocr_line' id='line_1_141' title="bbox 1080 2827 1949 2869; baseline -0.001 -8"><span class='ocrx_word' id='word_1_1031' title='bbox 1080 2840 1114 2861; x_wconf 90' lang='lat' dir='ltr'><strong>re</strong></span> <span class='ocrx_word' id='word_1_1032' title='bbox 1130 2827 1349 2860; x_wconf 89' lang='lat' dir='ltr'><strong>conditionem</strong></span> <span class='ocrx_word' id='word_1_1033' title='bbox 1366 2828 1473 2859; x_wconf 88' lang='lat' dir='ltr'><strong>unius:</strong></span> <span class='ocrx_word' id='word_1_1034' title='bbox 1498 2829 1628 2869; x_wconf 85' lang='lat' dir='ltr'><strong>ejusque</strong></span> <span class='ocrx_word' id='word_1_1035' title='bbox 1643 2828 1823 2866; x_wconf 77' lang='lat' dir='ltr'><strong>societatis,</strong></span> <span class='ocrx_word' id='word_1_1036' title='bbox 1845 2827 1877 2859; x_wconf 92' lang='lat' dir='ltr'><strong>id</strong></span> <span class='ocrx_word' id='word_1_1037' title='bbox 1892 2827 1949 2866; x_wconf 81' lang='lat' dir='ltr'><strong>est,</strong></span> 
     </span>
     <span class='ocr_line' id='line_1_142' title="bbox 1082 2868 1950 2909; baseline -0.002 -7"><span class='ocrx_word' id='word_1_1038' title='bbox 1082 2871 1210 2902; x_wconf 86' lang='lat' dir='ltr'><strong>unitatis</strong></span> <span class='ocrx_word' id='word_1_1039' title='bbox 1228 2870 1340 2901; x_wconf 83' lang='lat' dir='ltr'><strong>damna</strong></span> <span class='ocrx_word' id='word_1_1040' title='bbox 1367 2870 1396 2901; x_wconf 75' lang='grc' dir='ltr'>ἂ</span> <span class='ocrx_word' id='word_1_1041' title='bbox 1413 2869 1498 2900; x_wconf 89' lang='lat' dir='ltr'><strong>lucra</strong></span> <span class='ocrx_word' id='word_1_1042' title='bbox 1514 2869 1576 2901; x_wconf 83' lang='lat' dir='ltr'><strong>effe</strong></span> <span class='ocrx_word' id='word_1_1043' title='bbox 1590 2870 1789 2909; x_wconf 87' lang='lat' dir='ltr'><strong>communia,</strong></span> <span class='ocrx_word' id='word_1_1044' title='bbox 1811 2868 1950 2909; x_wconf 84' lang='lat' dir='ltr'><strong>ideoque</strong></span> 
     </span>
     <span class='ocr_line' id='line_1_143' title="bbox 1081 2908 1951 2951; baseline -0.005 -7"><span class='ocrx_word' id='word_1_1045' title='bbox 1081 2912 1157 2945; x_wconf 87' lang='lat' dir='ltr'><strong>nihil</strong></span> <span class='ocrx_word' id='word_1_1046' title='bbox 1175 2920 1237 2943; x_wconf 91' lang='lat' dir='ltr'><strong>non</strong></span> <span class='ocrx_word' id='word_1_1047' title='bbox 1259 2919 1386 2951; x_wconf 81' lang='lat' dir='ltr'><strong>aequum</strong></span> <span class='ocrx_word' id='word_1_1048' title='bbox 1412 2910 1473 2941; x_wconf 84' lang='lat' dir='ltr'><strong>effe</strong></span> <span class='ocrx_word' id='word_1_1049' title='bbox 1490 2911 1617 2951; x_wconf 87' lang='lat' dir='ltr'><strong>utrique</strong></span> <span class='ocrx_word' id='word_1_1050' title='bbox 1635 2910 1724 2949; x_wconf 86' lang='lat' dir='ltr'><strong>parti.</strong></span> <span class='ocrx_word' id='word_1_1051' title='bbox 1771 2908 1844 2942; x_wconf 92' lang='lat' dir='ltr'><strong>Nec</strong></span> <span class='ocrx_word' id='word_1_1052' title='bbox 1860 2911 1951 2941; x_wconf 88' lang='lat' dir='ltr'><strong>dubi-</strong></span> 
     </span>
     <span class='ocr_line' id='line_1_144' title="bbox 1083 2950 1949 2992; baseline -0.005 -8"><span class='ocrx_word' id='word_1_1053' title='bbox 1083 2962 1138 2992; x_wconf 92' lang='lat' dir='ltr'><strong>to,</strong></span> <span class='ocrx_word' id='word_1_1054' title='bbox 1163 2953 1237 2992; x_wconf 84' lang='lat' dir='ltr'><strong>quin</strong></span> <span class='ocrx_word' id='word_1_1055' title='bbox 1265 2952 1437 2983; x_wconf 89' lang='lat' dir='ltr'><strong>secundum</strong></span> <span class='ocrx_word' id='word_1_1056' title='bbox 1468 2952 1529 2983; x_wconf 91' lang='lat' dir='ltr'><strong>hoc</strong></span> <span class='ocrx_word' id='word_1_1057' title='bbox 1553 2950 1759 2992; x_wconf 86' lang='lat' dir='ltr'><strong>explicandus</strong></span> <span class='ocrx_word' id='word_1_1058' title='bbox 1781 2951 1818 2983; x_wconf 84' lang='lat' dir='ltr'><strong>fit</strong></span> <span class='ocrx_word' id='word_1_1059' title='bbox 1834 2950 1949 2981; x_wconf 86' lang='lat' dir='ltr'><strong>Paulus</strong></span> 
     </span>
     <span class='ocr_line' id='line_1_145' title="bbox 1082 2992 1949 3036; baseline -0.007 -10"><span class='ocrx_word' id='word_1_1060' title='bbox 1082 2995 1102 3026; x_wconf 84' lang='lat' dir='ltr'><strong>l.</strong></span> <span class='ocrx_word' id='word_1_1061' title='bbox 1120 3005 1146 3036; x_wconf 83' lang='lat'><strong>3.</strong></span> <span class='ocrx_word' id='word_1_1062' title='bbox 1173 2994 1201 3035; x_wconf 86' lang='lat'><strong>§.</strong></span> <span class='ocrx_word' id='word_1_1063' title='bbox 1226 3001 1251 3023; x_wconf 92' lang='lat'><strong>1.</strong></span> <span class='ocrx_word' id='word_1_1064' title='bbox 1275 2995 1303 3025; x_wconf 88' lang='lat' dir='ltr'><strong>h.</strong></span> <span class='ocrx_word' id='word_1_1065' title='bbox 1319 2999 1340 3024; x_wconf 78' lang='lat' dir='ltr'><strong>t.</strong></span> <span class='ocrx_word' id='word_1_1066' title='bbox 1375 2995 1420 3023; x_wconf 86' lang='lat' dir='ltr'><strong>ita</strong></span> <span class='ocrx_word' id='word_1_1067' title='bbox 1448 2993 1600 3033; x_wconf 85' lang='lat' dir='ltr'><strong>loquens:</strong></span> <span class='ocrx_word' id='word_1_1068' title='bbox 1626 2992 1701 3023; x_wconf 82' lang='lat' dir='ltr'><strong>Cum</strong></span> <span class='ocrx_word' id='word_1_1069' title='bbox 1717 2992 1880 3034; x_wconf 74' lang='lat' dir='ltr'><strong>specialiter</strong></span> <span class='ocrx_word' id='word_1_1070' title='bbox 1893 3000 1949 3021; x_wconf 84' lang='lat' dir='ltr'><strong>om-</strong></span> 
     </span>
     <span class='ocr_line' id='line_1_146' title="bbox 1082 3032 1947 3074; baseline -0.006 -7"><span class='ocrx_word' id='word_1_1071' title='bbox 1082 3038 1165 3067; x_wconf 76' lang='lat' dir='ltr'><strong>nium</strong></span> <span class='ocrx_word' id='word_1_1072' title='bbox 1183 3038 1319 3065; x_wconf 74' lang='lat' dir='ltr'><strong>honorum</strong></span> <span class='ocrx_word' id='word_1_1073' title='bbox 1331 3034 1454 3073; x_wconf 76' lang='lat' dir='ltr'><strong>societas</strong></span> <span class='ocrx_word' id='word_1_1074' title='bbox 1477 3037 1549 3065; x_wconf 78' lang='lat' dir='ltr'><strong>coita</strong></span> <span class='ocrx_word' id='word_1_1075' title='bbox 1571 3032 1630 3074; x_wconf 73' lang='lat' dir='ltr'><strong>est,</strong></span> <span class='ocrx_word' id='word_1_1076' title='bbox 1652 3040 1722 3064; x_wconf 76' lang='lat' dir='ltr'><strong>tunc</strong></span> <span class='ocrx_word' id='word_1_1077' title='bbox 1747 3032 1783 3067; x_wconf 53' lang='grc' dir='ltr'><strong>δεῖ)</strong></span> <span class='ocrx_word' id='word_1_1078' title='bbox 1808 3032 1947 3062; x_wconf 75' lang='lat' dir='ltr'><strong>hereditas</strong></span> 
     </span>
     <span class='ocr_line' id='line_1_147' title="bbox 1083 3073 1948 3116; baseline -0.006 -10"><span class='ocrx_word' id='word_1_1079' title='bbox 1083 3076 1119 3111; x_wconf 55' lang='grc' dir='ltr'><strong>ἐξ</strong></span> <span class='ocrx_word' id='word_1_1080' title='bbox 1137 3077 1266 3116; x_wconf 75' lang='lat' dir='ltr'><strong>legatum</strong></span> <span class='ocrx_word' id='word_1_1081' title='bbox 1282 3075 1318 3110; x_wconf 55' lang='grc' dir='ltr'><strong>ξεῖ</strong></span> <span class='ocrx_word' id='word_1_1082' title='bbox 1334 3077 1407 3116; x_wconf 80' lang='lat' dir='ltr'><strong>quod</strong></span> <span class='ocrx_word' id='word_1_1083' title='bbox 1424 3077 1561 3106; x_wconf 77' lang='lat' dir='ltr'><strong>donatum</strong></span> <span class='ocrx_word' id='word_1_1084' title='bbox 1577 3073 1634 3115; x_wconf 66' lang='lat' dir='ltr'><strong>eli,</strong></span> <span class='ocrx_word' id='word_1_1085' title='bbox 1658 3080 1710 3105; x_wconf 77' lang='lat' dir='ltr'><strong>aut</strong></span> <span class='ocrx_word' id='word_1_1086' title='bbox 1724 3082 1840 3115; x_wconf 81' lang='lat' dir='ltr'><strong>quaqua</strong></span> <span class='ocrx_word' id='word_1_1087' title='bbox 1860 3073 1948 3102; x_wconf 77' lang='lat' dir='ltr'><strong>ratio-</strong></span> 
     </span>
     <span class='ocr_line' id='line_1_148' title="bbox 1082 3112 1950 3158; baseline -0.005 -9"><span class='ocrx_word' id='word_1_1088' title='bbox 1082 3128 1117 3149; x_wconf 83' lang='lat' dir='ltr'><strong>ne</strong></span> <span class='ocrx_word' id='word_1_1089' title='bbox 1133 3115 1323 3158; x_wconf 75' lang='lat' dir='ltr'><strong>adqurfitum‚</strong></span> <span class='ocrx_word' id='word_1_1090' title='bbox 1348 3119 1538 3148; x_wconf 82' lang='lat' dir='ltr'><strong>communioni</strong></span> <span class='ocrx_word' id='word_1_1091' title='bbox 1561 3117 1737 3157; x_wconf 77' lang='lat' dir='ltr'><strong>adquiretur.</strong></span> <span class='ocrx_word' id='word_1_1092' title='bbox 1779 3113 1865 3144; x_wconf 87' lang='lat' dir='ltr'><strong>Pauli</strong></span> <span class='ocrx_word' id='word_1_1093' title='bbox 1883 3112 1950 3158; x_wconf 85' lang='lat' dir='ltr'><strong>sen-</strong></span> 
     </span>
     <span class='ocr_line' id='line_1_149' title="bbox 1082 3153 1954 3200; baseline -0.008 -8"><span class='ocrx_word' id='word_1_1094' title='bbox 1082 3160 1130 3192; x_wconf 70' lang='lat' dir='ltr'><strong>ius</strong></span> <span class='ocrx_word' id='word_1_1095' title='bbox 1148 3160 1210 3191; x_wconf 79' lang='lat' dir='ltr'><strong>est:</strong></span> <span class='ocrx_word' id='word_1_1096' title='bbox 1235 3157 1288 3190; x_wconf 90' lang='lat' dir='ltr'><strong>ubi</strong></span> <span class='ocrx_word' id='word_1_1097' title='bbox 1305 3159 1334 3190; x_wconf 93' lang='lat' dir='ltr'><strong>in</strong></span> <span class='ocrx_word' id='word_1_1098' title='bbox 1352 3158 1569 3197; x_wconf 57' lang='lat' dir='ltr'><strong>contrahenda</strong></span> <span class='ocrx_word' id='word_1_1099' title='bbox 1585 3156 1735 3190; x_wconf 85' lang='lat' dir='ltr'><strong>societate</strong></span> <span class='ocrx_word' id='word_1_1100' title='bbox 1751 3153 1796 3186; x_wconf 87' lang='lat' dir='ltr'><strong>est</strong></span> <span class='ocrx_word' id='word_1_1101' title='bbox 1812 3163 1954 3200; x_wconf 77' lang='lat' dir='ltr'><strong>nomina-</strong></span> 
     </span>
    </p>

    <p class='ocr_par' dir='ltr' id='par_1_17' title="bbox 1895 3203 1951 3227">
     <span class='ocr_line' id='line_1_150' title="bbox 1895 3203 1951 3227; baseline 0 0"><span class='ocrx_word' id='word_1_1102' title='bbox 1895 3203 1951 3227; x_wconf 83' lang='lat' dir='ltr'><strong>tim</strong></span> 
     </span>
    </p>
   </div>
   <div class='ocr_carea' id='block_1_14' title="bbox 2016 3 2027 738">
    <p class='ocr_par' dir='ltr' id='par_1_18' title="bbox 2016 3 2027 738">
     <span class='ocr_line' id='line_1_151' title="bbox 2016 3 2027 738; baseline 0 0"><span class='ocrx_word' id='word_1_1103' title='bbox 2016 3 2027 738; x_wconf 95' lang='lat' dir='ltr'><strong> </strong></span> 
     </span>
    </p>
   </div>
   <div class='ocr_carea' id='block_1_15' title="bbox 1079 889 2023 1016">
    <p class='ocr_par' dir='ltr' id='par_1_19' title="bbox 1079 887 2023 1016">
     <span class='ocr_line' id='line_1_152' title="bbox 1185 889 2023 933; baseline 0.012 -17"><span class='ocrx_word' id='word_1_1104' title='bbox 1185 929 1190 933; x_wconf 87' lang='lat'>.</span> <span class='ocrx_word' id='word_1_1105' title='bbox 1302 928 1306 933; x_wconf 36' lang='grc' dir='ltr'>Ι</span> <span class='ocrx_word' id='word_1_1106' title='bbox 1446 889 1596 922; x_wconf 88' lang='lat' dir='ltr'><strong>Similiter</strong></span> <span class='ocrx_word' id='word_1_1107' title='bbox 1610 890 1630 921; x_wconf 81' lang='lat' dir='ltr'><strong>si</strong></span> <span class='ocrx_word' id='word_1_1108' title='bbox 1647 890 1758 922; x_wconf 86' lang='lat' dir='ltr'><strong>fratres</strong></span> <span class='ocrx_word' id='word_1_1109' title='bbox 1782 901 1951 932; x_wconf 79' lang='lat' dir='ltr'><strong>parentum</strong></span> <span class='ocrx_word' id='word_1_1110' title='bbox 2022 904 2023 907; x_wconf 50' lang='lat'>¹</span> 
     </span>
     <span class='ocr_line' id='line_1_153' title="bbox 1082 928 1950 971; baseline 0.009 -13"><span class='ocrx_word' id='word_1_1111' title='bbox 1082 928 1276 960; x_wconf 83' lang='lat' dir='ltr'><strong>hereditates</strong></span> <span class='ocrx_word' id='word_1_1112' title='bbox 1299 929 1375 961; x_wconf 84' lang='lat' dir='ltr'><strong>ideo</strong></span> <span class='ocrx_word' id='word_1_1113' title='bbox 1400 930 1569 962; x_wconf 82' lang='lat' dir='ltr'><strong>tenuiffent</strong></span> <span class='ocrx_word' id='word_1_1114' title='bbox 1599 931 1762 971; x_wconf 80' lang='lat' dir='ltr'><strong>indivisas,</strong></span> <span class='ocrx_word' id='word_1_1115' title='bbox 1786 940 1820 964; x_wconf 89' lang='lat' dir='ltr'><strong>ut</strong></span> <span class='ocrx_word' id='word_1_1116' title='bbox 1847 935 1878 965; x_wconf 90' lang='lat' dir='ltr'><strong>in</strong></span> <span class='ocrx_word' id='word_1_1117' title='bbox 1902 934 1950 967; x_wconf 81' lang='lat' dir='ltr'><strong>nis</strong></span> 
     </span>
     <span class='ocr_line' id='line_1_154' title="bbox 1079 970 2001 1016; baseline 0.009 -17"><span class='ocrx_word' id='word_1_1118' title='bbox 1079 978 1252 1001; x_wconf 88' lang='lat' dir='ltr'><strong>commune</strong></span> <span class='ocrx_word' id='word_1_1119' title='bbox 1279 970 1356 1002; x_wconf 79' lang='lat' dir='ltr'><strong>esset</strong></span> <span class='ocrx_word' id='word_1_1120' title='bbox 1383 972 1530 1004; x_wconf 88' lang='lat' dir='ltr'><strong>damnum</strong></span> <span class='ocrx_word' id='word_1_1121' title='bbox 1555 980 1651 1012; x_wconf 85' lang='lat' dir='ltr'><strong>atque</strong></span> <span class='ocrx_word' id='word_1_1122' title='bbox 1674 975 1952 1016; x_wconf 87' lang='lat' dir='ltr'><strong>emolumentum,</strong></span> <span class='ocrx_word' id='word_1_1123' title='bbox 1981 976 2001 990; x_wconf 76' lang='grc'><strong>·“</strong></span> 
     </span>
    </p>
   </div>
  </div>
 </body>
</html>
