2052 3487
789 118 1097 158 GERARD1
1147 117 1375 158 NoonT

919 278 1133 315 CAPUT
1185 279 1250 317 11.

200 392 421 443 Vetustzffimos
445 394 581 428 auitores
602 380 797 438 acceffionem
823 398 888 436 quae
911 392 1054 442 creditori
1074 391 1166 425 <latur
1186 402 1242 439 pro
1267 391 1321 435 usu
1342 391 1434 435 sortis
1449 419 1458 435 ,
1492 401 1552 428 non
1579 391 1711 428 usuram
1730 417 1741 434 ,
1764 389 1827 437 fid
1841 387 1970 438 foenus,

270 441 455 490 appellaſje:
490 441 658 486 usuraeque
686 440 804 474 nomine
830 451 888 474 non
913 439 1040 483 foenus,
1058 438 1117 485 sed
1140 440 1306 487 cujusque
1328 442 1376 477 rei
1399 440 1512 484 usum,
1549 439 1735 488 indigitcffl.
1769 441 1837 475 dein
1854 441 1976 494 loquen-

271 495 349 528 tium
385 489 439 534 usu
471 490 585 525 obtinui
611 501 651 532 e,
684 495 717 522 ut
750 487 846 524 usura
873 498 926 536 pro
961 488 1092 525 foenore
1124 492 1322 537 acciperetur.

270 540 429 587 frugum,
456 547 581 586 nonpro
598 546 805 583 corporum,
831 537 885 584 usu
908 537 1065 586 praestari.

269 590 356 624 dublo
382 589 526 624 Veterum
551 598 630 623 more
655 598 695 621 ex
720 587 740 623 l.
763 589 794 623 8.
823 587 855 622 C.
889 588 924 622 Si
949 595 1065 622 certum

1090 594 1242 633 petatur,
1285 585 1327 627 ἐξ
1361 587 1520 633 Ambrosio
1545 589 1596 624 De
1625 587 1732 624 Tobia.

1379 491 1460 526 Eam
1496 490 1628 526 usuram
1659 499 1714 535 pro
1740 499 1896 536 pecumae
1921 497 1976 527 aut

1118 538 1337 587 Constantinus-
1361 540 1383 574 l.
1404 549 1460 582 25.
1492 540 1525 575 C.
1549 540 1583 574 de
1598 537 1697 586 usuris
1714 539 1897 585 explicitus,

1922 541 1976 574 ad-
1994 570 1998 572 .

1792 585 1865 637 Quo
1880 585 1977 634 sensa

273 638 390 673 Paulus
416 638 435 672 l.
461 648 515 682 17.
542 636 570 684 ᾗ..
587 637 643 670 ult.
671 635 711 670 D*
740 635 777 670 de
801 634 904 683 usuris
929 637 1031 678 dicat,
1059 636 1190 671 Statuas
1218 637 1273 671 vel
1299 637 1462 684 imagines
1488 637 1665 682 ponendas
1690 635 1823 683 legari,
1860 647 1901 671 ex
1921 648 1986 671 an·-

272 689 365 734 tiquis
386 684 559 733 preesertim
585 685 800 720 Marmorihas
825 685 1078 732 demonstratum.

1128 686 1212 734 ⁴Quae
1231 695 1288 731 pro
1313 684 1368 732 usu
1394 697 1578 733 corporum
1606 687 1721 721 dantur
1737 710 1750 730 ,
1781 696 1840 720 non
1866 685 1978 722 usuras

270 739 350 778 dici,
368 736 431 782 sed
454 733 624 771 mercedes
651 730 693 772 ὃ)
719 733 896 780 pensiones
922 742 977 769 aut
1003 732 1149 769 reditus:
1166 725 1215 773 ’ἐξ
1240 741 1341 769 tamen
1368 733 1479 770 usuras
1497 736 1597 770 videri
1614 735 1789 770 mercedes
1815 745 1978 780 auce-cum

267 787 404 833 pecuniae
429 792 483 818 aut
508 772 645 829 frugum
667 781 721 830 usu
746 789 913 818 mutentur.

272 837 357 876 dem,
393 834 515 868 nomina
537 843 574 866 ac
584 834 664 878 jura
681 833 839 878 imponere.

893 832 919 867 C
967 782 1034 867 {us
1058 783 1149 818 civile
1174 784 1279 818 iisdem
1311 784 1399 818 rebus
1421 782 1506 830 saepe
1527 782 1670 830 diversa,
1706 780 1747 823 ἐξ
1773 782 1900 825 diversis
1924 795 1977 819 ea·

916 844 954 867 ur
1003 839 1099 867 eteres

1128 832 1224 877 Juris
1247 833 1383 868 auctores
1405 844 1462 867 non
1491 841 1525 866 ut
1548 833 1678 867 aliorum
1703 832 1909 878 negotiorum,
1927 831 1977 878 fic

274 883 414 918 foenoris
428 882 586 927 proprium
599 880 741 926 fecerint
763 883 969 924 contractum,
996 892 1088 927 neque
1104 882 1157 916 hoc
1164 879 1226 927 sub
1244 881 1412 917 locatione
1436 879 1473 917 δε
1498 879 1729 916 εοῃάυξὶιοηε
1753 881 1977 927 comprehende-

273 934 347 967 rint.
374 931 497 965 Foenus
518 930 696 976 usurasque
717 938 910 965 uolitantum
929 931 961 964 in
980 928 1128 973 credita,
1147 929 1206 978 sed
1221 930 1315 965 etiam
1335 931 1366 965 in
1386 929 1451 966 alia
1471 931 1603 966 materia
1620 929 1764 978 constitui
1775 929 1867 976 P‘ffi’·
1896 929 1979 966 Eam

268 980 366 1028 nsurae
386 980 583 1015 conditionem
600 978 674 1025 else,
700 988 732 1013 ut
745 989 799 1025 pro
817 991 835 1013 u
853 992 871 1014 u
880 977 982 1025 sortis
998 980 1157 1025 exigatur.

228 1106 231 1109 -
267 1079 451 1126 ntiquissimi
468 1084 613 1116 aufitores
628 1083 860 1122 accessionem,
882 1082 945 1115 five
970 1082 1067 1114 incre·

200 1088 264 1163 Α
288 1134 452 1164 mentum,
464 1126 553 1167 quod
564 1125 694 1157 debitor
711 1125 862 1156 creditori
875 1125 928 1156 dat
940 1133 998 1166 pro
1015 1123 1070 1156 usu

202 1169 313 1208 sortis,
334 1177 400 1200 non
414 1169 552 1206 usuram,
569 1166 621 1199 sed
633 1167 756 1208 foenus,
772 1167 980 1207 appellarunt.
1005 1165 1069 1197 hoc

201 1216 239 1242 ut
254 1210 404 1247 sentiam,
425 1214 539 1241 movet
553 1218 624 1247 me,
648 1208 735 1249 quod
753 1207 858 1247 Cato,
883 1208 974 1239 initio
994 1216 1068 1246 ope-

202 1254 246 1284 ris
264 1252 310 1283 De
324 1261 354 1283 re
369 1248 496 1292 rustica,
513 1251 544 1282 δε
561 1249 707 1288 Plautus,
728 1248 847 1288 Afinar.
872 1259 897 1281 1.
914 1260 943 1291 3.
968 1247 1068 1288 infin.

201 1291 365 1334 Mostellar.
383 1303 412 1335 3.
434 1302 460 1325 1.
485 1292 521 1327 &³
540 1291 625 1330 alibi,
649 1300 723 1322 cum
745 1292 785 1322 de
808 1291 901 1323 sortis
921 1290 1070 1322 acceffio-

201 1345 243 1367 ne
263 1335 441 1376 loquuntur
458 1357 468 1373 ,
502 1343 566 1364 non
590 1334 701 1373 usurae,
732 1331 785 1364 sed
794 1333 938 1373 faenoris,
961 1332 1072 1363 memi-

201 1383 337 1408 nerunt:
360 1376 454 1416 usurae
473 1382 579 1406 autem
606 1374 737 1406 nomine
759 1373 889 1405 Plautus
904 1396 915 1412 ‚
947 1372 1067 1414 Prolog.

200 1417 349 1459 Amphitr.
372 1417 447 1456 verfi
469 1420 534 1450 108.
560 1425 625 1447 non
645 1415 735 1446 sortis
758 1414 992 1453 acceffionem,
1017 1413 1069 1445 sed

201 1459 355 1500 cujusque
378 1458 423 1489 rei
446 1456 532 1488 usum
551 1479 561 1496 ,
590 1456 738 1496 indigitat
763 1455 811 1487 his
836 1456 963 1495 verbis,
991 1454 1070 1495 Usu-

203 1510 322 1542 ramque
338 1500 401 1541 ejus
418 1499 541 1538 corporis
556 1498 628 1537 cepit
635 1497 703 1536 fibi.
746 1496 819 1529 Nec
838 1505 962 1529 tantum
982 1496 1071 1528 Plau-

204 1549 255 1573 tus
281 1540 323 1573 fic
340 1540 441 1571 utitur
456 1549 496 1571 co
518 1539 621 1570 verbo
639 1549 648 1578 ;
682 1538 735 1570 sed
752 1538 782 1569 ὃ(
800 1538 917 1571 Accius
935 1562 945 1578 ,
980 1538 1073 1570 Oeno·

204 1591 286 1621 mao,
316 1582 401 1621 apud
420 1579 584 1618 Nonium,
608 1586 669 1622 cap.
689 1590 718 1622 3.
746 1579 792 1611 De
812 1581 974 1619 indiscretis
987 1588 1071 1619 gene-

202 1624 283 1655 ribus
305 1629 355 1663 per
373 1623 501 1652 ordinem
517 1621 676 1652 literarum.
704 1621 802 1652 verba
827 1622 929 1654 Accii.
971 1621 1072 1662 Atque

204 1666 279 1697 hanc
300 1662 470 1704 postremam
491 1662 557 1702 solis
577 1663 696 1698 uszu'am
725 1669 802 1703 cape.
847 1663 966 1695 Cicero
991 1671 1071 1702 quo-

203 1715 267 1745 que
285 1706 332 1736 lib.
349 1714 374 1737 1.
402 1703 559 1742 Tusculan.
582 1702 729 1746 quaestion.
747 1710 810 1744 cap.
822 1713 870 1745 39.
896 1704 937 1735 de
961 1711 1072 1735 natura

202 1747 245 1779 fic
264 1746 402 1779 scribens
414 1769 423 1783 ,
447 1745 495 1777 Ea
511 1747 625 1787 quidem
651 1747 727 1777 dedit
745 1749 865 1785 usuram
881 1747 949 1776 vitae
962 1767 971 1784 ,
1003 1750 1069 1776 turz-

200 1798 290 1829 quam
308 1789 434 1828 pecuniae
451 1810 461 1826 ‚
493 1787 574 1818 nulia
593 1785 757 1827 proellituta
773 1787 826 1819 die.
870 1785 952 1819 Haec
977 1793 1071 1818 vetus

203 1831 234 1862 o'c
253 1829 382 1870 propria
400 1827 498 1860 usui-ze
514 1827 704 1869 significatio
719 1827 774 1858 est.

242 1872 305 1903 Sed
322 1871 361 1902 ab
377 1869 437 1901 hac
454 1869 532 1901 abiit
549 1869 750 1910 loquentium
767 1867 988 1900 consuetudo:
1008 1876 1070 1908 qua

203 1913 347 1955 placuit,
369 1913 487 1952 usuram.
505 1911 567 1942 dici
587 1920 644 1951 pro
654 1911 789 1951 foenore:
811 1909 843 1940 id
858 1910 921 1948 est,
946 1919 1004 1949 pro
1024 1911 1070 1941 in·

205 1961 372 1986 cremento
392 1962 432 1984 ex
451 1951 506 1984 usu
529 1960 626 1990 nato,
658 1952 796 1983 maxime
814 1951 970 1991 pecuniae.
994 1951 1070 1981 inde

205 1995 341 2028 Isidorus
362 1995 410 2025 lib.
427 2005 456 2034 5.
482 1993 570 2035 Orz'g.
594 2004 617 2024 c.
637 2004 686 2034 25.
708 1999 739 2034 p.
755 2001 826 2033 931.
855 1991 955 2033 Usura
973 1990 1012 2032 est
1027 1994 1071 2022 in-

205 2041 380 2067 crementum
391 2036 536 2074 faenoris,
559 2035 593 2066 ab
610 2037 665 2073 usu
686 2036 751 2065 ceris
768 2033 869 2064 crediti
887 2038 1066 2073 nuncupata.

206 2077 310 2110 Varro
327 2085 458 2118 quoque
475 2077 521 2108 lib.
538 2086 566 2115 4.
592 2076 638 2106 De
652 2077 755 2117 lingua
774 2074 894 2106 Latina.
932 2074 1069 2114 Compen-

206 2120 287 2150 dium
303 2120 378 2161 quocl
394 2127 459 2149 cum
475 2118 691 2158 compenditur,
706 2127 766 2148 una
777 2115 828 2153 fit.
851 2115 869 2146 α’
889 2125 942 2158 quo
960 2115 1069 2156 usura,

206 2163 280 2202 quod
297 2162 328 2192 in
351 2160 452 2197 fiirlem
474 2160 648 2198 accedebat,
678 2159 854 2201 impendium
877 2157 1070 2198 appellatum.-

206 2213 269 2244 (μιαν,
292 2211 356 2232 cum
379 2201 520 2231 accederet
534 2201 572 2230 acl
587 2200 707 2239 fintene,
737 2209 774 2230 ex
790 2198 843 2234 usu
861 2206 950 2239 usura
970 2198 1068 2236 ctiam

207 2250 241 2275 ut
259 2244 319 2280 lars
334 2239 560 2283 quodsuumfit
569 2242 659 2279 sorte.
703 2239 776 2272 Nec
792 2240 824 2271 id
840 2249 960 2271 novum
978 2238 1023 2271 est
1039 2240 1069 2271 in

208 2285 310 2315 verbo
327 2284 436 2324 usura:
459 2281 510 2313 sed
537 2283 567 2313 in
592 2283 660 2313 aliis
685 2291 817 2323 quoque
841 2281 961 2313 evenit.
1008 2280 1070 2312 Pri-

206 2324 346 2357 scianum
374 2323 446 2355 audi
477 2323 524 2354 lib.
553 2331 597 2354 11.
628 2331 698 2365 pag.
723 2333 794 2362 923.
823 2321 1071 2354 editionis-Put-

208 2367 296 2398 scliii.
320 2366 380 2397 nit:
405 2365 482 2396 Sunt
506 2364 543 2399 ὅ)
560 2365 618 2395 alia
634 2366 729 2396 eadem
747 2365 783 2398 δ’
800 2366 917 2395 nomina
944 2363 981 2398 ἐξ)
1000 2370 1071 2404 par-

209 2409 310 2449 ticipia
325 2431 335 2447 ,
366 2413 400 2437 ut
416 2407 585 2447 scriptura,
617 2408 630 2438 ἡ
648 2405 788 2445 γςρύᾧεζιι
806 2409 829 2444 ⁷3
847 2408 859 2437 ἡ
874 2412 978 2444 *sque-12.
1005 2405 1071 2445 ufic-

209 2460 261 2486 ru,
284 2450 471 2486 ἧχρηιπμὲνη.
501 2451 524 2487 »9
547 2449 559 2476 o'
584 2448 671 2480 rin&
695 2448 749 2478 ἤτοι
769 2449 782 2478 ἦ
800 2450 889 2483 κρῆσις
923 2447 1034 2484 litura,
1059 2448 1073 2478 ἢ

209 2488 390 2528 inane-144⁸&
407 2493 430 2528 »εξ
449 2491 462 2519 ²3
480 2487 631 2523 ἅπαλοῑςῑνῖ.
658 2487 745 2520 Idem
763 2487 815 2519 vel
835 2487 932 2519 fimile
951 2489 982 2519 in
999 2497 1073 2519 mer·

211 2537 325 2562 cutura.
348 2530 459 2561 auctor
481 2528 609 2560 Nonius
632 2536 694 2569 cap.
719 2540 748 2570 5.
768 2537 839 2569 pag.
858 2533 927 2569 726.
967 2528 1075 2560 Verba

210 2572 324 2605 Nonii.
367 2571 459 2602 Mei-x
475 2570 513 2605 ὅ)
529 2577 691 2601 mercatura
710 2572 760 2602 hoc
775 2568 893 2611 distant.
929 2570 1022 2602 Merx
1037 2569 1075 2610 est

209 2614 312 2654 species
336 2612 422 2652 ἰωῆς
453 2619 616 2644 mercatura
641 2611 723 2642 actus
747 2613 803 2652 ipse
826 2612 873 2642 vel
900 2611 1015 2643 lucrum
1043 2613 1076 2642 cle

211 2663 310 2686 merce.
353 2653 405 2684 Sic
420 2659 570 2693 capturam
586 2654 666 2684 dixit
683 2653 873 2691 Suetonius,
908 2655 938 2683 in
957 2653 1076 2694 Caligu-

212 2696 243 2727 la
263 2706 287 2726 c.
303 2704 352 2735 40.
378 2703 437 2734 pro
464 2694 612 2725 mercede
637 2693 789 2726 obscoena
816 2695 846 2725 ἃ
865 2694 937 2726 vili:
968 2704 1077 2735 quam-

213 2745 307 2775 quam
327 2736 356 2767 ἀ
372 2744 434 2776 pro
456 2735 650 2775 deceptione
677 2736 800 2777 accipi,
831 2735 950 2777 probet
968 2735 1076 2768 lfidori

212 2777 417 2811 Glossarium.

256 2818 354 2860 igitur
369 2816 457 2849 usura
471 2840 481 2856 ,
506 2816 527 2848 fi
544 2817 632 2848 verbi
649 2817 737 2849 usum
755 2818 894 2859 speftes,
918 2817 964 2850 est
981 2828 1077 2860 pecu-

213 2861 274 2893 niae
298 2860 350 2892 vel
372 2858 498 2899 frugum
517 2858 651 2889 acccffio
677 2869 769 2899 quum
786 2862 929 2891 creditor
952 2870 968 2891 a
987 2861 1076 2893 debi-

215 2911 288 2934 tore
303 2900 402 2942 exigit
421 2909 480 2941 pro
496 2898 549 2930 usu
567 2898 667 2930 sortis.
694 2899 789 2938 Dixi,
808 2903 937 2941 pecuniae
953 2900 1079 2943 acceffio·

215 2954 280 2976 nem
296 2954 305 2975 .·
336 2941 502 2983 quomodo
517 2940 536 2971 l.
553 2944 598 2974 18.
620 2941 688 2972 Cod.
709 2941 811 2972 Theou.
833 2944 865 2972 ile
883 2941 999 2983 lustrali
1015 2953 1079 2974 con-

216 2986 322 3016 latione
341 2984 457 3016 dicitur
474 3005 483 3019 ,
515 2982 662 3019 crescentis
679 2983 711 3012 in
735 2984 793 3013 dies
803 2982 935 3023 fingulas
951 2986 1080 3024 pecuniae

215 3025 337 3066 acceffio.
382 3023 550 3056 Africanus
572 3024 591 3053 l.
609 3033 659 3061 24.
683 3023 724 3054 I).
746 3025 778 3053 [ie
795 3025 967 3063 prael‘criptis
984 3028 1079 3058 verbis

216 3067 330 3098 definit
346 3089 355 3105 ,
391 3067 516 3096 reditum
542 3067 680 3105 pecuniae.
729 3062 948 3095 Tertullianus
983 3067 1030 3098 lib.
1047 3077 1077 3106 4.

221 3108 366 3144 Adversus
384 3106 564 3138 Marcionem
587 3116 610 3136 c.
630 3114 676 3146 17.
700 3114 796 3136 vocat
814 3128 823 3142 ,
855 3107 1077 3138 redundantiam

219 3147 543 3187 &frufilumfoenoriss
568 3147 664 3178 verba
683 3144 885 3178 Tertulliani.
919 3146 1077 3179 Pecuniam

218 3190 315 3228 inquit
329 3188 417 3227 suam
426 3189 538 3229 foeneri
561 3198 617 3219 non
633 3189 711 3219 (ledit
727 3212 736 3226 ‚
769 3187 805 3222 δέ)
825 3188 899 3229 quod
914 3189 1076 3219 abzcmz'ave-

217 3230 279 3269 rit,
300 3238 356 3261 non
365 3232 462 3269 sumet
469 3241 480 3268 ς
494 3231 622 3272 samoris
626 3230 740 3271 scilicet
758 3230 980 3262 redundantiam
1003 3232 1078 3271 quod

1112 1079 1152 1123 eft
1167 1082 1265 1123 usura.
1310 1081 1399 1113 Prius
1423 1080 1518 1125 igitur
1540 1083 1620 1121 fuit,
1650 1088 1686 1114 ut
1699 1080 1839 1124 frublum
1858 1080 1981 1123 faenorz‘s

1113 1125 1271 1155 eradicaret
1288 1146 1297 1162 ,
1328 1133 1383 1165 quo
1401 1124 1526 1165 facilius
1549 1124 1736 1166 afficesaceret
1767 1126 1907 1156 bominem
1929 1124 1982 1168 ipfi

1112 1174 1223 1207 quoque
1240 1165 1351 1205 foenori
1367 1188 1376 1204 ‚
1401 1164 1429 1203 fi
1440 1166 1522 1206 forte
1544 1167 1685 1206 perdendo
1704 1189 1715 1205 ,
1745 1167 1831 1208 cujus
1840 1165 1981 1207 fructum

1114 1205 1254 1247 dicliczffet
1266 1229 1276 1244 ,
1298 1207 1440 1238 amittere.
1483 1206 1537 1238 Est
1554 1207 1651 1248 igitur
1667 1207 1756 1239 usura
1773 1208 1908 1240 acceffio
1926 1217 1981 1249 pe·

1114 1250 1236 1286 cuniae,
1262 1247 1313 1279 sed
1332 1256 1506 1280 numeratae
1525 1247 1708 1290 praesertim.
1754 1248 1834 1281 Inde
1852 1248 1980 1289 Festus,

1114 1290 1161 1321 De
1175 1290 1271 1320 verbis
1284 1292 1428 1321 veteribus
1437 1312 1448 1329 ,
1471 1289 1573 1322 Faenus
1590 1290 1752 1332 appellatur
1765 1291 1912 1323 naturalis
1928 1296 1984 1322 te'r-

1113 1340 1152 1362 rce
1168 1331 1265 1371 foetus
1282 1354 1292 1369 ,
1324 1333 1356 1361 ob
1374 1341 1463 1372 quam
1490 1332 1605 1372 causam
1632 1331 1668 1366 ὃ)
1685 1341 1871 1364 nummorum
1883 1333 1982 1372 foetus

1105 1373 1210 1411 scenus
1225 1370 1264 1412 est
1286 1377 1432 1404 vocatam.
1477 1371 1695 1414 Hieronymus
1711 1396 1721 1412 ,
1751 1375 1784 1405 in
1804 1373 1984 1406 Ezechielem

1113 1413 1161 1444 lib.
1178 1418 1204 1445 6.
1231 1423 1254 1444 c.
1270 1417 1316 1447 18.
1331 1419 1400 1454 pag.
1413 1417 1484 1446 206.
1510 1414 1626 1446 Putant
1644 1417 1763 1456 quidam
1779 1417 1899 1455 usuram
1914 1421 1983 1447 tan-

1113 1460 1176 1486 tum
1193 1454 1245 1495 effe
1261 1455 1292 1485 in
1308 1456 1442 1496 pecunia.
1479 1454 1504 1486 E
1510 1464 1522 1486 t
1541 1454 1677 1487 Ifidorus
1699 1455 1747 1487 lib.
1762 1466 1794 1497 5.
1820 1457 1984 1499 Originum

1113 1506 1139 1528 c.
1161 1506 1208 1537 25.
1229 1504 1301 1538 pag.
1320 1504 1392 1537 931.
1426 1496 1526 1531 Ul'ura
1548 1495 1587 1538 est
1610 1498 1820 1529 incrementum
1840 1498 1983 1537 stercoris,

1113 1539 1149 1569 ab
1170 1540 1224 1578 usu
1242 1540 1304 1569 aerz’s
1322 1539 1423 1569 crediti
1444 1545 1625 1579 nuncupata.
1669 1537 1852 1579 Receptum
1875 1547 1984 1572 tamen

1114 1578 1180 1611 est:
1203 1586 1256 1617 ut,
1280 1577 1302 1610 fi
1320 1578 1441 1611 fructus
1464 1580 1660 1619 debeantur,
1685 1580 1776 1611 verbi
1793 1581 1914 1622 gratia,
1947 1590 1984 1613 o-

1116 1620 1199 1651 leum
1215 1643 1225 1658 ,
1250 1621 1378 1660 vinum,
1401 1619 1620 1660 frumentum,
1652 1631 1693 1653 ex
1717 1622 1763 1653 his
1780 1631 1913 1663 quoque
1930 1631 1985 1653 ac-

1115 1661 1211 1692 ceffio
1238 1661 1346 1692 deberi
1371 1662 1464 1702 possit
1487 1662 1506 1693 l.
1532 1672 1578 1694 12.
1605 1662 1639 1693 C.
1656 1663 1689 1693 de
1706 1664 1802 1702 usuris
1821 1687 1831 1703 ‚
1862 1663 1906 1694 ob
1932 1672 1985 1694 va-

1114 1703 1190 1734 riam
1223 1702 1253 1734 &
1281 1703 1437 1735 incertam
1466 1713 1580 1735 eorum
1619 1702 1860 1736 aestimationem
1888 1713 1985 1745 quam

1113 1744 1232 1776 Plinius
1252 1743 1399 1776 observat
1423 1744 1469 1776 lib.
1487 1755 1536 1786 33.
1563 1743 1679 1776 Natur.
1699 1743 1795 1785 bilior.
1814 1756 1839 1777 c.
1856 1745 1910 1777 ult.
1933 1745 1984 1777 his

1114 1785 1232 1816 verbis.
1276 1785 1379 1817 Pretia
1400 1795 1496 1817 rerum
1521 1795 1584 1826 quae
1602 1789 1724 1826 usquam
1735 1787 1903 1826 posuimus,
1925 1796 1984 1818 non

1113 1828 1281 1868 ignoramus
1304 1827 1364 1858 alia
1380 1827 1412 1857 in
1428 1827 1495 1857 aliis
1518 1828 1586 1857 locis
1602 1826 1653 1867 effe
1670 1851 1680 1866 ,
1714 1826 1752 1862 ξεῖ
1768 1830 1896 1859 omnibus
1912 1835 1985 1869 pene

1113 1868 1200 1898 annis
1225 1868 1352 1906 inarari,
1372 1873 1462 1908 prout
1486 1870 1689 1909 navigationes
1709 1867 1908 1910 constiterint,
1931 1868 1985 1901 aut

1112 1914 1147 1939 ut
1162 1910 1283 1950 quisque
1299 1915 1441 1940 mercatus
1454 1907 1511 1949 fit,
1530 1915 1585 1941 aut
1601 1909 1707 1951 aliquis
1720 1911 1884 1951 praevalens
1902 1920 1985 1942 man-

1112 1956 1174 1990 ceps
1198 1959 1344 1981 annonam
1361 1948 1500 1993 flagellet.
1543 1949 1673 1991 Nempe
1690 1974 1699 1989 ,
1728 1954 1801 1993 quia
1835 1951 1980 1991 fructus,

1112 2000 1186 2022 cum
1204 1992 1306 2022 mutui
1329 1992 1444 2023 dantur
1462 2015 1473 2031 ‚
1502 1991 1581 2033 saepe
1605 2002 1723 2033 magno
1746 1992 1894 2025 constant
1912 2016 1921 2032 ,
1953 1993 1984 2026 Gt

1112 2041 1185 2063 cum
1214 2033 1388 2064 redduntur
1405 2056 1415 2071 ,
1446 2033 1500 2064 vili
1520 2033 1720 2073 venduntur,
1749 2034 1769 2066 fi
1797 2036 1926 2074 quidem
1949 2035 1983 2066 in

1112 2074 1229 2105 eodem
1247 2082 1343 2114 atque
1359 2083 1450 2115 aeque
1469 2074 1560 2106 bono
1577 2075 1749 2107 reddantur
1763 2085 1903 2117 genere,
1928 2075 1991 2108 sedi

1112 2114 1175 2146 sme
1191 2115 1413 2146 additamento
1432 2115 1591 2147 usurarum
1608 2117 1749 2156 ejusdem
1766 2117 1912 2158 generis,
1936 2116 1983 2148 fa·

1113 2157 1175 2187 cile
1195 2156 1290 2197 poffit
1312 2157 1421 2197 captio
1450 2156 1513 2188 esse
1537 2158 1708 2190 creditoris
1726 2169 1735 2190 z
1764 2159 1817 2199 qui
1845 2167 1905 2191 eos
1925 2159 1982 2189 de·

1112 2197 1158 2229 dit
1174 2221 1184 2237 ,
1208 2207 1280 2229 cum
1298 2199 1423 2238 majoris
1441 2197 1540 2230 essent
1555 2199 1667 2239 pretii;
1690 2199 1721 2231 &
1737 2199 1875 2239 recipit,
1906 2208 1982 2231 cum

1112 2238 1181 2270 sunt
1207 2239 1347 2270 minoris.
1371 2239 1436 2271 hoc
1459 2249 1539 2271 vero
1563 2241 1636 2280 quia
1661 2250 1725 2273 non
1752 2242 1871 2280 patitur
1896 2241 1987 2272 ratio*

1114 2281 1327 2321 aequalitatis,
1358 2281 1390 2312 in
1413 2281 1629 2314 contractibus
1649 2282 1718 2322 jure
1745 2281 1903 2314 Gentium
1922 2283 1979 2314 ob·

1114 2321 1292 2361 sel-vandae;
1325 2328 1422 2362 atque
1448 2321 1550 2364 ipsum
1573 2323 1667 2364 poffit
1690 2324 1839 2356 homines
1865 2323 1982 2356 abster-

1114 2373 1184 2395 rere
1208 2373 1224 2394 a
1247 2365 1348 2395 mutui
1371 2363 1524 2403 datione,
1556 2365 1589 2396 id
1614 2364 1660 2397 est
1676 2388 1687 2405 ,
1718 2375 1736 2398 a
1757 2364 1894 2397 subfldio
1917 2372 1983 2397 tam

1115 2405 1250 2436 notabili
1274 2406 1473 2446 temporariae
1491 2406 1629 2446 inopiae,
1656 2416 1722 2447 quo
1740 2405 1876 2439 subsidio
1893 2415 1984 2438 com·

1115 2446 1220 2478 munis
1243 2447 1387 2479 omnium
1412 2447 1477 2479 vita
1499 2455 1602 2488 eget:
1634 2449 1756 2480 idcirco
1781 2447 1982 2488 consequens

1116 2488 1177 2520 fuit
1199 2488 1325 2519 incerto
1349 2490 1463 2529 pretii,
1486 2488 1589 2520 usuras
1607 2491 1703 2522 etiam
1728 2488 1889 2521 fructuum
1908 2493 1983 2530 pro2

1118 2529 1211 2561 mitti.
1245 2530 1348 2570 Atque
1367 2530 1431 2561 hoc
1447 2530 1526 2571 Imp.
1545 2530 1709 2572 Philippus
1732 2529 1883 2572 significat
1900 2531 1917 2561 l,
1931 2540 1980 2572 23.

1119 2571 1152 2602 C.
1176 2572 1207 2601 de
1224 2573 1338 2610 usuris:
1361 2571 1451 2610 Oleo,
1474 2572 1640 2612 inquiens,
1663 2573 1777 2614 quidem
1800 2572 1848 2603 vel
1862 2573 1983 2613 quibus-

1119 2621 1239 2653 cumque
1259 2611 1404 2648 fiuctibus
1427 2619 1527 2644 mutuo
1545 2614 1623 2643 datis
1640 2637 1650 2652 ,
1681 2614 1783 2645 incerti
1800 2615 1890 2653 pretii
1907 2614 1983 2644 ratio

1119 2655 1348 2685 additamentum
1365 2654 1523 2693 usurarum
1535 2654 1665 2695 ejusdem
1681 2655 1808 2686 materiae
1815 2652 1914 2694 suasit
1931 2656 1982 2685 ad-

1119 2697 1206 2726 mitti.
1251 2693 1322 2726 Nec
1341 2702 1465 2726 tantum
1483 2695 1648 2736 Philippus
1670 2696 1758 2735 vult,
1785 2697 1817 2726 in
1838 2696 1886 2726 his
1906 2695 1984 2727 reci-

1119 2737 1151 2777 pi
1176 2735 1335 2767 usurarum
1358 2735 1466 2775 nsum3
1500 2736 1553 2768 sed
1579 2737 1608 2768 δι
1635 2736 1856 2778 Hieronymus
1880 2739 1908 2768 ιῖ.
1932 2737 1986 2768 loe.

1121 2779 1264 2818 quamvis
1297 2778 1355 2809 alia
1378 2779 1514 2810 ratione.
1544 2779 1640 2810 verba
1663 2779 1739 2821 ejus.
1784 2778 1899 2810 Putant
1920 2779 1984 2821 qui-

1119 2822 1186 2850 tiam
1203 2820 1321 2859 usuram
1337 2825 1453 2850 tantum
1470 2818 1521 2859 effe
1536 2821 1567 2851 in
1579 2824 1714 2861 pecunia.
1737 2821 1812 2862 quod
1823 2822 1984 2860 praevidens

1110 2861 1262 2901 scriptura
1291 2861 1394 2892 divina
1410 2883 1420 2899 ,
1449 2862 1526 2892 omni
1553 2863 1596 2893 rei
1625 2863 1723 2901 aufert
1741 2862 1982 2902 superabundan-

1122 2904 1212 2933 tiam.-
1234 2908 1267 2932 ut
1288 2901 1354 2941 plus
1366 2911 1424 2932 non
1447 2903 1586 2942 recipias,
1616 2913 1706 2944 quam
1731 2901 1843 2942 dedisti.
1887 2902 1983 2933 Solent

1122 2944 1154 2974 in
1179 2945 1258 2985 agris
1275 2944 1420 2982 frumenti
1443 2942 1479 2978 f?
1499 2945 1597 2983 milii,
1627 2946 1694 2976 vini
1717 2944 1754 2979 ἐξ)
1777 2944 1849 2983 olei,
1872 2949 1982 2975 caetera-

1122 2994 1241 3026 rumque
1253 2985 1408 3025 specierum
1424 2986 1515 3020 usurae
1532 2987 1627 3028 exigi:
1643 2984 1726 3024 five,
1742 2990 1777 3017 ut
1790 2985 1913 3026 appellat
1919 2986 1980 3026 ser-

1122 3036 1165 3057 mo
1181 3028 1320 3065 divinus,
1345 3027 1540 3059 ahzmaamioe.
1584 3028 1674 3059 Verbi
1683 3028 1802 3069 gratia:
1825 3032 1859 3058 ut
1877 3026 1984 3068 hyemis

1121 3073 1242 3108 tempore
1264 3069 1362 3098 demus
1383 3069 1476 3099 decem
1498 3070 1621 3100 modios.-
1645 3067 1682 3103 ὅ)
1705 3070 1737 3100 in
1761 3067 1842 3109 meffe
1868 3068 1984 3107 recipia-

1119 3119 1184 3139 mus
1199 3110 1379 3150 quindecim,
1402 3109 1452 3140 hoc
1467 3109 1506 3150 eJt
1520 3133 1530 3149 ,
1557 3110 1681 3151 amplius
1690 3115 1805 3151 partem
1825 3109 1984 3139 dimidiam.

1120 3150 1185 3196 Qui
1197 3148 1383 3191 justiffimum
1391 3151 1426 3191 se
1437 3152 1607 3191 putaverit.-
1628 3157 1764 3193 quartam
1780 3150 1848 3190 plus
1866 3150 1984 3189 accipiet

1115 3193 1274 3230 portionem
1292 3214 1302 3229 ,
1335 3191 1372 3226 ὅ)
1388 3192 1477 3228 solent
1501 3193 1703 3233 argumentari
1724 3201 1759 3223 ac
1775 3191 1885 3223 dicere:
1918 3188 1982 3221 decli

1120 3240 1212 3264 unum
1230 3233 1356 3264 modium
1372 3235 1423 3273 qui
1434 3234 1537 3273 satus,
1555 3233 1631 3273 fecit
1652 3234 1744 3265 decem
1764 3232 1887 3264 modios:
1911 3239 1980 3263 non-

1949 3279 1982 3303 ne
