2036 3495
526 144 591 180 An
615 145 706 180 Lrn.
736 143 778 180 X.
815 145 915 179 T1T.
944 144 1004 178 111.
1040 145 1199 180 Coi-rzrnuni
1214 144 1388 179 dividundo.

65 238 228 272 communi
245 238 420 271 dividundo
437 236 554 267 locum.
580 235 609 266 ἀ
627 234 671 266 est
696 232 775 264 ratio
793 232 938 265 differen-

66 283 136 320 tiae3
161 283 246 323 quod
265 291 313 312 res
331 279 453 320 fingulae
477 285 581 317 neque
604 276 769 308 cohaerent
785 274 866 306 inter
888 276 937 314 se3

1786 149 1853 188 189

1020 233 1161 274 Exposui
1175 233 1342 266 EdiEtum:
1366 242 1472 274 eoque
1490 233 1760 274 quemadmodum
1777 233 1853 265 divi-

980 275 1083 306 denda
1097 275 1179 307 inter
1194 277 1370 308 coheredes
1382 273 1662 316 adjudicationibus
1676 274 1710 305 fit
1727 273 1854 308 familia,

66 333 171 363 neque
189 321 362 364 specialiter
380 319 555 351 dividendae
581 317 711 349 veniunt
728 315 757 347 in
779 316 936 348 actionem
980 316 1084 347 Restat
1102 316 1235 348 effeetus
1260 317 1498 356 adjudicationis
1522 327 1538 348 a
1554 315 1664 357 judice
1681 315 1781 348 fastae.
1806 315 1852 348 est

66 364 192 398 familiae
218 363 426 395 erciscundae:
449 369 481 391 ut
504 359 534 391 in
558 364 626 391 eam
649 357 824 398 specialiter
842 359 936 390 dedu-

65 417 180 438 cuntur
198 403 410 446 praestationes
426 398 624 446 pe'rsonalesj
647 399 784 441 ipsaeque
802 398 884 431 inter
901 399 930 431 se

64 448 228 479 cohaerent
251 453 356 478 mutua
380 442 547 486 petitione.
571 442 752 486 igitur-'non
777 441 821 472 est
840 442 931 481 plena

65 489 236 527 sententia,
258 487 278 519 fi
304 488 342 518 de
359 486 532 526 qubusdam
550 482 801 523 praestationibus
815 483 930 521 J‘utlica-

63 530 110 562 vit
125 531 246 570 Judex3
271 530 310 560 de
327 526 512 568 quibusdam
531 535 607 556 non.
633 524 684 556 sed
702 523 747 556 est
771 525 864 564 plena
881 526 932 556 ad-

61 571 213 612 judicatio
231 579 352 607 rerurn3
369 569 389 600 fi
406 569 553 607 quasdam
572 566 763 608 generaliter
777 566 806 597 in
820 565 930 606 judici-

61 623 113 645 um
135 611 282 645 deductas
304 609 406 642 divisit
420 607 694 650 adjudicavitque:
717 606 781 640 aliis
795 606 931 639 indivifis

60 653 186 686 relictis.

720 733 1065 769 TITULUS

979 365 1085 388 autem
1102 357 1170 388 ille:
1194 359 1281 396 quod
1296 367 1353 397 per
1369 368 1435 389 eam
1454 358 1521 399 ipso
1535 359 1603 398 jure
1623 356 1725 390 statim
1743 356 1851 390 transst

972 397 1147 431 dominium
1164 398 1257 441 §.ula
1278 397 1349 438 lust.
1367 403 1399 429 de
1416 398 1487 440 offic.
1498 400 1592 441 judic.
1616 408 1688 432 cum
1707 398 1848 441 alioquin

972 440 1002 471 id
1019 438 1206 483 perhjudicis
1228 439 1413 470 sententiam
1432 450 1496 471 non
1519 438 1702 482 contingat:
1726 450 1760 472 ut
1774 438 1848 472 alibi

973 491 1092 512 monui.
1116 480 1195 511 alter
1214 479 1347 512 effectus
1366 481 1425 512 est:
1449 484 1535 520 quod
1553 481 1673 512 Praetor
1690 482 1847 523 adjudica·

975 522 1079 554 tiones
1105 530 1212 553 tuetur
1241 521 1418 553 aclionibus
1444 523 1472 552 ἀ
1499 522 1744 562 exceptionibus
1770 522 1850 556 datis

974 565 1049 603 Lim.
1066 563 1094 606 5.
1109 571 1132 593 1.
1151 562 1191 594 D.
1207 563 1235 594 h.
1253 568 1273 593 t.
1297 572 1333 593 ea
1349 573 1427 594 vero
1443 564 1482 594 de
1499 573 1532 594 re
1552 573 1590 594 an
1609 563 1724 604 aliquid
1741 564 1847 596 edixe-

974 605 1014 636 rit
1040 605 1180 642 Praetor,
1202 603 1385 637 non'ausim
1402 604 1518 636 dicere.
1543 612 1632 635 certe
1650 605 1771 638 nullum
1795 613 1848 638 ex·

975 655 1021 678 tat
1042 648 1108 687 eJ'us
1127 644 1301 686 vestigium.

1122 729 1193 763 ΙΙΙ.

775 808 932 843 Communi
947 805 1120 840 dividundo.

142 912 159 933 e
180 901 304 933 afflone
329 900 492 932 communi
515 897 692 931 dividundo
716 897 799 929 nulla
821 902 931 941 extant

156 942 303 974 Praetoris
320 943 425 973 verba.
448 940 539 973 fuisse
555 949 680 978 tamen,
703 938 868 980 probabile
886 937 931 968 est

57 996 98 1017 ex
116 984 204 1025 Gaji,
230 983 375 1024 Ulpiani,
401 984 430 1015 &
448 981 548 1020 Pauli,
577 980 773 1022 Fragmentis
797 979 850 1010 sub
867 979 930 1010 hoc

57 1027 184 1059 Titulo.
217 1025 370 1057 Confinxi
389 1034 450 1066 ego
471 1023 502 1055 id
519 1023 549 1054 in
569 1023 654 1054 hunc
672 1023 812 1054 modum.
852 1020 929 1051 Com-

59 1071 143 1101 muni
160 1068 319 1098 dividundo
328 1065 358 1104 fi
373 1074 477 1107 agetur
492 1068 569 1096 inter
584 1074 627 1095 eos
643 1065 746 1105 quihus
755 1073 799 1094 res
809 1071 930 1093 commu-

59 1120 109 1142 nes
125 1109 176 1150 effe
191 1111 347 1145 dicuntum
372 1109 514 1139 arbitrum
524 1108 593 1137 dabo
603 1130 612 1144 ‚
636 1107 718 1146 cnjus
732 1105 876 1136 arbitratu
887 1112 931 1134 res

59 1160 220 1183 communes
234 1151 425 1181 dividantur:
440 1151 525 1185 item,
535 1146 564 1186 fi
574 1148 644 1189 quid
655 1149 685 1177 in
703 1147 747 1177 his
765 1146 864 1176 damni
879 1147 928 1176 da-

61 1199 124 1225 tum
132 1191 288 1234 faftumve
303 1192 357 1222 erit
368 1214 377 1229 ,
387 1189 452 1228 five
466 1191 536 1231 quid
551 1198 579 1219 eo
589 1189 700 1218 nomine
716 1188 805 1218 alicui
820 1187 927 1224 aberit,

59 1241 113 1267 aut
128 1236 165 1265 ad
179 1243 244 1264 eum
256 1233 437 1273 pervenerit,
461 1239 495 1262 ut
508 1232 537 1261 id
551 1228 709 1274 praestetur.
742 1227 843 1260 Prima
862 1227 931 1259 Edi-

61 1276 102 1307 Cti
118 1276 215 1307 verba
231 1281 389 1306 mutuatus
405 1273 470 1304 sum
487 1282 527 1303 ex
538 1272 674 1302 Rubrica
692 1279 761 1310 quae
772 1269 833 1308 est,
850 1269 930 1300 Com-

60 1319 143 1348 muni
157 1317 324 1348 dividundo.
349 1313 480 1345 Caeteris
499 1312 602 1344 verbis
613 1321 800 1353 argumento
811 1310 854 1341 est
872 1310 890 1341 l.
904 1318 929 1341 1.

61 1369 90 1391 2.
110 1369 138 1400 3.
158 1359 176 1388 l.
194 1367 223 1396 4.
243 1356 270 1398 5.
287 1356 352 1397 3.h.
365 1362 386 1387 t.
399 1355 467 1396 53.
490 1352 559 1395 lnft.
579 1355 612 1384 de
624 1355 706 1392 obizg.
722 1361 785 1394 quae
799 1352 883 1394 quusi
896 1361 932 1381 ex

60 1398 186 1431 contra&
215 1398 242 1439 §.
259 1408 288 1438 5.
308 1395 379 1437 Inft.
399 1400 431 1426 de
447 1394 612 1437 ‹ffic.judic
639 1393 710 1436 &²§
737 1404 785 1425 20.
812 1391 882 1434 191-Ιί.
900 1394 933 1423 de

60 1441 165 1473 αὲἶὶοη.
193 1448 254 1470 nec
279 1438 378 1470 minus
405 1436 558 1475 Isidorus,
582 1437 628 1466 lib.
650 1447 677 1475 5.
704 1435 821 1476 Origin.
838 1445 860 1465 c.
882 1444 930 1474 25.

56 1490 89 1524 p.
100 1491 155 1522 931
169 1493 176 1513 :
194 1480 300 1511 Verba
312 1478 436 1513 lfidori:
451 1479 617 1509 Communis
632 1476 733 1513 divifio
742 1477 779 1518 esi
797 1480 872 1508 inter
889 1485 932 1507 eos

62 1518 166 1565 q'uivm
184 1522 340 1553 communis
356 1530 398 1551 res
422 1518 480 1558 esi3
505 1529 565 1561 quae
584 1517 655 1550 ustio
669 1518 749 1560 jubet
761 1517 933 1559 postulanti-

62 1567 114 1595 bus
130 1566 165 1594 iis
181 1565 320 1594 arbitrum
336 1563 418 1600 dari,
434 1561 515 1601 cujus
532 1562 673 1592 arbitratu
689 1570 733 1590 res
747 1561 931 1591 dividantur.

62 1604 197 1636 Restitui
215 1603 367 1635 Edictum.
390 1612 459 1642 quae
478 1604 542 1641 ejus
561 1601 667 1633 ratio?
690 1602 729 1632 de
746 1611 782 1632 ea
798 1601 838 1632 lic
858 1600 932 1631 Pau·

62 1647 112 1678 lus
130 1646 138 1676 l
169 1656 192 1677 1.
215 1645 240 1676 h.
260 1651 271 1675 τ
306 1644 456 1675 Communi
470 1644 628 1674 dividundo
639 1643 784 1684 judicium
809 1643 868 1673 ideo
884 1652 929 1672 ne-

65 1687 212 1728 ceffarium
223 1687 307 1725 fuit,
324 1687 453 1726 quodpro
462 1685 539 1721 socio
556 1684 628 1715 ustio
644 1686 736 1725 magis
754 1686 790 1716 ad
800 1684 930 1724 persona-

63 1727 102 1760 les
117 1729 242 1759 invicem
252 1726 443 1768 praestationes
456 1726 597 1766 pertinet,
620 1735 706 1766 quam
722 1727 758 1757 ad
780 1726 932 1756 communi-

65 1780 113 1801 um
138 1779 232 1800 rerum
257 1767 430 1807 divisionem.
457 1769 576 1809 denique
598 1764 681 1807 ceffat
698 1768 841 1798 communi
857 1767 930 1797 clivi-

65 1812 161 1842 dundo
179 1811 335 1851 judicium,
351 1809 380 1847 fi
395 1818 436 1839 res
453 1809 608 1839 communis
626 1818 682 1839 non
694 1807 744 1846 fit.
792 1808 931 1851 Quando

66 1853 95 1884 ὅ(
111 1852 192 1883 inter
210 1861 290 1891 quos
307 1851 375 1882 haec
394 1850 537 1881 obtineat
553 1849 650 1887 aetio,
676 1851 776 1889 prima
792 1849 931 1882 indicant

63 1892 167 1925 Ediffi
185 1894 297 1931 ver-ba,
314 1890 782 1932 Communidividzmdofingetur
797 1892 872 1922 inter
888 1900 930 1921 eos

63 1936 168 1976 quibus
182 1945 225 1964 res
240 1944 397 1965 communes
415 1933 465 1973 effe
481 1934 620 1963 dicentur.
651 1931 732 1963 Haec
748 1934 842 1964 verba
855 1957 864 1972 ,
884 1932 930 1963 In-

64 1984 108 2007 ter
123 1985 182 2013 eos,
209 1974 381 2013 evincunt,
403 1973 554 2013 judicium
579 1973 741 2005 communi
757 1974 931 2006 dividundo

63 2017 125 2049 ess'e
142 2017 280 2056 duplex,
302 2016 378 2047 ficut
394 2014 518 2046 familiae
543 2014 752 2055 ercistundae,
778 2017 806 2047 Gt
823 2015 931 2047 finium

61 2059 295 2100 regundorum,
317 2057 458 2089 actiones
482 2057 597 2088 eodem
619 2058 718 2088 modo
735 2056 818 2089 inter
835 2058 931 2088 cohe-

60 2103 154 2131 redes
178 2099 206 2130 Gt
230 2098 313 2130 inter
335 2098 481 2142 adfines,
502 2097 670 2139 propositae
694 2098 722 2140 §.
741 2108 765 2130 1.
792 2099 810 2129 l.
826 2109 853 2130 2.
869 2099 896 2129 h.
910 2105 931 2129 t.

63 2139 191 2172 obtinet
214 2139 308 2181 igitur
333 2140 401 2171 haec
424 2139 506 2171 aftio
532 2139 614 2171 inter
632 2149 687 2171 eos
703 2163 714 2179 ‚
744 2141 858 2179 quibus
881 2149 930 2171 res

64 2191 250 2226 commun-es
265 2181 326 2213 ess'e
345 2181 507 2213 dicentur:
524 2181 552 2212 Gt
572 2179 644 2221 quia
655 2180 835 2221 simpliciter
852 2180 930 2212 Prte-

63 2232 115 2255 tor
133 2224 292 2263 loquitur3
316 2223 441 2263 placet,
465 2232 532 2254 eam
559 2222 640 2261 dari,
664 2222 718 2254 etsi
737 2233 801 2254 non
818 2232 930 2254 omnes

60 2271 133 2296 'eam
152 2270 263 2305 petant
279 2265 297 2294 l.
319 2268 345 2298 8.
366 2265 391 2294 b.
409 2269 430 2295 t.
453 2262 518 2294 imo
536 2262 733 2304 Pomponius
756 2266 838 2305 apud
858 2264 931 2295 Pau·

62 2307 127 2348 lum
143 2307 161 2337 l.
180 2315 218 2341 29
247 2305 275 2347 §.
295 2315 320 2337 1.
340 2305 367 2336 h.
384 2311 404 2336 i.
429 2303 562 2345 scripsit,
579 2305 661 2341 Posci
671 2306 816 2347 judicium
827 2306 901 2346 poffe
915 2316 933 2337 a

58 2348 182 2389 ,quolibet
193 2347 358 2386 sociorum:
375 2346 403 2377 &
423 2346 529 2386 addit,
546 2346 601 2377 Sed
617 2345 736 2383 etiamsi
750 2357 827 2378 unus
840 2357 877 2379 ex
887 2353 932 2386 so-

63 2389 115 2419 ciis
130 2394 229 2420 mutus
243 2389 313 2424 erit,
330 2386 403 2418 γεὲἶε
418 2397 482 2418 cum
494 2398 521 2418 eo
540 2389 681 2418 communi
698 2384 860 2419 dividundb
876 2389 934 2430 agi.

62 2429 229 2462 Florentiae
262 2429 365 2460 editur
384 2452 393 2467 ,
425 2435 533 2459 mutus.
563 2429 677 2460 eodem
702 2431 801 2461 modo
825 2430 935 2471 legunt

62 2469 169 2503 Graeci
179 2471 209 2502 in
219 2469 333 2508 Bafilic.
342 2471 388 2501 lib.
404 2471 503 2502 miii
518 2480 544 2501 2.
562 2470 613 2501 sed
625 2480 701 2511 pro,
719 2477 833 2509 mutus,
851 2473 934 2512 apud

62 2512 244 2544 Accurfium
255 2512 298 2542 est
309 2536 318 2551 ,
334 2513 455 2543 invitus.
478 2510 630 2543 Russardo
646 2512 768 2552 placet,
785 2512 935 2552 praeferre

66 2551 282 2584 Florentinam
294 2552 463 2585 lectionem
475 2576 484 2592 ,
494 2561 611 2584 murus:
627 2562 660 2583 ut
676 2553 702 2584 is
714 2554 795 2592 quafi
807 2564 845 2585 ex
856 2563 934 2585 con·

64 2594 164 2625 traCtu
188 2601 351 2632 teneatur,
376 2595 526 2635 exemplo
552 2593 662 2634 pupilli
679 2595 708 2626 δι
725 2595 831 2626 furiosi
849 2596 867 2626 l.
884 2599 933 2632 46.

64 2635 106 2666 D.
126 2637 159 2664 cie
175 2635 255 2676 oblig.
275 2633 310 2668 ἐξ
326 2635 382 2666 aet.
407 2633 482 2667 Non
501 2636 601 2675 male3
618 2636 672 2666 etli
690 2636 796 2677 potest
815 2638 842 2668 ὅ(
857 2638 935 2667 invi-

64 2683 111 2707 tus
128 2676 232 2707 valere
245 2698 253 2712 ‚
271 2684 311 2719 ut·
321 2674 350 2707 in
367 2676 386 2706 l.
406 2686 455 2717 43.
473 2677 513 2707 D.
533 2677 634 2708 Fumil.
653 2679 747 2714 ercisc.
772 2677 934 2719 Singulare

61 2718 110 2757 jus
128 2717 171 2747 est
188 2716 217 2747 in
237 2716 392 2750 vestibulo
408 2718 568 2749 communi
588 2720 717 2749 duarum
737 2718 870 2751 aedium:
889 2718 933 2750 in-

64 2758 250 2789 tercedente
266 2756 412 2789 adversus
423 2758 603 2791 divifionem
623 2761 823 2792 neceffitate:
841 2770 934 2800 quam

62 2799 211 2830 observat
228 2798 340 2830 Paulus
357 2799 374 2828 l.
390 2808 433 2834 19-
450 2797 478 2839 §.
491 2809 516 2831 1.
534 2801 560 2831 b.
576 2806 596 2831 t.
618 2800 664 2832 his
681 2802 796 2833 verbis.
824 2802 869 2832 De
886 2811 934 2832 ve-

56 2839 165 2881 stibulo
181 2840 324 2871 communi
341 2840 474 2869 binarum
490 2842 595 2871 tedium
611 2843 717 2873 arbiter
732 2845 876 2874 communi
891 2845 934 2873 di-

63 2883 192 2912 vidzirzdo
215 2881 309 2911 invito
326 2881 457 2911 utrolibet
474 2883 537 2911 dari
559 2891 615 2913 non
632 2885 727 2915 dehet.-
749 2886 818 2926 quia
834 2886 885 2926 qui
902 2886 935 2914 de

65 2921 203 2963 vestibulo
218 2921 297 2952 liceri
306 2922 419 2963 cogitur
429 2946 438 2960 ‚
450 2921 552 2962 neceffe
560 2924 640 2954 habet
655 2926 798 2956 interdum
807 2932 936 2957 totarum

64 2966 169 2995 tedium
178 2964 305 3003 pretium
314 2963 434 3002 facere,
458 2961 480 3000 si
492 2963 565 2994 alias
579 2966 691 2996 aditum
707 2976 763 2997 non
781 2968 873 2998 habet.

106 3004 236 3037 Deinde
252 3004 295 3034 ait
314 3004 452 3042 Praetor,
469 3004 583 3048 Quibus
596 3016 639 3035 res
654 3014 810 3039 communes
826 3008 876 3049 effe
892 3008 935 3038 di-

65 3053 176 3078 centur.
222 3046 307 3090 Cum⁸
321 3044 382 3084 ait,
406 3045 653 3090 Res‚'intelligit
669 3050 851 3088 corporales
869 3058 935 3079 tan-

67 3098 154 3125 tum3
177 3097 241 3119 non
266 3094 361 3118 etiam
387 3086 609 3119 hereditatem.
645 3089 764 3121 Auctor
783 3090 935 3130 Ulpianus

65 3131 83 3161 l.
95 3140 124 3169 4.
135 3131 161 3160 h.
173 3136 195 3161 t.
216 3129 271 3160 Per
287 3128 484 3170 hocjztdicium
495 3151 504 3166 ,
519 3130 664 3168 inquiens
674 3153 683 3167 ,
697 3133 882 3170 corporalium
896 3140 935 3162 re-

64 3173 131 3202 rum
147 3170 180 3207 fit
196 3168 315 3208 divilr'O,
339 3179 464 3210 quarum
488 3179 584 3200 rerum
607 3172 764 3202 dominium
782 3173 934 3211 habemus,

65 3222 122 3243 norz
139 3213 223 3242 etiam
237 3212 411 3243 hereditatis.
438 3210 578 3242 Veniunt
593 3211 686 3252 igitur
701 3211 730 3242 in
750 3213 812 3243 hoc
824 3213 934 3254 judici-

62 3263 115 3287 um
133 3262 181 3286 res
190 3252 376 3294 fingulares:
392 3262 463 3285 nam
481 3252 528 3284 hae
547 3252 615 3285 sunt
627 3254 820 3295 corporales.
844 3255 931 3288 here-

974 893 1079 926 ditatis
1091 892 1202 925 divisio
1211 902 1275 924 non
1286 893 1374 924 venit
1384 904 1394 933 ;
1409 893 1465 927 etfi
1475 897 1578 926 rerum
1589 892 1850 926 hereditariarum

974 934 1084 967 divisio
1103 936 1162 966 hac
1177 934 1302 966 afflone
1323 934 1395 974 fiat,
1413 945 1486 968 ante
1503 935 1585 967 faeta
1605 934 1787 967 hereditatis
1804 934 1849 966 di-

974 976 1104 1008 visione.
1114 986 1185 1008 nam
1195 975 1353 1008 hereditas
1364 976 1596 1009 universitatem
1607 975 1767 1019 significat:
1779 983 1850 1017 quae

973 1018 1069 1050 semel
1087 1018 1198 1056 divisa,
1222 1017 1331 1049 desinit
1347 1017 1409 1050 esse
1427 1018 1628 1058 universitas;
1653 1028 1713 1050 nec
1731 1017 1850 1050 deinde

973 1060 1108 1101 amplius
1134 1058 1294 1091 dividitur.
1318 1059 1360 1090 ita
1386 1060 1490 1101 potest
1508 1060 1633 1092 lamiliae
1659 1059 1851 1091 erciscundae

971 1100 1123 1142 judicium
1146 1101 1242 1133 semel
1258 1100 1398 1139 intendi,
1422 1101 1531 1143 stepius
1549 1111 1613 1133 non
1634 1100 1755 1142 potest:
1780 1101 1809 1131 &
1828 1100 1849 1132 st

974 1143 1048 1184 quid
1074 1142 1234 1175 indivisum
1259 1143 1393 1183 mansit3
1417 1144 1515 1175 debet
1540 1143 1662 1176 intendi
1686 1139 1853 1175 communi

973 1184 1148 1217 dividundo
1171 1183 1331 1225 judicium.
1370 1194 1477 1225 eoque
1501 1184 1596 1216 toties
1630 1194 1723 1226 agere
1754 1183 1850 1222 licet,

973 1225 1101 1266 quoties
1118 1235 1165 1258 res
1182 1225 1361 1257 communis
1380 1225 1498 1263 petitur
1515 1225 1629 1265 dividi,
1645 1226 1745 1257 modo
1761 1226 1850 1264 haec,

975 1270 1074 1299 modo
1091 1267 1156 1299 alia.
1178 1268 1243 1298 hoc
1260 1266 1362 1298 voluit
1379 1267 1533 1308 Ulpianus
1548 1269 1575 1298 d.
1592 1268 1612 1299 l.
1630 1278 1657 1306 4.
1673 1266 1804 1308 pr.&§.
1821 1276 1849 1299 2.

976 1310 1005 1340 ἃ
1023 1309 1068 1340 est
1084 1308 1113 1340 in
1134 1307 1182 1341 his
1197 1308 1360 1339 confusio:
1378 1309 1595 1350 imprudenter
1613 1307 1763 1339 infarcito
1779 1308 1809 1350 §.
1824 1316 1849 1339 1.

976 1351 1004 1381 ὅ(
1026 1351 1084 1382 hac
1101 1350 1233 1381 clausula
1251 1351 1277 1380 d.
1292 1349 1320 1392 5.
1332 1360 1359 1382 2.
1385 1351 1450 1382 Hoc
1466 1351 1612 1391 judicium
1626 1348 1783 1388 honaefidei
1799 1347 1850 1389 est.

976 1402 1040 1424 non
1058 1391 1142 1423 enim
1161 1391 1325 1423 cohaerent
1343 1393 1425 1424 bene
1441 1391 1636 1423 intermedia.
1674 1390 1729 1422 Est
1745 1400 1852 1422 tamen

977 1434 1046 1465 haec
1069 1433 1215 1465 confusio
1240 1433 1278 1464 ab
1301 1432 1367 1473 ipso
1392 1434 1545 1474 Ulpiano:
1568 1443 1628 1464 nec
1647 1433 1744 1464 debet
1761 1430 1852 1469 tolli,

976 1475 1029 1507 nifi
1057 1474 1232 1507 intellectu.
1266 1483 1363 1513 quare
1387 1475 1429 1507 fic
1455 1474 1639 1515 accipienda
1665 1485 1714 1506 res
1731 1497 1742 1513 ,
1774 1483 1810 1504 ac
1828 1472 1851 1505 fi

976 1516 1137 1556 scripsisset
1161 1514 1334 1557 Ulpianus:
1358 1516 1419 1548 Per
1438 1516 1504 1547 hoc
1518 1515 1669 1555 judicium
1687 1515 1722 1546 fit
1739 1514 1852 1546 divisio

976 1568 1079 1589 rerum
1097 1557 1329 1598 corporalium,
1347 1567 1477 1597 quarum
1488 1567 1592 1588 rerum
1611 1555 1785 1588 dominium
1797 1556 1852 1587 ha-

975 1600 1104 1631 bemus:
1129 1608 1192 1630 non
1218 1598 1311 1630 etiam
1341 1598 1535 1631 hereditatis.
1560 1608 1658 1639 usque
1683 1598 1791 1635 adeo;
1816 1605 1852 1629 ut

976 1641 1035 1672 hac
1063 1640 1177 1679 divisa,
1198 1639 1219 1671 si
1245 1648 1305 1671 una
1329 1651 1378 1672 res
1396 1641 1431 1671 fit
1449 1639 1578 1671 indivisa
1596 1639 1720 1677 relista3
1746 1639 1852 1671 valeat

974 1681 1180 1714 nihilominus
1198 1691 1382 1712 caeterarum
1403 1681 1529 1713 divisio:
1553 1681 1582 1712 ἃ
1607 1682 1646 1712 de
1662 1690 1697 1711 ea
1716 1690 1785 1721 qua?
1806 1680 1853 1711 in-

976 1723 1068 1755 divisa
1092 1722 1222 1761 manfit,
1246 1723 1361 1755 debeat
1382 1723 1443 1763 jam
1469 1723 1517 1764 agi
1544 1722 1668 1754 actione
1685 1720 1852 1765 communi
1879 1754 1881 1757 ,

975 1765 1160 1796 dividundo.
1196 1765 1394 1804 Frequentes
1411 1764 1478 1796 sunt
1496 1763 1673 1805 hujusmodi
1691 1763 1854 1795 confusio*
1875 1763 1884 1769 ”

974 1817 1031 1838 nes
1057 1805 1087 1838 in
1111 1805 1232 1847 scriptis
1251 1806 1416 1838 Veterum.
1463 1804 1635 1837 Obscrvavi
1654 1805 1729 1836 duas
1753 1805 1792 1836 lib
1819 1815 1852 1837 2.

975 1849 1095 1888 Observ.
1115 1858 1138 1880 c.
1155 1851 1202 1879 26.
1226 1847 1302 1880 item
1321 1847 1411 1879 aliam
1429 1848 1517 1888 supra
1533 1847 1563 1878 in
1580 1848 1599 1878 l.
1617 1847 1669 1878 ult¹
1691 1846 1730 1878 D.
1741 1847 1853 1877 deaii&-

972 1896 1034 1921 nat.
1046 1890 1142 1931 judic.
1154 1895 1226 1920 mut.
1238 1889 1396 1929 musfa&
1422 1891 1451 1920 ἀ
1468 1887 1541 1920 alibi
1556 1887 1638 1920 alias.
1665 1888 1786 1921 Verum
1803 1898 1852 1919 re*

973 1940 1084 1962 vertor
1101 1933 1140 1962 ad
1159 1932 1168 1961 l
1195 1941 1223 1970 4.
1240 1932 1267 1961 b.
1282 1938 1301 1961 c.
1328 1930 1457 1962 Dictum
1474 1929 1537 1969 ibi,
1554 1931 1642 1970 quod
1659 1939 1715 1970 per
1730 1929 1853 1970 hocjud·

974 1972 1089 2004 dicium
1108 1972 1143 2003 fit
1156 1971 1379 2004 divisior-erum
1396 1971 1611 2012 corporalium
1647 1971 1724 2002 lnde
1740 1974 1780 2003 de
1797 1981 1854 2012 pu-

976 2023 1031 2046 teo
1049 2013 1200 2055 quaeritur
1216 2013 1246 2044 in
1264 2013 1291 2055 5.
1314 2022 1337 2044 1.
1355 2014 1385 2044 ἃ.
1400 2012 1575 2053 Ulpianus,
1603 2013 1721 2044 Melam
1739 2013 1855 2053 sequu-

976 2064 1043 2095 tus,
1068 2055 1127 2094 ait,
1154 2055 1205 2086 vel
1226 2056 1266 2085 de
1289 2064 1330 2086 eo
1354 2054 1402 2096 agi
1426 2054 1532 2096 poffe:
1555 2053 1610 2086 etfi
1627 2064 1691 2086 non
1709 2054 1852 2095 semper;

974 2098 1026 2128 sed
1052 2097 1072 2128 fi
1096 2097 1195 2128 solum
1220 2105 1392 2128 commune
1411 2095 1457 2128 sit.
1480 2095 1573 2136 quid,
1597 2095 1618 2127 fi
1638 2105 1716 2127 unus
1736 2095 1854 2127 habeat

976 2137 1065 2180 putei
1089 2137 1340 2179 proprietatem3
1363 2138 1443 2169 alter
1466 2147 1554 2177 aquae
1579 2137 1721 2169 haustum
1739 2147 1779 2168 ex
1796 2146 1854 2177 pu-

976 2181 1056 2212 teo?
1080 2189 1145 2211 non
1169 2178 1213 2210 est
1240 2188 1413 2210 commune
1437 2179 1555 2216 solum,
1579 2188 1640 2210 nec
1665 2177 1854 2210 communio

971 2221 1056 2262 juris.
1081 2231 1144 2252 non
1170 2220 1254 2251 enirn
1279 2220 1384 2252 habeo
1409 2230 1499 2261 aquae
1525 2219 1666 2252 haustum
1694 2220 1723 2251 in
1749 2228 1852 2260 puteo

976 2272 1071 2302 meo;
1088 2272 1150 2294 non
1167 2262 1287 2293 habens
1303 2262 1346 2293 rei
1359 2272 1436 2294 meae
1452 2261 1646 2293 servitutem.
1663 2261 1739 2292 nihil
1755 2261 1851 2303 igitur

977 2303 1022 2336 est
1036 2304 1118 2335 inter
1134 2313 1192 2335 nos
1210 2313 1399 2343 commune,
1416 2304 1444 2335 ἀ
1462 2303 1536 2334 ideo
1553 2302 1650 2334 cessat
1664 2301 1746 2333 actio
1762 2312 1852 2335 com-⁴

977 2345 1063 2377 muni
1081 2345 1267 2377 dividundo.
1301 2344 1332 2376 Si
1349 2353 1454 2376 tamen
1470 2344 1690 2384 aquaedustuS‚
1714 2353 1731 2374 a
1748 2343 1853 2376 fundo

978 2388 1153 2428 separatus,
1177 2395 1211 2418 ut
1226 2385 1293 2418 fieri
1311 2385 1433 2427 potest,
1450 2385 1583 2425 plurium
1603 2384 1781 2417 communis
1796 2385 1853 2425 fit;

979 2428 1116 2468 placuit,
1140 2428 1233 2459 etiam
1256 2437 1329 2459 eum
1347 2426 1377 2458 in
1399 2426 1475 2458 utile
1495 2425 1657 2458 communi
1675 2426 1853 2459 dividundo

975 2469 1129 2511 judicium
1148 2469 1276 2508 venire3
1301 2477 1335 2499 ut
1352 2469 1492 2500 mensura
1504 2491 1513 2506 ,
1538 2477 1591 2499 aut
1609 2476 1754 2507 tempore
1772 2469 1852 2501 divi-

980 2513 1072 2543 datur
1089 2512 1107 2542 l.
1128 2521 1173 2547 19.
1186 2511 1212 2552 5.
1224 2511 1287 2542 2.h.
1303 2517 1324 2540 t.
1347 2509 1443 2549 idque
1460 2509 1552 2541 etiarn
1569 2509 1599 2541 in
1620 2509 1780 2542 usufructu
1799 2510 1854 2551 qui

979 2562 1071 2591 aeque
1087 2551 1296 2592 incorporalis
1315 2550 1377 2588 est,
1394 2551 1578 2582 observatur
1592 2551 1611 2582 l.
1631 2561 1658 2592 7.
1676 2550 1704 2593 5.
1720 2561 1767 2583 10.
1785 2553 1814 2585 h.
1832 2558 1853 2584 t.

1020 2594 1100 2632 Sed,
1127 2603 1160 2625 ut
1178 2601 1328 2634 apparet,
1346 2591 1503 2633 competit
1524 2592 1607 2624 aetio
1623 2592 1789 2625 communi
1806 2593 1853 2625 di-

980 2634 1123 2667 vidundo
1142 2659 1151 2674 ,
1183 2635 1202 2666 fi
1227 2644 1276 2665 res
1302 2643 1489 2666 communes
1512 2633 1578 2665 fint.
1604 2643 1665 2665 nec
1692 2634 1853 2676 distinguit

976 2676 1118 2716 Praetor,
1143 2676 1309 2717 quomodo
1335 2674 1392 2706 fint
1416 2685 1627 2707 communes:
1650 2685 1754 2707 utrum
1780 2685 1854 2706 cum

977 2719 1029 2750 soc
1043 2727 1147 2758 etate,
1169 2727 1206 2748 an
1232 2717 1294 2748 sine
1318 2715 1479 2748 societate.
1504 2725 1642 2757 utroque
1664 2716 1758 2758 igitur
1780 2718 1850 2747 casu

978 2761 1069 2791 locus
1093 2758 1137 2790 est
1161 2757 1278 2789 actioni
1305 2757 1465 2789 communi
1492 2757 1667 2790 dividundo
1690 2760 1709 2789 l.
1733 2768 1756 2789 1.
1780 2759 1806 2788 h.
1826 2764 1849 2787 t.

979 2801 1061 2832 Cum
1078 2799 1230 2830 socictate
1246 2809 1294 2831 res
1311 2798 1486 2830 communis
1504 2799 1565 2831 est:
1582 2800 1679 2830 veluti
1695 2799 1776 2830 inter
1792 2807 1850 2828 cos

979 2842 1031 2882 qui
1050 2841 1167 2881 pariter
1191 2841 1334 2872 eamdem
1352 2851 1416 2872 rem
1434 2849 1596 2873 emerunt:
1618 2841 1681 2872 fine
1698 2839 1851 2870 societate

979 2881 1157 2914 communis
1174 2881 1236 2920 est,
1252 2880 1350 2914 veluti
1369 2881 1451 2914 inter
1468 2893 1524 2914 eos
1541 2881 1654 2922 quibus
1670 2881 1781 2913 eadem
1799 2889 1849 2911 res

979 2926 1170 2955 testamento
1187 2923 1287 2964 legata
1303 2923 1346 2954 est
1362 2924 1380 2955 l.
1398 2934 1423 2955 2.
1442 2925 1469 2955 b.
1484 2930 1504 2955 t.
1646 2960 1652 2966 .

1019 2964 1224 3006 Datur-igitur
1234 2964 1396 2997 communi
1411 2964 1587 2997 dividundo
1596 2962 1676 2993 acuo
1693 2960 1775 2992 inter
1791 2967 1851 3007 eos

979 3006 1094 3047 quibus
1109 3015 1156 3037 res
1173 3015 1359 3038 communes
1376 3006 1453 3038 sunt.
1481 3007 1557 3037 tales
1578 3012 1653 3033 vero
1670 3002 1732 3033 effe
1749 3004 1851 3035 dorm-

977 3057 1036 3078 nos
1054 3056 1155 3079 rerum
1176 3047 1393 3079 communium
1405 3072 1413 3085 ,
1438 3046 1560 3087 optime
1576 3043 1723 3075 observat
1741 3042 1851 3084 Ulpia>-

978 3099 1034 3121 nus
1049 3089 1068 3120 l.
1078 3099 1106 3128 4.
1122 3089 1148 3120 h.
1160 3095 1181 3120 t.
1207 3099 1278 3121 nam
1297 3089 1327 3121 hi
1344 3089 1470 3130 poss'unt
1486 3096 1550 3118 rem
1569 3094 1772 3130 communem
1790 3090 1849 3125 pro

977 3138 1064 3170 parte
1081 3130 1249 3162 vindicare.
1272 3131 1303 3162 id
1317 3140 1394 3162 vero
1412 3130 1476 3166 est3
1494 3135 1657 3158 commum
1672 3128 1849 3159 dividundo

975 3181 1084 3213 agere:
1111 3181 1182 3204 cum
1199 3182 1235 3204 ea
1256 3171 1380 3204 actione
1403 3169 1535 3209 quisque
1560 3177 1626 3199 rem
1645 3169 1852 3200 communem

976 3221 1034 3254 pro
1058 3221 1147 3254 parte
1171 3213 1252 3245 suam
1278 3213 1339 3244 effe
1363 3211 1465 3248 dicat;
1490 3219 1593 3241 utrum
1611 3218 1716 3241 autem
1736 3209 1851 3241 habea't

973 3254 1149 3328 dominiZm
1163 3255 1232 3294 jure
1243 3253 1343 3286 civili:
1358 3262 1395 3283 an
1410 3253 1459 3291 jus
1474 3250 1607 3293 aliquod
1618 3250 1762 3284 dominio
1777 3258 1853 3294 proj-

1132 3306 1150 3327 a
1173 3306 1192 3337 3
1806 3300 1852 3325 8⁶1·
