2036 3495
447 193 815 250 LIBER
897 198 1520 253 SEPTIMUS.

1816 119 1881 164 163

755 321 1105 359 Tri-Utus
1164 324 1191 359 Ι.

518 398 568 434 De
587 395 747 444 usufructu
764 395 805 437 δέ’
822 399 1071 444 quemadmodum
1087 400 1154 446 quis
1170 407 1278 435 utatur
1284 402 1435 447 fruatur.

82 500 163 549 2⁶:23&
175 495 378 547 ffssxpossta
397 494 650 537 superiorelibro
670 494 888 527 vindicatione
909 495 952 527 rei

82 549 123 594 ᾖ
215 549 255 594 39
271 538 464 577 corporalis,
475 537 588 567 tradita
599 536 663 567 hoc
674 536 702 567 ἃ
721 537 872 576 sequente
890 537 952 568 fuit

151 572 179 604 Ε
268 579 349 610 actio
367 587 428 619 qua
446 576 632 615 servitutes,
650 578 680 608 id
699 577 763 615 est,
783 588 832 611 res
849 579 952 610 incor-

216 598 253 642 ἦ
267 619 409 660 porales,
428 620 639 651 vindicantur.
665 628 700 649 ea
719 618 800 650 actio
818 627 951 651 vocatur

83 641 254 692 ᾆδῖσῇξῗῧῆ
266 658 478 700 confessoria3
497 660 640 692 distinsta
654 670 669 691 a
683 661 856 701 negatoria.
878 661 954 692 alte-

82 714 116 739 ra
136 706 227 737 datur
242 703 472 741 contendenti,
490 701 672 734 servitutem
692 701 745 733 fibi
763 701 859 733 suove
876 710 953 742 prae—

83 748 139 779 dio
163 752 366 784 competere:
388 745 485 775 altera
508 744 598 774 datur
622 743 755 774 domino
782 744 834 784 qui
861 749 955 789 negat

82 788 136 820 l.2.
153 787 196 818 D.
213 786 358 825 Siservit.
375 787 486 816 vindic.
511 784 590 816 Usus
609 786 773 824 utriusque
790 792 824 815 ut
841 785 953 816 intelli-

81 837 191 871 gatur,
215 827 306 858 altius
330 827 505 864 repetenda
532 836 580 858 res
604 825 686 858 fuit:
709 825 802 857 initio
827 825 913 857 facto
938 834 954 855 a

81 869 272 902 definitione
290 867 319 898 &
336 867 490 900 divisione
507 867 674 899 servitutis.
887 908 893 913 .

123 910 170 942 Ea
187 909 319 941 servitus
339 908 403 947 est,
420 909 468 949 jus
488 910 518 940 in
537 918 569 940 re
585 909 705 946 aliena,
724 918 789 949 quo
807 908 953 940 dominus

81 953 122 985 ad
135 952 263 983 alterius
280 954 488 982 commodum
503 950 533 981 in
550 960 583 981 re
603 949 653 980 sua
668 950 783 996 aliquid
798 951 879 989 pati,
903 956 956 980 aut

81 1003 148 1027 non
171 992 297 1030 facere,
320 993 457 1031 cogitur.
501 992 640 1024 Primum
662 992 746 1029 dixi,
772 991 955 1022 servitutem

82 1034 145 1067 esse
159 1035 222 1074 jus:
238 1044 278 1065 eo
295 1036 381 1074 quod
393 1043 505 1065 omnes
523 1032 688 1064 servitutes
705 1032 810 1073 paffim
824 1032 889 1072 Jura
906 1041 956 1072 ap-

81 1077 259 1118 pellantur:
283 1082 318 1107 ut
341 1074 372 1106 in
399 1075 474 1105 loco
499 1074 671 1115 apparebit.
708 1073 762 1113 Jus
779 1083 875 1113 porro
892 1073 955 1111 est,

82 1117 218 1149 facultas
237 1117 305 1157 jure
323 1115 486 1148 concess'a:
510 1125 544 1147 ut
559 1115 630 1146 alibi
651 1115 759 1155 saepius
777 1114 954 1146 observavi.

83 1158 200 1191 dicitur
210 1167 313 1189 autem
324 1157 456 1188 servitus
470 1158 518 1197 jus
535 1156 675 1197 respectu
692 1157 775 1196 ejus,
793 1157 843 1187 cui
860 1156 955 1187 debe-

84 1208 153 1231 tur:
177 1209 247 1231 nam
272 1199 360 1239 hujus
380 1199 429 1238 J'us
451 1206 581 1239 augetur
597 1199 768 1229 constituta
786 1196 954 1244 servitute:

83 1248 116 1273 at
142 1239 285 1282 respectu
312 1241 377 1279 ejus
404 1240 455 1279 qui
482 1240 665 1270 lervitutem
690 1239 805 1277 debet,
830 1247 956 1278 nonJus

85 1283 149 1321 est,
168 1281 219 1313 sed
232 1282 306 1322 Juris
323 1281 499 1312 deminutio
518 1281 536 1310 l.
549 1291 579 1320 5.
600 1279 626 1321 §.
646 1289 674 1316 9.
695 1279 736 1310 D.
753 1282 787 1310 de
801 1281 870 1323 nov—i
884 1287 955 1319 oper.

82 1323 216 1355 nunciat.
247 1323 374 1362 cogitur
397 1323 481 1354 enim
508 1321 531 1353 is
546 1344 556 1360 ,
585 1321 756 1352 constituta
785 1319 954 1366 servitute,

83 1366 150 1405 pati
166 1371 218 1395 aut
234 1373 298 1394 non
315 1362 441 1400 facere,
465 1363 503 1394 acl
520 1363 607 1402 quod
626 1371 662 1392 ea
679 1371 743 1392 non
760 1361 953 1401 constituta,

81 1415 148 1438 non
161 1412 332 1436 teneretur.
354 1402 481 1435 Deinde
500 1403 583 1443 dixi,
601 1404 688 1444 quod
705 1403 834 1435 servitus
849 1402 894 1434 est
904 1404 955 1444 jus

83 1448 116 1478 in
135 1456 173 1478 re.
193 1445 338 1485 Nempe,
352 1446 423 1485 quia
434 1444 564 1477 servitus
583 1444 769 1485 estqualitas
788 1443 879 1485 ipsius
890 1446 954 1484 rei3

83 1497 150 1520 non
169 1487 310 1528 personae
328 1487 414 1526 cujus
430 1496 477 1518 res
494 1486 557 1517 est:
573 1485 711 1526 ideoque
730 1495 798 1517 eam
818 1495 880 1532 non
900 1486 954 1517 ho·

83 1538 140 1562 mo
153 1551 161 1567 ,
180 1528 230 1560 sed
245 1538 312 1567 res,
331 1529 449 1565 debet;
466 1536 525 1558 nec
534 1529 688 1558 amittitur
706 1527 837 1558 dominu
855 1535 955 1558 muta-

84 1571 174 1601 tione
199 1571 216 1601 l.
243 1578 288 1605 19.
317 1569 357 1600 D.
384 1568 474 1613 Qgiih.
498 1570 570 1600 mod.
588 1568 801 1607 ususfr.anzz'ii.
819 1568 956 1609 denique

85 1611 220 1642 domino
236 1611 311 1642 licet
328 1619 392 1641 rem
409 1611 628 1649 derelinquere
643 1609 701 1640 l.6.
723 1608 749 1650 §.
769 1619 795 1640 2.
812 1609 848 1644 69⁹
865 1620 893 1651 3.
914 1609 956 1640 D.

88 1652 235 1692 Siservit.
252 1651 360 1682 vindic.
370 1659 424 1682 aut
439 1652 592 1689 alienare3
611 1651 640 1682 ἃ,
660 1651 839 1682 derelictam
856 1660 908 1682 aut
925 1660 955 1685 a·

87 1694 237 1726 lienatam
262 1691 400 1732 sequitur
425 1691 571 1730 servitus,
595 1693 633 1722 ad
650 1700 885 1732 quemcumque
902 1693 955 1723 de-

87 1735 224 1766 venerit.
242 1733 260 1763 l.
274 1742 320 1764 12.
337 1732 378 1763 D.
397 1733 542 1764 Comniun.
553 1734 682 1772 predior.
700 1733 720 1764 l.
737 1737 788 1774 36,
802 1733 842 1765 D.
861 1735 893 1764 de
896 1734 958 1774 ser-

88 1773 348 1816 vit.prced.ruflic.
368 1773 523 1805 Praeterea
540 1773 621 1812 dixi,
635 1774 817 1806 servitutem
835 1774 896 1806 effe
909 1776 957 1816 jus

86 1817 120 1849 in
136 1826 166 1847 re
182 1816 294 1847 aliena:
319 1814 466 1856 sequutus
490 1816 618 1847 Paulum
637 1817 687 1854 qui
714 1816 743 1847 in
763 1815 781 1846 i.
801 1819 847 1847 26.
865 1816 906 1847 D.
926 1819 959 1848 de

79 1858 188 1900 servit.
201 1857 291 1897 praed.
302 1857 361 1887 urb.
381 1856 572 1895 confitetur,
590 1856 664 1887 nulli
684 1866 747 1888 rem
765 1856 847 1889 suam
866 1857 956 1889 servi-

86 1908 131 1931 re.
149 1900 193 1929 ita
207 1899 237 1930 in
255 1907 288 1929 re
306 1897 355 1928 sua
367 1906 419 1929 aut
434 1897 463 1929 in
480 1897 582 1929 fundo
600 1896 728 1937 suojure
739 1897 896 1931 servitutis
914 1899 958 1931 nil

87 1939 169 1971 facit
184 1939 349 1970 dominus:
366 1945 478 1971 contra
495 1940 593 1970 utitur
609 1939 637 1969 ἃ
649 1938 763 1971 fruitur
774 1949 808 1971 re
827 1939 875 1971 sua
888 1941 957 1981 jure

88 1981 240 2012 dominii:
264 1980 445 2021 magisque,
468 1979 489 2011 fi
512 1981 541 2011 in
560 1989 596 2010 ea
615 1980 690 2020 quid
710 1980 805 2019 facit,
830 1981 957 2013 libertas

86 2021 272 2062 appellatur.
294 2020 390 2052 Addit
406 2020 569 2053 definitio:
590 2020 656 2064 Quo
667 2023 957 2061 dominus,adalierz'-

89 2072 124 2094 us
141 2063 314 2094 commodum
323 2062 355 2093 in
370 2063 460 2104 resim
474 2062 585 2104 aliquid
588 2065 656 2103 pati
672 2069 725 2094 aut
734 2064 895 2104 nonfacere
912 2075 955 2097 co-

83 600 124 644 ’ἄν

725 2146 1080 2186 T1T11tus

992 496 1087 538 gitur.
1105 493 1265 528 Definitio
1283 498 1368 537 vult,
1387 498 1569 533 servitutem
1587 500 1669 535 finiri
1682 503 1820 536 utilitate
1834 500 1877 536 3Ῑὲ

995 537 1091 569 terius
1109 537 1173 568 five
1194 538 1350 578 hominis,
1369 538 1431 572 slve
1448 543 1574 581 praedii:
1597 545 1738 585 alioquin
1756 546 1873 577 nullam

994 578 1067 610 effe.
1087 578 1116 610 δι
1135 579 1218 609 clara
1235 581 1375 612 ratione:
1398 591 1434 612 ea
1452 584 1533 613 ratio
1552 584 1616 623 est,
1643 588 1730 625 quod
1746 597 1810 618 non
1829 587 1875 618 est

997 620 1088 652 alicui
1100 621 1347 660 permittendum
1359 645 1368 660 ,
1379 631 1413 654 ut
1424 627 1588 663 praelumat
1605 627 1733 659 alterius
1749 628 1875 659 liberta-

998 669 1061 692 tem
1080 661 1382 701 imminuere‚nullo
1399 667 1574 696 commodo
1592 667 1630 697 ad
1647 677 1719 699 eum
1737 678 1873 707 perven-

998 710 1080 734 turo.
1106 703 1135 733 id
1147 703 1230 734 enim
1250 705 1336 743 quod
1352 704 1449 737 habet
1462 707 1679 747 propositum,
1695 710 1747 741 nisi
1766 709 1874 741 ferita-

998 745 1055 782 tis,
1079 744 1223 782 invidiae,
1248 746 1467 787 malitiaeque?
1491 749 1541 779 cui
1567 758 1672 789 neque
1695 753 1875 783 communis

998 784 1100 816 sensus
1116 785 1278 826 indulget,
1296 796 1401 828 neque
1416 790 1461 828 jus
1478 790 1579 821 civile.
1598 792 1722 831 optime
1740 792 1876 824 Arnobi-

998 836 1032 858 us
1050 826 1098 856 lib.
1115 835 1142 866 7.
1173 827 1324 866 Adversus
1341 830 1448 860 Gentes
1466 841 1489 861 c.
1510 840 1537 863 1.
1571 831 1725 876 ‚Quidquid
1735 834 1876 875 geritur,

997 868 1075 898 debet
1091 867 1191 898 habere
1213 870 1328 907 causam
1345 870 1412 910 siti,
1438 882 1526 913 neque
1543 874 1583 903 ita
1605 873 1656 913 effe
1671 885 1688 905 a
1705 876 1813 906 ratione
1827 876 1877 914 Je-

992 907 1148 949 junstum,
1172 914 1206 939 ut
1221 911 1251 940 in
1274 912 1402 949 operibus
1415 913 1536 952 feratur
1552 914 1650 954 caffis,
1677 915 1714 950 ἐξ
1730 918 1762 947 in
1773 918 1877 947 vacuis

998 951 1081 980 ludat
1097 951 1251 981 inanitatis
1267 953 1418 983 erroribus.
1445 953 1486 985 Et
1506 956 1535 985 in
1555 956 1721 996 proposito
1735 958 1875 998 Pompo-

998 992 1068 1022 nius
1086 991 1223 1031 l.15.l).
1242 993 1482 1031 deservizncz'bus.
1507 996 1628 1039 Quoties
1643 1008 1693 1029 nec
1706 999 1874 1037 hominnm,

998 1042 1049 1063 nec
1062 1033 1234 1072 praecliorzmz
1245 1037 1422 1073 ,servitutes
1432 1037 1506 1076 sunt
1517 1061 1525 1075 ,
1545 1040 1613 1079 quia
1624 1040 1697 1070 nihil
1711 1041 1877 1071 vicinorum

998 1072 1132 1112 interest,
1157 1084 1214 1104 non
1229 1075 1325 1107 volet:
1348 1078 1441 1108 veluti
1455 1087 1490 1108 ne
1503 1080 1695 1119 perstandum
1711 1088 1796 1113 tuum
1811 1091 1857 1112 eas
1868 1104 1878 1117 ,

1000 1120 1052 1146 aut
1067 1116 1106 1146 ibi
1120 1113 1261 1156 confisios.
1273 1117 1378 1151 &ideo
1389 1117 1418 1156 si
1433 1120 1502 1150 mihi
1517 1124 1668 1161 concedas,
1681 1123 1732 1163 jus
1749 1125 1801 1153 tihi
1818 1133 1876 1153 non

1000 1156 1069 1196 effe,
1085 1157 1183 1195 fundo
1200 1164 1249 1188 tuo
1267 1160 1313 1189 uti
1324 1161 1411 1198 frui,
1427 1161 1502 1191 nihil
1517 1164 1624 1202 agitur.
1648 1163 1733 1194 aliter
1750 1171 1836 1205 atque
1848 1161 1877 1202 fi

1000 1199 1135 1229 concedas
1151 1199 1236 1236 mibi,
1249 1200 1302 1240 jus
1317 1202 1368 1231 tibi
1383 1211 1439 1232 non
1457 1202 1526 1242 effe,
1543 1204 1685 1243 infundo
1705 1212 1753 1236 tuo
1769 1215 1878 1246 aquam

1000 1248 1139 1280 querere,
1162 1240 1324 1271 minnendae
1340 1252 1421 1283 aquae
1439 1253 1504 1274 meae
1517 1247 1623 1284 gracia.
1648 1246 1814 1278 Postremo
1832 1248 1877 1277 ait

999 1279 1165 1318 definitiO,
1182 1281 1303 1323 Aliquid
1320 1285 1351 1314 in
1360 1285 1415 1322 suo
1425 1287 1507 1325 pati,
1522 1292 1576 1316 aut
1596 1296 1652 1317 non
1666 1287 1773 1325 facere.
1799 1287 1877 1319 Hoc

999 1332 1038 1353 ex
1056 1323 1083 1354 d.
1100 1322 1118 1353 l.
1138 1331 1183 1361 15.
1201 1322 1227 1364 §.
1252 1333 1274 1354 1.
1301 1322 1444 1357 Tantum
1461 1327 1500 1362 de
1516 1326 1718 1359 definitione.

1039 1362 1188 1403 Sequitur
1208 1364 1328 1396 divisio.
1346 1367 1385 1397 de
1403 1376 1465 1407 qua
1487 1370 1528 1398 ita
1546 1368 1726 1401 Marcianus
1746 1370 1765 1402 l.
1788 1378 1814 1402 1.
1833 1369 1878 1401 D.

998 1405 1031 1435 (le
1041 1406 1255 1445 servitutibus:
1277 1407 1438 1439 Servitutes
1462 1415 1514 1440 auc
1527 1413 1716 1450 personarum
1725 1412 1819 1451 sum,
1843 1417 1878 1442 w>

999 1445 1185 1486 ususfrufflis
1200 1446 1236 1481 &2⁹
1253 1447 1340 1488 usias:
1362 1457 1415 1480 out
1433 1459 1547 1490 reruni,
1570 1457 1603 1482 ut
1611 1453 1770 1492 servitutes
1791 1452 1878 1493 rusti-

999 1489 1279 1528 corzmipraediorzim
1297 1489 1333 1523 {3⁹
1351 1492 1535 1522 urbanorum.
1558 1493 1765 1525 Personarum
1783 1494 1879 1525 servi-

999 1537 1083 1559 tutes
1107 1529 1272 1568 dicuutur,
1297 1540 1368 1571 quae
1386 1532 1527 1572 personis
1551 1535 1725 1566 debentur:
1749 1544 1879 1574 rerum,

1000 1579 1069 1610 quae
1087 1571 1210 1610 praediis
1220 1571 1340 1603 rusticis
1352 1574 1555 1606 auturbanis.
1582 1574 1640 1606 Hae
1655 1577 1684 1607 in
1698 1577 1804 1617 specie
1815 1576 1879 1608 ser-

1001 1611 1118 1642 vitutes
1141 1612 1349 1652 appellantur.
1375 1614 1404 1656 §.
1429 1624 1457 1655 3.
1482 1613 1553 1656 Inst.
1576 1617 1608 1647 cie
1630 1619 1686 1648 reb.
1710 1618 1881 1655 corporatio.

998 1652 1017 1684 l.
1036 1663 1064 1691 4.
1083 1652 1123 1683 D.
1142 1655 1347 1692 deservicutib.
1372 1660 1401 1687 dt
1426 1657 1510 1688 alibi.
1537 1667 1596 1688 nec
1620 1659 1678 1689 alia
1706 1658 1788 1690 ratio
1806 1658 1877 1692 est:

999 1703 1055 1725 cur
1072 1693 1201 1726 Titulus
1227 1694 1476 1736 Pammeni-um,
1502 1698 1774 1738 Desii-vitutibus,
1797 1701 1880 1733 item

998 1734 1130 1767 Titulus
1149 1735 1297 1775 Codicis,
1322 1737 1570 1778 Deservz'tutibus
1585 1740 1621 1774 ἐξ
1637 1751 1729 1782 aquo,
1754 1749 1880 1774 tantum

999 1778 1038 1808 ud
1057 1778 1248 1816 praediorum
1269 1778 1435 1811 servitutes
1452 1781 1621 1820 pertineat.

1041 1817 1106 1850 Hic
1124 1820 1203 1850 liber
1221 1828 1399 1860 occupatur
1425 1820 1627 1855 servitutibus
1644 1823 1883 1864 personalibus,

1003 1860 1171 1891 &initium
1189 1859 1281 1891 sumit
1296 1862 1334 1892 ab
1352 1861 1527 1895 usufructu:
1544 1865 1630 1904 cujus
1647 1865 1763 1897 nobilis
1780 1873 1881 1897 mate-

1002 1902 1045 1933 ria
1063 1909 1202 1932 meretur
1225 1903 1415 1934 examinari:
1438 1903 1487 1936 sed
1505 1906 1657 1945 explicita
1676 1916 1691 1937 a
1709 1915 1759 1937 me
1777 1915 1881 1946 nuper

1002 1943 1127 1974 duobus
1139 1943 1224 1974 libris
1239 1942 1286 1974 De
1295 1942 1470 1985 nsicfruezu,
1485 1947 1669 1979 ulteriorem
1682 1948 1881 1988 diligentiam

1002 1984 1152 2016 hocloco
1164 1993 1227 2015 non
1239 1983 1402 2017 desiderat.
1419 1988 1534 2019 omiffis
1545 1989 1641 2029 igitur
1650 1988 1770 2020 Titulis
1782 1997 1879 2020 caete-

1000 2026 1040 2058 ris
1057 2035 1096 2058 eo
1114 2025 1344 2067 spectantibus,
1355 2034 1479 2061 tantum
1493 2030 1646 2071 attingam
1661 2029 1772 2062 vin&
1783 2039 1878 2062 v11t.

1138 2149 1236 2187 VII.

800 2225 851 2261 De
868 2227 965 2272 operis
974 2225 1151 2272 Ι[ενυονιινη.

85 2310 278 2385 Expositis
299 2310 460 2352 plerisque
482 2320 550 2352 quae
576 2310 709 2360 dicenda
726 2310 816 2362 fuere
832 2314 872 2346 de
887 2311 955 2346 usu-

160 2353 283 2391 sruCtu,
305 2353 410 2384 adhuc
427 2354 621 2384 monendum
639 2355 755 2396 aliquid
773 2355 834 2387 fuit
859 2357 899 2387 de
924 2366 956 2387 o-

84 2394 169 2435 peris
188 2394 358 2426 servorum.
378 2395 484 2434 legato
501 2395 585 2426 enim
606 2395 765 2427 usufructu
780 2396 856 2428 servi
869 2421 878 2436 ‚
894 2398 955 2438 pla·

1001 2315 1054 2346 ubi
1081 2323 1185 2357 neque
1209 2316 1407 2349 ususfructus
1427 2318 1559 2355 dicitur,
1584 2326 1690 2360 neque
1708 2319 1797 2359 usus3
1822 2320 1877 2354 sed

998 2358 1045 2397 jus
1064 2359 1210 2397 tertium,
1236 2359 1275 2390 ab
1294 2359 1346 2389 usu
1370 2359 1399 2390 ἁ
1423 2358 1583 2390 usufruetu
1608 2360 1781 2401 separatum
1807 2363 1825 2394 l.
1853 2373 1878 2394 1.

1000 2398 1028 2439 §.
1058 2408 1088 2435 9.
1109 2400 1154 2430 l).
1180 2401 1229 2431 Ad
1245 2400 1297 2440 leg,
1315 2399 1480 2431 Falcidiam.
1496 2401 1514 2431 l.
1533 2411 1561 2432 2.
1582 2400 1621 2432 D.
1638 2407 1671 2432 αε·
1686 2404 1740 2444 usic
1757 2403 1794 2438 ἐξ
1808 2405 1879 2444 usu-

85 2444 139 2466 cet
154 2434 263 2476 Gajol.
276 2446 303 2475 4.
319 2436 346 2466 h.
366 2442 385 2466 t.
403 2435 539 2467 fructum
557 2436 693 2469 hominis
709 2439 739 2469 in
757 2440 862 2478 operis
878 2448 955 2471 con·
992 2439 1101 2479 frusta
1119 2441 1220 2481 legato.
1240 2441 1425 2480 Veriffirne,
1449 2451 1514 2472 rem
1532 2452 1572 2472 ex
1583 2442 1703 2475 effeffis
1721 2444 1877 2478 aestiman-

84 2475 206 2515 fistere,
229 2476 258 2508 ὅ(
283 2484 368 2508 retro
392 2478 421 2508 in
446 2476 549 2508 fructu
575 2477 715 2510 hominis
744 2488 857 2520 operas
882 2479 955 2512 effe.

86 2515 139 2548 sed
155 2527 220 2549 non
237 2519 279 2548 ita
291 2517 410 2557 semper
420 2517 484 2557 est;
500 2519 520 2549 fi
539 2519 649 2559 legatae
662 2529 882 2560 proponantur
901 2521 957 2552 ho-

85 2558 177 2589 minis
193 2567 308 2597 operae.
342 2567 407 2590 tum
427 2561 510 2591 enim
529 2559 609 2600 saepe
625 2561 715 2592 aliter
733 2560 763 2593 se
780 2572 828 2592 res
847 2562 957 2594 habet:

85 2606 158 2629 nam
174 2599 380 2640 talelegatum
391 2601 560 2641 aliquando
577 2600 746 2634 usufruCtui
759 2603 954 2642 affimilatur,

88 2637 258 2680 aliquando
274 2640 372 2681 magis
387 2640 455 2673 usus
472 2642 620 2682 videtur,
637 2643 656 2675 l.
664 2644 764 2685 5.h.t.
781 2643 827 2676 est
843 2645 957 2684 etiam,

715 2727 1060 2776 Τιτυιυε

1001 2481 1095 2513 tibus.
1127 2492 1191 2522 quo
1210 2483 1334 2514 modo?
1358 2492 1421 2513 non
1438 2483 1541 2522 addO,
1564 2492 1624 2515 nec
1642 2486 1771 2526 explico
1788 2487 1876 2528 leges·

999 2532 1040 2553 eo
1056 2525 1272 2563 pertinentes;
1296 2523 1350 2554 etsi
1368 2523 1535 2555 obscuras:
1561 2526 1630 2565 quia
1648 2527 1691 2558 est
1708 2528 1785 2559 mihi
1805 2530 1877 2560 reli-

1001 2564 1075 2604 gio,
1097 2564 1148 2595 hic
1164 2565 1281 2600 aliquid
1299 2571 1422 2595 tentare
1439 2565 1509 2604 post
1519 2565 1672 2605 Jacobuni
1692 2569 1875 2608 Cujacium:

1002 2605 1054 2643 qui
1073 2614 1151 2636 unus
1169 2605 1348 2644 sufficitpro
1360 2607 1518 2637 omnibus.
1543 2617 1616 2640 eum
1633 2609 1706 2642 vide
1723 2612 1762 2643 ad
1779 2611 1873 2643 amaa.

1003 2645 1081 2678 Toni.
1100 2656 1130 2686 4.
1150 2646 1236 2687 Oper.
1249 2644 1391 2687 posthum.
1403 2653 1489 2687 parte
1499 2651 1603 2689 priore.

1122 2728 1241 2764 VIII.

776 2804 826 2839 De
840 2802 893 2850 usu
909 2801 951 2842 ὃ)
969 2805 1169 2840 habitatione.

86 2885 275 2960 Expofito
291 2885 473 2931 usufruttu,
487 2888 519 2920 id
536 2888 599 2928 est,
616 2899 676 2922 una
692 2888 796 2933 specie
811 2891 956 2933 persona-

167 2928 203 2959 lis
221 2927 397 2966 servrtutis,
420 2931 541 2968 optime
559 2930 656 2970 Gajus
673 2932 691 2963 l.
714 2943 738 2965 1.
756 2935 784 2966 b.
803 2940 826 2967 t.
851 2942 953 2969 nunc.

85 2970 207 3010 inquit,
233 2970 403 3000 videndum
420 2970 460 3000 de
476 2970 529 3000 usu
546 2971 574 3002 ἂ
593 2971 800 3006 habitatione.
825 2975 875 3006 sed
895 2974 957 3014 pri-

84 3019 173 3043 mum
191 3012 230 3040 de
250 3009 320 3040 usu:
335 3012 387 3050 qui
406 3011 555 3042 estaltera
571 3012 635 3051 ejus
654 3012 810 3047 servitutis
827 3016 956 3055 species.

85 3062 146 3084 nec
163 3051 377 3082 omittendum
395 3051 455 3082 αλ.
468 3051 495 3092 §.
509 3061 531 3082 1.
547 3055 670 3092 putavit
686 3055 783 3095 Gajus
799 3057 956 3087 evitandae

85 3091 282 3125 confusionis
307 3093 422 3132 gratia,
447 3094 532 3124 usum
550 3093 698 3126 constitui
720 3098 813 3128 etiam
839 3099 956 3128 nudum

85 3133 149 3166 fine
166 3133 281 3165 fructu.
306 3134 470 3172 nimirum,
495 3134 566 3172 quia
588 3134 701 3167 frustui
728 3138 758 3169 &
774 3138 844 3170 usus
859 3137 956 3170 inest:

88 3174 285 3206 uluifruCtus
305 3174 401 3205 deest.
422 3176 451 3206 ὅ(
468 3174 588 3206 fructus
605 3178 734 3215 quidem
752 3178 815 3209 fine
832 3178 885 3209 usu
895 3179 958 3210 effe

82 3215 285 3289 nog'pooeIstI:
308 3215 377 3249 usus
392 3216 455 3249 sine
470 3216 573 3249 fructu
591 3217 708 3259 potest.
738 3218 781 3251 sic
802 3218 956 3261 Ulpianus

155 3266 208 3289 Um.
277 3280 285 3289 ·

1000 2891 1170 2924 confirmat
1187 2892 1206 2925 l.
1229 2901 1271 2934 14.
1289 2890 1318 2935 ἕ.
1336 2902 1363 2928 1.
1384 2897 1412 2928 h.
1430 2903 1453 2929 t.
1479 2897 1519 2929 de
1538 2906 1599 2939 qua
1616 2896 1690 2929 vide
1706 2904 1722 2927 a
1740 2907 1791 2929 me
1812 2905 1871 2930 tra-

999 2935 1064 2964 dita
1088 2934 1134 2965 lib.
1153 2945 1182 2966 2.
1205 2934 1252 2965 De
1267 2937 1360 2976 usufr.
1380 2948 1403 2969 c.
1428 2947 1453 2970 1.
1483 2938 1534 2970 De
1554 2942 1617 2969 hoc
1639 2939 1732 2978 igitur
1749 2939 1800 2970 usu
1819 2941 1873 2980 qui

1000 2973 1045 3005 est
1061 2974 1124 3005 sine
1140 2975 1265 3015 fructu,
1285 2978 1419 3017 praesens
1437 2982 1501 3021 agit
1510 2979 1648 3010 Titulus.
1672 2980 1776 3018 potest
1792 2991 1871 3012 vero

1000 3016 1024 3046 is
1038 3016 1160 3048 definiri
1175 3018 1222 3058 jus
1233 3018 1341 3051 alienis
1359 3021 1451 3052 rebus
1471 3021 1590 3052 utendi.
1614 3028 1686 3050 cum
1705 3021 1790 3059 dixi,
1810 3022 1872 3054 ess'e

997 3056 1064 3096 jus3
1080 3058 1175 3097 volo,
1191 3058 1252 3090 ess'e
1263 3059 1449 3093 facultatem
1463 3061 1583 3092 usuario
1596 3061 1663 3099 jure
1681 3063 1871 3095 concessam.

1000 3107 1069 3129 nam
1089 3100 1154 3139 eJus
1176 3100 1316 3138 respestu
1332 3103 1379 3142 jus
1405 3103 1469 3141 est,
1492 3102 1606 3141 pariter
1630 3109 1664 3132 ut
1682 3102 1873 3137 ususfructus

999 3139 1139 3179 respectu
1157 3140 1334 3173 fructuarii:
1349 3145 1436 3174 aucta
1449 3144 1611 3182 utriusque
1621 3142 1785 3180 facultate,
1797 3155 1874 3177 con-

998 3179 1106 3212 stituto
1125 3182 1194 3222 jure
1213 3183 1423 3221 ususfructus,
1446 3190 1499 3213 aut
1523 3182 1611 3221 usus3
1636 3193 1709 3216 cum
1731 3187 1872 3226 respectu

999 3222 1347 3295 domintiroprietatiz
1372 3233 1506 3265 uterque
1530 3223 1564 3255 iit
1579 3224 1731 3266 servitus,
1756 3229 1786 3259 id
1806 3228 1870 3272 est,

1101 3282 1115 3295 d
1153 3273 1170 3296 2
1798 3277 1871 3306 June
