2036 3495
120 105 194 138 524

124 183 186 214 lios
207 180 316 222 injuria
337 177 489 210 afficiant.
518 175 600 207 adeo
617 179 686 206 tota
701 174 740 205 ad
760 173 918 205 actionem
938 171 1003 213 spe-

126 224 206 255 eiat:
230 231 267 253 ac
284 229 356 251 cum
373 220 524 249 virtutem
541 218 697 256 imperat,
721 223 787 246 non
805 223 874 246 eam
891 214 1004 245 volun-

129 273 195 296 tate
210 271 306 303 atque
323 260 428 291 animo
442 257 592 296 aestiniat3
608 266 713 296 neque
729 264 763 287 ut
779 256 930 287 virtutem
948 255 1005 285 im-

129 313 240 346 perat,
265 302 316 332 sed
342 309 376 331 ut
393 299 554 330 actionem
572 297 759 338 reipublicae
778 298 907 329 utilem:
932 304 1005 327 cum

130 355 208 377 vero
222 344 332 374 vitium
350 340 522 381 prohibet,
535 348 602 371 non
620 339 684 379 ejus
702 337 950 370 detestationem
960 346 1006 368 re-

131 383 306 427 quirit,sed
322 382 476 423 prohibet
485 381 615 413 noxiam
632 379 817 420 reipublicae
827 380 1007 417 aitionem3

130 428 318 465 bonumque
335 423 440 454 civem
463 424 559 454 etiarn
576 421 685 454 censet
703 431 774 453 eum
794 422 846 462 qui
865 421 1007 461 alioquin

130 467 176 499 est
192 467 239 498 vir
255 465 366 498 malus.
396 463 473 496 Hoc
490 464 551 505 legi
570 464 739 505 negotium
756 462 811 494 est.
836 463 920 494 aliud
937 462 1007 494 reli-

129 508 216 550 gioni
234 506 340 538 sedet:
358 506 397 538 ad
414 504 596 547 sapientiam
612 507 696 536 enim
709 504 865 544 intendit3
881 512 943 535 nec
955 512 1009 534 co-

129 550 194 591 git,
219 547 273 580 sed
298 546 426 588 suadet3
450 547 590 586 denique
616 546 742 578 afflone
765 545 860 577 etiam
878 544 1007 576 veritati

130 600 167 623 ac
186 589 295 622 virtuti
311 587 534 621 consentiente
554 587 751 625 offenditur,
775 586 795 618 si
813 596 879 618 non
896 595 913 617 a
932 584 1009 616 faci-

130 632 215 665 entis
230 631 338 663 animo
355 629 585 672 proficiscitur:
602 630 673 669 quia
692 629 769 660 licet
786 629 868 659 actio
879 636 944 659 non
963 627 1009 658 in-

130 675 251 706 decora
276 671 313 705 fit
337 671 502 713 religioni,
527 671 650 702 animus
676 677 782 701 tamen
800 670 839 700 ab
857 679 893 700 ea
911 668 1009 700 disce-

130 716 188 748 dit.
212 724 250 746 an
268 715 358 754 quod
373 714 495 745 bonum
510 711 573 751 est,
586 711 690 752 potest
704 720 766 743 tam
786 711 922 751 pulchro
934 719 1009 740 cen-

132 757 191 789 seri
208 756 360 794 nomine3
375 755 428 786 ubi
447 753 598 785 facientis
614 753 735 785 animus
752 762 847 793 quem
866 752 1010 784 humanis

131 797 311 830 adtionibus
334 796 412 828 boni
435 795 468 826 ὅ(
491 795 563 826 mali
578 795 721 836 iudicem
739 795 828 826 dedit
845 793 955 831 Deus,
977 792 1010 823 id

129 840 248 874 malum
259 838 321 870 effe
335 837 514 878 iudicavit?
531 836 618 878 atqui
630 845 695 868 non
711 844 872 877 tamquam
888 834 1011 866 bonum

130 880 188 920 fit,
211 881 263 912 sed
280 887 440 920 tamquam
458 878 585 910 malum.

172 921 325 960 Interest,
349 921 473 960 inquis,
497 920 662 951 civitatum
679 942 689 958 ,
712 927 774 959 qua
797 916 920 956 forma,
944 926 1010 957 quo

133 964 216 1000 ritu,
241 963 355 1004 quibus
373 961 574 993 caeremoniis
592 962 716 993 colatur
733 958 834 991 Deus.
860 957 989 998 Nempe
1001 981 1010 997 ,

134 1015 176 1037 ne
198 1004 276 1036 fiant
291 1012 492 1042 conventus,
517 1012 653 1043 quorum
672 1002 770 1033 initiis
788 1002 819 1032 in
839 1000 1011 1040 rempubli-

133 1056 203 1078 cam
222 1046 481 1086 conjurationes,
504 1044 534 1076 &
556 1043 704 1075 adversus
726 1043 813 1084 leges
831 1041 957 1086 stupra,
981 1051 1011 1072 a·

133 1088 290 1127 dulteria,
308 1086 462 1125 incestus,
481 1086 605 1124 caedes,
623 1084 812 1126 parricidia,
836 1082 912 1114 falsa
930 1082 1013 1114 testi-

132 1131 260 1168 monia,
282 1128 453 1160 fraudesve
470 1127 664 1168 cogitentur.
696 1135 760 1157 non
779 1123 824 1157 est
839 1126 924 1156 enim
940 1124 1011 1156 reli-

133 1172 188 1213 gio
209 1180 271 1211 qua
286 1171 443 1212 pernicies
467 1169 608 1200 humano
623 1169 731 1210 generi
749 1167 926 1198 inducatur.
951 1164 1014 1196 sce·

134 1215 182 1246 lus
192 1213 237 1245 est
253 1213 304 1244 cui
323 1210 509 1252 praetexitur
518 1210 611 1241 color
627 1209 801 1250 religionis.
818 1208 849 1238 id
867 1216 940 1238 cum
951 1214 1013 1238 tur-

133 1255 189 1286 bat
213 1254 434 1294 disciplinam,
457 1253 486 1283 «Sc
513 1250 619 1293 strigat
643 1249 738 1282 finem
762 1249 864 1280 civilis
880 1249 1013 1288 conjun-

83 1318 86 1322 ·
135 1296 270 1328 aionis:
294 1304 360 1326 non
378 1293 483 1325 obstat
501 1292 563 1324 Dei
583 1293 766 1330 veneratio,
783 1300 839 1322 cnr
860 1299 924 1321 non
941 1299 1013 1328 per-

134 1338 211 1369 inde
228 1337 267 1368 ad
286 1336 486 1367 severitatem
503 1335 609 1374 legum
633 1334 810 1374 pertineat,
834 1340 870 1362 ac
888 1330 908 1362 si
927 1331 1013 1362 adhi-

135 1379 201 1410 bita
219 1388 283 1409 non
301 1376 379 1409 esset
393 1377 498 1417 imago
516 1375 704 1416 religionis?
720 1374 772 1405 Sic
788 1373 954 1404 hominum
972 1372 1014 1403 sa-

136 1419 258 1451 crificia
275 1419 305 1451 in
324 1418 434 1451 Africa
451 1416 570 1449 sustulit
587 1415 711 1447 Tiberii
733 1415 940 1456 principatus.
973 1413 1015 1446 sic

135 1460 345 1494 Bacchanalia
361 1459 472 1491 Romae
487 1466 585 1497 atque
602 1458 633 1488 in
652 1457 738 1488 Italia
754 1456 901 1487 coercuit
920 1455 1015 1487 Sena-

136 1511 195 1534 tus.
220 1509 392 1538 caeterum,
415 1499 436 1531 fi
454 1499 585 1530 innoxia
602 1497 639 1530 sit
656 1498 790 1538 religio,
813 1506 874 1528 nec
893 1498 930 1528 ad
949 1505 1014 1528 tur-

134 1553 176 1585 pe
192 1550 288 1583 atque
304 1541 489 1582 improbum
518 1538 666 1571 deflectat
680 1538 825 1577 facinus,
849 1537 901 1569 sed
921 1539 1014 1569 virtu·

136 1593 201 1616 tem
225 1584 336 1624 juvet,
361 1583 390 1614 &
415 1583 522 1613 bonos
548 1590 672 1621 mores,
697 1580 749 1611 sed
768 1588 857 1621 agat,
883 1587 917 1610 ut
934 1579 1015 1610 salva

135 1626 172 1659 fit
187 1625 372 1666 reipublicae
383 1622 581 1656 reverentia:
598 1623 673 1663 quid
691 1621 736 1653 est
756 1622 842 1661 quod
854 1622 1015 1660 improbe-

136 1667 212 1699 tur?
236 1665 290 1698 nisi
308 1665 329 1697 si
347 1666 416 1707 quis
432 1674 498 1697 non
515 1663 632 1705 flagitia
649 1663 739 1694 sectae
754 1663 876 1701 affinia,
900 1662 953 1694 secl
971 1661 1014 1693 se-

134 1709 216 1740 stam
234 1731 244 1747 ‚
269 1716 462 1748 quamquam
487 1705 607 1738 scelere
632 1714 764 1736 vacuam
781 1727 791 1743 ,
820 1704 1016 1745 puniendam

135 1749 307 1782 existimet.
345 1748 408 1781 Sed
425 1748 491 1780 hoc
508 1746 608 1787 injusti
624 1756 661 1777 ac
679 1746 738 1778 feri
758 1746 787 1778 &
805 1745 942 1777 crudelis
959 1745 1016 1776 ho-

133 1791 228 1824 minis
246 1790 325 1830 effe,
344 1791 415 1830 quis
433 1798 499 1822 non
515 1788 630 1820 videt?
655 1787 775 1819 Melius
792 1796 829 1818 ac
846 1786 1016 1828 sapientius

134 1832 270 1865 Senatus
280 1832 442 1865 Romanus
465 1839 471 1851 ·
487 1855 497 1870 ,
515 1839 587 1862 cum
601 1829 811 1861 Bacchanalia
831 1836 1014 1866 everteret,

134 1874 190 1907 ista
207 1874 294 1906 foeda
311 1883 348 1905 ac
365 1874 480 1910 noxia,
507 1871 528 1904 fi
555 1873 624 1912 quis
646 1871 788 1901 solemne
806 1871 835 1901 ἀ
853 1869 1017 1901 necessari-

135 1925 189 1948 um
207 1916 268 1947 ess'e
287 1915 341 1947 sibi
363 1915 481 1946 Bacchi
500 1915 636 1951 sacrum,
655 1922 715 1943 nee
732 1912 795 1943 sine
812 1912 968 1952 religione
988 1911 1018 1942 ἃ

136 1958 266 1998 piaculo
291 1957 398 1989 omitti
425 1955 531 1996 posse,
557 1956 640 1995 apud
668 1953 843 1985 Praetorem
863 1954 1017 1984 urbanum

136 1998 364 2040 profiteretur:
387 1998 489 2039 justit,
514 1996 544 2028 se
561 2006 577 2028 a
595 1997 736 2028 Praetore
754 1994 893 2034 consuli3
916 2004 972 2033 ac,
997 1992 1018 2025 si

138 2040 168 2071 ei
184 2040 366 2081 permissum
385 2039 479 2076 esset,
500 2047 598 2079 quum
617 2039 648 2069 in
668 2037 786 2068 Senatu
803 2044 935 2068 centum
953 2045 1018 2066 non

136 2082 243 2114 minus
267 2081 385 2119 essent,
408 2083 451 2112 ita
474 2081 506 2112 id
532 2081 651 2111 sacrum
677 2078 764 2117 fieri,
789 2079 863 2110 dum
888 2087 929 2109 ne
948 2078 1017 2117 plus

137 2123 281 2163 quinque
309 2121 466 2154 sacrificio
491 2120 697 2159 interessent,
720 2129 782 2151 neu
804 2128 866 2159 qua
883 2120 1020 2160 pecunia

136 2164 338 2203 communis,
356 2173 417 2196 nec
435 2164 504 2205 quis
521 2162 667 2205 magister
683 2161 843 2194 sacrorum
853 2169 907 2192 aut
922 2159 1020 2192 sacer-

135 2206 195 2238 dos
212 2204 301 2237 effet.

180 2247 223 2279 At
240 2247 294 2287 qui
309 2246 507 2286 interpolant
522 2245 712 2286 religionem
729 2251 783 2275 aut
795 2250 1021 2283 mutant,can·

135 2289 198 2320 sam
217 2289 310 2320 novis
327 2298 364 2319 ac
376 2287 562 2328 periculosis
581 2287 725 2327 praebent
738 2285 957 2326 opinionibus.
973 2285 1019 2316 in-

137 2333 178 2362 de
194 2330 405 2362 conciliabula
418 2353 427 2368 ‚
452 2328 726 2369 conspirationes,
744 2328 864 2367 turbae,
889 2326 1018 2358 seditio-

137 2381 216 2410 nes,
239 2372 325 2403 civili
343 2371 563 2412 conjunctioni
581 2370 715 2402 minime
732 2369 829 2401 utilia.
869 2367 935 2400 Nisi
954 2368 1018 2399 hoc

137 2413 247 2452 credi,
272 2421 333 2444 tuae
349 2411 480 2445 interest
497 2412 702 2450 ambitionis,
717 2419 771 2442 aut
788 2411 945 2442 avaritiae:
962 2410 1018 2450 qui

135 2454 261 2486 invides
280 2464 394 2493 novae,
418 2463 471 2485 aut
487 2464 583 2495 qnam
601 2453 714 2492 odisti,
738 2451 920 2493 disciplinae.
953 2451 1017 2483 Sed

135 2496 221 2527 aliud
241 2496 337 2528 visum
354 2496 416 2527 fuit
428 2495 610 2537 AEgyptiis:
627 2504 710 2535 quos
727 2494 890 2525 memoriae
908 2493 1015 2533 prodi-

137 2546 205 2568 tum
235 2538 298 2575 est,
323 2537 511 2569 stabiliendo
530 2538 666 2578 imperio
682 2539 801 2567 variam
821 2533 1017 2577 excogitasse

136 2577 348 2619 religionem3
372 2589 411 2610 ne
429 2580 610 2620 conspirare
630 2587 743 2610 omnes
761 2576 895 2618 poss'ent.
925 2576 1019 2616 Julia-

137 2628 197 2651 nus
214 2628 345 2659 quoque
370 2629 442 2651 cum
461 2621 575 2662 aperiri
595 2619 734 2659 templa,
758 2620 885 2658 arisque
902 2616 1019 2649 hostias

137 2661 303 2692 admoveri
329 2660 500 2701 statueret,
525 2670 560 2694 ut
578 2661 800 2701 dispositorum
819 2659 958 2691 firmaret
973 2658 1019 2689 ef-

80 2707 86 2717 *
135 2701 258 2734 fectum
271 2725 281 2741 ,
299 2711 406 2733 nonne
423 2703 603 2736 diffidentes
622 2701 873 2734 Christianorum
893 2700 1019 2732 Antisti-

138 2751 187 2775 tes
204 2752 277 2775 cum
295 2742 390 2783 plebe
403 2743 521 2775 disciffa
538 2746 568 2777 in
581 2745 732 2786 palatium
743 2742 940 2775 intromissos
952 2751 1018 2774 mo·

137 2784 238 2817 nuisse
256 2785 391 2822 dicitur;
414 2792 449 2815 ut
467 2786 615 2818 civilibus
638 2785 803 2818 discordiis
821 2783 1018 2824 consopitis,

135 2827 276 2868 quisque
295 2825 383 2857 nullo
404 2834 551 2865 vetante,
575 2828 723 2868 religioni
744 2826 803 2857 suae
822 2827 954 2857 serviret
972 2826 1017 2856 in-

140 2869 301 2908 trepidus:
319 2872 352 2898 ut
374 2867 464 2907 (quae
482 2866 551 2899 sunt
575 2869 732 2900 Ammiani
749 2868 933 2899 Marcellini
951 2876 1018 2898 vei·-

138 2910 176 2941 ba
196 2912 232 2950 ²)
254 2907 433 2950 dfflenfiones
442 2915 564 2950 augente
579 2910 694 2941 licentia
705 2920 780 2949 ,non
790 2911 901 2941 timeret
910 2909 1004 2940 unani
1010 2925 1017 2931 -

136 2957 263 2983 mantem
269 2948 364 2992 postea
371 2950 485 2991 plebem.
510 2949 571 2981 Sed
583 2952 658 2990 quid
667 2961 728 2991 ego
739 2952 808 2982 haee
818 2959 1017 2982 commemo-

136 3003 175 3025 ro
193 2992 367 3032 exempla?
384 3001 451 3023 rem
461 2990 636 3031 spectemus
652 2992 757 3032 quaeso
770 3016 779 3031 ‚
796 2993 884 3032 quod
895 2993 1018 3033 pericu-

137 3036 204 3069 lum
218 3034 356 3075 Principi
375 3041 429 3065 aut
439 3033 622 3073 reipublicae
633 3033 672 3063 ab
689 3034 846 3073 opinione
865 3044 902 3065 ac
919 3033 1018 3072 secta,

137 3077 193 3110 etsi
213 3086 317 3115 nova3
333 3077 409 3108 dum
425 3084 530 3115 neque
547 3074 646 3105 aliena
664 3073 700 3105 fit
716 3083 731 3104 a
748 3074 841 3106 bonis
856 3076 1018 3113 moribus;

137 3120 166 3152 ἃ
187 3117 302 3149 serviat
321 3116 520 3149 venerationi
536 3115 645 3147 summi
662 3115 811 3156 imperii?
827 3116 928 3147 namsi
945 3126 1016 3157 per-

137 3161 248 3194 dendae
266 3159 302 3191 sit
320 3158 502 3200 reipublicae
514 3167 524 3198 ;
538 3166 603 3189 non
622 3157 697 3198 quia
714 3165 798 3187 nova
809 3156 852 3187 est
864 3157 1015 3196 prohibe-

196 3223 212 3242 1.
232 3213 300 3249 apud
315 3213 424 3241 Livium
436 3212 479 3241 lib.
497 3219 541 3246 39.
557 3221 579 3239 c.
597 3213 640 3241 18.
718 3218 734 3238 ε’,
755 3210 799 3237 lib.
816 3217 859 3237 22.
877 3219 898 3237 c.
916 3218 941 3244 5.

737 86 1044 121 GERARDI

1093 82 1321 120 Noonr

1047 172 1073 204 ri
1092 172 1206 212 debet,
1223 171 1276 204 sed
1292 173 1364 213 quia
1380 173 1496 217 noxia..
1510 171 1650 212 alioquin
1665 172 1741 212 quid
1757 172 1838 213 fuit,
1855 183 1923 215 quo

1049 213 1079 244 se
1102 215 1194 254 primi
1212 215 1399 246 excusarent
1420 212 1589 245 Christiani
1605 213 1754 245 adversus
1770 215 1923 248 immanes

1049 254 1228 288 Gentilium
1246 256 1502 296 persecutiones:
1525 255 1564 286 ad
1580 263 1661 295 quos
1682 255 1793 295 utique
1809 257 1923 289 doetri-

1049 306 1122 328 nam
1139 297 1328 329 adferebant
1348 306 1465 328 novam
1485 304 1581 336 atque
1597 295 1800 328 inusitatam?
1825 298 1922 338 Atqui

1050 337 1180 379 suspeeti
1197 338 1266 371 sunt
1280 338 1395 380 privati
1411 345 1609 376 conventus,
1627 337 1658 368 in
1676 338 1783 375 primis
1800 338 1924 370 noCtur-

1050 380 1092 411 ni.
1115 379 1177 412 Sed
1192 381 1244 421 qui
1260 380 1328 412 sunt
1344 379 1458 421 integri
1477 380 1550 410 vitae
1562 403 1572 418 ,
1588 379 1750 410 &sceleris
1768 380 1856 420 puri,
1872 378 1926 412 nifi

1051 429 1207 462 cogantur
1232 431 1340 459 metu,
1363 423 1462 453 latere
1481 422 1605 453 nolunt.
1637 429 1751 459 taceo,
1776 422 1863 460 quod
1880 421 1927 454 his

1050 463 1124 494 addi
1140 461 1245 503 potest
1261 464 1389 494 arbiter.
1412 472 1472 494 nec
1489 463 1565 502 quid
1582 470 1689 497 vetat,
1708 462 1836 501 publice
1852 461 1927 493 defi-

1051 504 1112 535 niri
1129 504 1315 535 coeuntium
1332 514 1517 536 numerum:
1534 503 1613 536 sicut
1630 504 1660 535 in
1679 503 1798 535 Bacchi
1816 504 1928 544 sacris,

1051 554 1126 576 cum
1144 554 1160 576 a
1174 545 1291 576 Senatu
1314 546 1575 587 indulgerentur,
1598 544 1801 577 observatum
1818 544 1929 585 fuisse,

1052 595 1093 617 ex
1111 585 1204 617 Livio
1219 587 1424 628 intelligimus
1445 595 1465 618 ¹.
1493 586 1598 628 potest
1613 588 1709 618 etiarn
1727 587 1833 617 caveri
1850 587 1928 628 legi-

1051 628 1132 666 bus,
1156 636 1196 658 ne
1213 628 1351 659 invicem
1375 628 1405 659 se
1423 628 1576 660 damnent
1595 627 1704 667 seftae,
1729 637 1835 666 neque
1853 637 1929 660 con-

1053 669 1183 701 tumelia
1199 668 1355 702 afficiant:
1371 669 1479 710 positis
1496 671 1598 709 poenis
1609 694 1618 709 ,
1634 669 1656 702 fi
1672 670 1741 711 quis
1756 677 1868 700 contra
1883 669 1930 700 fe-

1053 710 1126 742 ciss'e
1142 710 1277 741 dicatur.
1306 710 1468 750 postremo
1486 711 1522 743 sit
1540 713 1657 752 cuique
1672 711 1869 749 accedendi,
1893 711 1930 742 si:

1054 751 1236 784 discedendi
1256 751 1401 783 libertas:
1423 753 1628 792 invicemque
1643 760 1779 794 putent,
1797 753 1848 791 qui
1868 753 1930 783 dis-

1053 793 1211 831 sentiunt,
1236 791 1265 823 se
1286 793 1431 825 homines
1448 793 1510 825 effe
1528 795 1580 834 qui
1597 794 1693 827 facile
1709 803 1814 826 errent
1832 796 1860 824 dt
1878 793 1930 825 sa:-

1054 845 1114 876 pe3
1138 842 1291 866 caeterum
1315 834 1426 866 fallere
1445 835 1524 867 alios
1542 836 1620 867 dolo
1635 837 1720 868 malo
1737 845 1801 867 non
1820 836 1931 867 velint.

1054 879 1098 908 ita
1120 875 1141 908 si
1164 876 1314 907 omnibus
1337 875 1464 907 constet
1481 877 1563 908 ratio
1581 877 1791 919 integi-itatis,
1814 877 1932 916 famae,

1054 928 1092 950 ac
1108 918 1255 959 pietatis:
1280 926 1392 949 omnes
1411 917 1486 948 Deo
1506 916 1664 958 servient3
1689 919 1810 950 homini
1828 919 1932 950 obno-

1055 960 1125 991 xius
1143 960 1202 990 erit
1222 967 1339 990 nemo:
1363 959 1445 990 odiis
1465 968 1542 990 vero
1559 959 1586 991 ὅ(
1603 960 1676 992 rixis
1693 969 1762 1000 quae
1779 961 1839 991 erit
1856 970 1947 991 cau-¹

1055 1001 1085 1032 sa
1106 1011 1116 1041 3
1146 1000 1268 1032 cunctis
1291 1001 1445 1038 judicium
1470 1001 1563 1032 animi
1589 1001 1828 1041 proferentibus
1852 1002 1933 1032 citra

1055 1044 1204 1074 damnum
1222 1040 1379 1074 affectus?
1401 1051 1463 1073 nec
1476 1042 1573 1083 magis
1592 1042 1744 1083 Princeps
1760 1042 1816 1074 sibi
1831 1051 1935 1074 metu-

1056 1092 1090 1116 et
1106 1094 1123 1115 a
1140 1086 1303 1122 novitate3
1327 1082 1348 1115 fi
1367 1093 1431 1114 non
1450 1082 1579 1115 misceat
1598 1083 1628 1115 se
1647 1085 1755 1116 litibus
1774 1085 1935 1124 innoxiis,

1057 1126 1087 1157 &
1106 1135 1122 1157 a
1141 1125 1228 1156 civili
1247 1125 1312 1156 vita
1328 1134 1365 1156 ac
1383 1125 1505 1156 ratione
1523 1126 1647 1166 imperii
1664 1126 1793 1164 alienis3
1810 1135 1934 1166 neque,

1058 1176 1092 1198 ut
1108 1167 1160 1198 uni
1178 1165 1273 1206 prosit
1290 1165 1397 1206 sestae,
1414 1167 1547 1198 alteram
1565 1168 1737 1208 opprimat.
1762 1168 1838 1207 quid
1858 1167 1935 1198 mul-

1057 1209 1112 1240 ta?
1136 1207 1156 1240 si
1179 1217 1284 1248 neque
1311 1217 1328 1238 a
1353 1209 1538 1248 republica,
1563 1218 1668 1245 neque
1693 1218 1710 1240 a
1727 1209 1884 1240 calumnia
1902 1208 1935 1239 li-

1057 1258 1227 1290 centiaque
1250 1249 1473 1288 conviciandi,
1497 1249 1555 1281 sint
1581 1251 1684 1282 litium
1704 1251 1932 1282 incitamenta:

1057 1301 1162 1331 neque
1184 1292 1222 1321 ad
1247 1291 1477 1330 rempublicam
1502 1292 1719 1331 penetrabunt
1741 1292 1879 1330 dissidia,
1904 1292 1934 1323 &

1057 1332 1154 1364 facile
1172 1330 1385 1372 exspirabunt.
1431 1333 1480 1363 An
1499 1334 1569 1372 quis
1586 1333 1704 1371 nescit,
1722 1334 1850 1374 quantis
1867 1343 1937 1364 mo-

1058 1375 1144 1404 tibus
1168 1374 1284 1415 agitata
1307 1383 1408 1411 nuper
1424 1373 1522 1405 fuerit
1540 1373 1671 1414 quaestio
1688 1375 1728 1406 de
1745 1373 1935 1406 Sabbatho?

1058 1416 1185 1455 quantis
1210 1415 1261 1446 illa
1287 1415 1327 1446 de
1351 1414 1480 1447 Coma?
1504 1423 1637 1455 utraque
1661 1423 1766 1448 tamen
1785 1416 1937 1455 evanuit,

1057 1457 1159 1497 spreta
1177 1466 1192 1487 a
1209 1456 1371 1496 republica
1386 1464 1440 1487 aut
1456 1457 1610 1497 neglecta.
1629 1459 1697 1498 quis
1710 1457 1808 1488 hodie
1824 1465 1935 1497 putat,

1058 1498 1169 1529 violari
1195 1498 1383 1538 religionem
1406 1506 1519 1529 vetere
1536 1499 1586 1529 illa
1605 1499 1633 1530 ἀ
1653 1499 1771 1530 celebri
1790 1499 1830 1529 de
1848 1499 1937 1530 Anti-

1059 1540 1199 1580 podibus
1216 1537 1391 1579 quaestione
1407 1548 1501 1579 quam
1521 1538 1743 1571 LaClantius&
1756 1540 1862 1571 caeteri
1880 1540 1935 1579 qui

1061 1580 1226 1613 Christiani
1252 1580 1361 1612 Patres
1386 1581 1604 1621 appellantur,
1628 1591 1693 1612 non
1719 1580 1849 1612 fuerunt
1873 1579 1936 1612 ausi

1058 1632 1166 1654 errore
1190 1631 1228 1653 an
1253 1622 1417 1662 impietate
1440 1621 1631 1655 absolvere?
1655 1623 1726 1662 quis
1746 1623 1868 1660 credit,
1891 1623 1939 1653 in-

1059 1663 1171 1695 teresse
1188 1663 1371 1704 religionis,
1387 1670 1493 1695 utrum
1512 1663 1555 1696 sol
1574 1671 1763 1702 moveatur,
1781 1674 1819 1696 an
1836 1672 1939 1695 terra:

1059 1705 1114 1737 etsi
1132 1704 1253 1736 fuerint
1268 1705 1321 1745 qui
1338 1705 1416 1737 illud
1431 1706 1553 1747 magnis
1570 1705 1703 1738 urserint
1718 1705 1939 1738 clamoribus?

1058 1746 1133 1787 Jure
1151 1745 1325 1778 Pontificio
1341 1745 1410 1778 usus
1427 1745 1563 1778 foenoris
1581 1747 1609 1779 ὅ(
1622 1746 1740 1787 usurae,
1757 1748 1809 1780 vel
1826 1747 1938 1779 mode-

1059 1788 1222 1826 stiffimus,
1247 1787 1403 1819 nefarium
1429 1788 1565 1820 habetur
1590 1788 1710 1829 scelus;
1734 1799 1770 1821 ac
1791 1789 1865 1820 diris
1882 1789 1936 1819 de-

1060 1837 1222 1861 voventur
1245 1831 1298 1870 qui
1317 1839 1430 1861 contra
1449 1829 1569 1861 hiscere
1585 1830 1695 1862 ausint.
1725 1840 1786 1862 nec
1805 1829 1938 1861 defuere

1060 1881 1101 1903 ex
1116 1870 1229 1902 nostris
1245 1871 1359 1911 quibus
1376 1871 1461 1902 idem
1473 1872 1614 1912 placeret
1624 1874 1720 1913 rigor.
1740 1872 1790 1903 sed
1802 1873 1855 1903 ubi
1872 1881 1936 1902 res-

1061 1913 1190 1954 publica
1208 1913 1276 1945 aliis
1293 1914 1391 1944 utitur
1409 1913 1553 1944 moribus
1565 1938 1573 1952 ‚
1595 1923 1686 1954 aeque
1703 1912 1825 1945 usuram
1841 1922 1877 1944 ac
1894 1914 1940 1943 lo·

1061 1956 1224 1986 cationem
1248 1954 1277 1985 δι
1304 1954 1554 1986 conductionem
1578 1956 1667 1995 cujus
1691 1964 1761 1995 pars
1783 1954 1847 1993 est,
1871 1963 1939 1986 rem

1058 1997 1127 2038 jure
1142 1995 1286 2038 gentium
1304 1995 1435 2027 liberam
1454 1995 1534 2034 esse„
1558 2005 1669 2028 omnes
1688 1995 1856 2027 credimus.

1100 2037 1270 2078 profligata
1289 2036 1377 2075 sunt,
1395 2037 1471 2076 AA,
1488 2038 1639 2077 pleraque
1656 2037 1770 2078 quibus
1787 2036 1867 2068 solet
1883 2035 1941 2068 Di·

1063 2080 1127 2110 vini
1153 2080 1257 2110 cultus
1276 2080 1442 2110 veneratio
1466 2079 1604 2111 humano
1631 2079 1767 2119 imperio
1786 2087 1822 2109 ac
1839 2078 1942 2109 civili-

1063 2121 1121 2151 bus
1139 2120 1261 2161 legibus
1276 2120 1413 2160 alligari:
1429 2119 1484 2151 nisi
1500 2120 1651 2152 dubitatis
1663 2143 1671 2158 ,
1687 2129 1724 2151 an
1742 2119 1938 2152 removenda

1062 2162 1198 2193 saltema
1216 2161 1377 2202 republica
1388 2169 1484 2200 atque
1502 2161 1541 2193 ab
1558 2161 1725 2193 hominum
1742 2160 1941 2201 conjunctio-

1061 2213 1102 2235 ne
1120 2203 1179 2235 fint
1195 2212 1301 2241 error,
1324 2202 1523 2243 superstitio,
1546 2203 1747 2243 idololatria,
1771 2203 1801 2234 δε
1825 2210 1941 2233 caetera

1062 2245 1226 2286 religionis
1243 2244 1378 2276 ludibria
1395 2254 1475 2275 vana
1490 2253 1587 2284 atque
1603 2245 1719 2284 impia;
1736 2255 1777 2276 ne
1792 2253 1876 2275 verae
1895 2243 1939 2274 ni-

1063 2285 1114 2320 t'or
1137 2285 1301 2326 religionis
1326 2286 1492 2317 vicinitate
1516 2284 1670 2328 sacrilegii
1687 2285 1936 2318 contaminetur.

1061 2327 1133 2368 Ego
1158 2337 1237 2359 vero
1261 2327 1344 2359 hanc
1361 2327 1551 2359 sententiam
1567 2338 1631 2360 non
1649 2329 1753 2360 minus
1773 2326 1936 2358 absurdam

1060 2369 1142 2407 effe,
1167 2378 1262 2409 quam
1285 2369 1425 2401 humano
1447 2370 1559 2410 generi
1583 2368 1794 2409 perniciosam
1810 2391 1819 2407 ,
1842 2368 1936 2399 rebus

1061 2411 1185 2443 vincam
1203 2409 1392 2442 necessariis.
1414 2419 1480 2452 quo
1496 2411 1624 2444 modo?
1648 2410 1811 2452 quaeritis‘?
1830 2409 1938 2447 sinite,

1060 2462 1127 2485 non
1152 2452 1237 2483 enirn
1261 2452 1425 2492 impedio,
1448 2452 1629 2491 Principem
1650 2453 1681 2484 in
1699 2452 1860 2484 honorem
1878 2451 1935 2491 piae

1061 2495 1091 2526 ὅ(
1110 2493 1275 2525 laudabilis
1292 2493 1381 2525 sectae
1398 2493 1542 2525 inhibere
1559 2493 1813 2534 superstitionem
1825 2517 1835 2532 ‚
1851 2502 1937 2523 veta-

1061 2545 1096 2568 re
1112 2535 1268 2573 ineptias,
1294 2543 1428 2576 purgare
1446 2536 1613 2576 impietate
1629 2535 1778 2567 seculum.
1802 2544 1863 2566 una
1880 2533 1939 2564 hae·

1061 2585 1110 2609 ret
1128 2576 1318 2615 difficultas,
1341 2585 1403 2607 nec
1421 2576 1491 2608 satis
1512 2577 1649 2608 consilii:
1671 2578 1798 2617 juvate,
1821 2575 1938 2613 dicite,

1062 2618 1139 2660 quid
1162 2618 1316 2658 deinceps
1341 2627 1454 2659 negem
1472 2618 1610 2658 Principi
1630 2619 1683 2659 qui
1700 2617 1875 2650 contrarias
1893 2615 1936 2647 se-

1062 2668 1177 2701 quatur
1188 2667 1302 2700 partes·
1327 2658 1373 2691 est
1387 2660 1472 2690 enim
1490 2660 1608 2700 ubique
1624 2659 1812 2700 pai-imperii
1829 2659 1936 2699 vigor3

1062 2711 1123 2733 nec
1140 2700 1191 2732 sua
1206 2701 1260 2732 ulli
1279 2701 1499 2740 improbabilis
1519 2702 1644 2733 videtur
1661 2701 1834 2741 disciplina.
1857 2701 1936 2731 adeo

1061 2743 1235 2783 circumagi
1253 2745 1278 2774 is
1293 2743 1381 2774 orbis
1397 2742 1522 2784 potest:
1538 2752 1575 2774 ac
1590 2742 1610 2775 si
1628 2745 1679 2774 cui
1697 2744 1813 2781 liceat,
1830 2740 1937 2772 falsam

1061 2794 1098 2816 ac
1116 2793 1228 2815 vanam
1247 2787 1401 2816 coercere
1418 2784 1531 2816 sestam
1545 2795 1552 2815 :
1566 2786 1615 2816 cui
1634 2784 1725 2816 nefas
1741 2784 1797 2821 sit,
1821 2782 1937 2814 evelle-

1061 2837 1095 2858 re
1111 2834 1179 2857 eam
1197 2835 1213 2856 a
1228 2834 1289 2865 qua
1304 2825 1468 2858 dissentit?
1486 2826 1506 2858 fi
1523 2828 1605 2858 enim
1624 2825 1719 2865 falsa,
1735 2825 1757 2857 fi
1775 2825 1868 2865 impia
1884 2831 1937 2854 ex·

1060 2867 1159 2910 pungi
1175 2866 1299 2906 potest:
1322 2877 1392 2908 quae
1409 2867 1547 2908 superest
1564 2868 1715 2909 quaestio,
1739 2866 1794 2898 nisi
1811 2875 1849 2897 an
1866 2874 1902 2895 ea
1917 2872 1936 2894 a

1062 2919 1122 2950 qua
1148 2907 1339 2947 disceditur,
1364 2919 1404 2940 eo
1430 2919 1471 2940 ex
1494 2919 1613 2950 genere
1638 2909 1700 2941 sit‘.)
1723 2910 1763 2940 de
1785 2917 1821 2939 ea
1838 2913 1935 2946 porro

1061 2951 1149 2992 qu‘us
1167 2951 1280 2988 notio,
1296 2950 1492 2990 Jurisdiffio,
1508 2952 1733 2991 coercitioque
1747 2948 1832 2980 erit?
1854 2954 1934 2991 non-

1059 3002 1101 3024 ne
1119 2993 1186 3033 ejus
1204 2992 1257 3032 qui
1277 2992 1413 3032 imperio
1433 2993 1640 3032 praevalebit‚
1663 2990 1844 3034 annai-mim
1867 2994 1933 3017 ⁰1²1·

1060 3044 1102 3066 ve
1122 3035 1146 3066 is
1163 3033 1244 3064 hanc
1261 3033 1448 3065 facultatem
1465 3034 1579 3065 dabit?
1594 3034 1637 3064 ita
1655 3041 1731 3064 vero
1747 3030 1933 3074 obt-inetur,

1060 3084 1096 3108 ut
1121 3075 1221 3108 divini
1238 3075 1342 3108 cultus
1360 3075 1539 3115 sinceritas,
1563 3075 1663 3111 fideS‚
1685 3071 1853 3115 aufto-ritas
1869 3078 1932 3114 jam

1057 3127 1124 3149 non
1149 3118 1274 3149 ratione
1301 3126 1338 3148 ac
1363 3116 1515 3159 sapientia
1536 3115 1678 3149 constet:
1702 3112 1754 3144 sed
1775 3119 1934 3155 mipene,

1882 3160 1933 3191 vr,

1117 3220 1129 3240 x
1151 3213 1193 3240 lili.
1209 3220 1254 3246 30.
1271 3222 1293 3240 c.
1310 3215 1356 3242 18.
