2036 3495
111 72 183 115 486

115 159 217 192 fecit:
240 166 357 201 negare
380 155 465 186 enim
497 150 585 191 quod
608 147 708 180 solum
729 146 829 185 facit,
847 154 917 192 ‚non
942 145 988 177 est

119 201 274 242 probare·
297 208 338 230 ne
362 194 435 226 artis
460 192 588 232 quidem
616 189 660 221 est
677 195 730 220 aut
752 187 925 232 doetrinae)
947 186 988 225 fi,

119 243 247 283 inquam
259 223 276 278 ‚⁹
291 246 356 270 non
380 232 538 270 ostendit,
562 230 678 263 deinde
695 235 827 259 vetitam
845 236 882 258 ac
900 230 990 259 coer-

121 283 217 315 citam
234 279 323 312 fuiffe
338 274 587 316 expositionem:
604 271 681 311 quid
696 268 742 301 est
756 269 880 308 verius,
896 277 990 309 quam

121 324 163 355 ad
181 320 455 355 Valentinianum,
476 313 666 351 Valentem,
685 311 716 343 &
733 308 942 349 Gratianum,
957 308 993 341 fi-

122 374 165 397 ne
181 362 312 394 crimine
330 359 360 390 &
378 364 474 396 poena
491 353 718 396 perseverasse,
744 351 852 384 medio
869 359 993 392 tempo-

123 414 159 437 re
174 411 239 436 non
256 398 435 434 mutatam?

167 442 273 477 Poss‘et
286 441 329 473 fic
348 444 497 481 perorata
521 436 623 468 videri
640 433 748 467 causat
769 433 822 467 sed
839 433 995 475 cogitanti

123 485 206 518 serio
230 489 430 523 componere
455 486 564 510 motos
580 476 709 516 fluetus,
734 476 824 508 lubet
839 477 946 508 obiter
964 475 995 508 &

124 524 209 567 quafi
224 534 282 566 per
296 523 435 555 indicem
446 544 455 560 ,
480 521 511 551 in
528 519 715 551 memoriam
732 527 885 549 revocare
900 527 925 549 c.
947 525 996 550 11.

124 568 163 603 &³
181 576 228 598 IV.
246 565 328 606 Julii
345 563 435 596 Pauli
450 561 602 602 explicita
621 570 638 591 a
655 569 725 599 me,
742 559 899 599 postrema
917 567 995 605 prae-

123 608 231 641 sertim
247 606 365 648 Operis
383 604 545 641 editione,
570 600 751 633 testimonia
774 600 950 638 Veterum,
972 609 996 631 1-

123 650 190 683 stos
207 648 231 680 F
234 649 281 680 ori
298 646 433 680 Romani
447 653 552 676 mores
568 642 623 675 sub
639 640 780 683 Traiano
798 641 828 673 &
843 642 997 688 deinceps

123 691 188 725 fine
211 690 345 722 circuitu
361 686 572 720 asserentium.
614 684 667 716 Sic
684 692 790 724 agam:
836 690 998 729 artes-pri·

123 743 193 766 mas
209 732 338 764 daturus
356 727 561 766 Christianis3
583 725 786 765 insequentes
837 724 997 756 entilibus.

124 774 182 807 Est
200 781 307 806 autem
323 770 458 803 celebris
473 768 557 809 apud
573 766 769 799 Christianos
782 765 892 806 Justini
912 765 998 797 Mar-

128 816 208 858 tyris
232 813 392 855 Apologia
416 810 572 848 secunda,
597 818 656 850 pro
683 806 868 840 Christianis
885 806 1000 848 scripta

129 859 170 890 ad
195 854 393 888 Antoninum
417 851 508 884 Pium
526 875 536 891 ‚
559 851 626 892 ejus
648 849 752 888 filios,
774 848 999 888 Veriffimum,

128 898 183 939 qui
207 896 252 929 est
277 895 407 928 Marcus
435 893 632 931 Antoninus,
659 891 689 922 &
705 890 840 922 Lucium
858 890 1000 928 Verum,

126 942 271 979 itemque
285 938 325 969 ad
339 937 509 974 Senatum,
527 934 558 966 &
573 933 730 974 Populum
747 931 938 963 Romanum.
964 931 1000 963 In

126 981 190 1014 hac
207 979 365 1021 Apologia
382 977 430 1008 vir
447 975 501 1008 ille
517 975 655 1015 sapiens,
679 973 876 1005 Christianos
891 972 1001 1004 defen-

125 1022 214 1055 surus
236 1018 384 1053 adversus
407 1016 584 1050 Gentilium
606 1015 794 1047 calumniam
818 1015 860 1046 de
875 1014 1002 1046 infanti·

129 1063 215 1096 cidio
233 1063 263 1094 ἅ
280 1061 436 1093 convivio
452 1057 574 1091 incesto
587 1081 596 1096 ‚
620 1066 685 1089 non
703 1056 806 1088 timuit
822 1062 890 1097 pag.
909 1065 958 1096 70.
977 1065 1002 1085 e·

129 1105 247 1137 ditionis
263 1099 432 1141 Parisienfis
448 1101 526 1142 apud
545 1098 701 1131 Morellzcm
716 1098 789 1129 anni
806 1100 902 1138 1636,
918 1096 1002 1128 facta

127 1146 292 1185 utriusque
307 1143 397 1175 sestae
414 1142 675 1182 comparatione,
696 1138 904 1177 confirmare,
921 1139 1003 1169 inter

132 1188 212 1220 alios
223 1186 337 1226 Populi
349 1184 486 1216 Romani
503 1191 625 1220 mores,
640 1191 657 1213 a
676 1179 859 1212 Christianis
876 1179 1004 1211 habitos

130 1239 190 1271 pro
203 1227 380 1267 improbis,
396 1224 458 1257 esse
473 1223 631 1256 infantum
646 1221 880 1264 expositionem
897 1230 933 1251 ac
950 1230 1004 1252 ne-

131 1279 222 1302 cem:
245 1269 298 1300 sed
322 1267 404 1299 hanc
420 1275 492 1297 cum
509 1265 632 1296 caeteris
647 1264 716 1304 jure
733 1263 865 1301 publico
882 1271 900 1293 a
915 1261 1004 1293 Gen-

131 1312 241 1344 tilibus
257 1310 378 1341 licitam
389 1307 683 1347 atqueimpunitam
698 1304 842 1344 relinqui.
864 1302 1007 1334 Evidens

131 1352 196 1385 esse
212 1352 277 1383 hoc
292 1349 402 1390 Justini
414 1348 567 1388 Martyris
585 1346 820 1383 testimonium,
836 1353 933 1375 nemo
951 1354 1005 1375 ne-

131 1401 208 1436 get,
225 1391 373 1432 inspeetis
389 1390 452 1422 loci
470 1388 587 1419 verbis.
610 1387 683 1428 quin
701 1386 859 1431 sincerum·
872 1384 927 1424 fit,
944 1394 1006 1426 ego

131 1445 189 1467 cur
204 1432 374 1466 dubitem?
396 1438 431 1462 tu
449 1438 581 1469 quoque
597 1438 663 1459 non
680 1435 770 1467 petas
787 1427 909 1458 mellus.
941 1435 1006 1467 quo

130 1484 240 1508 tamen
255 1472 447 1505 cumulatior
456 1470 492 1502 fit
503 1470 569 1509 ejus
579 1468 745 1500 auctoritas
756 1491 765 1506 ‚
777 1468 888 1499 addam
898 1491 907 1506 ,
918 1468 1007 1508 quod

128 1518 217 1550 idem
240 1514 329 1547 fimili
346 1511 479 1544 consilio
503 1510 633 1541 testatus
650 1509 705 1540 sub
722 1508 843 1539 Severo
859 1509 889 1539 δε
905 1509 1007 1540 Anto-

128 1559 209 1591 nino
237 1553 398 1587 Caracalla
415 1552 461 1583 est
479 1551 642 1583 Minucius
663 1549 753 1581 Felix
772 1548 897 1581 Ostavio
914 1560 937 1581 c.
954 1560 1005 1590 30.

130 1598 168 1634 ἐξ
188 1606 239 1640 31.
262 1603 329 1627 turn
354 1593 409 1625 sub
428 1593 540 1625 iisdem
563 1591 764 1632 Principibus
787 1590 1006 1624 Tertullianus

128 1640 179 1672 lib.
198 1649 225 1671 1.
245 1638 297 1669 Ad
312 1637 442 1668 nationes
458 1645 483 1666 c.
501 1644 547 1674 15.
563 1632 600 1668 ὃ)
616 1635 647 1664 in
665 1633 846 1674 Apologen'co
862 1642 886 1664 c.
903 1642 932 1669 9.
949 1633 1006 1664 eti-

127 1690 181 1714 am
203 1679 259 1712 sub
284 1676 499 1711 Constantino
520 1674 701 1706 Laetantius
717 1674 766 1706 lib,
783 1677 814 1705 6.
832 1673 941 1705 Divin.
960 1675 1006 1704 in·

123 1721 189 1764 stit.
209 1732 235 1753 c.
256 1730 306 1753 20.
333 1718 370 1754 δ’
394 1720 426 1750 in
451 1717 583 1758 Epitome
602 1726 626 1748 c.
643 1720 673 1747 6.
698 1715 728 1746 ἀ
745 1715 875 1756 quidem
893 1724 1005 1747 omnes

127 1771 195 1796 tam
210 1761 326 1795 diserte
342 1769 379 1793 ac
395 1758 582 1801 perspicue,
606 1764 642 1789 ut
660 1757 798 1795 nemini,
820 1755 876 1788 nisi
898 1757 949 1788 cui
972 1757 1005 1788 li-

128 1805 209 1838 bido
229 1803 265 1836 fit
283 1803 323 1835 de
339 1801 508 1839 omnibus,
531 1799 583 1831 vel
607 1798 800 1835 certiffimis,
823 1798 1004 1839 ambigere,

127 1845 202 1889 post
219 1844 250 1877 se
263 1845 446 1884 relinquant
460 1841 706 1874 dubitationem.
739 1838 830 1871 Nihil
843 1840 944 1880 judlo:
960 1840 1005 1870 lo·

126 1897 211 1929 quor
233 1886 435 1927 simpliciter:
460 1884 490 1915 &
516 1881 577 1914 effe
601 1891 674 1913 vera
698 1890 767 1922 quae
793 1882 858 1912 dixi
879 1903 889 1919 ,
913 1881 1006 1913 rebus

131 1928 313 1970 comperiet
337 1924 532 1962 neccss‘ariis,
556 1922 696 1963 quisquis
721 1922 837 1954 mentis
855 1921 914 1953 suae
931 1931 1007 1953 ocu·

131 1970 182 2002 los
198 1980 214 2001 a
230 1979 281 2001 me
299 1967 383 2009 Julio
409 1966 501 1998 Paulo
526 1964 648 2005 scriptis
672 1964 711 1996 ad
733 1964 859 1995 illorum
883 1964 1006 1995 intelle-

133 2011 218 2043 &um
230 2034 239 2049 ,
263 2008 414 2041 curiosius
429 2006 591 2048 adjecerit.

173 2052 322 2091 Aliquem
347 2051 508 2082 deterreat
525 2047 684 2079 contraria
699 2044 853 2077 sententia
871 2045 1006 2086 Amplis-

134 2093 203 2126 fimi
220 2090 475 2133 Bynkershoekii
495 2089 633 2131 Opzcscnli
647 2098 671 2119 c.
690 2096 730 2126 x,
747 2087 891 2119 omnium
910 2086 1007 2119 fidem

134 2133 384 2168 Christianorum
410 2141 469 2171 pro
493 2140 571 2162 vana
596 2137 649 2161 aut
671 2129 824 2161 mendace
841 2137 902 2160 una
917 2129 1009 2160 litura

133 2173 359 2216 expungentis.
390 2172 451 2204 Sed
468 2181 519 2203 me
539 2171 674 2210 solatur,
698 2172 786 2211 quod
803 2179 869 2201 non
887 2169 1010 2201 constat

131 2216 201 2250 fibi.
233 2224 306 2248 narn
331 2214 542 2246 meditantem
564 2213 698 2244 aliorum
723 2211 837 2252 scripta
858 2220 1007 2253 arguere,

133 2266 208 2290 ante
226 2256 361 2288 sollicite
377 2255 555 2296 inquirere,
575 2253 607 2285 &
623 2263 682 2293 pro
698 2260 789 2284 certo
806 2252 895 2284 nosse
910 2262 1008 2293 opor-

133 2307 201 2338 tet,
224 2308 262 2330 an
289 2297 320 2329 ἀ
334 2306 396 2338 qua
413 2295 502 2327 causa
519 2295 595 2336 quid
612 2295 743 2335 rejicere
761 2295 791 2325 ἃ
808 2294 887 2325 velit
904 2294 933 2325 &
955 2294 1008 2326 de·

133 2342 218 2373 beat.
252 2338 396 2371 securum
419 2347 498 2369 vero
516 2336 586 2368 talis
602 2336 775 2377 diligentiae
789 2334 880 2367 fuiffe
896 2334 1010 2367 Virum

133 2381 364 2421 Ampliffimum
375 2403 386 2419 ‚
400 2378 478 2411 mihi
494 2377 614 2410 indicio
628 2375 699 2409 sunt
715 2377 781 2417 eJus
797 2377 914 2417 verba,
935 2378 964 2408 d.
982 2387 1008 2409 c.

134 2433 167 2456 x.
188 2423 292 2463 palam
311 2420 494 2453 fluctuantia
508 2426 579 2461 pag.
598 2428 668 2459 225.
685 2418 722 2453 &2⁹
739 2421 808 2450 226.
824 2419 962 2460 primum
979 2428 1009 2450 e·

134 2466 202 2497 nim
219 2463 346 2494 accusat
361 2462 558 2494 Christianos
574 2459 755 2501 Scriptores
770 2461 903 2499 erroris,
913 2461 1009 2492 etiam

134 2504 311 2539 mendacii:
335 2504 424 2545 quod
443 2503 569 2541 dicant,
592 2501 751 2533 infantum
774 2501 1008 2543 expositionem

134 2546 189 2579 sua
205 2552 298 2576 aetate
322 2545 406 2586 apud
429 2543 577 2576 Gentiles
593 2542 684 2575 fuisse
698 2543 839 2582 licitam3
862 2552 955 2582 cum,
980 2552 1010 2574 e-

134 2589 183 2630 ius
201 2586 374 2628 opinione,
397 2585 476 2617 ess'et
490 2584 694 2617 detestabilis.
725 2593 803 2616 mox
820 2584 934 2616 deinde
950 2593 1010 2624 pro

136 2637 219 2662 vero
233 2627 362 2659 obtinet
377 2627 590 2665 contrarium,
607 2625 742 2658 Nullum
759 2625 1011 2658 Christianorum

136 2668 270 2707 dixiss'e,
293 2675 398 2708 patres
423 2667 474 2699 sua
498 2675 593 2699 aetate
607 2666 847 2700 adblandientes
863 2666 917 2699 fibi
936 2676 1011 2707 pue-

135 2712 224 2745 rulos
239 2710 307 2751 iure
323 2709 414 2740 licito
431 2717 484 2740 aut
500 2709 607 2741 elififfe
624 2717 678 2741 aut
695 2707 891 2749 exposuisse:
908 2707 961 2740 sed
978 2718 1010 2740 e-

137 2755 188 2795 J'us
212 2750 338 2783 sceleris
357 2749 587 2783 immanitatem
605 2750 635 2782 ὅ(
651 2749 867 2790 frequentiam
885 2758 1010 2782 narrare

134 2796 295 2837 primum,
310 2792 427 2823 deinde
437 2791 602 2830 damnare,
619 2793 646 2823 &
657 2799 811 2832 praeterea
828 2791 917 2823 nihil.
942 2789 1009 2822 Ob-

135 2837 204 2879 jicit
230 2843 307 2875 ergo
331 2831 517 2865 Christianis
541 2833 619 2864 meis
644 2834 727 2871 duo,
751 2832 816 2874 ipsa
839 2833 1013 2874 pugnantia

135 2886 240 2918 usque
256 2876 358 2914 adeo3
380 2880 416 2905 ut
433 2881 498 2904 uno
514 2873 647 2913 vestigio
663 2873 751 2906 simul
767 2881 928 2915 nequeant
945 2872 1012 2905 infi-

136 2919 231 2952 stere.
277 2916 370 2948 Hanc
392 2923 491 2956 porro
514 2913 754 2947 inconstantiam
775 2925 793 2946 a
810 2916 878 2947 veri
893 2915 1012 2947 intelli-

137 2960 245 3003 gentia
261 2956 440 3000 proficisci,
463 2964 528 2987 non
548 2956 674 2987 credam
689 2965 770 2996 ego:
792 2965 829 2987 ac
844 2957 866 2988 fi
883 2963 1010 2988 contra-

138 3004 219 3035 rium
235 3000 323 3033 malit
340 2998 399 3031 Vir
415 2995 645 3037 Ampliffimus3
668 2998 785 3028 nemini
803 2998 836 3030 id
851 2995 1009 3038 persuasu.

137 3054 207 3076 rum
229 3040 387 3074 confido:
410 3048 470 3071 nec
496 3038 593 3078 magis
617 3044 815 3069 extorturum
841 3040 1009 3080 cuiquam,

135 3085 204 3117 ullo
218 3084 287 3124 jure
303 3082 333 3114 se
343 3081 459 3114 erroris
475 3087 528 3111 aut
542 3077 701 3125 mendacii·
711 3078 858 3124 damnare
873 3090 955 3121 quos
970 3089 1010 3113 an

136 3134 191 3158 aut
219 3135 276 3157 cur
300 3134 341 3156 eo
366 3123 498 3156 damnet
521 3129 671 3158 nomine,
693 3118 758 3160 lpse
774 3119 901 3151 nesciat.
944 3121 1008 3153 Sed

135 3166 285 3210 profecto
301 3175 342 3199 ne
356 3165 449 3200 famae
466 3162 717 3198 Christianorum
734 3166 852 3196 noceat
865 3160 920 3194 ista
936 3160 1007 3196 Viti

710 60 1022 95 Genannt
1076 54 1311 90 Noonr

1033 143 1216 184 Ampliffimi
1230 141 1390 175 accusatio
1404 141 1542 183 duplex,
1556 142 1693 183 primum
1707 142 1739 174 in
1752 151 1842 176 mora
1858 143 1904 176 est

1032 186 1098 224 ejus
1113 185 1292 225 ignorantia
1308 192 1371 216 tarn
1386 181 1552 216 manifesta
1562 184 1766 215 vacillatione
1783 185 1908 217 intelle-

1033 226 1092 257 tta.
1116 226 1251 265 deinde,
1266 226 1355 266 quod
1370 233 1483 257 neutra
1496 233 1538 256 ex
1553 225 1632 256 vero
1647 224 1790 256 colorem
1805 227 1905 257 ducit.

1037 268 1167 299 alteram
1190 269 1274 299 enim
1298 268 1400 299 vincit
1416 265 1666 298 Christianorum
1682 265 1850 297 consensus
1868 267 1908 297 de

1037 307 1124 339 licita
1133 317 1244 340 eorum
1255 315 1402 350 tempore
1413 305 1786 350 infantum-expositione
1802 316 1838 338 ac
1855 317 1908 338 ne·

1037 357 1096 389 ce;
1118 358 1159 380 eo
1183 350 1333 388 validius,
1356 350 1445 390 quod
1467 349 1627 380 contraria
1643 349 1709 389 ejus
1723 349 1798 388 juris
1814 357 1908 389 nega-

1038 390 1104 429 tio,
1120 389 1165 422 est
1173 389 1331 432 singularis
1342 390 1410 422 Viri
1420 390 1605 431 Ampliffimi
1616 413 1625 429 ,
1642 398 1709 421 tum
1724 389 1813 429 hujus
1831 397 1911 421 tem·

1037 431 1143 472 poris,
1166 430 1197 463 &
1215 434 1334 463 incerta
1351 432 1454 473 plane.
1497 431 1748 463 Christianorum
1769 439 1847 461 vero
1867 439 1915 463 as‘

1038 471 1139 504 sertio
1151 473 1196 504 est
1217 473 1409 512 multorum,
1432 481 1586 515 praeterea
1604 480 1715 512 vetus,
1738 472 1913 509 unanimis,

1039 513 1205 553 constans,
1229 515 1325 546 etiarn
1348 514 1525 547 Gentilium
1545 514 1692 556 suffragio
1711 512 1854 545 suffulta:
1876 520 1913 544 ut

1038 555 1071 586 in
1088 555 1165 586 loco
1189 555 1362 594 apparebit.
1394 557 1491 588 altera
1506 557 1594 588 omni
1614 562 1701 588 caret
1717 555 1912 596 probatione

1039 596 1078 628 ad
1096 595 1399 629 demonstrationem
1416 599 1562 630 vanitatis
1578 606 1632 629 aut
1649 597 1807 629 mendacii
1823 594 1914 627 Chri-

1040 637 1146 670 stianis
1169 636 1286 677 objecti
1302 661 1312 677 ‚
1335 638 1515 671 necessaria.
1561 639 1642 671 Sane
1667 647 1724 678 pro
1749 637 1803 669 tali
1828 636 1913 677 apud

1039 688 1092 711 me
1107 688 1172 710 non
1191 680 1285 710 cedat
1300 680 1398 720 prima
1415 680 1484 712 haec
1500 681 1565 721 ejus
1579 680 1808 720 proclamatio,
1826 678 1913 710 Vete-

1039 730 1082 752 res
1107 717 1284 761 Christianos
1304 721 1380 762 saepe
1403 724 1436 752 de
1461 723 1532 753 bona
1549 722 1610 762 fide
1629 729 1735 762 parum
1754 720 1914 761 sollicitos,

1041 761 1206 794 Gentilibus
1220 761 1394 800 adversariis
1400 763 1465 802 suis
1470 763 1600 803 plurima
1614 761 1807 803 exprobraffe‚
1825 767 1914 802 atque

1034 803 1064 842 fi
1074 809 1128 844 pro
1151 803 1238 834 licitis
1259 803 1393 834 haberent
1412 813 1474 845 quoe
1488 802 1540 844 ipsi
1564 813 1713 845 eorumque
1729 804 1801 843 leges
1815 806 1915 844 palam

1041 842 1268 885 detestabantur.
1292 844 1343 875 Sic
1354 845 1487 876 censeo:
1499 854 1558 876 nec
1568 855 1647 885 opus
1662 847 1758 886 quaeri
1774 844 1895 876 causam
1905 866 1917 882 ‚

1043 887 1128 917 ultro
1145 886 1296 926 liquidam
1314 897 1321 917 :
1345 895 1381 917 ea
1398 885 1487 918 causa
1501 887 1566 926 est,
1589 886 1777 927 protestatio
1799 887 1838 917 ab
1854 886 1916 917 hac

1043 928 1100 960 lite
1118 934 1191 958 toto
1207 927 1293 959 coelo
1311 935 1444 959 remota.
1481 926 1554 959 Nec
1570 929 1668 968 major
1687 928 1731 959 est
1747 928 1795 958 vis
1807 927 1916 959 secun-

1044 969 1110 1000 dae:
1127 968 1201 1000 Plus
1209 968 1297 1009 semel
1311 969 1372 1000 illos
1391 969 1492 1000 Patres
1506 968 1654 1010 insurgere
1670 971 1701 1000 in
1713 969 1803 1008 seculi
1818 969 1914 1007 vitia,

1044 1012 1075 1042 in
1089 1018 1178 1041 mores
1189 1016 1355 1051 corruptos,
1378 1012 1409 1041 in
1417 1010 1519 1050 saecem
1534 1011 1650 1051 populi,
1674 1014 1706 1041 z'n
1725 1012 1841 1041 turbam
1850 1008 1916 1048 fine

1044 1052 1176 1090 nomine,
1197 1061 1259 1093 quae
1287 1058 1404 1083 tantum
1417 1061 1475 1083 non
1497 1051 1604 1092 legibus
1615 1051 1717 1091 solnta
1732 1052 1821 1082 vivit.
1863 1049 1918 1082 Ne

1045 1093 1142 1124 video
1159 1093 1307 1133 quidem,
1327 1102 1388 1133 qua
1405 1092 1513 1133 causa,
1537 1102 1602 1134 quo
1620 1092 1684 1124 fine
1696 1115 1706 1131 ,
1728 1101 1794 1132 quo
1810 1090 1920 1130 sensu,

1049 1133 1098 1165 his
1114 1135 1230 1165 eodem
1248 1134 1411 1176 subjungat
1427 1133 1552 1175 spiritu:
1570 1134 1646 1178 Qum
1660 1135 1755 1165 omnia
1770 1143 1829 1164 non
1844 1132 1920 1163 τεὲἶε

1049 1177 1210 1216 detorqueri
1225 1177 1262 1206 ad
1271 1179 1348 1207 viros
1365 1179 1447 1207 honos
1462 1175 1499 1210 ὅ)
1509 1176 1592 1207 utiles
1601 1175 1762 1216 reipublicae
1776 1175 1853 1206 cives
1867 1174 1921 1215 qui

1048 1217 1157 1258 legibus
1180 1218 1320 1248 vivebant
1343 1216 1380 1252 &²
1401 1215 1618 1258 magzflratz'bns
1633 1218 1783 1258 parebant.
1828 1214 1921 1247 Idem

1049 1259 1152 1289 dicam
1169 1258 1208 1288 de
1220 1258 1399 1298 adjectione
1411 1260 1512 1290 tertia.
1542 1258 1805 1299 Poffnmsexcema
1819 1257 1922 1299 hujus-

1048 1299 1124 1330 modi
1136 1299 1264 1339 proferre
1277 1309 1338 1340 quae
1355 1298 1411 1337 nzfi
1426 1301 1553 1330 dicerent
1569 1299 1739 1331 Venerandi
1754 1299 1878 1336 Patres,
1894 1308 1922 1328 e-

1045 1349 1083 1381 go
1098 1342 1229 1371 convicia
1244 1342 1276 1371 de
1286 1338 1416 1381 plaustro
1432 1342 1562 1372 dicerem.
1583 1340 1663 1372 Sunt
1673 1340 1758 1371 enim
1777 1339 1872 1370 verba
1887 1339 1921 1370 ὅτ.

1049 1381 1132 1413 nuda
1149 1381 1179 1412 &
1197 1382 1319 1422 privata
1339 1382 1405 1414 Viri
1422 1382 1626 1423 Ampliffimi:
1649 1391 1752 1422 eoque
1772 1381 1837 1412 aliis
1854 1390 1923 1412 non

1048 1423 1293 1463 praejudicantia.
1343 1422 1509 1455 Postremo
1539 1424 1692 1455 leniturus
1723 1423 1902 1454 orationem
1913 1444 1926 1459 ‚

1048 1473 1109 1495 nec
1125 1462 1166 1495 fic
1182 1464 1340 1505 conjeuat
1358 1472 1411 1496 aut
1428 1465 1545 1496 certius
1557 1488 1566 1504 ,
1584 1472 1636 1495 aut
1652 1466 1690 1495 ad
1708 1473 1774 1495 rem
1794 1472 1922 1494 accom-

1048 1505 1225 1537 modatius:
1250 1505 1350 1537 Etiam
1375 1505 1552 1546 Christianos
1576 1506 1739 1537 Gentilibm
1757 1505 1917 1545 promiscue

1049 1546 1165 1588 objicere
1175 1546 1260 1588 vulgi
1268 1545 1408 1587 flagitia,
1423 1548 1540 1589 ignaros
1554 1547 1663 1588 legibus
1677 1546 1727 1587 effe
1741 1546 1851 1577 vetita.-
1866 1555 1923 1576 me-

1049 1588 1128 1618 liores
1145 1588 1278 1619 videlicet
1298 1588 1448 1630 'lbeologos
1459 1611 1469 1627 ,
1484 1598 1571 1630 quam
1587 1587 1827 1628 Jurisconsultos.
1851 1588 1925 1627 quin

1040 1629 1122 1668 forte
1135 1627 1323 1669 exzstzinaffe,
1340 1629 1438 1668 licita,
1454 1631 1527 1671 quod
1543 1630 1617 1660 vilia
1632 1630 1663 1660 in
1678 1638 1765 1660 mores
1780 1630 1926 1670 migrave-

1048 1676 1138 1709 runt,
1161 1669 1198 1705 ὅ)
1220 1672 1295 1702 inter
1316 1671 1388 1713 leger
1405 1676 1535 1702 creverat
1559 1670 1725 1701 delatorum
1739 1670 1922 1711 frequentia.

1049 1710 1148 1752 Igitur
1163 1720 1315 1752 quantum
1331 1713 1370 1744 ad
1385 1712 1564 1753 Scriptores
1576 1711 1774 1745 Christianos
1790 1712 1925 1743 attinet:

1048 1754 1091 1784 nil
1102 1753 1220 1784 habent
1233 1762 1376 1785 metuere
1386 1763 1402 1785 a
1418 1753 1548 1785 censura
1558 1754 1625 1785 Viri
1637 1753 1824 1794 Ampliffimi
1834 1775 1843 1791 ‚
1860 1753 1927 1793 ple-

1049 1804 1088 1826 na
1106 1795 1241 1834 erroris,
1265 1795 1374 1836 &ipsa
1396 1795 1427 1826 se
1445 1794 1646 1834 destruente,
1671 1803 1737 1827 tum
1760 1794 1924 1836 singulari,

1049 1836 1212 1878 postremo
1224 1846 1318 1878 vaga,
1331 1837 1361 1868 ὅ(
1371 1836 1453 1868 hanc
1467 1837 1556 1869 litem
1569 1837 1653 1868 nulla
1668 1846 1710 1868 ex
1725 1844 1815 1878 parte
1830 1836 1926 1867 attin·

1049 1884 1157 1918 gente.
1196 1877 1266 1919 Ego
1284 1888 1361 1910 vero
1377 1886 1493 1919 praeter
1508 1878 1577 1910 haec
1593 1886 1704 1920 optem
1715 1901 1725 1917 ,
1748 1878 1924 1909 exercitam

1050 1928 1114 1950 non
1134 1918 1226 1950 fuiffe
1242 1920 1282 1950 ab
1301 1920 1416 1951 Amico
1439 1919 1629 1952 Honorato:
1650 1919 1837 1960 judicaturis
1856 1919 1925 1959 qui-

1050 1960 1109 1992 bus
1119 1959 1254 1992 studium
1264 1960 1317 2000 fit,
1331 1961 1360 1992 se
1369 1970 1478 2002 aequos
1490 1961 1632 2002 praebere
1642 1961 1790 1992 omnibus
1798 1983 1807 1998 ‚
1815 1957 1925 2006 (quod

1015 2010 1018 2014 ·
1051 2011 1165 2033 omnes
1179 2003 1283 2034 bonos
1309 2001 1417 2034 facere
1439 2004 1555 2043 decet)
1578 2012 1641 2033 non
1667 2003 1842 2033 convenire
1858 2009 1924 2040 ejus

1051 2044 1217 2082 comitati,
1234 2044 1432 2083 prudentiae,
1456 2044 1618 2084 dignitati,
1641 2043 1819 2083 Scriptores
1837 2050 1926 2072 vete·

1051 2094 1119 2123 res,
1142 2085 1261 2125 ingenii
1286 2084 1414 2116 solertia
1437 2084 1577 2117 nominis
1598 2085 1774 2116 claritatem
1799 2092 1856 2123 per
1874 2090 1925 2113 tot

1051 2125 1155 2158 secula
1182 2126 1356 2158 retinentes
1372 2126 1454 2167 apud
1479 2126 1566 2157 viros
1584 2125 1697 2157 doctos
1714 2125 1744 2157 &
1761 2125 1924 2162 laudatos,

1051 2174 1115 2198 tam
1137 2166 1360 2207 adspernanter
1374 2167 1513 2206 habere3
1537 2176 1643 2207 eoque
1668 2175 1837 2207 rumpere,
1860 2174 1927 2197 non

1050 2208 1194 2248 solvere,
1217 2209 1338 2241 nodum
1358 2208 1412 2240 fibi
1430 2208 1683 2241 incommodum.

1093 2248 1137 2280 lta
1152 2249 1264 2281 liceret
1281 2250 1359 2281 mihi
1374 2248 1578 2289 adquiescere
1595 2249 1745 2282 hactenus
1759 2257 1819 2290 pro
1836 2247 1928 2280 Chri·

1051 2290 1148 2322 ssiana
1171 2290 1349 2322 sinceritate
1375 2291 1477 2323 dietis.
1508 2290 1561 2322 sed
1581 2291 1748 2330 permittes
1765 2289 1864 2328 mihi,
1888 2299 1925 2320 ea

1052 2331 1161 2363 haberi
1180 2340 1303 2364 tantum
1319 2331 1402 2372 quasi
1415 2332 1604 2373 praeambula
1620 2330 1813 2364 defensionis
1828 2339 1924 2373 quam

1051 2381 1150 2413 paro;
1167 2373 1195 2405 &
1211 2374 1250 2405 de
1268 2372 1418 2405 univerfis
1436 2382 1506 2414 quae
1522 2373 1561 2405 ad
1577 2382 1647 2405 eam
1666 2373 1826 2414 spectant,
1842 2381 1926 2404 nunc

1050 2414 1096 2446 ire
1118 2414 1149 2447 in
1174 2414 1358 2454 confilium,
1373 2424 1467 2455 quarn
1486 2422 1625 2456 potero,
1649 2414 1858 2451 exactissime,
1883 2413 1926 2444 se-

1052 2455 1213 2496 questrato
1237 2455 1392 2496 paulisper
1421 2456 1480 2488 isto
1505 2455 1755 2488 Christianorum
1781 2463 1927 2486 contern-

1052 2505 1120 2538 ptu.
1164 2496 1259 2530 Unde
1274 2498 1366 2530 datur
1381 2497 1474 2529 nobis
1489 2497 1586 2529 hodie
1604 2496 1801 2538 cognoscere
1813 2520 1822 2534 ,
1847 2496 1875 2526 δι
1891 2495 1926 2526 fi·

1053 2539 1122 2570 nire
1135 2539 1223 2571 litem
1243 2540 1283 2571 de
1300 2546 1448 2580 tempore
1463 2539 1617 2579 antiquati
1635 2546 1710 2569 ante
1726 2538 1824 2569 multa
1841 2536 1926 2568 secu-

1052 2580 1081 2611 la
1097 2581 1194 2612 moris
1208 2581 1343 2612 necandi
1358 2581 1608 2622 exponendique
1623 2579 1781 2618 infantes;
1798 2587 1925 2620 praeter-

1053 2630 1147 2662 quam
1171 2631 1211 2653 ex
1234 2622 1388 2654 memoria
1407 2630 1518 2654 eorum
1543 2621 1657 2662 quibus
1682 2631 1716 2652 re
1731 2621 1853 2661 integra
1869 2628 1925 2660 op-

1054 2671 1227 2704 portunum
1244 2671 1331 2702 erat,
1354 2663 1433 2695 scire
1449 2663 1537 2704 quod
1553 2672 1637 2695 nunc
1652 2662 1777 2694 aliunde
1794 2671 1857 2693 non
1873 2670 1927 2701 ap-

1053 2704 1170 2745 paret?
1184 2704 1216 2736 id
1231 2705 1375 2736 divinare
1391 2706 1527 2746 (praeter
1542 2704 1607 2736 hoc
1623 2705 1706 2736 enim
1722 2703 1800 2735 nihil
1814 2700 1926 2742 restat)

1052 2746 1158 2778 verius
1177 2745 1323 2786 aptiusve
1339 2747 1603 2783 ratiocinatione,
1621 2755 1714 2787 quam
1728 2745 1789 2777 illis
1803 2744 1926 2776 licuerit

1053 2786 1118 2819 fide
1131 2789 1320 2827 oculorum,
1344 2788 1373 2819 ἃ
1389 2787 1442 2819 usu
1459 2787 1620 2828 praesentis
1639 2787 1793 2827 temporis
1808 2784 1925 2817 intelli-

1053 2838 1148 2870 gere,
1170 2838 1236 2870 quo
1258 2829 1360 2860 modo
1377 2853 1388 2869 ‚
1411 2828 1433 2861 fi
1458 2828 1610 2869 sapimus,
1635 2827 1741 2869 speret
1763 2827 1842 2858 alter
1866 2834 1924 2871 no·

1052 2872 1148 2902 strum
1166 2870 1184 2903 ‘3
1212 2869 1341 2911 Insuper
1364 2871 1442 2902 volo
1464 2871 1682 2911 interrogare,
1705 2876 1821 2910 quanta
1843 2866 1923 2907 juris

1053 2911 1185 2943 scientia
1201 2911 1299 2944 fuerit
1320 2920 1401 2952 opus
1416 2911 1653 2954 fignificaturis,
1677 2920 1714 2942 an
1732 2908 1867 2950 ipsorum
1884 2915 1922 2935 :e-

1052 2961 1096 2984 vo
1115 2953 1301 2994 parentibus
1322 2952 1400 2985 ess'et
1417 2953 1619 2994 permissum,
1642 2951 1778 2984 infantes
1802 2955 1922 2979 tanturn

1053 2995 1141 3036 quod
1159 3002 1271 3034 natos,
1294 3004 1354 3036 pro
1371 2995 1504 3027 arbitrio
1520 2995 1652 3033 tollere,
1675 2998 1853 3032 exponere,
1869 2995 1921 3017 sse·

1052 3036 1153 3069 care?
1175 3035 1409 3075 Conferamus,
1434 3036 1489 3068 nisi
1509 3045 1608 3078 grave
1633 3033 1695 3071 est,
1718 3030 1824 3074 nostra
1840 3035 1919 3058 tern-

1052 3087 1133 3120 pora
1156 3087 1230 3110 curn
1256 3078 1317 3110 illis
1341 3077 1495 3110 vetustis:
1520 3078 1723 3118 quisquamne
1748 3070 1863 3114 h0d¹e.’
1888 3077 1922 3098 Π*

1053 3128 1136 3152 trum
1149 3120 1218 3160 jure
1236 3118 1439 3159 concessum,
1463 3128 1501 3150 an
1519 3119 1668 3152 vetitum,
1683 3112 1718 3144 fit
1734 3109 1919 3151 parentlbUS

1050 3170 1216 3204 exponere
1239 3168 1295 3195 aut
1315 3169 1431 3194 necare
1452 3159 1592 3193 infantes
1608 3179 1618 3196 ‚
1641 3154 1763 3186 laborat
1787 3160 1921 3222 ”Squafff‘

1894 3208 1922 3222 2-
