2036 3495
127 121 196 161 446
527 111 561 145 G
594 120 614 144 ε
649 117 671 142 rt
703 116 724 142 Α
762 118 785 142 rt
820 116 844 141 n
876 116 890 141 ι

130 214 190 238 aon
212 203 251 245 efi
275 203 356 236 abire
378 200 467 234 tutela
483 198 588 241 juffus.
631 195 789 242 Exempla
812 195 886 241 dedi
912 194 1001 235 supra

134 256 176 278 ex
193 246 213 277 l.
233 255 259 278 1.
285 245 313 286 §,
335 254 365 285 5,
390 242 425 277 &³
439 242 455 271 l.
476 249 504 275 9.
520 241 547 268 cl.
564 244 585 268 t.
611 237 696 269 simul
713 239 866 275 indicavi,
890 236 951 267 effe
961 246 1002 267 ex

139 287 348 320 Eurematicis
370 280 563 316 Modestini‚
586 279 707 309 indicio
732 278 950 318 inscriptionis
972 277 1001 308 d.

136 329 157 362 1.
174 338 203 365 9·
249 327 300 359 Eo
316 325 414 357 modo
432 320 651 360 accipiendum
667 320 760 351 etiarn
778 319 842 350 hoc
864 317 1003 357 justinia-

136 372 168 401 ni
183 370 212 412 ς.
230 379 260 410 5.
294 364 364 406 Infl.
389 365 422 394 de
444 362 624 393 curatoribus
641 372 649 393 ε
681 361 831 392 Interdum
849 359 885 394 δ’
902 359 1004 400 pupilli

138 418 282 442 curatores
297 406 460 445 accipiunt,
484 409 519 433 ut
540 408 618 443 puta
627 401 656 440 si
677 403 823 443 legitimus
846 407 925 431 tutor
947 409 1004 431 non

129 451 172 492 flt
186 453 301 482 idoneus
323 447 459 487 (nempe
481 443 643 483 moribus)
663 444 799 484 quoniam
822 442 936 473 babenti
959 449 1004 472 tu-

139 499 226 524 torem
247 494 325 520 tutor
345 487 410 517 dari
426 494 483 516 non
495 482 593 526 potest.
617 486 684 515 item
694 483 721 521 fi
736 482 898 524 testamento
918 483 1005 513 datus

138 538 234 568 tutor,
258 528 305 560 vel
327 538 345 558 a
362 527 487 559 Praetore
510 531 563 557 aut
587 524 725 562 Praeside,
749 526 866 555 idoneus
893 533 949 554 non
965 522 1006 561 fit

139 574 178 605 ad
193 568 470 610 administrationem
483 589 492 605 ,
516 576 566 597 nec
582 571 677 597 tamen
696 565 900 603 fraudulenter
924 573 1007 605 nego-

140 615 183 645 tia
203 608 399 651 administret:
414 609 486 648 solet
503 608 529 639 ei
544 613 656 638 curator
671 607 802 648 adjungi.
846 605 891 636 Sit
916 606 1008 646 igitur

141 654 316 696 Iustiniano
346 651 378 682 in
402 651 430 681 d.
448 649 476 691 §.
494 653 523 680 6.
547 648 674 679 infamis
697 654 785 678 tutor
806 653 948 678 remotus
965 646 1008 676 ob

143 697 272 729 dolum:
294 692 339 724 ob
355 691 480 730 culpam
503 690 594 721 latam
613 698 677 719 non
703 697 803 727 aeque.
848 688 889 718 At
917 687 1008 726 culpa

140 738 204 770 lata
224 744 284 776 pro
300 733 377 766 dolo
396 732 530 763 habetur
544 730 563 760 l.
579 732 649 771 226.
667 728 708 760 D.
725 730 759 759 de
773 729 849 759 verb.
861 726 964 768 signif.
979 727 1009 758 ἀ

142 779 226 810 clare
244 775 398 815 Ulpianus
418 773 437 803 l.
452 780 480 810 7.
505 770 533 812 §.
557 778 582 800 1.
605 770 652 800 D.
668 769 696 800 h.
722 775 743 800 t.
767 768 808 800 fic
831 768 953 799 scribit:
977 768 1010 798 Si

139 820 228 858 fraus
243 826 299 848 non
314 814 354 854 fit
369 811 507 852 admiffa,
521 811 575 850 sed
591 810 650 840 lata
664 809 839 850 negligentia
850 832 858 846 ‚
874 811 945 849 quia
955 807 1010 849 isla

134 867 223 902 prope
237 857 376 899 fraudem
399 853 526 890 accedit,
557 852 695 882 removeri
717 851 795 881 huuc
816 849 897 891 quasi
917 852 1010 888 sulpe-

141 901 218 934 &um
231 902 346 940 oportet.
386 893 450 927 Sed
467 893 554 932 haec,
577 892 607 924 &
630 900 701 930 quae
717 900 871 933 praeterea
895 891 1011 932 poffint

948 106 1208 142 Nooua-

1269 105 1296 140 C
1330 116 1351 141 θ
1383 116 1407 139 M
1442 115 1476 138 ra.

1043 195 1160 226 morari
1185 202 1288 225 meam
1311 194 1497 226 sententiam
1515 215 1525 231 ,
1560 202 1600 226 ex
1624 193 1765 234 professo
1789 194 1909 232 discuffi

1044 236 1091 266 lib.
1111 245 1137 267 1.
1163 235 1355 267 Probabilium
1371 246 1395 266 c.
1412 235 1464 266 ult.
1490 233 1566 267 Non
1583 237 1684 268 minus
1698 237 1839 276 juvabit,
1858 240 1912 270 ad·

1045 276 1171 314 didiffe,
1195 285 1212 306 a
1235 285 1285 307 rne
1302 275 1413 317 scripta
1431 275 1484 307 snb
1499 275 1614 308 Titulo
1639 276 1766 318 Depofiti
1790 280 1828 310 ad
1852 279 1914 311 dif-

1045 317 1163 350 ficilem
1180 318 1209 347 dt
1226 316 1393 349 obscurum
1411 317 1491 350 Celsi
1511 318 1616 348 locum
1635 321 1685 357 qui
1704 319 1748 350 est
1765 320 1793 349 in
1820 320 1839 350 l.
1856 330 1909 362 32·

1049 361 1095 390 l).
1114 357 1247 398 Depnfiti
1262 358 1308 389 vel
1324 366 1442 397 contra,
1466 359 1496 390 &
1513 359 1599 399 quod
1618 358 1700 396 scio,
1726 370 1742 391 a
1761 361 1848 392 nullo
1859 363 1912 393 ad-

1047 400 1110 431 huc
1126 400 1208 430 bene
1224 399 1386 437 expositus
1406 399 1514 431 Docto
1536 399 1624 431 Viro.

1088 441 1204 472 Praeter
1227 439 1389 472 infamiam
1412 450 1472 480 qua
1497 441 1633 472 afficitur
1659 447 1746 471 tutor
1769 451 1914 475 remotus

1048 482 1091 513 ob
1108 481 1216 512 dolum
1229 503 1238 518 ‚
1255 480 1323 511 sunt
1340 481 1375 522 &.
1388 482 1455 512 aliae
1471 491 1574 519 poenae
1592 482 1703 521 quibus
1722 492 1792 514 eum
1809 493 1917 524 grava-

1049 523 1093 561 ri,
1116 523 1244 562 placuit.
1268 522 1336 552 talis
1351 521 1395 554 est
1417 523 1518 554 miffio
1535 524 1565 554 in
1584 522 1798 562 posstffionem
1817 526 1919 557 bono-

1049 573 1116 595 rum
1132 564 1161 604 ᾗ.
1177 573 1206 600 9.
1224 560 1295 602 lnfl.
1311 563 1339 593 h.
1357 568 1378 594 t.
1402 563 1471 595 sunt
1494 564 1524 595 &
1546 565 1670 595 vincula
1693 566 1818 602 publica
1840 566 1858 596 l.
1885 576 1914 607 3.

1050 605 1079 647 §.
1100 609 1145 636 16.
1168 604 1207 635 D.
1224 605 1252 634 d.
1272 611 1293 634 t.
1317 601 1369 634 Ne
1384 603 1448 635 hoc
1466 604 1592 644 quidem
1612 605 1674 636 fine
1689 605 1819 638 iubfistic
1836 607 1918 638 Prae-

1052 655 1121 677 tor:
1143 646 1311 676 arbitratus
1328 668 1337 681 ‚
1368 647 1570 676 atrocitatem
1593 645 1717 677 sceleris
1745 649 1917 687 aliquando

1051 687 1103 718 vel
1127 686 1286 726 corporali
1306 694 1399 724 poena
1416 684 1477 716 elie
1496 686 1725 718 vindicandam.
1749 698 1853 729 eoque
1868 699 1920 720 ca-

1052 727 1103 764 su,
1126 727 1198 766 quia
1214 725 1279 766 ipse
1305 734 1425 757 tantum
1451 726 1547 757 habet
1572 728 1707 758 mixtum
1728 729 1918 770 imperium,

1053 767 1133 799 solet
1165 775 1304 798 tutorem
1329 768 1468 806 graviter
1497 768 1692 807 puniendum
1723 772 1850 802 mittere
1880 772 1919 804 ad

1052 807 1241 841 Praefefitum
1261 806 1357 838 Urbi:
1382 808 1468 848 quus
1485 808 1515 839 in
1542 807 1630 839 Urbe
1652 808 1697 840 est
1723 820 1843 842 merum
1865 814 1923 845 im.

1053 850 1186 890 perium.
1211 849 1359 888 exempla
1377 849 1445 881 sunt
1461 850 1492 881 in
1508 849 1537 891 §.
1558 858 1604 882 10.
1625 849 1661 885 δέ’
1682 859 1729 882 11.
1752 851 1825 892 Ins&
1850 853 1885 889 ξῇὓ
1900 855 1921 886 ι.

1051 901 1079 933 3.
1101 891 1130 932 §.
1153 900 1199 932 15.
1219 891 1266 922 D.
1281 890 1309 922 h.
1327 896 1349 922 t.

280 1081 581 1137 LIBER

837 1214 1026 1251 T1Tu

652 1077 1214 1132 VIGESIMUS
1286 1078 1780 1132 SEPTIMUS.

1057 1225 1192 1251 Lus.
1245 1215 1272 1253 Ι.

884 1312 934 1348 De
960 1310 1211 1359 excusationibus.

149 1423 236 1464 ἓξὲξ,
245 1421 329 1463 ἓξὲξ
338 1428 431 1453 LTER
452 1419 567 1452 modus
584 1426 650 1457 quo
668 1424 791 1448 tutores
813 1415 900 1448 facto
919 1415 1021 1457 Magi-

151 1466 192 1491 se.
211 1458 217 1464 “
263 1457 269 1462 ’
291 1464 328 1502 {Ze
351 1463 463 1495 stratus
485 1459 548 1491 esse
571 1458 738 1495 desinunt,
776 1459 940 1489 excusatio
969 1466 1021 1497 ap-

150 1490 193 1536 ‚153
220 1475 264 1521 Α
290 1507 329 1549 {gg
352 1503 488 1544 pellatur
507 1500 535 1542 §.
561 1499 614 1531 ult.
638 1497 821 1545 l”J‡·,Q2'b·
842 1498 1021 1545 m'od3tutel.

151 1535 329 1596 sseffssssg
345 1543 430 1584 finit.
463 1541 573 1582 estque
595 1540 746 1581 allegatio
771 1548 948 1573 vacationis
972 1538 1024 1570 vel

205 1574 232 1592 Ῥ
271 1582 277 1589 ”
351 1583 559 1616 immunitatis
575 1590 668 1621 quam
688 1581 758 1622 quis
779 1580 876 1612 habet
899 1590 941 1612 ex
967 1581 1027 1621 pri·

152 1629 272 1671 vilegio
288 1626 340 1658 vel
358 1634 398 1657 ex
413 1624 491 1666 justa
508 1622 608 1655 causa.
655 1621 700 1653 Ea
719 1621 882 1657 excusatio
909 1620 954 1654 est
980 1630 1026 1652 tu-

154 1672 218 1704 tori
240 1668 372 1701 tutelam
397 1665 551 1698 recusanti
577 1664 699 1695 idcirco
722 1662 908 1695 necessaria:
940 1662 1028 1701 quod

157 1711 257 1744 tutela
271 1712 495 1741 annumeratur
513 1705 661 1737 civilibus
679 1704 862 1737 muneribus
886 1703 1028 1744 persona·

155 1754 240 1787 libus
258 1752 276 1782 l.
298 1759 324 1782 1.
347 1749 377 1792 §.
395 1749 450 1780 ult.
471 1748 514 1779 D.
530 1748 564 1779 de
580 1746 721 1778 munerib.
745 1745 784 1776 ad
806 1754 876 1786 quae
896 1744 1028 1776 subeun-

154 1796 194 1827 da
210 1791 316 1834 potest
333 1787 551 1830 unusquisque
570 1797 587 1819 a
604 1787 745 1819 Praetore
762 1787 834 1828 cogi
851 1787 974 1817 mulCtae
984 1785 1028 1816 di·

159 1836 265 1868 Ctione
289 1833 318 1864 ἃ
336 1831 478 1873 pignoris
495 1830 645 1870 captione
665 1829 684 1859 l.
701 1837 731 1864 9.
749 1826 792 1859 D.
814 1829 842 1865 a.
865 1829 912 1858 tit.
953 1826 1030 1858 Hoc

157 1875 247 1909 seusu
269 1873 425 1915 Ulpianus
443 1872 462 1902 l.
486 1879 511 1902 t.
534 1869 576 1902 D.
593 1871 627 1903 cle
649 1870 758 1901 arimin.
784 1875 840 1900 tut.
886 1868 1031 1914 Gerere,

151 1918 284 1959 inquit,
315 1922 411 1954 atque
433 1911 649 1944 administrare
678 1909 809 1941 tutelam
834 1917 922 1941 extra
948 1909 1032 1940 ordi-

155 1968 231 1992 nem
248 1958 322 1997 cogi
340 1962 428 1986 tutor
447 1954 536 1984 solet.
560 1951 659 1985 Extra
676 1952 821 1982 ordinem
839 1958 946 1982 autem
966 1949 1031 1988 est,

155 2010 214 2043 per
230 1998 405 2031 Praetorem
422 1995 487 2034 ejus
505 1993 653 2025 remediis
669 2001 675 2023 :
699 2001 764 2023 non
788 1992 949 2023 ordinario
964 1992 1032 2032 jure

162 2051 219 2084 per
234 2039 381 2080 judicem
403 2037 528 2067 afflone
552 2033 669 2066 tutelae.
711 2032 786 2064 Hoc
817 2033 922 2063 donec
945 2040 1033 2063 tutor

161 2081 297 2123 coeperit
317 2077 450 2110 tutelam
474 2085 584 2116 gerere
605 2084 611 2105 :
642 2074 759 2106 deinde
785 2073 903 2105 cessant
928 2080 1033 2114 partes

162 2122 330 2158 Praetoris,
355 2120 417 2151 five
435 2118 490 2158 (ut
514 2118 556 2148 ait
579 2115 734 2156 Ulpianus
756 2115 776 2146 l.
794 2126 824 2156 5.
847 2115 876 2156 §.
896 2125 924 2146 2.
950 2114 987 2148 ὅ)
1005 2124 1034 2155 3.

161 2167 189 2197 d.
207 2164 274 2204 tit.)
298 2162 362 2202 ejus
381 2159 433 2200 qui
457 2158 536 2189 solet
557 2156 710 2189 cessautes
727 2165 865 2197 cogere,
888 2157 917 2187 δι
937 2155 982 2187 est
1004 2165 1034 2186 a·

163 2205 261 2238 ctioni
278 2202 385 2235 tutelae
406 2201 506 2231 locus.
536 2218 538 2220 -

203 2246 364 2279 Caeterum
388 2242 420 2273 in
450 2239 655 2272 excusatione
680 2239 738 2279 (ad
768 2238 849 2269 hanc
869 2238 952 2269 enim
981 2246 1035 2268 ve-

166 2288 269 2327 niam)
298 2283 495 2317 observanda
525 2280 594 2312 sunt
618 2280 702 2312 tria:
733 2280 867 2320 primum
892 2287 1039 2317 tempus,

166 2330 282 2360 deinde
308 2326 432 2364 forma,
456 2322 619 2364 postremo
643 2321 732 2352 causa
755 2330 806 2351 aut
829 2321 1038 2360 privilegium.

204 2370 267 2401 uod
290 2369 403 2399 attinet
427 2366 464 2396 ad
489 2371 629 2404 tempus:
665 2362 786 2402 placuit
813 2360 970 2393 Oratione
995 2359 1038 2391 D.

166 2369 293 2448 sslarci,
315 2418 372 2440 eos
394 2408 447 2447 qui
467 2407 498 2437 in
519 2404 625 2442 Urbe,
649 2404 680 2435 id
705 2402 750 2434 est
766 2426 776 2441 ,
800 2402 930 2440 Romae,
952 2401 1040 2447 habi-

173 2460 262 2488 tant,
283 2450 333 2481 vel
356 2449 436 2480 intra
461 2445 667 2478 centesimum
691 2445 729 2475 ab
747 2453 784 2475 ea
816 2445 979 2489 lapidem,
1009 2442 1041 2474 id

170 2493 236 2532 est,
258 2491 338 2522 intra
357 2488 563 2520 centesimum
581 2487 730 2524 milliare,
747 2485 776 2517 se
793 2485 943 2516 excusare
962 2491 1042 2515 intra

171 2531 396 2575 quinquaginta
421 2531 487 2561 dies
511 2528 682 2559 continuos
714 2536 753 2558 ex
788 2535 854 2566 quo
883 2534 1045 2566 cognove-

173 2570 519 2612 rint,man1festatione
537 2569 586 2599 vel
604 2569 641 2599 ad
657 2568 772 2600 faciem
790 2568 841 2599 vel
859 2568 896 2599 ad
913 2568 1044 2598 domum

172 2616 256 2648 faeta
280 2611 348 2654 (fic
364 2611 502 2651 loquitur
521 2609 721 2642 Modestinus
746 2609 765 2640 l.
789 2619 835 2649 13.
853 2609 880 2649 §.
906 2618 930 2639 1.
954 2609 980 2638 h.
998 2608 1046 2647 t.)

178 2657 211 2689 se
226 2654 287 2688 effe
311 2659 434 2684 tutores
450 2653 558 2689 datos,
583 2652 808 2690 cujuscumque
831 2649 952 2689 generis
969 2648 1046 2686 sint,

179 2700 212 2730 id
229 2695 274 2728 est
289 2717 299 2733 ‚
322 2692 592 2734 qualitercumque
610 2691 684 2722 dati.
709 2693 796 2728 quod
823 2690 842 2721 si
869 2690 947 2720 ultra
973 2698 1046 2719 cen-

176 2738 320 2771 tefimum
336 2733 466 2765 milliare
483 2733 646 2769 habitant,
669 2731 739 2763 fieri
760 2731 1048 2762 dinumerationem

177 2777 292 2822 viginti
315 2775 446 2807 millium
473 2773 676 2811 diurnorum,
706 2773 736 2804 ἃ
761 2773 895 2812 amplius
921 2771 1049 2811 triginta

178 2823 310 2855 dierum.
353 2813 552 2846 Occurrebat
569 2815 696 2852 quidem
713 2816 742 2845 in
763 2813 827 2844 hoc
844 2813 979 2844 articulo
996 2812 1048 2842 ali-

179 2872 240 2903 qua
257 2862 288 2891 in
311 2857 418 2888 verbis
437 2852 679 2886 Constitutionis
695 2855 873 2886 difficultas.
897 2853 949 2884 sed
966 2852 1048 2883 hanc

178 2914 218 2936 ex
244 2902 309 2942 ejus
333 2904 441 2930 mente
465 2894 584 2926 sustulit
608 2894 775 2927 Cerbidius
799 2895 966 2926 Sefevola:
1003 2894 1048 2924 di-

179 2953 275 2981 cens,
297 2950 367 2972 eam
393 2935 679 2969 dinumerationem
700 2937 742 2967 ita
772 2936 931 2967 observari
955 2944 1050 2975 opor-

180 2994 269 3020 tere,
294 2991 332 3013 ne
348 2979 515 3021 pauciores
532 2975 589 3008 sint
605 2975 671 3006 dies
689 2984 781 3014 quarn
799 2978 1048 3017 quinquaginta,

178 3035 214 3058 ut
231 3023 330 3056 refert
357 3019 557 3052 Modestinus
582 3017 609 3047 d.
625 3016 644 3047 l.
669 3025 714 3054 13.
737 3016 765 3057 ἕ.
790 3028 817 3049 2.
844 3018 874 3048 ἅ.
899 3017 977 3056 Imp.
999 3016 1050 3061 Ju-

179 3067 329 3099 stinianus
343 3062 372 3104 ξ.
393 3065 439 3093 16.
464 3057 535 3100 Iasi.
552 3059 579 3089 b.
595 3062 616 3088 t.
660 3056 736 3089 Hoc
752 3065 876 3103 tempus
902 3058 923 3089 ss
946 3058 1051 3090 obler.

177 3109 259 3139 vai-it
275 3113 380 3142 tutor,
399 3103 483 3133 bene
501 3100 562 3132 est:
585 3098 725 3139 alioquin
742 3106 808 3136 ejus
824 3100 910 3137 quod
925 3107 988 3130 non
1003 3098 1050 3144 fe?

180 3148 278 3184 cerit,
303 3144 477 3184 periculum
499 3140 579 3173 subit
603 3141 630 3170 d.
646 3139 666 3170 l.
689 3148 732 3179 ¹3·
755 3138 784 3179 §.
805 3147 829 3169 1.
856 3138 953 3176 pofita
981 3140 1049 3171 utili

177 3189 286 3223 tutelae
301 3186 423 3218 afflone
447 3184 466 3215 l.
484 3194 514 3223 4.
538 3181 569 3230 §.q
583 3191 612 3223 3.
637 3181 686 3213 D.
710 3179 781 3212 Rem
798 3179 892 3221 Pupil.
913 3180 958 3210 vel
983 3182 1049 3213 ado.

1064 1413 1126 1456 lesc.
1141 1412 1222 1456 salv.
1241 1412 1304 1455 for.
1327 1424 1387 1447 nec
1404 1415 1520 1448 deinde
1543 1416 1730 1448 admittetur
1745 1414 1810 1458 ejus
1833 1427 1930 1450 excu-

1064 1455 1141 1487 'satio
1161 1455 1244 1497 quasi
1265 1459 1420 1497 temporis
1439 1456 1677 1497 praescriptione
1697 1457 1849 1490 summota
1866 1461 1892 1490 d.
1908 1460 1930 1491 l.

1069 1507 1114 1539 13.
1136 1497 1166 1538 §.
1188 1505 1213 1529 1.
1237 1496 1278 1527 D.
1300 1497 1335 1531 ὅ*
1360 1497 1379 1527 l.
1400 1507 1448 1528 11.
1472 1497 1505 1528 C.
1528 1498 1555 1528 h.
1579 1504 1600 1528 t.
1641 1498 1692 1529 Ne
1717 1499 1781 1530 hoc
1805 1500 1933 1540 quidem

1069 1538 1241 1579 praeteribo
1265 1538 1381 1578 (quod
1397 1545 1509 1570 monet
1529 1537 1642 1570 Paulus
1668 1539 1687 1570 l.
1702 1544 1753 1579 38.
1777 1540 1819 1571 D.
1837 1542 1865 1571 d.
1883 1542 1934 1581 t.)

1068 1579 1295 1620 quinquaginta
1312 1579 1433 1611 dierum
1457 1578 1588 1619 spatium
1612 1580 1652 1610 de
1675 1588 1739 1620 quo
1764 1580 1846 1619 dixi,
1870 1588 1940 1613 tan-

1070 1621 1239 1652 tummodo
1267 1620 1306 1651 ad
1328 1619 1551 1652 contestandas
1573 1619 1812 1653 excusationum
1835 1622 1941 1654 causas

1072 1661 1248 1702 pertinere:
1272 1663 1454 1703 peragendo
1471 1669 1577 1693 autem
1594 1663 1727 1703 negotio
1744 1672 1784 1694 ex
1807 1664 1859 1695 die
1883 1673 1941 1695 no-

1071 1703 1254 1734 minationis
1280 1705 1452 1735 contiuuos
1473 1710 1610 1743 quatuor
1632 1702 1753 1735 menses
1776 1704 1837 1736 effe
1861 1714 1939 1736 con-

1072 1744 1210 1776 stitutos.
1248 1743 1291 1774 Et
1315 1751 1420 1775 tamen
1445 1744 1466 1776 fi
1492 1753 1564 1775 cum
1586 1744 1651 1784 ipse
1673 1744 1849 1776 institueret
1865 1769 1874 1784 ‚
1906 1752 1942 1778 ut

1072 1783 1235 1826 proferret
1264 1785 1503 1817 excusationem
1521 1808 1531 1824 ,
1561 1794 1650 1817 mora
1681 1786 1943 1819 contradictionis

1072 1826 1243 1866 impeditus
1265 1826 1328 1864 est,
1359 1835 1425 1866 quo
1449 1827 1551 1858 minus
1580 1828 1712 1858 decreto
1737 1827 1945 1867 liberaretur,

1074 1874 1165 1908 putat
1187 1864 1423 1907 Tryphoninus
1445 1868 1465 1900 l.
1488 1877 1538 1909 39.
1562 1867 1604 1899 D.
1629 1869 1657 1899 h.
1684 1874 1705 1899 t.
1731 1870 1816 1900 reete
1838 1870 1943 1900 adhuc

1075 1908 1202 1950 probari
1228 1907 1478 1941 excusationem.
1501 1909 1677 1948 eademque
1700 1909 1878 1942 adhibenda
1900 1920 1943 1941 ae-

1077 1951 1180 1990 quitas
1204 1949 1269 1987 est3
1291 1949 1312 1980 fi
1329 1959 1400 1989 quae
1418 1951 1465 1982 vis
1482 1950 1583 1990 maior
1600 1950 1746 1983 inciderit
1767 1953 1796 1986 d.
1810 1952 1830 1983 l.
1850 1960 1896 1992 13.
1912 1952 1943 1994 §-

1077 2000 1106 2031 7.
1127 1991 1155 2022 b.
1172 1995 1193 2021 t.
1235 1989 1312 2021 Dixi
1331 1992 1370 2022 de
1387 1999 1543 2030 tempore.

1113 2030 1258 2062 Transeo
1276 2032 1313 2062 ad
1328 2031 1478 2064 formam.
1500 2033 1634 2072 primum
1658 2032 1694 2063 fit
1714 2033 1876 2064 excusatio
1893 2033 1947 2065 vel

1076 2073 1107 2104 in
1125 2080 1247 2112 partem
1267 2073 1318 2104 vel
1333 2073 1364 2104 in
1385 2082 1488 2104 totum
1503 2075 1531 2104 d.
1548 2074 1566 2104 l.
1587 2082 1632 2114 13.
1658 2073 1685 2115 ἕ.
1703 2084 1732 2115 3.
1757 2075 1819 2105 hoc
1845 2075 1944 2105 modo

1077 2113 1205 2155 paffim3
1228 2113 1302 2152 illo,
1324 2113 1345 2146 fi
1365 2113 1511 2146 diffusum
1530 2114 1566 2146 fit
1582 2115 1693 2155 pupilli
1720 2116 1945 2155 patrimonium

1077 2156 1173 2195 longe
1190 2155 1327 2194 lateque.
1352 2163 1386 2185 ut
1403 2155 1472 2186 sunt
1489 2156 1559 2186 talia
1583 2156 1729 2196 exempla
1752 2159 1833 2195 apud
1853 2156 1949 2188 Sene·

1077 2205 1147 2228 cam
1167 2193 1260 2236 Epist.
1276 2199 1326 2228 60.
1343 2196 1379 2231 {5⁹
1396 2201 1443 2233 89-
1469 2197 1499 2228 ἃ
1521 2196 1627 2237 potest
1651 2206 1691 2228 eo
1716 2196 1786 2228 casu
1811 2198 1840 2229 in
1867 2198 1947 2229 urbe

1078 2243 1166 2268 tutor
1184 2238 1273 2268 datus
1297 2237 1327 2268 se
1345 2237 1511 2276 excusare,
1533 2247 1573 2269 ne
1591 2237 1670 2269 ultra
1689 2238 1947 2270 centefimumla-

1079 2279 1186 2319 pidem
1203 2277 1407 2310 administret.
1431 2280 1554 2310 caeteris
1571 2288 1648 2311 vero
1666 2280 1758 2311 bonis
1777 2289 1846 2320 quae
1868 2280 1949 2312 ultra

1081 2328 1154 2351 euru
1172 2319 1309 2359 lapidem
1329 2319 1416 2358 sunt,
1438 2320 1515 2352 alius
1537 2320 1597 2352 erit
1621 2328 1709 2351 tutor
1730 2321 1861 2353 dandus.
1900 2319 1949 2351 Ita

1083 2361 1267 2392 Marcianus
1293 2361 1311 2392 l.
1332 2370 1381 2392 21.
1405 2361 1433 2403 ξ).
1461 2369 1489 2392 2.
1514 2361 1562 2392 D.
1581 2361 1609 2393 b.
1628 2367 1649 2392 t.
1674 2362 1770 2393 verba
1794 2362 1877 2400 eJus,
1901 2360 1947 2391 uti

1082 2402 1238 2440 eduntur,
1261 2401 1401 2443 apposui.
1426 2401 1506 2434 Licet
1521 2403 1609 2433 datus
1624 2408 1702 2434 tutor
1718 2403 1755 2433 ad
1778 2399 1947 2437 universum

1080 2443 1287 2483 patrimonium
1308 2445 1393 2475 datus
1408 2441 1446 2484 ⁶st
1463 2466 1472 2481 ,
1496 2449 1591 2474 tamen
1608 2443 1740 2479 excusare
1752 2442 1787 2481 st?
1797 2439 1950 2482 potestate

1087 2484 1166 2515 ultra
1184 2483 1362 2522 centefimum
1383 2484 1503 2525 lapidem
1518 2485 1636 2515 tutelam
1650 2488 1750 2525 gerat:
1770 2481 1825 2520 nifi
1848 2485 1879 2513 in
1903 2491 1950 2513 ea·

1087 2527 1149 2556 dem
1159 2527 1314 2565 provincia
1326 2527 1432 2566 pupilli
1449 2526 1656 2565 patrimonium
1664 2522 1722 2561 fit,
1746 2522 1782 2558 ὅ)
1805 2525 1865 2553 ideo
1888 2523 1952 2554 illa·

1088 2576 1154 2597 rum
1176 2575 1272 2597 rerum
1294 2568 1405 2597 dabunt
1420 2572 1527 2596 tutores
1548 2566 1579 2595 in
1592 2565 1745 2604 provincia
1767 2563 1903 2602 Proefiiles
1926 2575 1952 2594 e-

1083 2608 1145 2648 jus.
1192 2605 1297 2638 Verba
1314 2606 1469 2638 Marciani
1488 2605 1556 2636 sunt
1571 2613 1721 2645 corrupta
1736 2614 1809 2636 tneo
1823 2606 1955 2645 judicio,

1089 2656 1186 2688 atque
1204 2648 1247 2678 ita
1273 2648 1479 2678 restituenda:
1510 2646 1593 2678 Licet
1614 2648 1699 2677 datus
1722 2652 1800 2678 tulor
1824 2648 1862 2678 ad
1889 2648 1955 2678 uni-

1089 2688 1206 2724 versum
1229 2688 1440 2728 patrimonium
1464 2689 1549 2718 datus
1565 2685 1622 2727 est,
1656 2694 1750 2718 tamen
1773 2687 1907 2728 excuſsare
1919 2694 1954 2727 Je

1088 2727 1195 2770 potest,
1218 2737 1253 2759 ne
1270 2728 1350 2759 ultra
1368 2727 1549 2765 centesimum
1573 2729 1694 2769 lapidem
1716 2729 1833 2760 tutelam
1854 2735 1956 2770 gerat:

1092 2770 1128 2805 ὅ)
1151 2770 1210 2800 ideo
1234 2769 1353 2800 illarum
1375 2779 1470 2800 rerum
1492 2771 1601 2801 dabunt
1626 2775 1731 2800 tutores
1754 2770 1790 2800 in>
1802 2770 1957 2810 provincia

1093 2809 1229 2849 Praesitles
1243 2811 1314 2850 ejus.
1360 2809 1509 2847 Expunxi
1535 2811 1649 2848 verba,
1672 2808 1727 2847 nist
1742 2812 1772 2841 in
1789 2811 1881 2842 eadem
1891 2816 1957 2850 pro-

1090 2853 1189 2883 vincia
1203 2851 1307 2893 pupilli
1316 2853 1524 2891 patrimonium
1534 2851 1575 2889 fit
1591 2861 1597 2882 :
1621 2853 1693 2890 quia
1707 2852 1774 2882 sunt
1800 2851 1957 2891 Interpre-

1092 2894 1131 2924 tis
1152 2892 1333 2924 manifeste:
1364 2901 1451 2923 certe
1475 2893 1551 2924 nihil
1584 2891 1735 2924 efficiunt.
1768 2901 1880 2923 contra
1910 2901 1962 2923 va·

1091 2942 1186 3006 ‹gant13
1204 2934 1279 2973 quin
1295 2933 1489 2966 conturbant
1505 2933 1626 2967 sensum
1645 2933 1784 2973 alioquin
1801 2935 1959 2975 optimum

1092 2983 1122 3006 α
1139 2984 1159 3013 p
1173 2984 1278 3006 enum.

1131 3016 1193 3047 Sed
1210 3016 1309 3046 redeo
1325 3015 1362 3046 ad
1377 3013 1512 3048 formam
1529 3015 1750 3047 excusationis.
1774 3016 1805 3046 in
1822 3024 1858 3046 ea
1875 3013 1959 3045 aliud

1092 3056 1213 3096 placuit
1230 3057 1327 3095 olim,
1349 3056 1431 3088 aliud
1452 3057 1559 3097 postea
1583 3058 1733 3088 obtinuit.
1758 3057 1834 3087 olim
1859 3064 1956 3094 opor·

1094 3098 1155 3129 tuit
1170 3106 1309 3129 tutorem
1325 3098 1482 3128 adatione
1509 3098 1611 3130 statim
1634 3098 1810 3138 appellare:
1831 3095 1907 3127 ficut
1925 3106 1960 3125 o-

1094 3139 1244 3179 portebat
1263 3138 1363 3170 statim
1384 3140 1534 3178 appellari
1551 3149 1567 3169 a
1587 3140 1748 3169 delatione
1772 3144 1961 3168 caeterorum

1092 3188 1269 3213 munerum.
1294 3179 1345 3212 sed
1363 3179 1426 3211 hoc
1443 3181 1576 3214 mutavit
1592 3179 1634 3214 D.
1654 3178 1782 3215 Marcus
1790 3187 1961 3219 ‚quantum

1918 3227 1962 3249 at-

2001 862 2036 1013 ll
