2036 3495
474 111 536 147 Di:
570 117 716 147 FORMA
751 115 1028 146 EMENDANm
1059 119 1164 147 nom
1196 120 1304 148 Mitt
1339 113 1431 150 Lm.
1775 128 1844 163 319

53 216 107 245 ne,
130 205 150 245 †
164 204 299 236 locatione
321 201 474 241 discedere.-
496 199 653 232 videndum
669 197 727 240 est,
749 208 788 230 an
803 198 927 238 nihilfit
971 201 1385 235 tollendamvenditionem
1396 208 1450 232 aut
1469 202 1665 235 locationem
1683 206 1845 246 pertinet,

53 247 130 287 asti,
147 246 183 281 &⁹
200 248 322 287 antiqua
336 244 467 285 obligatio
482 247 646 282 remaneam
663 251 703 272 an
718 240 769 288 ἰξοῦ
777 239 874 288 flatile
883 240 926 279 fit
970 243 1015 275 est
1030 243 1134 275 similis
1150 244 1388 284 acceptilationi
1399 254 1407 275 :
1418 253 1478 284 qua
1496 254 1552 285 pei·
1569 255 1689 277 metum
1710 257 1839 288 expres-

56 288 287 328 acceptz‘lotioni,
302 287 371 328 quia
387 284 470 315 nulla
487 293 523 314 ex
541 283 563 314 *,
576 285 652 314 home
663 281 736 322 fidet
754 282 926 322 obligatione
969 284 999 316 sa
1022 285 1174 317 creditori
1191 308 1201 324 ,
1231 285 1299 326 ipso
1320 285 1389 325 J'ure
1413 285 1520 317 finitur
1543 288 1699 327 obligatio
1716 312 1725 326 ‚
1758 289 1842 321 valet

49 329 186 373 poffinzus
209 329 292 367 niti,
322 337 386 358 cum
403 324 495 366 finita
509 322 575 363 sit,
607 325 677 355 dum
691 323 863 354 amittitur?
887 323 924 357 ὅ)

52 372 146 413 nitigis
160 368 217 411 est,
237 378 270 401 ut
277 368 383 407 fimilis
389 368 496 408 species
514 365 724 406 acceptilationi
733 363 794 401 fit:
811 364 847 398 ἐξ
862 366 922 396 ideo

48 413 194 447 ,Praecm'a
204 411 276 444 aetio
291 411 429 450 nascitur.
452 407 529 439 Non
547 408 610 447 agit
625 406 739 438 Paulus
757 407 796 437 de
814 407 922 438 vendi-

52 454 145 485 tione
170 463 223 484 aut
243 452 424 489 locatione,
448 457 536 481 rnetu
562 447 703 488 pet-fecta
719 470 728 486 ‚
751 448 803 478 led
821 448 861 478 de
886 456 923 479 ea

51 503 143 528 metu
155 494 289 531 sublata„
304 494 350 524 Sit
367 490 560 530 exemplum.
584 489 728 530 perfetta
741 489 824 520 inter
842 490 921 520 duos

54 536 101 568 est
117 536 260 568 venditio
278 543 330 565 aut
346 533 465 566 locatio
485 531 569 562 bona
592 529 656 563 fide
676 532 706 562 &
730 531 832 562 libero
851 531 923 562 utri-

49 587 153 617 usque
175 575 338 609 consensn.
371 582 441 606 nata
465 573 624 613 utrimque
642 572 687 604 e'st
713 572 867 613 obligatio
893 572 923 604 &

51 619 136 650 attio
162 619 253 650 bonae
275 617 360 649 fidei.
394 615 543 646 venditor
565 617 618 645 aut
643 614 768 645 locator
786 614 921 653 deinde,

49 658 88 697 je
103 662 241 701 integra,
264 659 330 689 abit
346 667 361 688 a
376 656 564 688 venditione
583 663 637 685 aut
653 656 833 693 locatione,
856 664 921 686 non

49 701 155 734 libero
168 699 340 738 consensu,
364 697 488 738 sedper
504 700 624 729 metum
641 704 783 729 extorto.
816 704 921 728 utrum

49 741 170 774 sublata
192 741 237 773 est
259 744 388 780 antiqua
411 739 533 771 venditi
551 746 606 770 aut
629 739 726 771 locati
743 738 922 779 obligati03

48 793 87 816 an
111 782 248 825 superest
274 783 424 823 perinde,
450 780 533 821 quasi
556 780 753 813 nihilaetum
769 780 831 812 fit?
852 789 921 811 mo-

49 833 107 857 vet
121 848 131 864 ,
155 825 240 866 quod
257 824 413 865 obligatio
429 821 581 853 consensu
606 819 767 862 perfeeta,
791 831 825 853 re
841 821 922 853 inte-

50 876 123 908 gra,
148 867 269 898 tollitur
286 865 449 896 contrario
473 862 637 895 consensu.
661 865 773 894 contra
790 870 921 900 movet,

50 909 137 947 quod
154 908 329 939 contrarius
346 907 400 938 ille
419 904 589 937 consensus
609 905 639 936 in
660 904 804 945 praesenti
818 913 887 935 non
905 913 922 934 a

50 950 164 989 sponte
179 948 376 987 venditoris,
389 956 499 979 verum
517 955 533 977 a
550 953 657 986 metu,
679 945 845 987 profectus
865 944 920 976 est.

50 991 112 1023 Sed
129 991 227 1023 Paulo
245 990 354 1028 sedet,
378 990 465 1030 quod
489 988 647 1029 obligatio
672 986 823 1019 consensu
849 995 918 1027 per-

49 1032 149 1071 fecta,
175 1042 208 1064 re
232 1032 354 1072 integra
369 1054 379 1069 ,
412 1030 537 1062 tollitur
559 1030 722 1061 contrario
746 1026 920 1066 consensu,

50 1075 195 1115 quamvis
217 1083 272 1113 per
287 1080 408 1104 metum
426 1079 578 1110 extortos,
601 1072 690 1112 atqui
707 1070 771 1101 hoc
786 1078 851 1102 non
871 1077 922 1109 pa—

50 1116 127 1146 titur
155 1116 239 1146 bona
265 1113 355 1146 fides.
382 1112 434 1145 sed
457 1111 545 1144 finita
568 1111 636 1150 est,
660 1112 763 1152 inquit
787 1110 921 1156 Paulus,

50 1157 146 1188 bona:
170 1155 243 1188 fidei
267 1155 441 1196 obligatio:
464 1155 539 1186 dum
567 1153 671 1185 amissa
695 1153 740 1184 est
759 1159 921 1183 contrane

50 1197 212 1229 consensu.
251 1197 338 1233 nulla
369 1198 463 1237 igitur
495 1196 588 1226 bonae
616 1194 694 1230 ‚fidei
727 1194 923 1234 obligatione

49 1239 202 1280 poffimus
229 1239 297 1270 niti.
341 1237 441 1280 Quod
463 1236 484 1267 fi
511 1236 581 1267 est:
603 1236 661 1266 alia
689 1234 922 1279 videturtrati'o

50 1280 278 1311 contrahendae
289 1288 346 1319 pei·
361 1285 481 1309 metum
492 1276 698 1317 obligationis
715 1275 809 1307 bonae
826 1274 921 1314 fidei,

51 1322 108 1352 alia
132 1320 290 1352 finiendae.
323 1320 352 1352 ὃ(
370 1318 416 1351 est
430 1318 681 1357 observandum,
704 1318 792 1358 quod
808 1316 921 1351 Paulus

50 1363 119 1401 ait,
138 1361 323 1394 consensum
339 1361 388 1393 cui
406 1367 510 1393 metus
526 1360 649 1393 causam
666 1358 775 1399 dedit,
793 1367 865 1391 curn
883 1358 922 1389 ad

53 1444 58 1446 -
88 1428 100 1464 †
116 1427 150 1455 al.
165 1428 215 1455 vce.
292 1427 307 1444 *
321 1426 356 1454 ai.
372 1425 446 1454 deest
460 1433 502 1454 ex.

970 327 1091 367 quippe
1108 326 1210 358 subtili
1223 326 1293 366 J'ure
1312 327 1517 367 acceptilatio
1530 351 1540 366 ‚
1562 330 1656 360 etiam
1674 337 1759 361 metu
1779 330 1840 362 ilia-

965 371 1000 399 to
1025 368 1129 399 fasta:
1153 376 1250 408 atque
1275 376 1308 399 ut
1331 368 1473 399 creditor
1497 369 1551 409 qui
1574 378 1662 401 metu
1687 371 1836 411 coactus,

964 409 1147 441 debitorem
1162 409 1309 441 liberavit
1328 419 1385 449 per
1400 410 1681 450 acceptilationem
1694 435 1704 450 ,
1728 422 1837 445 neces-

965 451 1071 483 sariam
1089 450 1187 482 habet
1204 450 1389 482 Praetoriam
1402 474 1412 490 ,
1436 449 1538 493 Quod
1555 461 1658 484 metus
1678 454 1784 493 caula,
1808 464 1838 486 a·

967 493 1125 525 ctionem:
1149 492 1191 524 fic
1215 492 1302 531 quod
1330 493 1362 524 in
1381 493 1569 525 venditione
1585 502 1640 525 aut
1656 496 1840 535 locatione,

967 535 1034 573 ejus
1057 534 1211 568 tollendae
1233 533 1342 573 causa,
1365 544 1399 565 re
1423 534 1564 575 integra,
1588 545 1646 575 per
1673 545 1793 569 metum
1811 547 1841 569 a·

967 576 1052 608 cium
1077 575 1123 607 est
1147 575 1309 607 contrario
1332 574 1505 613 consensu,
1528 574 1668 608 fimiliter
1687 578 1838 610 l’raetoria

966 617 1066 660 Quod
1083 624 1186 650 metus
1203 617 1292 648 causa
1307 617 1434 648 actione
1451 623 1543 659 eget:
1567 618 1638 658 quia
1655 628 1719 659 quo
1736 620 1840 652 minus

964 658 1032 699 ipso
1056 659 1124 699 Jure
1147 658 1252 690 valeat
1276 659 1453 690 contrarius
1480 661 1506 690 is
1530 657 1698 691 consensus
1713 682 1724 699 ,
1755 662 1840 692 nulla

965 700 1075 732 resistit
1100 700 1256 741 obligatio
1284 701 1378 731 bonae
1403 699 1504 739 fidei,
1524 701 1586 741 jam
1604 702 1766 733 contrario
1784 703 1841 734 illo

965 741 1118 773 consensu
1128 742 1204 782 ‘ipso
1218 742 1287 781 jure
1304 741 1435 774 sublata.

966 810 971 814 .
1006 781 1079 818 Nec
1094 783 1170 817 iliud
1188 784 1354 823 omittam,
1373 783 1461 825 quod
1478 783 1593 816 Paulus
1610 784 1638 816 d.
1655 783 1674 816 l.
1695 793 1743 826 217
1761 783 1787 825 §,
1808 793 1837 824 3.

964 823 1007 856 D.
1034 824 1122 869 Qod
1144 830 1236 854 metus
1261 826 1370 864 causa,
1393 825 1444 863 Si,
1468 825 1589 866 inquit,
1613 827 1662 856 dos
1684 831 1763 856 metu
1774 832 1841 866 pro·

967 863 1102 906 miffafit
1117 887 1127 902 ,
1152 874 1209 895 non
1222 871 1295 905 puto
1316 867 1396 905 nasci
1408 866 1615 907 obligationem.
1639 866 1668 898 &
1686 866 1768 898 hanc
1786 868 1840 898 ad-

964 907 1012 938 dit
1030 906 1206 937 rationem:
1232 907 1302 947 quia
1326 906 1501 946 verissimum
1517 905 1573 948 eft,
1598 918 1649 939 nec
1668 908 1753 939 talem
1773 916 1839 948 pro-

963 948 1006 978 mi
1026 956 1119 978 ionem
1135 948 1209 978 dotis
1225 947 1316 978 ullam
1331 948 1393 988 effe.
1424 949 1590 990 Significat
1606 949 1688 981 enim
1707 949 1821 981 Paulus
1833 973 1844 987 .,

965 989 1050 1020 dotis
1065 987 1305 1028 promissionem
1317 1011 1327 1027 ‚
1347 987 1368 1020 fi
1386 997 1454 1028 quae
1469 990 1631 1030 stipulanti
1648 1001 1705 1032 per
1721 999 1844 1024 metum

965 1029 1054 1061 facta.
1063 1029 1118 1067 fit,
1143 1038 1210 1064 non
1229 1029 1371 1071 indigere
1388 1030 1538 1063 Praetoria
1555 1041 1659 1065 metus
1676 1034 1841 1074 exceptio-

965 1081 1023 1103 ne:
1043 1071 1116 1109 quia
1133 1080 1197 1111 non
1216 1070 1342 1111 placet,
1354 1081 1395 1102 ex
1410 1081 1447 1103 ea
1465 1072 1547 1104 nasci
1564 1075 1740 1106 astionem:
1757 1075 1842 1106 nulla

966 1113 1020 1145 tali
1047 1110 1254 1152 stipulatione
1275 1111 1343 1152 ipso
1359 1112 1440 1152 jure.
1463 1114 1495 1144 id
1512 1124 1590 1146 vero
1607 1115 1759 1156 singulare
1779 1114 1842 1147 effe

966 1152 997 1185 in
1025 1153 1129 1193 dote2
1150 1152 1253 1195 facile
1270 1162 1420 1194 apparet:
1444 1156 1516 1194 quia
1540 1155 1724 1196 stipulatio,
1748 1158 1844 1188 etiam

967 1195 1052 1227 dotis
1064 1218 1073 1233 ,
1092 1193 1188 1229 stricti
1201 1195 1278 1234 juris
1294 1194 1450 1226 habetur:
1468 1204 1507 1226 ex
1519 1195 1586 1228 aliis
1604 1205 1709 1229 autem
1728 1198 1844 1237 caufis,

968 1244 1060 1276 quam
1087 1245 1127 1267 ex
1152 1237 1255 1273 dote,
1279 1243 1337 1275 per
1362 1243 1491 1267 metusn-
1512 1237 1594 1269 faeta
1619 1238 1844 1277 promiffionc,

966 1278 1052 1310 valet
1069 1276 1164 1309 Civili
1186 1277 1259 1317 Jure
1285 1276 1469 1317 stipulatio:
1495 1287 1536 1310 ex
1552 1287 1655 1319 eaque
1672 1285 1744 1313 ria-ta
1761 1280 1844 1311 attio

965 1320 1094 1352 demum
1125 1328 1185 1359 per
1209 1319 1439 1358 exceptionem
1463 1327 1569 1356 metus
1591 1320 1666 1360 jure
1688 1319 1843 1353 Praetorio

965 1361 1181 1402 submovetur
1190 1360 1210 1390 ι.
1227 1370 1257 1398 5.
1274 1359 1309 1392 C.
1326 1361 1360 1391 de
1371 1359 1792 1404 inuztlzbusstipulationibus,
1804 1361 1840 1397 ἐξ

962 1409 1011 1443 pr.
1031 1401 1067 1437 ὅ)
1084 1400 1113 1443 §.
1134 1402 1162 1433 ι’.
1181 1399 1255 1442 Inst.
1272 1402 1306 1433 de
1323 1402 1546 1442 exceptionibus.

924 1489 1048 1554 Nil
1121 1518 1155 1555 S.

280 1724 890 1842 NoTiT1A

963 1731 1616 1847 CAPJTUM.

515 1907 864 1980 HUJUS
939 1911 1372 1963 OPERIS.

51 2049 130 2087 CAP.
142 2049 168 2085 Ι.
193 2050 301 2087 Dolus
317 2049 405 2096 quid,
432 2046 473 2089 δέ)
496 2049 573 2084 unde
589 2049 737 2084 Donato?
762 2048 844 2085 Eum
857 2048 918 2085 do-

147 2101 217 2136 lum
233 2101 392 2136 Veteribus
407 2098 462 2144 effi
478 2099 605 2133 bonurn
626 2099 676 2133 vel
689 2097 826 2135 malum.
867 2099 919 2134 De

147 2149 225 2184 dolo
251 2149 343 2183 bono
373 2148 503 2192 Ulpiani
517 2146 687 2193 sententia.
849 2156 920 2191 295

67 2197 110 2233 11.
135 2198 185 2232 De
200 2199 259 2233 doli
276 2198 351 2232 uzali
368 2196 541 2242 definitione
552 2195 593 2236 δέ)
602 2208 643 2231 an
660 2197 762 2242 aliqua
775 2196 921 2232 Veterum
935 2211 936 2215 ¹

147 2248 226 2281 circa
246 2258 314 2281 eam
328 2244 432 2291 fuerit
457 2243 601 2290 diffenfio.
653 2245 785 2292 Ulpiano
809 2246 865 2279 lux
887 2246 920 2278 in

149 2295 168 2330 l.
190 2306 218 2330 1.
245 2294 274 2342 §.
295 2306 324 2328 2.
353 2295 396 2328 D.
424 2294 457 2328 de
471 2294 534 2328 dolo
551 2294 642 2330 malo.
849 2294 921 2336 296

52 2343 111 2378 111.
128 2343 266 2378 Summos
283 2341 460 2389 infimosque
477 2342 573 2387 Jurz‘s
589 2343 777 2388 Interpretes
796 2344 828 2378 in
842 2354 922 2388 quoe-

146 2392 243 2439 [lione
263 2393 298 2427 de
315 2390 427 2437 forma
449 2391 601 2426 coe‘rcendi
622 2391 679 2426 doli
703 2392 778 2426 mali
802 2393 835 2426 in
851 2402 922 2426 con-

146 2441 292 2476 trahendo
309 2438 522 2486 admffl‚jam
539 2440 594 2475 huc
609 2440 783 2475 decurrere:
802 2448 835 2475 ut
855 2439 921 2474 exi-

138 2489 287 2538 stiment,
303 2488 400 2534 artaz·
412 2489 497 2534 juris
513 2490 686 2523 contraaus
703 2490 734 2524 in
751 2490 858 2535 quibus
871 2488 921 2522 de-

149 2540 264 2584 tegitur
284 2538 366 2572 dolus
389 2537 509 2579 malus,
528 2535 597 2582 fine
614 2536 802 2584 distinetione
820 2538 922 2572 valere

149 2586 211 2633 ipfi)
229 2588 320 2633 jure,
338 2584 397 2632 sed
422 2587 560 2633 aaione„
578 2586 629 2620 vel
649 2588 835 2632 exceptione,
861 2586 921 2621 doli

152 2635 326 2681 infirmari:
352 2635 384 2668 in
406 2635 488 2669 home
510 2637 612 2669 autem
622 2633 697 2679 fidei
716 2635 922 2670 contraaibus

152 2682 308 2728 intereffiss,
334 2690 436 2717 utrum
460 2683 542 2717 dolus
560 2683 660 2717 malus
684 2684 732 2718 det
755 2682 923 2719 contraauz·

154 2730 294 2776 causam,
320 2742 360 2764 an
372 2732 403 2764 in
419 2733 605 2767 contractum
622 2733 757 2766 incidat:
782 2733 845 2767 illio
863 2728 924 2776 ipso

148 2780 222 2825 jure
246 2779 360 2813 nullum
382 2777 437 2823 effi
459 2782 666 2815 contraitum:
693 2781 739 2815 hic
764 2793 820 2815 non
847 2779 924 2826 effe,

145 2827 207 2874 fid
227 2828 342 2861 alitione
367 2827 449 2860 bonae
467 2826 543 2871 fidei
559 2855 568 2870 ‚
603 2828 654 2862 vel
666 2829 724 2862 doli
744 2830 821 2863 mali
837 2840 923 2863 exce-

153 2877 255 2922 ptione
279 2875 439 2909 emendari.
493 2876 574 2910 Eam
593 2877 652 2910 doli
668 2877 743 2910 mali
761 2877 927 2924 distinctio-

155 2935 221 2959 nem
246 2934 303 2957 non
329 2923 425 2957 videri
447 2933 564 2959 veram.
591 2935 643 2958 nec
664 2926 765 2970 magis
791 2924 927 2968 conflare

157 2973 306 3007 rationem
320 2969 455 3016 fornice,
480 2983 520 3006 ex
537 2983 573 3006 ea
598 2973 718 3008 traditae
734 2974 859 3019 negotiis
876 2973 926 3006 bo-

153 3033 201 3056 nae
211 3020 298 3066 fidei.
860 3029 925 3065 297

61 3069 126 3106 IV.
152 3069 294 3105 Formam
313 3079 370 3114 qua
389 3067 510 3103 Veteres
526 3067 571 3110 usi
581 3067 659 3115 sunt
683 3070 714 3103 in
732 3070 927 3115 expungendo

157 3119 221 3152 dolo
235 3117 333 3158 malo,
360 3118 462 3162 magis
477 3117 574 3151 deberi
587 3117 760 3162 subtilitati
776 3118 850 3152 Forz·
865 3118 926 3152 Ro-

160 3168 263 3209 mani,
281 3165 574 3211 quamfimplicitati
585 3166 680 3209 Juris
697 3167 851 3202 Gentium.
871 3165 926 3211 usu

160 3215 247 3261 hujus
256 3214 330 3253 Feri
346 3215 378 3254 in
387 3215 514 3264 judiciis
520 3214 627 3263 stricti
635 3216 721 3262 juris
737 3216 924 3255 vindicatum

1055 2047 1167 2097 paffim
1186 2062 1244 2085 non
1254 2049 1314 2096 fui
1338 2063 1353 2085 e
1369 2051 1468 2085 dolum
1484 2059 1556 2087 ante
1573 2051 1718 2088 Edia‘um
1736 2052 1768 2090 C.
1790 2055 1837 2089 Aa

1060 2099 1148 2144 quilii
1167 2100 1278 2134 Galli:
1307 2100 1376 2146 posi
1395 2100 1427 2134 id
1449 2100 1591 2136 Edictum
1611 2102 1643 2136 in
1659 2102 1706 2136 his
1723 2105 1836 2138 0οένεὶ-

1060 2155 1125 2181 tum
1151 2148 1267 2193 quidem
1283 2147 1406 2194 fuiffi’,
1433 2160 1539 2185 verum
1561 2150 1712 2186 Prtetorio
1739 2151 1835 2197 Jure.

1766 2205 1836 2243 298

953 2243 1023 2280 ‘'V.
1052 2244 1102 2279 De
1107 2243 1223 2290 forma
1241 2246 1425 2281 emendandi
1445 2246 1503 2282 doli
1521 2248 1596 2283 mali
1619 2249 1651 2283 in
1675 2251 1838 2284 contraeii-

1059 2294 1114 2326 hus
1127 2293 1237 2338 striffl
1245 2296 1331 2342 juris
1350 2306 1388 2330 ex
1412 2295 1517 2330 Ediao
1539 2297 1570 2332 C.
1598 2298 1716 2342 Aquila·
1735 2298 1831 2333 Galli.

1061 2341 1161 2376 Cicero
1186 2343 1334 2390 expositus
1352 2370 1363 2387 ,
1391 2341 1432 2382 δέ)
1459 2344 1626 2391 nostrorum
1651 2347 1834 2380 auctoritate

1055 2388 1215 2435 firmatus.
1767 2405 1836 2438 299

967 2437 1025 2473 VI.
1053 2438 1155 2476 Varro
1186 2441 1359 2477 declaratus
1390 2441 1517 2476 notabili
1550 2438 1592 2480 ἐξ·
1616 2439 1738 2488 difficili
1762 2443 1834 2479 loco.

1766 2503 1837 2537 300

965 2535 1046 2573 VH.
1058 2537 1148 2573 Bonae
1158 2536 1235 2583 fidei
1256 2539 1441 2580 commatis,
1469 2538 1503 2573 ob
1521 2539 1767 2587 qualemcumque
1786 2541 1837 2576 do·

1059 2585 1122 2620 lum
1140 2587 1253 2621 malum
1266 2613 1278 2630 ,
1310 2588 1341 2622 in
1355 2587 1553 2621 contrahendo
1569 2588 1728 2635 admiffizm
1746 2591 1786 2624 ab
1798 2602 1835 2624 a·

1066 2636 1144 2681 liquo
1174 2636 1418 2670 contrahentium
1435 2662 1444 2678 ,
1476 2637 1556 2670 inter
1587 2649 1636 2671 eos
1646 2637 1749 2684 fuiffi’
1773 2639 1834 2685 ipfi)

1056 2684 1129 2729 jure
1155 2682 1345 2729 impeifeltos
1368 2692 1458 2730 atque
1478 2685 1619 2720 inutiles:
1644 2698 1737 2733 neque
1758 2688 1837 2722 ineli-

1059 2730 1155 2777 gasse
1172 2732 1234 2766 ulla
1254 2733 1337 2767 Galli
1351 2732 1485 2778 Aquini,
1510 2741 1564 2768 aut
1585 2735 1664 2770 alius
1684 2736 1833 2771 pretorii·

1061 2780 1266 2825 providentia.
1320 2781 1420 2817 Cicero
1437 2783 1547 2817 iterum
1563 2792 1691 2819 vocatur
1707 2786 1749 2820 ad
1763 2794 1836 2830 par-

1066 2837 1122 2863 tes.
1149 2828 1287 2873 avulsam
1308 2841 1328 2865 a
1346 2831 1366 2865 l.
1386 2841 1419 2873 5.
1449 2831 1481 2865 C.
1507 2831 1542 2866 de
1557 2831 1745 2878 rescindenda
1763 2843 1835 2866 ven-

1066 2877 1177 2911 ditione
1199 2876 1254 2925 effi’
1269 2879 1287 2913 l.
1307 2889 1339 2922 5.
1369 2880 1401 2915 C.
1428 2880 1463 2914 de
1484 2881 1516 2914 in
1538 2881 1692 2927 integrum
1716 2880 1837 2928 restitu-

1067 2926 1146 2960 tione
1160 2928 1318 2963 minorum.
1340 2928 1403 2963 baec
1421 2929 1473 2963 lex
1490 2929 1585 2963 obiter
1602 2930 1771 2964 emendata.
1799 2929 1838 2962 il-

1068 2974 1099 3008 la
1117 2975 1271 3021 utriusque
1292 2978 1499 3023 conjunetione
1520 2978 1674 3022 explicita.
1702 2977 1722 3010 l.
1743 2987 1774 3021 3.
1803 2977 1835 3014 C.

1068 3022 1243 3058 Communia
1262 3026 1417 3071 utriusque
1424 3027 1537 3071 judicii
1553 3025 1664 3059 collata
1677 3037 1745 3060 cum
1763 3025 1834 3061 Cor-

1059 3079 1133 3116 pore
1160 3072 1358 3119 Gregoriano.
1384 3082 1509 3119 uterque
1526 3073 1605 3107 locus
1620 3072 1776 3120 expositus.
1802 3076 1836 3111 in

1065 3121 1118 3155 hoc
1136 3117 1177 3159 ἐξ
1194 3123 1303 3157 lacuna
1320 3123 1459 3157 addueta.
1486 3123 1561 3155 alia.
1764 3135 1831 3169 301

969 3167 1065 3206 VIII.
1077 3169 1126 3204 De
1144 3170 1257 3205 Forma
1273 3172 1425 3206 coercendi
1441 3169 1500 3216 ipfh
1518 3171 1592 3215 jure
1617 3170 1676 3206 doli
1701 3174 1780 3207 mali
1806 3175 1838 3209 in

1064 3221 1219 3255 conti-nau
1253 3221 1335 3257 bonae
1353 3219 1432 3265 fidei
1445 3246 1456 3264 ,
1489 3218 1523 3263 fi
1553 3219 1690 3266 deceptus
1713 3234 1734 3257 a
1757 3223 1838 3257 dece-

1747 3278 1833 3316 plcre
