2036 3495
473 66 543 104 DE
581 66 785 102 Pac-rrs
825 71 886 98 Er
927 58 1482 109 TRANsACT10N1BUs.

82 173 96 194 e
120 171 142 193 e.
186 158 264 192 Non
290 160 392 201 magis
406 158 536 200 prodest
552 157 620 190 filio
639 153 841 200 emancipato
860 159 957 193 patris

81 160 260 244 AEpulatio:
278 200 299 233 fi
315 202 459 233 audimus
479 199 581 240 Impp.
598 197 836 240 Diocletianum
849 196 877 237 ξ(
888 194 958 225 Ma-

81 245 255 277 ximianum
269 242 289 274 l.
306 247 355 276 26.
376 243 409 274 C.
426 243 531 284 dejure
548 241 676 278 (lotium,
692 237 817 268 cuidam
834 234 956 266 Demo·

80 285 182 318 stheni
198 286 241 316 ita
258 284 476 316 rescribentes.
522 283 555 314 Si
568 281 776 327 gene-roUdotein
798 278 890 307 dando
905 284 955 316 pro

76 327 145 367 filia
161 332 246 368 pater
262 327 417 356 communis
434 333 502 357 eam
519 322 607 355 reddi
627 321 684 352 tibi
703 327 857 351 extraneo
877 327 954 349 con-

82 369 193 400 stituto
203 366 364 408 stipulatus
379 364 435 407 est,
450 376 500 396 nec
510 365 568 404 fibi
582 360 888 408 ceffantervoluntaie,
904 368 955 389 nec

81 409 301 451 tibiprohibente
311 408 380 450 jure
393 417 513 449 quaerere
526 411 626 447 potuit,
641 402 823 444 [achonem]
848 399 899 432 De
912 399 954 443 fi-

82 451 127 482 lio
153 450 353 488 emancipato
377 450 464 489 loqui
489 447 717 487 Imperatores,
742 451 805 490 tam
827 442 895 489 haec
910 450 955 472 in-

82 493 192 524 dicant
209 491 302 522 verba
314 513 323 528 ,
343 496 427 530 pater
443 489 616 525 communis,
633 495 726 527 quam
744 486 796 534 illa
809 507 817 521 ‚
842 485 892 514 tzbz
907 492 955 513 ex-

82 540 177 564 traneo
201 529 364 573 constituto:
389 539 424 562 ut
447 531 530 561 bene
548 527 728 560 observavit
756 525 952 574 l.¹¹³¹⁶³lae¹.³⁸’

82 573 198 613 Bafilic.
212 575 260 604 lz'b.
281 583 329 610 29.
347 574 393 603 tit.
415 581 439 603 1.
456 578 521 602 tom.
538 581 567 609 4.
581 578 650 611 pag.
667 573 739 615 654.
757 565 856 614 23312·
881 566 954 611 ⁴bed

83 616 198 655 Iubet,
235 615 364 655 propius
395 612 595 644 considerare
621 610 775 650 Rescripti
802 608 952 654 ipemem.

83 657 176 688 Pater
197 665 268 687 cum
285 664 405 696 genero
425 655 535 685 dotem
554 655 642 685 daret
659 661 718 692 pro
736 650 887 696 sua-iilum
911 648 950 678 ab

83 708 124 729 eo
135 698 296 738 stipulatus
312 696 375 734 est,
394 705 462 726 eam
480 696 567 726 reddi
587 692 795 725 Demostheni
815 691 882 735 hlio
900 689 954 734 iuo

82 738 292 778 emancipato.
326 747 366 768 ex
392 737 452 768 hac
477 736 681 778 stipulatione
698 742 768 765 orta
785 733 954 776 dubitatio-

81 790 140 812 ne:
164 786 253 820 rogat
278 777 513 810 Demosthenes
538 778 770 821 Imperatores}
792 780 953 817 utri-qute-

81 821 136 854 fita
152 820 187 852 Iit
203 830 241 851 ex
260 819 405 861 stipulatu
424 820 525 857 attio,
544 821 641 860 patri,
659 827 695 848 an
713 815 794 862 iibi‘?
818 821 953 854 primum

84 870 199 904 negant
224 862 436 901 Imperatores
462 861 619 892 afflonem
643 866 743 899 patr13
767 857 796 888 ἃ
819 853 953 895 praefan-

83 913 152 942 tur,
168 904 256 942 quod
276 903 331 934 etii
348 902 510 943 stipulatus
526 909 614 942 pater
632 901 684 938 sit,
703 907 807 945 tamen
826 904 890 941 non
906 892 952 924 est

82 944 136 977 fibi
147 944 328 984 stipulatus:
347 945 448 976 noluit
463 953 559 984 porro
576 942 629 974 sibi
647 944 813 981 adquirere
824 945 876 977 qui
889 944 951 980 non

83 985 128 1018 est
137 986 190 1017 fibi
203 986 377 1026 stipulatus.
396 986 458 1016 hoc
474 985 607 1022 primum
620 983 840 1024 Imperatores.
867 978 948 1007 dein·

81 1029 122 1059 de
145 1028 249 1068 ajunt,
272 1036 332 1058 nec
360 1026 570 1058 Demostheni
596 1025 656 1057 esse
682 1021 840 1066 quaefitam
857 1018 953 1049 actio·

82 1078 174 1101 nem:
199 1069 229 1100 ὅτ.
253 1067 437 1107 causantur,
460 1068 548 1107 quod
571 1075 605 1098 ut
624 1065 784 1110 stipulatus
803 1070 830 1092 ei
850 1059 885 1106 fit
902 1067 954 1104 pa-

82 1119 152 1148 ter,
177 1118 282 1141 tamen
304 1111 328 1141 is
358 1109 610 1149 emancipatione
635 1114 702 1151 erat
716 1113 777 1145 Jam
802 1102 951 1146 patriiuo

81 1151 184 1183 faetus
209 1160 394 1182 extraneus:
416 1152 465 1182 cui
485 1150 605 1189 adquiri
624 1148 782 1179 aaronem
799 1153 838 1174 ex
856 1141 951 1181 stipu-

82 1193 165 1230 latu,
188 1192 262 1232 Jure
281 1192 374 1224 Civili
393 1192 589 1231 prohibetur.
616 1189 691 1235 Hoc
710 1187 774 1218 fine
788 1182 952 1230 subsistunt

84 1234 316 1275 Imperatores:
339 1242 400 1264 nec
416 1234 556 1272 cogitant
572 1231 710 1261 ulterius.
753 1227 815 1271 Sed
830 1229 951 1254 invitos

85 1274 349 1314 longiustrahunt
361 1273 570 1313 interpretes:
587 1271 664 1316 rati,
681 1279 737 1300 eos
747 1267 875 1308 quidem
887 1263 952 1310 De·

82 1315 240 1348 mostheni
264 1324 329 1346 non
354 1316 426 1346 dare
445 1314 601 1345 actionem
621 1312 770 1343 dii-ettam
787 1317 826 1353 ως
843 1304 951 1337 Ιὶϊιξὶο

81 1357 169 1397 jure3
193 1355 243 1387 sed
261 1357 291 1387 id
310 1366 374 1387 non
395 1363 520 1393 vetare,
544 1364 584 1385 ne
608 1354 774 1397 videantur
798 1357 827 1379 ei
847 1348 952 1377 adhuc

82 1398 238 1429 actionem
260 1398 366 1428 utilem
385 1405 423 1428 ex
442 1397 591 1436 aequitate
613 1399 808 1438 permittere.
853 1388 950 1418 Male.

83 1438 139 1471 etfi
166 1439 312 1472 memini.
338 1448 388 1470 me
416 1439 477 1468 tale
504 1440 580 1476 quid
596 1437 766 1479 aliquotres
783 1428 951 1474 observare

82 1481 114 1512 in
139 1479 336 1521 Fragmentis
359 1478 675 1522 jurisconsultorum:
699 1473 815 1520 quibus
832 1469 952 1515 fit.¹¹b¹‘

82 1522 145 1561 do,
169 1522 325 1561 disputare
353 1524 391 1552 de
417 1521 522 1561 regula
551 1520 644 1557 luris,
668 1515 775 1548 Omlssa
801 1518 952 1558 :equitate

84 1572 152 1593 eam
169 1569 409 1602 attemperante.
434 1571 466 1592 at
480 1562 511 1592 in
528 1561 711 1599 Principum
731 1554 901 1594 Rescriptis
918 1552 950 1583 fi-

81 1604 158 1636 mile
178 1613 239 1634 non
258 1604 395 1634 memini.
412 1612 472 1634 nec
483 1602 570 1632 causa
586 1600 650 1638 est,
667 1608 722 1630 cur
739 1602 897 1642 occurrat.
913 1603 952 1641 an

83 1644 129 1676 est
153 1644 307 1685 Principis
331 1645 370 1675 de
384 1644 452 1684 jure
474 1641 630 1680 consulti,
653 1642 808 1688 attingere
820 1645 870 1683 jus
886 1634 951 1681 stri-

85 1686 189 1724 ctum,
213 1686 242 1717 ἀ
264 1685 424 1726 negligere
441 1685 624 1725 aequitatem
642 1692 670 1713 ei
688 1686 898 1725 contrariam,
920 1685 952 1708 m

82 1728 192 1768 primis
208 1726 262 1757 usu
285 1726 472 1766 receptam?
495 1733 526 1756 at
544 1724 625 1764 Imp.
646 1721 869 1768 Constantinus
884 1719 904 1749 l.
923 1726 950 1750 1.

85 1768 119 1799 C.
138 1769 171 1798 de
185 1768 293 1809 legibus
309 1768 370 1805 ait,
395 1767 465 1799 solis
490 1767 586 1798 licere
609 1763 830 1811 Principibus,
853 1760 951 1791 10103-

84 1818 148 1849 que
175 1817 326 1848 oportere
342 1809 390 1848 jus
407 1808 544 1840 strictum
563 1813 733 1847 aequitate,
756 1811 850 1844 quarn
868 1810 953 1846 nova

84 1850 292 1882 commendet
319 1850 456 1885 utilitas.
480 1857 533 1880 aut
559 1855 681 1894 mutare
698 1870 708 1886 ,
740 1853 794 1876 aut
816 1843 952 1876 mollire.

81 1891 148 1922 hoc
165 1900 242 1922 vero
259 1890 398 1922 facturos
409 1900 471 1922 non
486 1889 593 1929 suiss'e,
609 1896 796 1933 opinamur:
813 1885 834 1917 fi
845 1884 952 1931 (tq-uod

83 1933 181 1973 vulgo
199 1932 351 1973 jactatur)
374 1940 502 1972 recepta
526 1933 587 1971 jam
613 1938 679 1961 tum
701 1928 807 1960 fuiffet
824 1927 908 1973 utilis
923 1935 953 1956 a·

83 1973 173 2006 etio?
197 1982 298 2014 nugae.
322 1974 462 2005 dicamus
480 1973 596 2013 igitur,
612 1970 825 2017 Imperatores
841 1977 871 1999 in
888 1968 953 2014 cul..

80 2019 134 2046 26.
167 2022 317 2053 negantes
342 2013 553 2047 Demostheni
576 2013 754 2050 aaronem,
779 2011 809 2042 dc
825 2009 864 2041 de
881 2008 952 2039 utili

81 2058 147 2087 ‘non
164 2057 316 2088 addentes
335 2056 486 2094 verbum,
501 2056 529 2086 ei
548 2055 662 2086 nullam
680 2052 882 2100 concedere,
899 2059 951 2081 ne·

83 2105 146 2135 que
161 2096 329 2135 directam,
345 2105 451 2138 neque
467 2097 588 2128 utilem.
612 2095 666 2127 nisi
683 2104 752 2135 quis
767 2100 878 2133 putet,
894 2101 950 2138 eos

81 2137 261 2169 satisfacere
286 2138 440 2170 deiiderio
464 2137 683 2174 Corripit-oris,
705 2145 722 2167 a
744 2144 809 2176 quo
824 2141 950 2180 rogati,

83 2187 120 2210 an
140 2180 168 2210 ei
184 2186 349 2219 competat
364 2179 466 2218 affio,
482 2180 513 2211 id
532 2186 669 2223 negent3
685 2185 724 2223 ut·
738 2175 906 2222 utysciant,
922 2184 950 2205 ei

84 2226 271 2260 competere
294 2221 421 2252 utilem:
445 2221 533 2252 nullo
550 2220 673 2260 prorIus
695 2217 893 2262 discrimine,
918 2226 950 2261 u·

83 2267 165 2292 trum
184 2261 331 2292 directam
349 2262 482 2299 habeat,
497 2271 535 2293 an
552 2261 673 2292 utilem.
697 2260 760 2306 Sed
778 2259 841 2290 hoc
859 2267 951 2289 nimis

81 2301 226 2333 insulsum
241 2301 337 2334 fuerit
352 2311 447 2342 atque
463 2303 673 2334 inconditum.
696 2302 747 2332 Sic
764 2301 804 2331 de
822 2300 914 2341 pasto
934 2308 951 2330 a

82 2351 172 2383 patre
187 2343 274 2374 fafto
293 2344 494 2384 emancipato
512 2343 589 2374 filio.
872 2382 878 2387 ι

123 2383 198 2415 Non
216 2385 273 2416 alia
289 2384 332 2415 est
348 2386 430 2415 ratio
445 2385 568 2416 matris:
593 2392 664 2415 curn
681 2391 852 2424 numquam
869 2393 901 2415 m
919 2392 949 2414 e-

80 2423 126 2462 jus
143 2426 300 2465 potestate
316 2425 375 2457 fint
392 2427 457 2466 ejus
475 2426 584 2464 liberi,
609 2434 670 2457 nec
689 2426 783 2467 igitur
800 2434 949 2466 umquam

85 2466 255 2497 habeantur
271 2467 365 2498 iidem
383 2468 436 2499 illi.
469 2478 534 2499 rem
553 2474 671 2499 certam
689 2468 824 2507 loquor-3
846 2468 952 2498 aueto-

86 2512 120 2536 re
130 2505 322 2538 Gordianol.
335 2519 363 2547 4.
377 2509 408 2539 C.
426 2510 459 2539 de
468 2508 564 2550 poetis
577 2509 733 2539 conventis.
760 2509 857 2540 verba
868 2508 951 2539 Gor-

87 2546 179 2577 diani.
204 2548 326 2579 Pastum
341 2550 430 2580 dotale
440 2560 494 2589 quo
510 2556 633 2581 matrem*
647 2550 804 2591 convemffe
819 2560 884 2581 cum
896 2558 949 2591 pa-

87 2591 129 2616 tre
146 2592 193 2617 ²²²⁰
206 2590 355 2628 ΡΤΟΡΟΠῘΞ,
378 2590 475 2628 Ut‚si
494 2592 525 2622 in
541 2592 719 2621 matrimonio
734 2591 896 2632 deceffiffet,
913 2593 949 2622 ti-

87 2628 116 2657 bi
132 2626 324 2666 &fratribus
339 2632 397 2660 tuis
415 2633 462 2662 dor
478 2631 693 2673 restitueretur.-
709 2631 899 2673 fistiwulan‘o
914 2643 950 2665 ex

81 2669 201 2707 Persona
222 2668 316 2706 ‘vestra
341 2681 404 2701 cum
428 2674 458 2703 in
469 2671 605 2713 potestate
621 2679 713 2714 patris
728 2642 876 2715 constituti
892 2685 949 2705 non

86 2708 193 2748 effetis,
209 2711 302 2740 minus
319 2711 446 2751 legitima
462 2713 612 2753 z'rzterceffit
623 2738 631 2750 ,
647 2715 784 2754 defuncta
802 2718 876 2747 eain
893 2726 948 2747 ma>

86 2751 233 2787 trimonz'o‚
256 2749 394 2782 aaronem
411 2754 487 2783 vobis
507 2764 627 2795 quaerere
644 2766 699 2786 non
714 2763 822 2796 potunt.
862 2756 949 2799 [Sea]

79 2789 108 2829 fi
126 2791 290 2832 obligatione
314 2794 462 2824 verborum
485 2801 538 2825 rzte
560 2797 764 2836 intercedente,
786 2799 856 2829 dotis
879 2805 952 2839 petz·

86 2833 190 2863 tionem
214 2832 309 2862 hahere
325 2831 458 2873 potuisti,
483 2837 640 2874 maximesi
655 2839 747 2868 adhuc
767 2840 890 2870 vinculis
901 2847 951 2880 po-

86 2871 196 2914 testatis
208 2875 310 2912 petrice
330 2883 388 2904 non
412 2877 561 2917 attigeris,
580 2880 744 2917 petitionem
767 2882 870 2922 exequi
893 2890 950 2912 non

79 2915 246 2955 prohiberis.
289 2914 341 2945 Sic
367 2915 471 2955 passim
496 2918 624 2956 editur,
655 2921 798 2960 attigeris.
834 2922 878 2953 est
906 2931 949 2952 ra-

84 2966 176 2993 men,
202 2955 252 2985 ubi
274 2955 407 2996 legitur,
430 2958 589 2998 attingerir.
623 2959 672 2989 sed
689 2962 808 2992 accedo
826 2961 865 2992 v,
888 2963 947 2994 CL,

84 2997 230 3028 Antonio
248 2996 380 3028 Mureto
397 2998 443 3029 lib.
460 2996 533 3038 Hng.
552 2999 670 3039 Olserv.
683 3001 746 3041 jur.
763 3012 788 3033 e.
805 3007 834 3034 6.
858 3013 950 3044 repo-

83 3039 192 3075 nenti,
216 3039 366 3077 attz'nerz's,
390 3039 433 3069 ob
452 3038 580 3071 similem
605 3039 713 3072 Taciti
737 3042 946 3076 locutionem.

84 3089 149 3111 non
167 3088 257 3119 aeque
274 3080 378 3118 probo
396 3079 549 3119 Rescripti
569 3080 703 3120 speciem
721 3091 812 3121 quarn
829 3084 949 3118 format

83 3119 241 3151 Muretus.
274 3129 343 3151 mea
367 3123 521 3161 opinione
540 3123 723 3154 vei-iffimam
749 3124 872 3156 effinxit
889 3128 946 3158 Ac.

84 3160 217 3192 cursius:
240 3161 316 3193 licet
332 3171 400 3194 cam
418 3163 605 3195 immodeste
619 3166 772 3205 explodat
787 3167 943 3202 Muretus,

361 3223 365 3237 l

1804 91 1873 127 453

1002 154 1055 188 sed
1070 158 1270 197 Amutrium,
1285 169 1321 192 ut
1336 170 1387 194 me
1403 162 1530 204 decuit,
1546 164 1692 199 adversus
1703 166 1871 201 Mur-etum

1001 200 1122 239 pridem
1140 200 1269 232 defendi
1287 203 1336 234 lib.
1352 213 1381 235 2.
1400 205 1518 246 Observ.
1536 214 1597 248 cap.
1611 218 1665 249 23:
1685 210 1756 247 ubi,
1772 209 1791 241 fi
1808 212 1871 250 pla-

1000 249 1074 280 cet,
1097 243 1180 273 vide.
1213 243 1337 276 interim
1364 255 1429 277 rem
1459 248 1560 281 dicam
1582 258 1652 289 quae
1669 260 1729 283 nee
1746 250 1869 282 Graecis

999 281 1125 321 sordet,
1141 282 1255 322 Basilic.
1272 285 1319 317 lib.
1332 296 1380 324 29.
1400 289 1642 332 tit.5.pag.695.
1661 292 1766 335 &seq
1791 294 1867 325 Pro-

997 326 1126 364 ponitur
1151 323 1339 363 Imperatori
1368 330 1478 361 mulier
1496 333 1610 363 marito
1629 334 1736 365 datura
1756 335 1869 366 dotem

997 365 1068 406 post
1084 367 1283 399 contractum
1295 370 1547 411 matrimonium,
1566 373 1643 405 sicut
1655 375 1777 415 potest,
1795 385 1868 408 cum

997 417 1038 438 eo
1057 408 1256 439 convenisse:
1281 418 1335 449 ut,
1359 410 1380 442 fi
1404 413 1434 443 in
1454 415 1658 447 matrimonio
1675 417 1869 457 ‹ieceffiffet,

997 449 1056 480 dos
1075 449 1179 480 liberis
1198 450 1255 481 suis
1267 450 1494 485 restitueretur.
1516 465 1641 488 mortua
1657 459 1740 490 enim
1758 460 1788 489 in
1805 468 1868 490 ma-

999 491 1149 521 trimonio
1175 492 1327 531 muliere,
1351 495 1410 525 dos
1435 495 1605 529 adventitia
1624 500 1663 530 ad
1680 501 1781 531 virum
1801 509 1869 540 per-

999 532 1097 563 tinet:
1122 540 1156 562 ut
1171 541 1230 564 nos
1247 533 1345 565 docet
1363 533 1518 576 Ulpianus
1535 540 1566 568 in
1583 538 1697 581 Fragm.
1715 543 1760 572 tit.
1779 546 1808 572 Ο.
1834 541 1867 572 id

997 574 1092 614 igitur
1109 581 1150 604 ne
1166 573 1278 612 fieret,
1303 575 1390 613 pacta
1408 578 1518 609 mulier
1534 579 1617 618 fuit3
1641 591 1676 611 ut
1688 605 1698 619 ,
1721 581 1740 612 ii
1759 582 1789 613 in
1806 591 1868 613 ma-

997 615 1149 645 trimonio
1174 615 1366 655 decesfisset,
1391 627 1428 648 ea
1449 618 1506 650 dos
1525 620 1629 652 liberis
1648 622 1706 653 l'uis
1724 623 1867 654 restitue-

997 664 1092 687 retur.
1119 655 1235 687 deinde
1254 658 1361 688 extitit
1378 660 1543 700 conditio,
1560 663 1692 694 muliere
1711 665 1741 694 in
1761 664 1866 695 matri-

996 697 1107 728 monio
1124 705 1259 728 mortua.
1300 698 1477 741 Quaei·itur;
1503 711 1540 733 an
1565 703 1647 735 aetio
1664 714 1704 734 ex
1720 704 1865 744 stipulatu

995 738 1103 769 liberis
1122 740 1311 778 competat?
1335 742 1387 771 Ait
1409 741 1600 781 Imperator:
1616 745 1637 776 fi
1655 745 1710 786 ipii
1728 747 1865 786 stipulati

996 778 1226 818 fint3alioqu1n
1245 789 1357 821 negat:
1375 792 1434 813 nec
1446 784 1535 816 aliam
1553 787 1596 817 ol)
1613 786 1757 826 causam,
1774 796 1868 827 quam

996 820 1083 858 quod
1106 820 1284 859 constaret,
1307 831 1441 854 matrem
1466 824 1517 856 sua
1540 826 1742 868 stipulatIOne
1760 828 1817 860 suis
1835 829 1868 859 li-

997 862 1078 892 beris
1094 860 1210 891 nullam
1228 871 1369 901 quaerere
1379 865 1557 906 actionem,
1575 869 1605 900 id
1623 869 1685 906 est,
1704 879 1808 911 neque
1825 871 1870 901 di-

995 902 1109 933 rectam
1124 925 1133 938 ,
1155 910 1259 941 neque
1284 905 1411 936 utilem:
1435 915 1506 939 cum
1526 910 1556 940 in
1573 909 1739 951 Rel'cripto
1756 921 1796 942 ne
1813 921 1867 942 ve-

995 942 1117 983 stigium
1134 943 1262 982 quidem
1281 943 1315 974 sit
1331 945 1477 985 diree‘tae,
1491 958 1543 980 aut
1561 952 1644 982 utilis
1662 953 1811 984 aetionis:
1836 952 1866 984 ὅ(

995 985 1082 1024 quod
1099 985 1324 1028 non-dixerunt
1336 984 1565 1030 Imperatores,
1582 1002 1643 1024 nec
1659 993 1788 1025 voluiss‘e
1805 994 1871 1025 exi-

993 1025 1137 1057 stimandi
1154 1024 1233 1056 lunt.

1035 1066 1133 1108 Quod
1151 1066 1190 1097 de
1208 1072 1298 1106 patre
1317 1068 1347 1099 &
1364 1076 1465 1101 matre
1483 1072 1548 1104 dixi
1565 1097 1574 1112 ,
1597 1076 1692 1107 etiam
1708 1076 1757 1116 jus
1773 1075 1819 1107 est
1836 1076 1868 1107 in

997 1108 1120 1145 liberis,
1146 1109 1218 1138 vice
1234 1108 1320 1139 versa
1335 1111 1567 1148 paciscentibus
1583 1118 1673 1147 matri
1684 1141 1692 1155 ‚
1715 1125 1768 1148 aut
1786 1117 1867 1157 patri

995 1149 1027 1180 in
1045 1149 1130 1188 cujus
1149 1158 1212 1179 non
1229 1148 1288 1180 fint
1306 1150 1475 1190 potestate.
1519 1154 1626 1188 Testis
1643 1158 1756 1189 Paulus
1771 1159 1801 1189 in
1821 1158 1868 1191 his

995 1190 1102 1221 verbis
1121 1189 1141 1220 l.
1158 1199 1210 1230 59.
1226 1189 1255 1231 §.
1274 1191 1330 1224 ult.
1348 1191 1390 1223 D.
1428 1194 1477 1224 Aa
1494 1195 1779 1237 Senatusconsultum
1797 1199 1864 1229 Tre-

995 1231 1156 1262 bellianum.
1183 1231 1229 1262 Ea
1245 1241 1305 1273 qzrce
1320 1234 1412 1264 dotem
1427 1236 1514 1266 dabat
1524 1260 1532 1274 ‚
1546 1238 1632 1277 pacta
1648 1247 1709 1270 erat
1726 1250 1790 1270 cum
1806 1251 1866 1271 ma-

994 1274 1067 1311 rito,
1089 1279 1123 1302 ut
1150 1279 1263 1304 mortua
1277 1274 1311 1313 ſse
1329 1275 1360 1304 in
1372 1278 1569 1313 ,yrzatrimom'o
1577 1302 1587 1318 ,
1610 1281 1682 1310 dotis
1693 1287 1761 1320 pars
1778 1283 1867 1312 matri

994 1314 1057 1355 ejus
1074 1314 1259 1350 redderetur3
1282 1325 1332 1345 nec
1346 1325 1375 1346 eo
1391 1319 1502 1348 nomine
1510 1317 1663 1360 stipulatio
1680 1331 1698 1352 a
1716 1330 1807 1353 matre
1822 1324 1867 1353 in-

995 1353 1127 1395 terpofita
1143 1353 1200 1394 eft:
1215 1356 1334 1386 moriens
1345 1358 1444 1388 deinde
1458 1366 1574 1391 matrem
1586 1361 1622 1396 fg?
1633 1364 1771 1394 maritum
1784 1368 1869 1399 suzim

995 1396 1119 1427 heredem
1128 1396 1242 1435 fecerat
1252 1407 1263 1432 ,-
1278 1396 1315 1431 {9⁹
1331 1407 1348 1428 a
1364 1405 1453 1430 matre
1464 1403 1604 1442 petierat,
1624 1410 1658 1434 ut
1681 1405 1866 1435 hereditatem

997 1436 1070 1468 Titio
1094 1435 1269 1477 restitueret:
1286 1439 1382 1479 judex
1408 1441 1542 1473 adilibi‘us
1564 1445 1596 1474 cie
1621 1445 1776 1477 hereditate
1793 1447 1872 1476 divi-

994 1479 1104 1516 denda,
1124 1483 1237 1518 partem
1252 1480 1343 1518 dotis,
1367 1481 1448 1520 quast
1462 1492 1498 1513 ex
1513 1485 1579 1514 utili
1590 1485 1695 1524 paeto,
1715 1495 1767 1526 pro
1782 1493 1865 1526 parte

994 1521 1082 1551 matri
1095 1520 1325 1561 adjudica—verat.
1349 1520 1558 1563 Qstaerebatur,
1575 1535 1613 1557 cm
1630 1526 1666 1560 &²
1681 1536 1712 1557 ea
1723 1530 1814 1568 portio
1832 1538 1868 1559 ex

996 1561 1082 1598 causa
1093 1560 1287 1601 fideicommffi
1299 1563 1464 1603 praestanda
1475 1563 1539 1603 fit?
1555 1565 1672 1609 [quam]
1690 1577 1747 1598 non
1761 1567 1812 1608 effe
1826 1578 1869 1598 re-

988 1600 1170 1644 stituendam
1178 1608 1268 1642 puto:
1281 1604 1352 1644 quia
1367 1614 1424 1636 non
1439 1605 1522 1647 quasi
1537 1608 1614 1638 heres
1624 1632 1633 1646 ‚
1651 1610 1696 1643 led
1712 1608 1795 1650 quasi
1809 1620 1869 1641 rna-

996 1649 1040 1675 ter
1056 1653 1091 1675 ex
1104 1642 1187 1685 patro
1202 1646 1327 1684 accepit.-
1344 1655 1393 1676 riec
1409 1646 1548 1684 occczfione
1564 1649 1748 1690 hereditatis,
1757 1652 1810 1690 sed
1825 1660 1869 1682 er-

995 1695 1056 1717 rore
1072 1694 1109 1716 ex
1119 1683 1203 1725 patio
1221 1694 1282 1716 eam
1298 1685 1409 1718 habuit.
1457 1688 1653 1730 Proponitur
1677 1691 1776 1723 Paulo
1800 1702 1868 1725 mu-

995 1727 1054 1758 lier
1071 1727 1187 1758 marito
1202 1727 1312 1759 datura
1328 1728 1457 1768 dotem,
1475 1739 1548 1763 curn
1565 1741 1605 1763 eo
1622 1732 1712 1773 pasta
1728 1732 1808 1773 effe3
1832 1740 1869 1766 ut

994 1777 1121 1800 mortua
1144 1767 1174 1799 se
1197 1768 1228 1799 in
1257 1770 1466 1803 matrimonio
1483 1795 1493 1811 ,
1516 1782 1587 1815 pars
1612 1775 1697 1805 dotis
1721 1776 1813 1806 matri
1837 1786 1869 1807 e-

991 1809 1040 1850 jus
1060 1810 1257 1841 redderetur.
1283 1811 1341 1842 dos
1360 1812 1445 1844 enim
1463 1814 1656 1855 adventitia,
1681 1817 1780 1856 qualis
1800 1817 1870 1848 haec

996 1850 1060 1889 est,
1084 1851 1122 1881 ad
1147 1851 1248 1882 virum
1271 1853 1430 1892 pertinet,
1454 1863 1579 1887 mortua
1604 1857 1635 1888 in
1660 1859 1868 1890 matrimonio

995 1892 1145 1924 muliere:
1161 1901 1196 1922 uc
1214 1894 1314 1924 modo
1331 1896 1452 1926 monui.
1472 1897 1503 1928 id
1523 1906 1563 1928 ne
1581 1897 1634 1936 fit,
1651 1899 1740 1939 pacta
1756 1900 1870 1931 mulier

995 1933 1077 1973 fuit,
1100 1941 1135 1965 ut
1158 1933 1220 1974 ipsa
1242 1934 1273 1965 in
1299 1937 1504 1969 matrimonio
1527 1948 1671 1979 mortua,
1694 1941 1758 1981 ejus
1777 1941 1870 1973 matri

995 1984 1067 2015 pars
1085 1975 1170 2006 dotis
1189 1984 1206 2005 a
1224 1977 1337 2007 marito
1354 1979 1551 2011 redderetur.
1574 1990 1634 2012 nec
1650 1990 1754 2013 tamen
1772 1992 1789 2012 a
1805 1992 1869 2013 ma-

995 2024 1043 2047 tre
1067 2016 1251 2056 interposita
1276 2018 1321 2048 est
1340 2028 1379 2049 eo
1398 2021 1528 2051 nomine
1546 2021 1717 2061 stipulatio.
1751 2023 1868 2055 deinde

994 2058 1134 2089 moriens
1151 2058 1281 2097 mulier,
1297 2068 1429 2092 matrem
1441 2070 1513 2093 cum
1529 2063 1643 2094 marito
1661 2063 1811 2096 heredem
1823 2065 1869 2096 in-

995 2098 1112 2138 stituit,
1138 2099 1167 2130 ἂ
1190 2108 1320 2131 matrem
1346 2108 1456 2141 rogat,
1480 2110 1514 2134 ut
1538 2104 1748 2136 hereditatem
1771 2105 1865 2137 Titio

994 2139 1147 2172 restituat.
1170 2140 1274 2179 Judex
1290 2150 1307 2171 a
1322 2141 1463 2174 Praetore
1480 2145 1622 2176 addiftus
1639 2146 1670 2177 in
1684 2147 1806 2186 judicio
1820 2147 1865 2178 fa-

994 2182 1088 2213 miliae
1103 2181 1312 2220 erciscundae,
1327 2184 1416 2215 matri
1432 2185 1622 2224 adiudicavit
1635 2197 1758 2228 partem
1776 2191 1866 2220 here-

995 2224 1101 2254 ditatis
1118 2222 1316 2254 institutione
1334 2225 1361 2255 ei
1379 2225 1540 2259 debitam:
1564 2236 1716 2268 praeterea
1741 2238 1865 2269 partein

995 2265 1079 2295 dotis
1104 2263 1187 2303 quasi
1210 2273 1250 2297 ex
1275 2265 1342 2296 utili
1361 2266 1474 2306 paeto,
1497 2269 1529 2300 id
1548 2268 1611 2308 est,
1637 2270 1719 2310 quali
1743 2272 1864 2302 valeret

996 2305 1118 2345 pastum
1137 2315 1145 2335 :
1176 2304 1305 2337 alteram
1339 2307 1432 2348 igitur
1464 2311 1532 2349 jure
1550 2333 1559 2345 ,
1590 2311 1719 2342 alteram
1746 2321 1865 2344 errore.

994 2346 1174 2388 Quaeritur,
1192 2347 1268 2385 quid
1284 2355 1384 2380 mater
1401 2350 1516 2382 debeat
1532 2350 1625 2382 Titio
1643 2351 1808 2384 restituere
1824 2363 1865 2385 ex

993 2387 1247 2419 fideicommiffo.
1280 2398 1344 2420 non
1364 2390 1408 2421 cst
1428 2391 1462 2422 lis
1478 2393 1518 2422 de
1536 2393 1686 2432 portione
1707 2394 1863 2426 heredita-

993 2430 1049 2460 tis:
1075 2428 1155 2459 hanc
1181 2429 1264 2461 enim
1287 2439 1388 2462 mater
1405 2441 1445 2463 ex
1462 2433 1659 2465 institutione
1674 2444 1863 2477 acceperat,

994 2471 1024 2502 ἃ
1041 2478 1151 2511 rogata
1170 2479 1235 2501 erat
1260 2479 1420 2512 tamquam
1445 2473 1535 2506 heres
1555 2474 1729 2507 restituere.
1763 2477 1865 2509 solum

993 2513 1078 2542 cadit
1096 2511 1253 2543 dubitatio
1263 2513 1347 2543 circa
1365 2522 1486 2553 partem
1504 2516 1589 2547 dotis
1607 2517 1635 2548 ei
1652 2527 1669 2548 a
1683 2517 1793 2557 Judice
1809 2521 1863 2551 ad-

990 2553 1160 2593 judicatam
1189 2553 1272 2593 quasi
1294 2563 1335 2585 ex
1361 2555 1428 2586 utili
1446 2555 1551 2594 pacto.
1581 2566 1674 2599 negat
1690 2569 1767 2590 vero
1788 2560 1866 2592 l’flu-

993 2597 1060 2631 lus,
1082 2593 1165 2624 hanc
1182 2595 1292 2625 venire
1309 2597 1340 2626 in
1363 2596 1594 2630 restitutionem
1614 2609 1654 2631 ex
1671 2600 1759 2632 causa
1776 2601 1863 2633 fidei-

992 2635 1165 2667 commiffi:
1183 2635 1213 2666 &
1232 2635 1312 2666 hanc
1329 2637 1416 2668 addit
1434 2639 1608 2671 rationem:
1624 2642 1695 2682 quia
1711 2653 1767 2673 non
1782 2643 1863 2685 quasi

993 2677 1088 2714 heres,
1102 2677 1157 2717 st'd
1173 2675 1255 2717 quasi
1270 2684 1360 2708 mater
1376 2688 1412 2710 ex
1420 2679 1506 2718 paeto
1530 2683 1654 2722 accepit,
1676 2693 1726 2714 nec
1746 2684 1862 2722 occasio-

993 2727 1028 2748 ne
1044 2718 1226 2755 hereditatis,
1241 2718 1294 2756 sed
1306 2727 1396 2750 errore
1410 2730 1445 2752 ex
1457 2720 1541 2762 parfio
1560 2733 1621 2754 eam
1638 2726 1748 2757 hahuit.
1783 2726 1859 2756 Duo

995 2758 1148 2799 fignificat
1161 2758 1293 2791 Paulus:
1318 2762 1472 2802 primum,
1493 2764 1523 2794 in
1541 2764 1724 2798 hereditatis
1741 2767 1861 2798 restitu-

995 2801 1117 2830 tionem
1143 2800 1270 2831 demum
1295 2804 1402 2834 venire
1418 2827 1428 2842 ,
1459 2806 1547 2845 quod
1570 2805 1633 2837 fuit
1658 2807 1858 2839 hereditatis:

995 2841 1128 2879 deinde,
1152 2841 1301 2873 heredem
1325 2853 1389 2876 non
1411 2846 1531 2886 teneri,
1556 2857 1595 2879 ex
1618 2849 1794 2880 hereditate
1812 2858 1859 2878 re-

995 2881 1123 2913 stituere
1146 2890 1259 2922 praeter
1282 2884 1313 2916 id
1336 2886 1376 2917 de
1401 2895 1465 2927 quo
1489 2897 1618 2930 rogatus
1636 2890 1679 2921 est
1699 2897 1858 2928 tamquam

994 2922 1102 2955 heres:
1122 2924 1228 2964 (quod
1252 2925 1280 2956 ἃ
1298 2927 1444 2959 traditum
1460 2929 1479 2960 l.
1504 2935 1548 2964 13.
1565 2930 1594 2971 §.
1612 2941 1638 2962 2.
1657 2930 1694 2964 ἐξ
1711 2931 1728 2960 l.
1748 2940 1794 2960 ρι’.
1816 2932 1860 2961 l).

993 2965 1050 2994 eod.
1076 2967 1140 3005 tit.)
1178 2965 1207 2997 in
1235 2967 1397 3008 propofito
1421 2979 1527 3002 autem
1551 2979 1650 3002 mater
1674 2973 1859 3009 portionem

993 3014 1054 3044 qua
1069 3006 1109 3037 de
1126 3008 1291 3047 quaeritur,
1314 3019 1376 3041 non
1395 3019 1429 3042 ut
1445 3012 1536 3042 heres
1549 3012 1672 3050 accepit
1688 3011 1858 3044 institutio-

993 3055 1053 3085 ne3
1077 3057 1139 3079 non
1164 3049 1256 3081 ctiam
1282 3057 1443 3092 tamquam
1468 3053 1558 3083 heres
1575 3060 1683 3091 rogata
1703 3052 1766 3091 est,
1788 3063 1857 3086 enm

991 3087 1173 3129 restituereg
1196 3099 1235 3122 ne
1259 3095 1385 3133 accepit
1411 3094 1537 3133 quidem
1562 3101 1630 3123 eam
1648 3101 1681 3123 ut
1700 3093 1858 3126 heredita-

990 3130 1064 3160 riam
1080 3153 1088 3168 ,
1111 3138 1165 3162 aut
1187 3133 1354 3165 occasione
1379 3134 1576 3165 hereditatis:
1601 3134 1652 3164 sed
1679 3143 1713 3166 ut
1735 3144 1856 3176 mater,

988 3178 1082 3212 atque
1096 3181 1147 3245 {xl
1159 3174 1271 3214 pastu,
1294 3185 1355 3207 nec
1371 3175 1412 3206 sic
1425 3176 1492 3214 iure
1506 3197 1516 3212 ‚
1533 3173 1582 3205 sed
1600 3185 1709 3208 errore
1723 3176 1853 3223 JudiciS.

1163 3216 1172 3244 l
1196 3224 1214 3253 ‘3
1812 3228 1855 3249 ita
