2036 3495
191 94 260 139 366
605 88 637 123 G
669 96 688 120 Ε
721 97 743 121 n
774 96 794 120 A
827 96 850 120 R
881 96 905 120 D
939 96 952 121 1

192 180 372 211 versit-atem
391 187 430 209 ex
452 176 586 208 materiis
603 173 797 205 confestam.
820 173 912 214 hujus
937 180 1058 212 partem

193 231 288 253 unam
312 220 481 260 Javolenus
504 217 583 246 facit
607 214 801 254 superficiem
819 238 828 252 ‚
861 215 989 246 alteram
1015 214 1058 245 so-

194 264 271 295 lum.
296 262 448 301 proinde,
473 258 492 287 fi
516 266 555 288 ex
579 257 676 287 domu
700 255 866 285 evincatur
883 255 981 286 solum
1005 265 1059 287 aut

195 302 376 343 superficies
395 323 403 338 ‚
435 306 581 338 putem-us
613 298 653 327 de
690 297 851 327 evictione
882 298 929 337 agi
958 297 1065 336 poffe,

195 344 278 384 quasi
306 351 391 382 parte
416 338 536 370 evicta:
559 338 579 370 fi
603 338 752 369 columna
774 339 940 368 evincatur
957 361 966 376 ‚
1001 348 1065 370 non

194 385 293 427 posse.
319 384 403 413 idem
426 380 455 410 in
475 389 574 411 nave:
597 379 685 419 cujus
701 378 720 410 fi
739 388 858 419 partem
877 380 1064 418 quaerimus,

194 424 403 464 intelligimus
428 420 571 452 membra
593 421 666 451 navi
691 421 878 460 conjuncta,
902 422 931 451 in
952 420 1064 460 quibus

195 464 427 507 gubernacula,
450 462 576 498 malus,
598 470 754 499 antenna,
778 463 883 492 velum
906 462 925 492 l.
951 473 1000 501 44.
1028 462 1065 492 I).

194 499 224 538 b.
243 513 264 538 t.
289 506 336 536 his
352 502 596 541 evictis,evitta
613 501 657 533 est
675 511 744 542 pars
763 502 858 534 navis.
882 503 986 534 tabula
1001 503 1062 533 evi-

194 548 260 584 cta,
285 546 328 578 est
345 546 473 585 quidem
488 543 590 575 evicta
605 553 674 583 pars
693 545 830 574 materiae
847 553 886 574 ex
906 553 966 584 qua
984 544 1065 575 faeta

195 588 285 621 navis
303 588 363 619 est:
387 594 419 617 at
438 587 526 616 navis
544 585 605 626 ipsa
621 607 630 622 ‚
653 592 706 615 aut
723 594 793 625 pars
821 584 907 616 navis
934 595 997 616 nou
1023 585 1067 616 est

196 629 299 661 eviffita
320 629 337 659 i.
353 631 403 668 36.
424 626 464 658 D.
482 627 509 657 b.
528 632 548 657 t.
593 625 644 656 Sic
661 625 692 657 in
715 627 838 657 actione
858 627 979 666 duplae:
1003 635 1067 657 non

197 672 276 702 item
293 670 323 701 iu
341 668 463 700 actione
479 677 518 698 ex
536 675 659 707 emptu.
705 667 774 698 Ain'
797 667 855 699 tu‘?
879 667 1068 706 Javolenum

199 712 271 744 audi
290 714 316 743 d.
332 712 350 742 l.
369 719 416 750 23.
440 709 468 750 §.
492 718 518 740 1.
541 709 587 740 D.
604 709 636 738 de
652 707 752 746 usurp.
778 708 814 743 ὅ)
831 710 945 749 usucap.
977 709 1009 739 Si
1025 718 1067 738 cu-

200 754 302 785 lumna
322 751 538 789 eviftafuerin
557 755 645 788 puto,
667 755 693 778 te
706 758 741 780 ex
756 755 846 790 empto
863 760 926 781 cum
940 751 1068 781 vendito-

201 805 233 827 re
251 793 323 826 reae
337 792 486 828 asturum,
511 790 546 824 ὅ)
564 799 592 820 eo
618 799 720 831 genere
741 800 798 821 rem
821 789 939 831 salvam
954 791 1068 822 habitu-

199 847 276 868 rum.
321 835 393 872 Ait,
416 832 459 863 Eo
476 840 595 873 genere,
619 833 650 862 id
673 830 736 870 est,
759 841 796 862 ea
812 833 937 864 actione
953 842 993 863 ex
1005 841 1068 863 em-

199 885 282 919 pto;
311 884 375 907 non
403 874 527 904 actione
551 882 592 904 ex
615 873 718 912 dupla.
750 882 865 914 nempe
882 897 892 913 ‚
924 874 1006 905 aetio
1029 883 1070 904 ex

201 926 313 958 empto
331 914 375 947 est
391 916 480 946 bonae
497 913 594 952 fidei3
616 913 697 945 attio
725 923 765 945 ex
789 915 883 955 dupla
907 915 952 946 est
975 914 1069 945 stricti

199 960 288 1000 iuris:
321 957 391 989 haec
414 954 562 997 anguste,
591 955 642 986 illa
666 955 728 986 late
746 978 755 994 ‚
787 964 899 996 patet3
931 956 1071 995 ideoque

197 1001 282 1041 saepe
298 998 474 1039 competit,
497 997 557 1028 hac
573 995 725 1028 cessante:
751 1004 786 1027 ut
811 996 841 1027 in
861 996 1072 1037 superioribus

201 1040 464 1074 demonstratum.
487 1037 600 1069 Tertia
618 1046 791 1078 corporum
807 1037 927 1078 species
945 1037 973 1069 in
990 1038 1007 1067 l.
1021 1047 1070 1078 30.

197 1084 251 1116 D.
277 1084 310 1115 de
334 1087 431 1122 usurp.
457 1079 493 1115 65⁹
516 1079 632 1120 usucap.
664 1078 787 1110 constat
811 1089 851 1111 ex
875 1079 1071 1111 distantibus.

198 1125 274 1157 talia
293 1124 361 1155 sunt
379 1130 514 1163 corpora
531 1121 620 1161 plura
637 1129 703 1151 non
725 1119 846 1160 soluta,
870 1121 919 1152 sed
947 1119 998 1152 uni
1017 1129 1072 1151 no-

201 1166 279 1199 mini
297 1164 450 1205 subjecta,
474 1163 573 1193 veluti
590 1171 682 1203 grex:
707 1171 748 1192 ex
763 1171 826 1202 quo
842 1162 949 1193 evicto
967 1162 1072 1202 capite

201 1217 269 1240 uno
294 1216 347 1238 aut
367 1207 468 1237 altero
484 1226 493 1243 ‚
517 1213 581 1235 non
607 1203 712 1244 potest
740 1204 787 1244 agi
813 1204 852 1234 de
875 1203 980 1234 evifito
1005 1213 1071 1244 gre·

203 1259 262 1288 ae,
286 1255 340 1280 aut
364 1247 428 1287 eius
445 1254 551 1286 parte:
577 1245 649 1285 quia
673 1254 739 1275 non
764 1244 808 1275 est
831 1255 909 1286 grex
932 1244 1071 1282 evictus,

202 1281 265 1323 fiee
281 1299 352 1331 pars
366 1288 487 1330 gregis:
512 1285 563 1317 sed
579 1293 674 1326 caput
692 1295 785 1317 unum
809 1295 862 1317 aut
884 1286 1017 1318 alterum
1031 1295 1072 1317 ex

202 1329 405 1364 univerfitate
429 1337 522 1369 quam
553 1336 681 1367 gregem
711 1327 854 1359 dicimus.
891 1337 968 1368 grex
993 1337 1071 1358 vero

204 1381 332 1413 emptus
356 1370 439 1408 fuit3
462 1378 526 1400 non
551 1369 666 1409 [iugula
685 1368 788 1409 capita
814 1378 853 1400 ex
875 1377 979 1409 grege.
1022 1369 1071 1399 Ab

205 1415 272 1446 hoc
300 1422 365 1444 non
397 1412 491 1451 longe
517 1410 607 1441 distat
633 1410 800 1441 hereditas.
840 1419 900 1450 qua
923 1409 1071 1448 vendita,

205 1465 274 1488 non
300 1455 367 1484 sunt
393 1452 528 1482 venditae
555 1461 603 1482 res
627 1449 751 1490 singulae
775 1450 993 1490 hereditariae;
1022 1450 1073 1483 sed

206 1496 387 1532 hereditas,
411 1494 442 1523 id
467 1491 529 1529 est,
554 1492 696 1531 quaedam
723 1491 903 1531 patrimonii
928 1492 1074 1524 universi-

206 1545 264 1569 tas.
288 1536 318 1567 in
338 1542 438 1574 eaque
456 1532 476 1564 fi
499 1533 573 1572 quid
596 1532 731 1563 alienum
757 1532 793 1563 fit
817 1532 975 1565 eviftione
997 1534 1073 1574 judi·

204 1585 331 1613 catum,
355 1575 387 1606 id
410 1583 474 1605 non
503 1572 547 1604 est
564 1572 755 1605 baereditatis
772 1596 782 1611 ,
813 1583 918 1614 eoque
941 1584 1005 1606 non
1031 1574 1076 1606 est

204 1619 383 1651 venditum.
407 1625 443 1647 ac
461 1614 481 1646 fi
499 1614 560 1646 fuit
577 1613 738 1653 defuncti,
762 1614 814 1646 sed
831 1616 941 1655 injuria
957 1616 1074 1655 judicis

203 1660 363 1697 mittum,
387 1666 452 1688 non
470 1664 582 1688 onerat
598 1655 801 1688 venditorem
816 1656 833 1687 l.
856 1665 881 1688 1.
900 1657 934 1688 C.
950 1658 976 1687 h.
994 1663 1015 1688 ι.
1049 1657 1075 1689 1-

207 1702 280 1733 dem
306 1700 356 1731 vel
382 1697 482 1730 simile
507 1698 546 1729 de
570 1696 699 1738 peculio
720 1696 833 1730 Paulus
856 1697 875 1730 l.
891 1707 922 1739 5.
941 1699 989 1730 D.
1007 1699 1035 1731 h.
1055 1704 1075 1729 t.

204 1742 316 1777 Verba
330 1739 417 1773 Pauli
433 1739 475 1770 ibi
493 1739 576 1771 vide.

200 1777 204 1781 ²
251 1784 335 1828 Quae
350 1782 415 1814 dixi
431 1781 470 1813 de
488 1790 522 1812 re
540 1787 608 1812 tota
627 1781 678 1813 vel
704 1781 770 1821 eius
796 1786 886 1822 parte
901 1805 911 1821 ,
935 1781 1073 1813 maxime

204 1825 416 1870 procedunt,
445 1821 547 1853 eviCta
572 1823 778 1862 proprietate.
801 1831 892 1861 nam,
917 1823 936 1854 fi
962 1824 1002 1854 de
1024 1822 1078 1854 usu

205 1877 262 1902 aut
277 1864 438 1900 usufructu
457 1863 494 1896 lis
510 1863 565 1902 fit3
589 1865 664 1904 quid
682 1864 845 1903 obtineat,
870 1864 1005 1895 dubitari
1022 1873 1077 1904 po·

207 1909 286 1949 test3
309 1907 381 1949 quia
407 1904 449 1937 fic
475 1904 582 1936 scribit
607 1904 718 1936 Paulus
743 1905 775 1936 in
793 1905 813 1936 l.
832 1915 879 1946 25.
900 1904 938 1936 D.
955 1906 988 1936 de
1003 1906 1078 1937 verb.

202 1951 310 1995 fignif.
330 1957 399 1990 quae
416 1945 460 1978 est
478 1955 518 1978 ex
533 1945 586 1978 lib.
604 1955 653 1978 21.
677 1946 728 1978 Ad
747 1945 912 1986 Edistum3
938 1946 1023 1978 Reae
1036 1948 1079 1978 di-

207 1996 320 2030 cimus,
342 1999 405 2021 eum
414 1988 549 2028 fundum
565 1993 655 2019 totum
671 1985 798 2028 nostrum
813 1987 863 2028 effe
879 2011 888 2026 ‚
912 1990 996 2019 etiam
1014 1998 1079 2020 cum

209 2036 272 2077 ejus
288 2030 474 2072 ususfrutlus
500 2029 609 2061 alienus
626 2027 673 2068 eft.
717 2027 760 2060 Et
783 2029 864 2060 hanc
889 2028 1011 2069 subjicit
1032 2039 1077 2061 ra-

209 2078 358 2109 tionem:
392 2071 474 2117 Quia
496 2071 681 2111 ususfructus
704 2080 761 2101 non
784 2071 902 2102 dominii
921 2078 1009 2111 pars,
1032 2071 1079 2108 sed

202 2116 359 2160 servitutis
370 2113 427 2153 fit:
449 2118 483 2144 ut
499 2113 551 2142 via
576 2111 611 2146 ἑὲ)
636 2113 707 2142 iter.-
728 2112 861 2152 necfalsb
883 2113 958 2151 clici,
991 2118 1080 2143 totum

210 2168 306 2192 meum
322 2155 393 2196 effe,
417 2155 500 2195 cujus
521 2162 578 2183 uon
596 2151 684 2193 potes}
705 2153 765 2183 ulla
782 2160 853 2193 pars
879 2154 937 2184 dici
962 2153 1080 2184 alterius

211 2203 272 2243 effe.
319 2197 431 2230 Paulus
455 2192 609 2237 fignificat
627 2217 636 2232 ,
664 2192 907 2231 usumfructum,
939 2203 1011 2226 cum
1035 2195 1080 2225 in-

212 2239 390 2281 corporalis
415 2236 473 2275 fit,
501 2237 619 2275 quippe
641 2234 671 2266 in
696 2235 765 2274 jure
788 2234 958 2267 confistens
975 2259 984 2274 ,
1014 2245 1080 2267 non

209 2283 302 2324 poss'e
326 2280 387 2312 dici
405 2286 525 2319 partem
549 2277 660 2315 fundi,
683 2276 715 2307 id
734 2275 797 2314 est,
820 2277 864 2307 rei
888 2278 1080 2318 corporalis,

214 2333 288 2356 cum
305 2331 366 2363 qua
381 2329 445 2352 non
469 2318 621 2349 cohaeret.
646 2325 758 2348 contra
784 2325 891 2358 putat,
917 2319 1023 2358 (quod
1041 2319 1080 2349 de

211 2363 322 2396 itinere
340 2363 369 2394 δι
385 2362 435 2392 via
455 2360 527 2391 alibi
550 2359 665 2390 dicitur
688 2359 705 2389 l.
722 2362 771 2393 86.
799 2358 836 2389 D.
856 2360 913 2390 eocl.
932 2360 996 2397 tit.)
1018 2359 1080 2391 esse

210 2405 303 2437 fundi
319 2404 500 2445 qualitatem
512 2424 521 2440 ‚
537 2400 698 2441 magisque
715 2399 842 2431 modum
857 2399 993 2432 habendi
1010 2400 1079 2432 fun·

214 2446 308 2484 dum,
331 2454 424 2486 quarn
450 2445 516 2483 ejus
534 2450 666 2482 partem.
712 2441 832 2481 Aliquis
855 2442 948 2482 possit
971 2451 1013 2473 ex
1035 2442 1081 2474 his

211 2487 300 2519 Pauli
321 2486 424 2517 verbis
450 2483 628 2524 conjicere,
652 2483 759 2514 evicto
781 2481 941 2514 usufructu
965 2482 1082 2522 fundi,

212 2537 281 2560 non
308 2526 368 2557 esse
395 2526 527 2558 evictam
555 2524 646 2556 fundi
672 2532 821 2564 partem3
852 2525 992 2565 ideoque
1016 2534 1081 2555 non

214 2568 279 2601 esse
296 2568 403 2600 locum
419 2566 531 2598 actioni
548 2575 587 2597 ex
605 2566 717 2606 dupla,
741 2572 795 2596 aut
812 2575 852 2596 ex
874 2573 997 2606 empto.
1019 2565 1082 2597 Sed

214 2612 309 2642 aliter
324 2607 354 2638 se
371 2617 418 2639 res
436 2609 546 2639 habet:
570 2616 643 2639 narn
659 2606 772 2639 Paulus
796 2607 823 2637 cl.
839 2607 859 2637 l.
876 2617 924 2647 25.
948 2608 990 2637 ita
1016 2605 1082 2637 sen-

212 2652 256 2684 tit
270 2650 300 2682 in
325 2647 368 2680 rei
394 2649 626 2681 vindicatione:
649 2649 763 2688 (quam
785 2648 930 2687 exposuit
952 2648 1005 2678 lib.
1032 2656 1081 2679 21.

215 2693 270 2726 Ad
284 2689 449 2728 Edictum)
473 2689 501 2718 δζ
517 2689 621 2728 reste,
643 2699 678 2721 re
696 2698 736 2720 ex
754 2688 888 2720 nominis
907 2688 1082 2729 proprieta-

215 2742 251 2766 te
266 2731 432 2767 aestimata‚
455 2736 489 2759 ut
503 2729 544 2759 ibi
562 2738 703 2770 oportet.
727 2739 837 2761 verum
862 2738 975 2761 contra
994 2729 1022 2760 ei
1041 2729 1082 2760 se-

217 2776 268 2808 dit
284 2773 314 2805 in
333 2770 527 2814 Casibus-non
544 2777 604 2801 tarn
615 2781 630 2801 a
641 2771 777 2803 nominis
790 2770 1082 2811 subtilitate‚quam

215 2827 235 2849 a
261 2812 432 2846 voluntatis
455 2813 717 2849 interpretatione
734 2836 744 2851 ‚
782 2813 1017 2853 pendentibus:
1049 2818 1085 2843 ut

216 2859 257 2891 fit
272 2858 302 2888 in
320 2853 449 2894 legatis,
470 2851 501 2882 &
517 2853 746 2893 contractibus3
770 2854 800 2885 in
820 2854 933 2894 quibus
956 2863 1020 2884 non
1039 2852 1084 2884 est

215 2895 383 2941 probabile
400 2892 563 2925 hominem
581 2890 749 2936 sapientem
766 2894 898 2927 fundum
915 2895 1020 2936 legare
1031 2902 1084 2925 aut

217 2948 326 2973 emere
348 2937 392 2968 ob
417 2934 536 2966 nudum
557 2932 686 2963 dominii
710 2944 846 2975 nornen,
875 2936 938 2968 fine
963 2936 1083 2967 emolu-

216 2989 331 3014 mento
348 2985 463 3008 vanum
487 2982 582 3013 atque
605 2974 696 3004 inane
723 2974 874 3008 futurum.
916 2976 987 3008 Hac
1009 2986 1083 3008 con·

216 3019 428 3062 templatione
453 3016 538 3047 idem
570 3013 680 3046 Paulus
705 3014 723 3044 l.
750 3025 779 3053 4.
803 3018 848 3048 D.
872 3019 905 3049 de
928 3017 1084 3058 usufruein

240 3062 328 3101 quod
344 3059 426 3091 evici
450 3058 496 3088 lib.
515 3066 540 3087 1.
558 3055 604 3086 De
626 3054 770 3095 usufrubi.
789 3065 812 3086 c.
831 3059 881 3095 2.)
904 3059 945 3089 sic
962 3059 1082 3090 scribit:

251 3100 419 3143 jusfrustus
434 3101 466 3130 in
488 3098 587 3129 multis
601 3096 709 3136 casibus
719 3103 787 3137 pars
812 3098 928 3128 dominii
943 3099 1001 3139 est:
1025 3109 1083 3139 pro

219 3143 314 3176 instar
337 3141 468 3174 dominii
494 3139 547 3171 est.
585 3148 621 3169 ac
652 3138 747 3169 fuerit
770 3139 951 3176 exemplum
977 3141 1084 3172 evicto

219 3182 357 3226 emptori
382 3181 553 3215 usufructu.
583 3188 658 3213 nam
679 3179 722 3213 fic
737 3202 748 3220 ‚
778 3177 835 3212 etfi
856 3179 1084 3220 proprietatem

1015 84 1281 122 Nono-r
1339 88 1548 124 COMM.

1101 174 1235 214 habeat,
1259 184 1363 208 tamen
1382 176 1523 216 separato
1547 177 1585 209 ab
1611 188 1646 210 ea
1668 180 1847 219 utun-unu,
1871 182 1975 219 perin-

1101 218 1140 246 de
1159 217 1222 254 est,
1246 227 1282 248 ac
1300 217 1398 262 finon
1417 220 1509 250 liccat
1527 219 1586 256 illi,
1611 221 1675 260 ejus
1694 231 1813 261 partem
1834 223 1973 262 habere,

1107 257 1276 296 praesertim
1294 267 1386 290 etiarn
1400 261 1587 291 detentione
1605 263 1641 292 ad
1654 263 1857 295 fratrum-iuni
1870 264 1976 295 fruen-

1108 299 1137 328 di
1157 298 1243 330 causa
1261 300 1413 331 transsata.
1461 302 1521 332 Sed
1542 303 1605 332 liaec
1623 305 1661 333 de
1680 305 1884 343 poil'essione,
1910 308 1975 336 uiu-

1107 338 1230 384 fructu,
1254 341 1394 380 itemque
1411 342 1480 380 usu,
1506 344 1534 373 ἃ
1551 343 1749 384 aiiisjririnus
1775 349 1804 377 in
1831 346 1976 377 formulae

1108 380 1320 416 explicatione
1339 383 1465 414 tradidit
1482 385 1630 423 Lllptaniis
1656 387 1665 416 l
1704 391 1739 420 ⁷48
1774 387 1792 429 §
1821 398 1846 427 3,
1878 390 1919 418 l).
1943 390 1977 418 tle

1107 422 1184 451 verb.
1195 422 1276 462 oblig.
1302 422 1348 452 his
1365 423 1482 454 verbis:
1501 426 1689 466 Siqntifofte
1703 420 1761 458 'novi
1780 430 1977 469 deproprz'em·

1108 469 1151 500 ze,
1174 465 1218 497 sed
1237 465 1269 492 de
1285 463 1440 503 peffeffione
1455 468 1534 496 nuda
1554 467 1769 503 co7ztr0versiqm
1786 471 1902 508 fecerit,
1929 470 1976 500 vel

1108 505 1141 534 de
1153 502 1308 550 usust-usta
1325 527 1333 539 »
1355 505 1399 534 ‘Of-’l
1416 507 1447 534 de
1468 507 1521 545 usic
1539 530 1547 544 ‚
1570 510 1616 538 vel
1636 512 1667 539 tie
1684 521 1736 550 qun
1756 511 1810 540 alio
1828 511 1893 551 jure
1915 512 1977 552 ejus

1108 547 1182 585 quod
1207 542 1375 590 dzstrastmn
1390 544 1427 584 est
1442 556 1451 574 .·
1479 548 1573 586 palam
1595 548 1632 590 est
1657 554 1794 581 (mummi
1810 553 1976 592 stypumgio.

1109 596 1182 617 nem>
1208 586 1306 616 habere
1321 594 1398 615 emm
1412 596 1467 617 non
1486 588 1548 617 iicet
1567 592 1608 627 ei,
1631 594 1678 622 cui
1701 594 1809 633 aliqum
1829 596 1974 624 minuitur

1110 637 1146 658 ex
1156 628 1225 668 jure
1243 627 1437 671 quud-habuit.
1473 627 1564 671 „Cu—in
1583 633 1623 661 ait
1639 655 1647 670 ‚
1672 633 1717 663 vel
1736 636 1767 663 de
1787 644 1840 674 qus,
1859 636 1912 665 <ilio
1924 636 1975 676 ju.

1112 677 1156 698 re:
1179 667 1242 698 fine
1259 667 1355 698 dubio
1380 667 1524 707 intelligit
1551 671 1765 713 emphyreusjn
1796 680 1822 705 ς’),
1849 676 1979 715 superfi-

1111 710 1210 740 ciem:
1235 709 1265 738 in
1282 708 1393 746 quibus
1410 717 1501 746 aeque
1517 718 1611 748 atque
1630 713 1658 742 in
1684 715 1851 747 usufructu
1867 719 1894 748 ὅ(
1924 718 1977 748 usu

1113 749 1250 789 emptori
1276 749 1393 788 aliquid
1412 750 1561 780 minuitur
1585 760 1623 782 ex
1643 753 1710 792 jure
1735 763 1818 794 quod
1845 758 1975 797 habuit,

1112 800 1185 822 curn
1201 790 1325 820 ratione
1343 789 1547 820 emolumenti
1562 815 1570 828 ,
1595 800 1660 824 tuin
1681 795 1800 827 ratione
1819 800 1977 829 detentio-

1113 833 1160 864 nis
1185 830 1420 871 posseffionisve
1438 854 1447 865 ,
1478 834 1515 862 ad
1541 831 1742 866 fructuarium
1760 859 1767 871 ,
1800 839 1949 871 usuarium
1965 863 1976 879 ,

1113 874 1357 913 emphyteutam
1375 873 1403 902 ἀ
1423 871 1663 912 superficiarium
1676 900 1684 913 ,
1709 877 1866 908 erithone
1880 888 1975 912 trans-

1114 914 1228 946 euntis,
1268 915 1315 944 An
1333 913 1385 943 sub
1406 913 1451 943 his
1471 916 1572 946 verbis
1589 915 1682 946 etiam
1704 918 1977 955 comprehendun-

1115 964 1164 987 tur
1182 955 1348 985 servitutes
1372 955 1563 986 urbanoruin
1589 957 1617 986 ἀ
1642 958 1828 989 rusticorum
1845 962 1979 997 praedio-

1113 996 1209 1028 rum?
1232 995 1318 1026 forte
1335 996 1440 1034 dices,
1465 997 1569 1035 pctito
1586 1007 1773 1038 argumento
1797 1001 1835 1028 ab
1861 1000 1980 1032 usufru-

1117 1038 1168 1069 ctu
1193 1037 1222 1068 δι
1247 1036 1309 1067 usu.
1361 1036 1424 1081 'Sed
1448 1037 1530 1068 inter
1552 1038 1605 1068 lias
1626 1040 1743 1078 specics
1770 1039 1982 1075 differentiam

1115 1079 1193 1110 facit
1208 1078 1404 1117 Pomponius
1421 1078 1437 1108 ὶ.
1461 1082 1509 1108 66.
1530 1080 1615 1111 [mie
1630 1082 1757 1112 contrat).
1775 1089 1856 1121 empc.
1877 1084 1982 1114 verbis

1117 1119 1338 1160 sequentibus:
1374 1126 1406 1149 tn
1432 1121 1576 1150 vendendo
1594 1122 1692 1161 fundo
1716 1125 1843 1163 quoeclsim
1871 1123 1980 1162 etiamsi

1114 1171 1171 1192 non
1194 1161 1402 1198 condiamur,
1421 1159 1688 1202 praestanda-siml:
1711 1165 1818 1202 veluti,
1850 1175 1885 1195 ue
1901 1166 1978 1204 fun-

1114 1205 1168 1234 cius
1198 1203 1351 1232 evincatur
1381 1207 1432 1232 aut
1462 1203 1646 1238 ususfrueius
1671 1205 1750 1246 ejus:
1780 1207 1909 1246 quaedam
1936 1208 1980 1238 ita

1113 1246 1245 1281 demum,
1267 1242 1295 1279 fi
1310 1242 1386 1273 ditia
1402 1241 1483 1279 sirit:
1512 1244 1604 1275 veluti
1625 1248 1677 1276 iter
1692 1270 1701 1284 ,
1738 1245 1834 1277 citium
1875 1249 1954 1278 viam
1969 1271 1980 1287 ,

1112 1283 1320 1326 aquaedustum.
1339 1285 1411 1314 idem
1427 1283 1462 1318 ἐξ)
1478 1285 1509 1315 in
1525 1288 1711 1318 servitutibus
1728 1290 1980 1328 urbimorumprae-

1113 1329 1233 1358 diorum⁴
1280 1325 1360 1357 Haec
1376 1325 1554 1357 differentia
1579 1328 1682 1359 lucem
1707 1329 1799 1360 faciet
1825 1330 1980 1370 Venuleio

1113 1368 1132 1399 l.
1151 1377 1187 1408 75
1223 1366 1266 1398 D.
1282 1367 1309 1397 h.
1326 1373 1347 1397 t.
1373 1367 1415 1397 ait
1432 1367 1504 1405 ille,
1530 1367 1628 1409 Quod
1653 1370 1689 1400 ad
1713 1369 1876 1401 servitutes
1904 1381 1980 1410 prae-

1116 1410 1240 1441 diorum
1265 1410 1395 1446 attinet,
1421 1407 1441 1439 fi
1458 1407 1551 1439 tacite
1574 1408 1685 1441 secuta:
1710 1410 1784 1449 fint,
1808 1412 1903 1451 (quia
1928 1422 1981 1452 pa-

1117 1451 1176 1481 lain
1195 1460 1259 1481 non
1277 1448 1334 1480 sint
1352 1448 1531 1489 promiffae)
1554 1450 1581 1481 ἃ
1601 1454 1816 1484 vindicentur:
1843 1452 1883 1494 Q.
1913 1453 1984 1485 Mu-

1118 1493 1199 1522 cium
1217 1491 1246 1522 &
1272 1491 1419 1521 Sabinum
1445 1491 1647 1530 existimasse,
1672 1493 1870 1525 venditorem
1890 1496 1933 1524 ob
1951 1503 1983 1525 e-

1118 1533 1288 1564 victionem
1308 1541 1373 1576 non
1393 1531 1503 1563 teneri.
1523 1533 1550 1562 dt
1567 1531 1806 1565 fundamentum
1827 1535 1987 1574 illi3quod

1118 1574 1171 1605 ubi
1195 1573 1271 1605 nihil
1295 1572 1430 1610 diftum,
1454 1574 1521 1604 ralis
1539 1573 1701 1614 praestatur
1725 1574 1859 1613 fundus,
1884 1576 1984 1615 qualis

1118 1614 1180 1654 est,
1203 1615 1235 1646 id
1252 1613 1314 1651 est,
1341 1614 1436 1652 iiber,
1459 1612 1480 1644 fi
1505 1613 1539 1646 sit
1557 1614 1653 1647 liber:
1679 1616 1801 1655 servus,
1825 1616 1843 1648 fi
1869 1615 1904 1648 fit
1927 1615 1986 1648 ser-

1118 1666 1185 1688 vus.
1217 1655 1281 1687 hoc
1305 1654 1347 1697 Q.
1373 1654 1517 1687 Mucium
1543 1657 1674 1689 voluiss'e
1703 1658 1886 1698 intelligitur
1903 1667 1942 1688 ex
1965 1658 1987 1693 l.

1117 1707 1168 1739 59.
1195 1697 1236 1729 D.
1260 1699 1292 1728 cle
1316 1696 1445 1727 contrah.
1469 1703 1552 1737 empt.
1595 1698 1683 1731 Idem
1703 1698 1791 1730 leniit
1811 1698 1985 1739 Venuiejus

1118 1741 1146 1770 d.
1170 1739 1189 1770 Ζ,
1214 1749 1262 1780 75.
1294 1737 1453 1777 causatus,
1484 1739 1642 1771 neminem
1669 1739 1833 1772 evictionis
1858 1742 1985 1772 nomine

1120 1781 1218 1812 teneri
1250 1781 1280 1811 in
1306 1788 1347 1810 eo
1367 1779 1435 1819 jure
1458 1781 1544 1819 quod
1570 1782 1662 1813 tacite
1691 1782 1788 1813 soleat
1818 1783 1983 1814 accedere.

1120 1822 1213 1863 quid,
1237 1820 1257 1853 fi
1275 1820 1411 1859 fundus,
1434 1829 1468 1852 ut
1485 1822 1628 1861 optimus
1653 1824 1871 1863 maximusque
1889 1823 1987 1863 esset,

1121 1864 1252 1895 traditus
1274 1861 1396 1893 fuerit?
1417 1862 1460 1893 ait
1480 1861 1670 1904 Venulejus‚
1694 1872 1771 1896 tunc
1792 1863 1924 1895 liberum
1947 1865 1986 1895 ab

1121 1905 1207 1936 omni
1227 1903 1377 1936 servitute
1394 1903 1612 1943 praestandum.
1637 1907 1787 1945 idemque
1802 1905 1988 1944 intelligitur

1122 1956 1162 1978 ex
1180 1947 1207 1977 d.
1224 1946 1241 1976 l.
1262 1954 1312 1986 59,
1358 1944 1426 1976 Sic:
1449 1944 1470 1976 fi
1488 1946 1581 1977 vicini
1599 1947 1706 1987 praedii
1730 1946 1876 1978 dominus
1896 1947 1988 1978 fundi

1121 1987 1163 2019 sui
1183 1987 1361 2018 libertatem
1383 1985 1422 2017 ab
1440 1995 1587 2028 emptore
1603 1989 1744 2020 vindicet
1759 1989 1881 2019 actione
1896 1997 1992 2028 nega-

1122 2029 1212 2060 toria.
1233 2028 1295 2060 Sed
1313 2028 1377 2058 fac:
1400 2036 1526 2069 emptor
1542 2038 1580 2059 ex
1598 2029 1690 2061 vicini
1714 2029 1816 2061 fundo
1835 2031 1915 2060 viam
1932 2029 1987 2060 vel

1121 2070 1223 2102 astum
1253 2069 1332 2110 petit
1356 2068 1481 2101 actione
1511 2069 1722 2107 confefforia,
1752 2079 1814 2101 nec
1837 2069 1989 2101 obtinet?

1123 2120 1187 2143 non
1212 2118 1338 2141 tenetur
1359 2110 1524 2142 venditor:
1550 2111 1620 2150 quia
1642 2112 1681 2143 ab
1699 2111 1790 2142 initio
1810 2121 1873 2142 non
1894 2111 1991 2142 debe·

1124 2160 1191 2183 tur:
1215 2151 1268 2183 nisi
1286 2151 1471 2183 nominatim
1490 2151 1622 2190 dixerit,
1646 2152 1835 2184 accessurum
1852 2154 1911 2183 iter
1935 2151 1987 2183 vel

1123 2194 1235 2225 aetum.
1277 2191 1351 2223 Hoc
1373 2192 1415 2233 Q.
1436 2193 1577 2225 Mucium
1601 2194 1713 2225 sentire
1736 2194 1778 2224 ait
1797 2193 1987 2233 Venuleius,

1123 2234 1151 2266 δι
1173 2234 1226 2266 fibi
1252 2235 1399 2274 placere:
1430 2242 1465 2265 ut
1498 2236 1550 2275 qui
1574 2235 1729 2276 optimum
1755 2236 1989 2273 maximumque

1122 2275 1256 2307 fundum
1274 2274 1417 2313 tradidit,
1441 2276 1574 2308 liberum
1592 2276 1806 2316 praestet;non
1826 2276 1918 2306 etiarn
1936 2275 1988 2303 de-

1123 2318 1191 2348 beri
1215 2317 1289 2348 alias
1312 2316 1499 2348 servitutes:
1523 2317 1575 2349 nifi
1604 2319 1666 2349 hoc
1689 2317 1863 2357 specialiter
1885 2315 1923 2344 ab
1943 2321 1985 2357 eo

1123 2357 1278 2390 acceffum
1302 2356 1348 2389 fit.
1395 2358 1522 2390 Summa
1545 2359 1606 2397 est,
1638 2359 1724 2399 quod
1750 2356 1851 2389 evicta
1875 2354 1985 2398 ptaedfi

1123 2398 1272 2431 servitute
1286 2399 1422 2439 emptori
1445 2400 1521 2430 nihil
1545 2400 1735 2432 imminuitur
1756 2398 1794 2428 de
1812 2402 1990 2436 proprieta-

1124 2448 1156 2472 te
1173 2464 1183 2480 ,
1206 2439 1394 2481 poffeffione
1409 2462 1419 2478 ,
1449 2439 1609 2472 usufruCtu
1624 2463 1634 2479 ‚
1663 2447 1715 2470 aut
1737 2437 1807 2469 usu:
1836 2437 1900 2468 imo
1926 2445 1991 2467 ern-

1123 2489 1199 2523 ptor
1215 2480 1419 2525 nihilominus
1436 2480 1586 2521 praedium
1605 2488 1710 2518 tenet,
1727 2478 1991 2525 poffidet,etiatn

1124 2533 1165 2554 eo
1182 2522 1320 2554 fruitur:
1344 2521 1467 2561 insuper
1485 2522 1588 2561 potest
1610 2531 1666 2561 per
1689 2529 1760 2552 eum
1788 2528 1853 2557 ire,
1876 2527 1988 2558 agere,

1121 2564 1189 2604 iure
1208 2562 1356 2602 dominii;
1372 2571 1560 2602 quamquam
1579 2562 1679 2593 victor
1694 2569 1823 2600 quoque
1841 2569 1896 2599 per
1914 2568 1988 2590 eum

1124 2612 1194 2644 eat,
1217 2612 1373 2644 agatque,
1393 2605 1461 2643 jure
1478 2602 1645 2634 servitutis.
1668 2602 1763 2644 igitur
1777 2602 1806 2632 ei
1830 2601 1902 2645 licet
1926 2599 1992 2640 ple-

1122 2655 1166 2677 no
1187 2646 1255 2685 jure
1283 2645 1398 2675 habere
1416 2643 1572 2675 fundum:
1603 2644 1689 2684 cujus
1714 2650 1835 2682 partem
1869 2644 1991 2673 Vicinus

1123 2687 1240 2718 nullam
1266 2692 1377 2723 tenet,
1400 2684 1548 2716 babetve.
1590 2685 1680 2716 Idem
1705 2683 1772 2723 est,
1803 2683 1906 2714 evicta
1930 2681 1989 2713 ser-

1125 2729 1228 2758 vitute
1245 2736 1313 2766 quae
1336 2726 1503 2766 putabatur
1522 2725 1625 2757 fundo
1642 2733 1753 2765 empto
1772 2724 1890 2757 debita.
1915 2722 1991 2755 Non

1125 2767 1227 2800 obstat
1246 2768 1310 2798 hoc
1334 2765 1420 2798 Pauli
1444 2767 1463 2798 l.
1483 2776 1527 2806 15.
1556 2767 1585 2808 §.
1609 2776 1636 2798 1.
1668 2767 1709 2798 D.
1734 2767 1762 2798 b.
1780 2771 1799 2796 t.
1833 2767 1888 2797 Sed
1911 2765 1947 2799 &²
1962 2761 1990 2801 fi

1118 2810 1225 2851 servus
1242 2810 1411 2846 evincatur,
1434 2810 1538 2849 quanti
1553 2809 1667 2839 ⁷nz'nori's
1683 2809 1714 2838 ob
1733 2808 1763 2837 id
1778 2808 1916 2845 praedium
1930 2803 1988 2845 est,

1127 2852 1160 2882 lis
1174 2850 1337 2891 estimanda
1351 2846 1399 2889 est.
1441 2852 1486 2880 lta
1500 2850 1606 2890 paffim
1623 2849 1756 2891 legitur:
1776 2848 1828 2879 sed
1845 2847 1991 2887 Cujacius

1126 2893 1173 2924 lib.
1198 2902 1225 2923 2.
1247 2892 1364 2931 Observ.
1390 2900 1412 2920 c.
1433 2900 1480 2921 20.
1504 2891 1652 2932 conjicit,
1682 2890 1736 2920 Sed
1760 2889 1796 2924 &³
1812 2888 1836 2925 si
1857 2889 1991 2920 servitus.

1127 2933 1292 2974 quomodo
1314 2932 1376 2972 jam
1395 2940 1468 2962 ante
1483 2932 1545 2973 legi
1568 2932 1667 2963 voluit
1693 2929 1892 2961 Odofredus:
1916 2928 1993 2959 Rus-

1127 2975 1216 3005 sardo
1234 2973 1312 3004 teste
1328 2972 1401 3005 Not.
1422 2976 1547 3015 margin.
1588 2973 1662 3005 Hoc
1679 2973 1749 3012 plus
1767 2967 1992 3013 observat-Cu-

1125 3015 1221 3056 jacius
1238 3024 1279 3046 ex
1297 3016 1323 3045 (l.
1343 3014 1361 3044 l.
1377 3015 1481 3044 verbis
1497 3038 1505 3052 ,
1531 3016 1562 3046 in
1581 3015 1640 3045 illis
1657 3014 1703 3053 agi
1727 3022 1789 3044 non
1809 3013 1847 3043 de
1866 3009 1991 3040 afflone

1103 3086 1105 3089 ,
1126 3058 1248 3097 duplae,
1269 3064 1320 3086 aut
1337 3064 1377 3086 ex
1400 3064 1509 3094 empto
1531 3056 1568 3087 ad
1593 3055 1623 3086 id
1645 3054 1732 3093 quod
1757 3050 1899 3085 interest,
1924 3048 1992 3088 qui-

1127 3099 1185 3129 bus
1205 3107 1238 3129 re
1253 3096 1355 3127 evicta
1371 3095 1550 3136 agitur-‚sed
1568 3097 1607 3128 de
1624 3095 1748 3126 actione
1767 3090 1872 3133 quanti
1890 3091 1992 3121 mino-

1127 3138 1178 3170 ris.
1222 3138 1274 3169 Sic
1293 3136 1444 3178 Ulpianus
1459 3138 1478 3168 l.
1495 3143 1544 3169 61.
1566 3136 1606 3170 D.
1623 3138 1654 3167 de
1669 3132 1890 3167 AEdilit.Edz'8t.
1911 3131 1992 3175 Quo-

1127 3181 1218 3219 tiens,
1240 3179 1362 3221 inquit,
1393 3180 1426 3211 de
1443 3177 1586 3220 servitute
1607 3179 1724 3220 agitur,
1754 3172 1851 3207 vitius
1877 3179 1994 3245 ταηιτᾶζξ
