2036 3495
159 142 207 177 ρο
597 133 633 171 G
663 142 686 169 ii
715 141 740 168 a
772 141 795 167 A
824 136 848 168 ii
878 139 904 168 n
936 140 951 169 1
1007 128 1047 167 N

162 227 300 261 absolvit
325 233 398 259 eum
430 224 470 256 de
497 221 619 254 consilii
635 244 646 260 ,
675 227 744 253 tum
768 221 865 253 etiam
886 219 1042 252 sententia

164 269 238 309 sua)
261 268 302 300 sic
325 266 451 298 tandem
478 263 611 295 effatur:
634 262 668 294 Si
692 263 743 294 irae
758 264 867 303 impetu.
880 260 1042 302 abstrahitur

153 311 260 352 Joevire
269 305 451 348 festinaffen
468 303 619 345 admififfet
636 305 729 345 magis
737 304 832 344 stelas
843 326 853 343 ‚
869 307 957 345 quam
970 304 1037 334 vin-

164 349 289 389 dic-affer.
321 346 422 389 Quod
438 345 501 377 fuit
513 346 667 386 judicium
686 345 823 384 Valerii,
845 346 877 376 id
893 343 955 376 fuit
973 344 1038 376 Ha-

163 391 277 423 driani.
303 388 458 430 J'udicavit
474 388 580 426 enim,
602 387 708 429 adhuc
724 394 790 418 tum
809 386 889 427 patri
906 392 1036 426 compe-

163 431 245 463 tiiffe
263 431 337 461 vitae
353 430 384 461 ἅτ
401 429 489 460 necis
507 428 699 468 potestatem
716 429 746 460 in
763 427 879 459 filiurn:
899 427 952 460 sed
968 437 1038 459 eam

161 473 196 505 in
210 470 376 513 proposito
389 479 454 502 non
472 470 535 502 effe
550 470 742 502 exercitam:
758 470 858 510 magis
874 468 1039 501 admissum

162 513 226 545 esse
250 513 474 551 latrocinium,
497 511 548 543 vel
569 512 650 552 patri
675 512 746 553 lege
763 510 895 542 Naturae
911 510 1040 543 interdi-

162 554 268 594 ctum,
291 553 348 586 etsi
361 553 513 586 hactenus
529 553 721 594 impunitum
735 553 804 593 jure
822 552 929 590 civili,
953 552 1041 583 ideo-

164 604 228 637 que
245 596 318 635 ille,
332 596 422 636 quod
440 604 505 627 non
522 595 639 626 licebat
650 593 848 635 Magistratui
864 601 922 634 per
940 593 1039 634 leges,

163 640 237 670 eum
261 646 352 670 extra
378 636 604 676 ordinemjure
623 635 732 668 summi
747 636 891 675 imperii,
914 633 1040 675 legibus

161 678 276 719 soluti,
298 678 423 720 punivit
447 677 690 718 deportatione:
714 686 808 716 quam
830 675 895 708 effe
912 684 1039 715 poenam

162 721 325 753 latronum
341 719 563 751 honestiorum
579 718 716 750 indicavi
733 718 779 750 lib.
796 728 825 758 4.
844 717 1040 749 Probabilz'um

161 764 188 794 it.
207 772 245 803 7,
267 763 300 794 ’ἃ
319 761 505 793 Diocletiano
523 770 558 791 ac
583 760 776 791 Maximiano
792 769 817 790 c.
845 767 871 790 1.
904 758 1004 802 Quod
1019 756 1041 789 fi

164 802 227 836 e'st:
250 804 438 841 audeamus,
461 811 521 843 pro
537 808 630 833 certo
643 810 784 842 ponere,
807 801 887 841 patri
901 801 950 841 jus
966 800 1041 831 vitae

164 846 196 877 &
214 846 301 877 necis
326 846 357 876 in
382 842 482 876 filium
499 843 565 874 hoc
581 842 727 884 singulari
743 843 772 874 ὅ(
787 842 1042 874 extraordinario

161 887 296 919 decreto
308 886 347 917 ab
357 885 523 918 Hadriano
540 893 606 916 non
623 883 715 916 fuisse
732 885 937 924 ademptum3
952 884 1038 914 ideo-

162 931 227 968 que
243 927 315 969 post
340 936 414 959 eum
433 926 616 967 Principem
632 924 816 967 superfuisse
838 925 942 956 adhuc
961 932 1041 956 tem-

160 972 244 1011 pore
267 969 448 1010 Papiniani:
474 976 510 999 ut
534 968 631 1008 paulo
652 974 726 998 ante
744 966 878 998 ostendi.
923 965 1041 997 Verius

162 1013 355 1051 conjecer0‚
379 1010 412 1042 id
430 1010 568 1050 primum
586 1007 678 1040 fuisse
696 1007 852 1040 inflexum
870 1006 1039 1047 Rescripto

159 1051 369 1093 Imperatoris
385 1051 556 1083 Alexandri
573 1051 611 1082 ad
628 1050 885 1081 Artemidorum:
907 1048 990 1090 (sive
1007 1048 1044 1080 fit

162 1103 300 1135 nequam
314 1093 368 1126 ille
383 1093 578 1130 advocatus,
593 1100 611 1123 a
626 1090 784 1124 Praefecto
795 1090 914 1132 AEgypi
932 1099 1043 1131 perpe-

162 1141 222 1167 tuo
238 1143 332 1177 agere
349 1134 454 1166 causas
470 1133 652 1175 prohibitus
663 1154 673 1172 ,
690 1133 728 1164 ad
745 1141 841 1172 quem
856 1131 1043 1172 rescriptum

162 1176 203 1208 ab
220 1178 386 1209 Antoni-no
403 1175 448 1207 est
466 1176 485 1207 l.
505 1185 532 1208 1.
551 1175 586 1206 C.
609 1175 642 1204 de
652 1172 841 1215 postulando,
864 1172 928 1205 five
946 1173 1022 1205 alius

162 1218 263 1250 verba
285 1217 461 1254 *Alexandri
489 1216 508 1248 l.
536 1226 566 1257 3.
593 1215 627 1247 C.
654 1217 687 1247 de
703 1216 800 1257 patria
818 1213 955 1255 potestate
974 1215 993 1245 li

162 1258 246 1292 sunt.
277 1260 312 1291 Si
322 1258 407 1298 filius
424 1264 494 1290 tuas
509 1258 541 1289 in
553 1255 693 1299 potestate
710 1262 762 1288 tua
780 1254 836 1296 est,
859 1265 900 1287 res
917 1257 1007 1298 adqui
1031 1271 1042 1280 ·

163 1305 211 1332 ias
228 1300 282 1332 tibi
297 1301 425 1332 alienare
439 1309 497 1331 non
513 1300 618 1340 potuit.
665 1298 761 1341 Quem
776 1297 799 1334 fi
812 1299 948 1338 pietatem
961 1299 1042 1338 patri

163 1343 289 1374 debitam
311 1352 369 1373 non
392 1340 565 1382 adgnoscit,
596 1338 737 1381 castigare
753 1339 822 1380 jure
841 1340 944 1380 patriae
965 1346 1041 1380 pote-

154 1380 245 1425 statis
268 1393 326 1415 nrm
346 1383 525 1424 prohiberis:
546 1382 653 1412 acriore
676 1382 797 1412 remedio
823 1382 950 1418 usurus,
966 1378 995 1418 fi
1010 1380 1042 1412 in

157 1425 229 1466 pari
245 1425 427 1456 contumacia
436 1423 684 1464 perseveraverim
707 1431 825 1463 eumque
844 1420 962 1460 Praefidi
974 1428 1042 1462 pro·

162 1468 267 1497 vincite
288 1466 456 1503 oblaturus,
479 1463 592 1495 ditium
602 1463 799 1503 sintentiam,
821 1472 908 1504 quam
925 1469 957 1494 tu
973 1472 1042 1505 quo-

161 1516 218 1548 que
237 1508 295 1538 dici
311 1506 448 1537 volueris.
491 1504 580 1547 Quid
598 1505 653 1535 hic
675 1504 880 1536 Alexander?
904 1505 1041 1537 Artemi-

162 1549 245 1580 doro
261 1547 392 1587 quidem
409 1546 561 1585 relinquit
577 1545 819 1585 castigationem
836 1545 892 1577 filii
907 1569 917 1585 ‚
942 1546 1040 1587 negli-

168 1588 266 1620 'entis
280 1588 360 1628 patri
378 1587 520 1619 debitam
538 1587 713 1624 pietatem:
730 1586 809 1619 sedsi
826 1588 949 1619 acriore
958 1597 1041 1627 opus

159 1598 198 1663 lit
214 1630 373 1661 remedio:
385 1628 476 1669 J'ubet
488 1651 498 1668 ,
514 1628 614 1660 filium
631 1637 648 1659 a
663 1636 752 1668 patre
770 1627 878 1660 offerri
896 1628 1042 1668 Praefidi,

160 1671 290 1704 difturo
307 1670 497 1702 sententiam
509 1678 603 1711 quam
617 1677 709 1710 pater
724 1670 787 1701 dici
805 1670 954 1704 voluerit.
979 1669 1042 1702 Ve-

159 1719 210 1746 tat
222 1713 320 1754 igitur
338 1712 538 1750 Alexander,
554 1721 570 1742 a
587 1719 676 1751 patre
689 1711 865 1743 inauditum
881 1712 986 1743 occidi
1008 1711 1042 1743 fi-

159 1755 248 1788 lium.
273 1752 420 1785 adversus
436 1753 579 1784 auditum
593 1752 682 1792 jubet
699 1762 716 1784 a
731 1752 845 1792 Judice
856 1753 1043 1794 pronuntia-

159 1796 188 1830 ri
205 1795 392 1827 sententiam
411 1793 475 1826 five
491 1794 604 1826 mortis
620 1793 684 1825 five
700 1794 793 1825 aliam
805 1803 899 1834 quam
911 1794 976 1836 ipse
992 1803 1044 1834 pa-

161 1842 213 1870 ter
225 1837 287 1869 dici
305 1836 457 1868 voluerit.
481 1835 537 1868 Est
553 1842 632 1866 vero
644 1834 765 1875 noejus
780 1844 899 1867 novum
912 1860 920 1871 ,
945 1844 1042 1876 atque

161 1888 205 1911 eo
220 1878 410 1910 notabilius:
427 1877 499 1918 quia
517 1886 583 1909 non
600 1876 645 1908 est
662 1886 701 1907 ex
719 1878 859 1917 generali
879 1876 1044 1909 Constitu-

160 1921 272 1960 t‘ione3
290 1919 344 1952 sed
361 1918 583 1959 exRescripto
598 1918 638 1949 ad
655 1917 816 1949 Libellum
828 1919 1044 1957 Artemidori,

160 1961 301 1994 hominis
319 1961 446 2002 privati.
471 1957 709 1998 Nihilominus,
727 1968 761 1990 ut
773 1959 824 1990 est
841 1960 970 2000 plenum
990 1961 1045 1991 hu-

162 2003 343 2042 inanitatis,
367 2010 445 2035 mox
460 2001 515 2034 usu
531 2009 693 2041 arreptum
709 2001 748 2032 ab
757 1999 905 2041 Ulpiano
922 2002 951 2033 Gt
967 2001 1045 2033 Pau-

161 2042 209 2076 10.
233 2044 386 2076 Siccine?
402 2043 520 2085 opinor
532 2066 542 2082 ‚
559 2042 663 2074 &huc
677 2042 836 2081 respicere
852 2042 917 2074 hoc
935 2041 1045 2083 Ulpia-

162 2086 196 2117 ni
216 2084 238 2116 l.
256 2096 286 2118 2.
312 2085 359 2117 D.
387 2086 439 2116 Ad
455 2085 508 2126 leg.
532 2084 643 2116 Cornel.
663 2087 696 2115 [te
708 2083 798 2122 ficar.
824 2083 996 2116 Inauditum
1007 2084 1047 2124 fl-

162 2122 238 2158 lium
273 2132 336 2158 ater
346 2127 470 2159 occidere
485 2136 542 2158 non
554 2124 665 2167 potest,
673 2125 726 2167 de
741 2124 875 2167 accusare
887 2135 951 2157 eum
969 2127 1047 2166 apua

164 2163 234 2201 Pr'ae
249 2166 346 2199 <eet-um
364 2167 551 2206 Praefidemve
567 2168 723 2202 provinciae
738 2168 815 2197 debet
861 2167 955 2199 Hanc
971 2176 1047 2199 con-

163 2209 318 2252 iecturam
334 2216 437 2241 meam
450 2210 542 2250 ‘juvat
560 2208 752 2249 Inscriptio,
768 2207 932 2252 ¹Ulpianus
946 2209 998 2240 lib.
1021 2217 1047 2240 1.

167 2251 223 2283 De
237 2251 400 2282 adulteriis.
437 2259 508 2282 nam
528 2250 599 2291 post
616 2257 755 2282 mortem
773 2249 882 2282 Severi
899 2250 929 2282 ἀ
950 2250 1049 2282 Anto-

163 2292 231 2325 nini
249 2293 290 2324 de
307 2291 470 2324 adulteriis
481 2290 630 2332 scripfiffe
642 2291 900 2333 Ulpianumzetfi
917 2291 974 2323 alia
993 2291 1048 2322 sub

165 2333 287 2366 Severo
302 2334 334 2366 &
356 2333 524 2365 Antonino
542 2332 690 2373 scripsisse
707 2342 771 2365 non
790 2335 928 2375 ignoro,
946 2331 1048 2365 ‘fidem

163 2375 242 2407 inihi
257 2375 378 2407 faciel.
397 2383 449 2417 ¹13.
466 2375 496 2417 §.
515 2384 545 2416 3.
560 2374 602 2406 D.
630 2375 680 2407 Aci
702 2375 755 2417 leg.
774 2374 893 2416 Juliam
910 2376 945 2406 de
961 2375 1046 2406 adal-

165 2418 264 2455 teriis,
279 2426 349 2458 quae
366 2416 411 2448 est
428 2427 468 2450 ex
484 2417 531 2449 lib.
543 2426 571 2448 2.
589 2415 638 2448 De
653 2418 824 2457 adulteriis,
838 2425 877 2448 ac
892 2415 1046 2448 Severum

167 2457 198 2489 ἂ
215 2459 414 2491 Antoninum
432 2459 531 2498 citat,
546 2457 597 2490 sed
608 2457 734 2497 Divos3
751 2459 783 2490 id
799 2458 861 2497 est,
873 2466 1044 2490 mortuos:

167 2507 275 2539 eoque
299 2499 379 2532 facit
399 2500 477 2532 mihi
502 2500 689 2539 probabile,
713 2500 744 2531 in
763 2501 791 2532 d.
808 2500 827 2531 l.
844 2510 873 2532 2.
893 2499 1047 2540 cogitass'e

166 2539 209 2571 de
228 2540 290 2571 hoc
302 2542 472 2574 Alexandri
490 2540 659 2582 Rescripto
668 2540 860 2582 Ulpianum:
876 2541 1047 2582 praeiertim

166 2579 233 2620 ipsa
252 2582 445 2624 re&tenore
465 2584 530 2615 loci
548 2582 612 2614 huc
628 2591 779 2615 exeunte.
805 2581 945 2624 Ulpiano
958 2583 1048 2623 junxi

165 2621 316 2654 Paulum:
341 2626 468 2657 ouia‘ab
485 2634 526 2656 eo
542 2625 668 2666 allegari
686 2624 922 2663 Alexandrum,
944 2625 1047 2664 liquet

168 2662 187 2694 l.
200 2663 285 2704 87.§,
300 2664 411 2705 3.&4.
425 2667 473 2698 D.
494 2667 527 2697 tle
545 2666 647 2708 legatis
663 2666 711 2697 lib.
729 2677 767 2705 2,
787 2665 824 2701 ὅ)
839 2666 859 2697 l.
878 2675 928 2706 25.
948 2665 995 2696 D.
1013 2666 1046 2696 cle

166 2705 300 2746 appellat.
326 2715 430 2745 neque
446 2717 463 2738 a
479 2715 529 2739 me
547 2707 705 2748 impetr03
726 2717 767 2739 ne
785 2707 931 2745 credam,
948 2706 990 2738 fic
1006 2706 1046 2738 ad

165 2746 324 2789 liquidum
339 2747 501 2779 admoveri
520 2749 590 2780 haec
606 2749 672 2790 ejus
688 2749 784 2781 verba
799 2758 869 2789 quae
887 2748 958 2779 sunt
975 2749 1005 2780 in
1023 2748 1043 2779 l.

169 2796 219 2820 11.
239 2787 286 2819 D.
302 2789 335 2818 de
351 2787 399 2819 lib.
417 2787 453 2821 &⁹
467 2788 555 2829 posili.
601 2791 667 2822 Nec
691 2788 799 2832 obstat,
824 2791 898 2832 quod
922 2789 987 2821 licet
1002 2799 1047 2820 eos

166 2829 335 2860 exheredare
346 2852 356 2867 ‚
379 2831 453 2870 quod
466 2828 502 2863 Εὐ)
517 2833 638 2862 occidere
654 2832 765 2864 licebat.
792 2830 875 2863 Nam
894 2831 1046 2862 occidere

167 2870 288 2903 licebat
314 2878 389 2902 ante
410 2870 581 2902 Alexandri
600 2872 817 2914 Rescriptum:
841 2872 912 2914 post
928 2881 991 2904 non
1013 2873 1047 2904 li·

168 2913 276 2944 cebat.
313 2911 436 2943 Primus
454 2913 550 2953 igitui-
565 2915 668 2945 vetuit
686 2915 888 2954 Alexander,
911 2913 1011 2946 filium
1029 2923 1046 2945 a

167 2961 260 2995 parre
276 2953 381 2985 occidi
397 2952 585 2984 inauditum.
610 2963 670 2985 nec
689 2964 813 2995 tamen,
836 2956 856 2988 fi
874 2964 986 2987 contra
1002 2955 1045 2987 fa-

169 2994 255 3027 etum
272 2994 325 3026 sit:
343 3000 462 3026 certam
481 2993 586 3040 posuit
599 3003 725 3035 poenam
743 3007 803 3034 oua
813 2998 912 3029 vellet
921 3005 1046 3037 patrem

167 3037 325 3068 coerceri.
350 3044 420 3077 quae
436 3044 521 3068 enim
537 3044 667 3076 apparet
684 3039 713 3068 in
731 3037 926 3079 Rescripto‘?
948 3039 1043 3070 nulla.

168 3078 267 3119 igitur
282 3087 322 3108 eo
340 3076 544 3109 constitutam
559 3077 639 3118 patri
656 3078 695 3108 ab
715 3079 896 3112 Alexandro
915 3089 1043 3118 poenam

168 3118 250 3157 effe3
274 3127 339 3150 non
365 3118 524 3151 existimo.
556 3126 670 3150 contra
696 3119 772 3150 milii
797 3121 987 3159 persuadeo,
1012 3122 1044 3153 in

167 3168 209 3191 eo
235 3159 297 3191 effe
317 3161 500 3201 exemplum
523 3160 600 3201 legis
621 3159 837 3200 imperfestae:
861 3161 957 3191 solitae
975 3163 1043 3203 qui.

168 3201 243 3233 dem
258 3202 449 3241 prohibere,
467 3201 593 3234 sednon
610 3202 741 3242 punire:
758 3200 935 3241 cujusmodi
953 3203 1038 3243 leges

166 3247 283 3280 multas
298 3244 376 3280 olim
393 3242 504 3284 fuisse,
519 3242 698 3281 monui·sub
706 3241 821 3277 Titulo
833 3241 887 3275 De
904 3242 1038 3284 legibus.

1079 136 1271 168 oona·
1326 130 1534 170 Coxis.

1082 218 1154 252 Filii
1171 227 1277 254 autern
1294 223 1414 255 caedem
1430 232 1448 255 a
1463 231 1554 264 patre
1569 221 1728 256 admiss‘am
1738 244 1749 261 ,
1763 224 1901 264 primum
1910 234 1959 259 es-

1083 261 1115 292 se
1132 264 1273 302 punitam
1291 264 1529 296 aConstantino
1545 265 1564 297 l.
1580 267 1659 296 unic.
1680 264 1713 295 C.
1731 266 1765 295 de
1783 267 1827 297 his
1841 269 1893 308 qui
1903 275 1958 309 pa·

1081 308 1175 334 remes
1195 305 1243 335 vel
1264 304 1381 346 liberos,
1405 306 1481 337 milii
1505 307 1610 338 verius
1635 306 1772 337 videtur.
1813 306 1959 348 Exposui

1080 349 1155 375 meo
1171 352 1261 377 more
1279 347 1350 379 loca
1369 347 1562 381 difficillima.
1591 345 1737 379 Transeo
1753 355 1770 378 a
1784 348 1852 388 Jure
1869 350 1957 380 occi-

1080 385 1176 417 dendi
1194 387 1313 419 liberos
1331 390 1369 420 ad
1386 389 1436 429 jus
1454 390 1625 421 vendendi.
1657 397 1730 420 nam
1748 389 1777 420 ὅ(
1795 389 1859 420 hoc
1875 391 1957 430 patri

1082 423 1144 457 effe
1165 427 1368 469 ademptum,
1391 431 1510 461 indicat
1532 431 1551 461 l.
1573 439 1598 462 i.
1617 430 1651 462 C.
1675 430 1710 460 de
1728 435 1811 470 patr.
1832 433 1884 472 qui
1907 431 1956 463 lib.

1076 466 1147 514 fictu
1168 467 1287 509 dlslrab.
1313 477 1374 502 una
1397 473 1568 512 exceptio,
1593 471 1646 503 nisi
1671 472 1741 511 quis
1761 480 1894 512 propter
1910 472 1959 503 ni-

1084 514 1178 554 miam
1201 517 1420 551 paupertatem
1440 512 1677 554 egestatemque
1696 513 1798 544 victus
1818 512 1907 544 causa
1924 512 1960 544 fi-

1084 550 1160 581 lium
1177 549 1315 590 filiamve
1326 553 1584 594 sanguinolentos
1599 554 1790 586 vendiderit.
1812 553 1855 586 fic
1873 555 1960 587 enim

1084 593 1275 631 temperavit
1291 592 1517 628 Constantinus
1530 596 1550 627 l.
1564 607 1591 628 2.
1604 596 1637 627 C.
1656 598 1713 627 eod.
1725 597 1771 627 tit.
1789 604 1882 636 quam
1899 604 1955 627 cu-

1082 634 1179 664 ratius
1196 633 1355 681 explicui,
1379 636 1471 680 Julio
1488 638 1600 677 Paulo,
1617 636 1681 676 five
1693 638 1726 668 de
1736 643 1817 677 part.
1840 635 1959 678 exposit.

1083 673 1120 720 ἐξ
1134 682 1196 720 nec.
1216 683 1241 704 c.
1252 683 1283 705 v.
1301 674 1450 709 Similiter
1465 678 1605 711 ablatam
1618 678 1698 720 patri
1714 678 1776 710 effe
1792 688 1886 710 noxae
1903 680 1959 710 de·

1084 716 1241 748 ditionem
1258 714 1398 750 filiorum
1414 718 1444 750 ἀ
1460 719 1613 759 filiarum,
1628 719 1757 752 testatur
1771 719 1960 761 justinianus

1083 757 1113 798 §.
1129 756 1184 787 alt.
1203 754 1276 803 Ipfl.
1293 758 1326 789 de
1341 760 1439 791 noxal.
1456 759 1520 804 μᾶ.
1566 761 1666 805 Quod
1681 762 1721 793 ad
1738 762 1962 793 exheredatio—

1085 807 1159 830 nem
1173 804 1308 838 attinet3
1330 799 1392 831 esse
1410 800 1440 832 &
1455 801 1538 833 illam
1561 803 1752 834 coarctatam
1769 803 1963 843 querelain-

1085 838 1219 871 officiosi
1245 839 1443 880 testamenti,
1472 844 1684 883 opportunius
1706 845 1841 884 liquebit
1864 844 1913 875 lib.
1928 853 1962 874 v.

1082 882 1139 921 sub
1160 880 1218 912 Tit.
1228 882 1288 927 ,βε
1301 881 1409 923 inoffic.
1424 880 1485 923 test.
1527 883 1603 916 Non
1620 885 1718 925 tnagis
1760 886 1877 925 lacuit3
1901 884 1960 916 fili-

1084 932 1138 954 um
1155 929 1234 963 patri
1250 932 1281 954 in
1299 925 1385 964 cujus
1402 923 1562 964 potestate
1579 925 1632 965 fit,
1658 925 1719 957 esse
1761 928 1889 959 eredem
1907 935 1964 958 ne-

1084 963 1248 995 cetrarium
1265 987 1275 1003 ,
1297 965 1449 997 conce'ffo
1465 966 1493 997 ei
1511 974 1527 996 a
1543 966 1685 999 Proetore
1701 968 1769 1007 jure
1784 967 1962 1000 abstinendi

1085 1005 1116 1036 se
1132 1005 1172 1036 ab
1189 1004 1387 1038 hereditate:
1412 1014 1447 1038 ut
1468 1007 1595 1039 dicetur
1603 1007 1661 1049 sab
1679 1006 1739 1041 Tit.
1759 1010 1812 1040 De
1829 1011 1897 1051 adq.
1914 1009 1962 1040 be·

1086 1048 1145 1078 red.
1164 1046 1211 1077 lib.
1228 1055 1328 1080 xxxx.
1358 1047 1526 1080 Postremo
1543 1049 1605 1080 effe
1621 1049 1684 1089 iam
1698 1047 1890 1082 filiifamilias
1908 1059 1963 1091 pe-

1086 1088 1204 1120 culium
1216 1097 1280 1120 non
1296 1098 1392 1121 unum
1403 1089 1622 1130 profectitium
1632 1113 1642 1129 ‚
1659 1098 1695 1122 ut
1707 1091 1805 1130 olim·,
1819 1091 1872 1122 sed
1888 1100 1964 1132 qua-

1087 1130 1222 1169 druplex
1232 1153 1241 1167 ‚
1257 1130 1479 1171 profectitium
1489 1154 1498 1170 ,
1516 1133 1725 1164 adventitium
1736 1156 1745 1171 ‚
1756 1131 1922 1171 cestrense,
1932 1132 1964 1163 dc

1086 1170 1171 1216 quasi
1186 1170 1359 1211 castrense,
1383 1174 1492 1205 veniet
1510 1173 1637 1205 dicendi
1657 1174 1747 1205 locus
1764 1174 1812 1206 lib.
1831 1183 1885 1205 xv.

1126 1212 1190 1258 Vix
1205 1211 1290 1252 scio,
1315 1222 1354 1245 an
1371 1214 1501 1246 addam:
1525 1216 1613 1254 quod
1635 1213 1853 1248 filiusfamilias
1876 1214 1967 1246 domi

1086 1256 1215 1294 quidem
1232 1253 1318 1285 estin
1336 1256 1431 1294 patris
1449 1256 1626 1296 potestate:
1643 1265 1674 1287 at
1691 1257 1721 1287 in
1739 1256 1874 1297 publicis
1891 1265 1966 1287 cau·

1085 1295 1121 1327 fis
1139 1303 1197 1335 pro
1209 1294 1435 1335 patrefamilias
1455 1296 1611 1337 habetur3
1628 1298 1746 1336 veluti,
1762 1297 1781 1330 fi
1798 1297 1964 1339 Magistra-

1085 1342 1152 1368 tum
1168 1343 1277 1377 gerat,
1301 1338 1352 1368 vel
1375 1344 1461 1370 tutor
1479 1340 1571 1370 detur
1588 1339 1606 1370 l.
1627 1348 1657 1376 9.
1675 1339 1703 1370 h.
1722 1346 1744 1371 ι.
1773 1338 1854 1372 Satis
1877 1339 1917 1371 de
1933 1338 1964 1370 vi

1084 1379 1192 1418 patriae
1212 1379 1388 1418 potestatis.

1126 1419 1292 1460 Superest,
1317 1428 1354 1450 ut
1377 1419 1579 1461 differamus,
1604 1421 1718 1463 quibus
1733 1422 1839 1454 modis
1856 1430 1893 1453 ea
1909 1421 1966 1454 ad-

1085 1463 1236 1502 quiratur.
1261 1470 1486 1501 proponuntur
1510 1472 1617 1495 autem
1640 1464 1705 1494 duo
1730 1473 1746 1494 a
1772 1462 1961 1494 Modestino

1084 1502 1102 1533 l.
1124 1511 1150 1533 1.
1169 1502 1214 1533 l).
1231 1503 1264 1533 de
1281 1504 1375 1543 adopt.
1401 1512 1480 1536 unus
1496 1504 1541 1536 est
1565 1514 1694 1542 natura,
1719 1506 1798 1536 alter
1816 1505 1963 1545 adoptio.

1070 1543 1273 1584 ¹Papinianus
1287 1544 1307 1575 l.
1325 1554 1373 1584 23.
1392 1544 1435 1575 D.
1452 1546 1486 1575 de
1501 1545 1549 1577 lib.
1566 1544 1707 1586 &POsth·
1730 1553 1871 1576 naturam
1891 1554 1962 1592 quae

1083 1585 1251 1616 aestimatur
1262 1584 1347 1625 justis
1368 1587 1506 1625 nuptiis,
1522 1587 1600 1618 dicit
1612 1588 1799 1625 veritatem3
1814 1587 1963 1626 adoptio-

1084 1635 1157 1658 nem
1177 1635 1248 1666 quae
1268 1625 1392 1657 constat
1416 1626 1548 1659 fiftione
1562 1628 1656 1668 juris,
1680 1635 1776 1659 vocat
1794 1629 1964 1668 imaginem

1084 1672 1215 1699 na'turae.
1238 1665 1311 1698 Nec
1327 1668 1390 1699 alio
1410 1668 1496 1699 sensu
1516 1670 1673 1701 naturales
1692 1669 1781 1701 liberi
1800 1669 1963 1709 adoptivis

1085 1715 1313 1749 opponuntur,
1337 1717 1411 1741 cum
1428 1712 1512 1749 apud
1527 1711 1716 1743 Suetonium
1738 1710 1848 1742 Tiberio
1865 1719 1889 1741 c.
1903 1719 1964 1750 52,

1086 1758 1154 1782 tum
1173 1752 1256 1791 apud
1282 1749 1456 1790 Ulpianum
1480 1751 1501 1783 1.
1524 1761 1550 1783 1.
1567 1752 1595 1794 §.
1615 1761 1644 1783 2.
1663 1752 1701 1787 ’δ”
1720 1752 1774 1783 ull.
1794 1752 1836 1783 D.
1856 1752 1889 1783 de
1901 1753 1964 1790 sair

1087 1792 1123 1826 ὅ)
1142 1792 1260 1833 legitim.
1281 1791 1317 1826 &3⁹
1335 1793 1366 1822 z'n
1381 1791 1498 1834 Fragm.
1518 1795 1563 1825 iit.
1582 1798 1612 1828 8.
1644 1793 1730 1825 Huic
1746 1792 1964 1825 observationi

1087 1835 1212 1864 accedit
1229 1833 1307 1864 alia:
1324 1834 1410 1873 qnod
1428 1835 1484 1865 cll.
1506 1843 1531 1865 1.
1552 1834 1594 1866 D.
1613 1835 1647 1866 de
1663 1837 1756 1876 adopt.
1775 1835 1820 1866 est
1832 1844 1872 1866 ex
1890 1834 1966 1865 Mo-

1087 1874 1198 1907 destini
1208 1875 1257 1905 lib.
1269 1885 1297 1906 2.
1310 1873 1501 1916 Regularum.
1513 1875 1555 1907 fic
1565 1877 1650 1908 enim
1659 1877 1845 1917 intelligitur
1856 1877 1967 1917 :qaod

1087 1923 1198 1948 natura
1210 1917 1240 1947 ἃ
1256 1917 1389 1957 adoptio
1401 1916 1469 1948 sunt
1483 1918 1573 1949 modi
1590 1917 1748 1958 dquuris
1765 1917 1892 1958 Re-gulis
1905 1917 1964 1948 'die-

1086 1957 1190 1990 finiti:
1207 1964 1398 1999 quamquam
1415 1958 1516 1998 patria
1533 1959 1672 1999 potestas
1697 1960 1837 2000 alioquin
1857 1958 1966 1996 adqui-

1087 2001 1167 2031 ritur
1182 2001 1280 2031 etiam
1293 1998 1454 2030 beneficio
1472 2000 1646 2040 Principis:
1672 2001 1702 2031 ὅ(
1718 1999 1764 2031 est
1779 1999 1964 2040 exemplum

1087 2041 1174 2082 apud
1192 2040 1326 2072 Plinium
1340 2041 1392 2072 lib.
1412 2049 1459 2072 io.
1477 2039 1571 2082 Epist.
1591 2046 1622 2073 6.
1657 2040 1709 2072 sed
1726 2041 1780 2072 hic
1794 2041 1909 2072 modus
1926 2044 1967 2072 ad

1086 2082 1227 2123 Regulas
1252 2082 1332 2123 Juris
1358 2082 1473 2122 quibus
1496 2083 1536 2114 de
1559 2084 1624 2123 agit
1644 2082 1851 2114 Modestinus
1866 2105 1876 2120 ,
1899 2091 1965 2113 non

1086 2123 1249 2164 pertinet,
1271 2124 1412 2163 ideoque
1429 2124 1468 2154 ab
1484 2133 1525 2154 eo
1542 2124 1572 2155 in
1587 2125 1616 2155 d.
1633 2123 1653 2155 l.
1678 2132 1704 2155 1.
1730 2133 1794 2156 non
1813 2123 1968 2155 adfertur.

1087 2165 1192 2208 Quod
1208 2165 1294 2203 dixi,
1308 2165 1449 2196 obtinuit
1460 2174 1558 2205 usque
1572 2165 1611 2196 ad
1629 2164 1882 2197 Constantinum.
1904 2174 1968 2196 *cae-

1086 2211 1195 2239 >terum
1219 2207 1350 2237 inventa
1375 2205 1415 2236 ab
1431 2215 1471 2236 eo
1491 2207 1520 2238 ἃ
1539 2206 1692 2246 deinceps
1715 2206 1967 2247 ·Imperatoribu-s

1088 2248 1345 2290 ‘legitiinationffi
1368 2247 1484 2278 deinde
1507 2249 1539 2279 in
1563 2247 1820 2280 Institutionibus
1844 2257 1860 2279 a
1877 2247 1968 2287 Justi-

1086 2290 1187 2322 niano
1204 2299 1270 2320 non
1289 2290 1371 2326 duo,
1396 2288 1447 2319 sed
1463 2297 1544 2328 tres,
1559 2297 1792 2321 enumerantur
1810 2290 1896 2321 modi
1915 2290 1968 2321 ad-

1091 2332 1254 2372 quirendae
1273 2331 1381 2372 patriae
1398 2330 1579 2369 potestatis:
1599 2330 1686 2371 justae
1701 2331 1817 2371 nuptia:
1829 2354 1837 2369 ‚
1862 2330 1966 2370 legiti-

1086 2373 1209 2411 matio,
1233 2373 1262 2403 <St
1280 2373 1425 2411 adoptio.
1452 2371 1591 2404 Primum
1611 2373 1741 2403 modum
1759 2372 1886 2411 attingit
1903 2370 1967 2402 Ga-

1085 2415 1136 2455 *jus
1151 2415 1171 2445 l.
1190 2414 1264 2454 (3.1).
1284 2419 1306 2445 t.
1328 2413 1370 2444 sic
1389 2412 1545 2445 scribens:
1568 2413 1641 2445 Item
1661 2415 1698 2444 'ln
1716 2410 1853 2453 potestate
1869 2410 1967 2452 nostra

1084 2460 1157 2495 sunt
1174 2455 1260 2486 'liberi
1283 2452 1373 2494 ‘nostri
1396 2462 1465 2495 quos
1491 2464 1528 2485 ex
1544 2453 1633 2496 justis
1649 2456 1759 2494 nuptiis
1774 2454 1968 2494 procreaveri-

1085 2507 1162 2528 παυς.
1187 2496 1315 2528 Plenius
1332 2494 1484 2535 Ulpianus
1501 2496 1519 2526 l.
1535 2506 1565 2534 4.
1582 2494 1666 2539 Qui,
1683 2495 1804 2533 inquit,
1820 2504 1856 2526 ex
1871 2504 1914 2526 me
1929 2493 1966 2529 ὅ)

1089 2546 1180 2570 uxore
1196 2546 1257 2568 mea
1273 2537 1404 2573 nascitur
1414 2559 1423 2574 ,
1437 2538 1473 2567 ,in
1485 2545 1549 2567 mea
1561 2534 1697 2577 potestate
1711 2534 1760 2578 eft.
1785 2537 1852 2567 iiem
1865 2537 1917 2577 qui
1930 2546 1967 2567 ex

1085 2579 1150 2620 filio
1174 2588 1231 2611 meo
1255 2577 1292 2613 ἐξ
1308 2587 1397 2609 uxore
1415 2578 1477 2619 ejus
1496 2578 1644 2616 nascitur,
1668 2579 1699 2608 i‘cl
1715 2576 1771 2619 est,
1793 2584 1876 2618 nepos
1891 2587 1968 2608 meus

1090 2621 1127 2656 &³
1143 2623 1252 2661 neptis,
1271 2628 1347 2661 aeque
1363 2621 1395 2650 'liz
1409 2628 1470 2650 mea
1478 2619 1555 2658 sunt
1566 2617 1707 2660 potestate
1718 2643 1727 2658 ,
1744 2619 1781 2654 ὅ)
1789 2618 1968 2660 pmnepos&

1083 2663 1249 2704 proneptis,
1266 2661 1302 2695 &³
1317 2661 1563 2701 deinceprcoeterz'.
1585 2659 1632 2691 lta
1647 2661 1861 2701 quaerentibus
1872 2684 1880 2699 ,
1899 2661 1968 2701 quis

1088 2705 1122 2736 in
1139 2703 1234 2745 patris
1250 2701 1408 2743 potestate
1424 2700 1478 2740 sit,
1496 2711 1590 2742 quem
1609 2701 1845 2734 filiumfamilias
1861 2701 1968 2742 appel-

1088 2745 1162 2785 lari,
1179 2745 1210 2776 in
1230 2746 1259 2775 11.
1277 2744 1295 2774 l.
1314 2753 1344 2784 4.
1370 2744 1413 2774 ait
1435 2742 1606 2784 Ulpianus,
1622 2743 1694 2775 fei-e
1711 2745 1885 2775 videndum
1901 2741 1965 2780 est,

1088 2787 1160 2828 quis
1183 2785 1220 2818 fit
1242 2784 1335 2817 filius.
1360 2784 1472 2816 definit
1495 2792 1601 2816 autem
1620 2785 1639 2816 l.
1655 2789 1685 2817 6.
1710 2784 1829 2823 filium,
1855 2783 1906 2825 qui
1926 2791 1967 2814 ex

1088 2830 1160 2860 viro
1185 2828 1215 2859 δι
1235 2834 1335 2859 uxore
1364 2827 1429 2867 ejus
1448 2825 1599 2858 nascitur:
1623 2827 1655 2858 id
1680 2826 1745 2866 est,
1769 2826 1824 2867 qui
1841 2835 1881 2857 ex
1900 2825 1965 2864 ejus

1089 2879 1191 2902 uxore
1216 2868 1370 2906 nascitur,
1395 2868 1529 2900 durante
1551 2868 1773 2900 matrimonio:
1799 2876 1864 2899 tum
1881 2874 1964 2898 enim

1091 2911 1137 2943 est
1154 2920 1247 2942 uxor.
1285 2909 1361 2941 Hoc
1377 2908 1464 2941 sensu
1483 2909 1595 2941 Paulus
1608 2909 1627 2942 l.
1645 2920 1674 2950 5.
1695 2908 1737 2941 D.
1757 2910 1790 2940 de
1806 2908 1901 2950 injus
1913 2916 1964 2937 vo-

1090 2955 1176 2984 cand.
1191 2952 1253 2990 ait,
1269 2951 1395 2984 Patrem
1407 2950 1469 2982 effe
1487 2960 1582 2992 quem
1600 2951 1718 2992 nuptiae
1735 2948 1962 2982 demonstrant.

1088 2995 1196 3033 addit,
1219 3001 1353 3025 matrem
1375 2994 1498 3033 semper
1513 2993 1574 3024 effe
1597 3000 1734 3031 certam,
1761 2988 1878 3022 etiamsi
1896 2988 1964 3018 vul-

1088 3046 1130 3078 go
1148 3035 1354 3076 conceperitt
1384 3042 1507 3075 optima
1524 3033 1735 3066 distinctione.
1766 3039 1837 3076 nam
1855 3027 1962 3073 potest

1087 3085 1191 3110 mater
1215 3076 1422 3109 demonstrari
1449 3076 1579 3107 testibus
1597 3076 1650 3114 qui
1669 3072 1827 3116 adfuerint
1846 3077 1959 3110 pai-tui.

1086 3127 1118 3151 at
1138 3127 1229 3159 pater
1253 3128 1294 3150 ex
1320 3118 1440 3158 nuptiis
1465 3117 1685 3160 praesumiturf
1708 3114 1779 3160 quia
1804 3114 1835 3142 id
1861 3110 1964 3141 lione-

1085 3161 1160 3193 stius
1184 3161 1246 3192 est:
1272 3159 1302 3191 δε
1326 3169 1376 3191 res
1399 3160 1490 3190 aliter
1516 3160 1570 3189 vix
1593 3162 1736 3200 extrica-r]
1761 3150 1964 3199 potem-ho,-

1084 3201 1225 3233 minibus
1249 3198 1604 3233 extraneiswestimonii
1637 3202 1735 3236 gratia
1760 3201 1961 3235 generationi

1082 3251 1256 3284 numquam
1269 3241 1488 3283 praesentibus.
1505 3240 1646 3273 ubi-vero
1659 3243 1766 3268 natura
1782 3241 1962 3304 negatpgg
