2036 3495
171 148 240 183 440

180 224 358 265 quantitate
377 219 501 255 debita,
517 221 669 258 quantum
689 214 797 260 datum
814 213 878 250 est,
903 221 940 243 an
958 212 1045 258 plus,

180 267 231 296 vel
250 265 359 295 minus
392 269 462 291 nam
487 259 516 289 ἀ
539 258 560 289 fi
585 258 688 288 minus
712 255 768 292 slt,
791 253 894 285 adhuc
911 255 998 293 quod
1016 262 1047 284 in

179 307 315 337 solutum
342 303 447 332 datum
472 299 537 336 est,
559 299 591 328 in
608 296 766 336 praeterita
781 295 930 326 alimenta
946 293 1046 333 impu-

183 346 310 377 tabitur.
357 343 456 377 Sane,
479 339 499 371 si
523 341 549 370 'rs
567 339 620 378 qui
639 338 679 368 de
699 336 856 367 alimentis
875 336 1047 375 transegit,

182 384 375 424 locupletior
400 381 501 412 fastus
525 380 562 411 sit
587 389 622 410 ea
647 378 820 409 solutione:
845 376 1048 417 aequiffimum

180 426 271 464 fore,
297 423 449 464 Ulpianus
473 422 535 459 ait,
560 428 713 460 quatenus
738 418 840 449 fastus
855 416 1047 463 fitlocuple-

182 468 263 504 tior,
287 467 317 496 in
336 474 408 496 eum
425 463 489 494 dari
511 461 755 502 repetitionem:
779 468 839 490 nec
853 467 937 489 enim
955 458 1049 489 debe-

180 518 213 539 re
232 516 271 537 ex
291 507 395 537 alieno
412 504 528 535 damno
544 502 606 533 esse
624 501 820 540 locupletem
836 501 864 530 d.
882 500 900 530 l.
912 504 938 533 8.
957 499 984 540 §.
996 509 1047 537 22,

180 547 337 579 infirmata
361 543 642 578 Senatusconsulto
665 541 876 574 transactione
899 541 927 572 d.
953 542 972 571 l.
998 550 1047 581 23.

204 614 208 619 .
227 599 255 620 2.
748 618 751 619 ⁷

180 589 200 631 §
225 630 323 671 Igitur
349 637 496 670 apparet,
520 624 765 658 transactionem
781 623 821 655 de
839 621 995 654 alimentis
1014 620 1047 652 si·

182 681 222 703 ne
243 672 382 703 Praetor-e
406 669 538 706 saetam,
562 665 619 708 etsi
640 666 717 697 olim
739 665 916 696 servaretur
930 664 991 693 boc
1010 661 1047 693 E-

182 713 287 751 όίξὶος
312 721 414 743 tamen
442 709 607 750 postquam
627 706 669 738 D.
688 706 790 737 Marci
810 704 966 736 Oratione
983 711 1049 749 rata

183 763 248 786 non
266 753 410 785 habetur.
433 751 548 783 deinde
566 758 630 780 non
648 746 780 786 servari3
797 747 951 783 maxime,
967 744 987 776 fi
1006 745 1049 775 id-

182 797 271 826 circo
288 794 370 825 fasta
387 793 440 831 sit,
465 799 498 823 ut
516 791 585 831 quis
608 788 860 830 repraesentatam
881 787 1049 827 pecuniam

183 837 356 867 consumat.
385 844 456 866 nam
474 833 555 864 hanc
572 832 700 862 demum
715 829 958 861 transactionem
975 826 1051 858 Ora-

184 879 230 909 tio
247 876 420 917 improbat.
466 874 529 906 Sed
551 873 646 914 quid,
668 870 690 903 fi
713 871 782 911 quis
806 872 885 902 citra
903 869 1051 902 Praetoris

855 967 1064 1002 CAPUT

776 127 1082 162 Genitaxn
1132 123 1358 160 No'onr

1089 212 1309 244 auctoritatem
1327 211 1529 252 transegerit,
1548 219 1583 244 ut
1598 213 1685 252 quod
1702 213 1730 243 ei
1748 222 1802 254 per
1815 215 1951 255 singulos

1089 263 1187 285 annos
1204 254 1239 286 sit
1250 254 1411 292 rentium,
1429 263 1484 294 per
1498 252 1633 292 singulos
1652 253 1771 285 menses
1787 257 1955 295 consequa·

1090 303 1156 325 tur:
1171 303 1224 326 aut
1241 296 1334 335 quid,
1351 295 1372 326 si
1390 295 1475 335 quod
1493 294 1572 326 ellit
1589 294 1732 326 relietum
1750 304 1804 335 per
1821 296 1955 337 singulos

1091 335 1211 367 menses
1228 359 1237 375 ‚
1269 336 1480 376 consequatur
1506 344 1562 375 per
1585 335 1722 377 singulos
1748 337 1814 367 dies
1831 337 1847 367 ἱ)
1877 340 1954 377 quid

1091 377 1223 414 deinde,
1247 376 1268 408 fi
1285 379 1370 417 quod
1388 377 1606 408 consummato
1623 386 1706 407 anno
1725 384 1759 407 ut
1775 378 1954 418 acciperet,

1091 416 1182 448 initio
1199 418 1269 448 anni
1284 417 1522 458 consequatur?
1547 427 1636 458 putat
1656 417 1822 458 Ulpianus,
1852 419 1956 452 valere

1092 466 1160 503 enam
1179 460 1438 491 transastionem:
1455 460 1526 499 quia
1543 459 1620 491 nihil
1637 459 1755 490 factum
1773 459 1859 498 quod
1877 458 1957 492 Ora-

1092 506 1137 544 tio
1154 500 1453 539 improbet..noluit
1471 501 1574 538 enim,
1597 501 1745 532 alimenta
1763 509 1820 540 per
1842 508 1959 533 transa-

1092 539 1231 571 &ionem
1256 541 1403 581 intercipi
1428 543 1456 573 cl.
1476 542 1495 572 l.
1514 546 1542 575 8.
1559 542 1587 583 ἓ.
1604 545 1641 573 6:
1665 542 1879 573 alimentarius
1904 552 1956 574 au-

1092 588 1157 611 tem
1175 591 1211 612 ea
1228 583 1437 613 transactione
1460 581 1542 613 suam
1558 583 1777 614 conditionem
1797 592 1859 613 non
1876 581 1956 615 fecit

1091 622 1283 653 deteriorem
1299 643 1309 661 ,
1342 623 1394 654 sed
1417 624 1593 655 meliorem.
1623 625 1728 665 placet
1753 624 1846 665 igitur
1869 621 1956 663 quod

1090 661 1292 709 Modestinus
1316 664 1336 694 l.
1362 674 1410 701 25-
1434 664 1477 696 D.
1503 666 1535 695 cle
1553 666 1658 707 legibus
1681 665 1804 703 scribit,
1829 664 1957 698 Nullam

1087 713 1163 743 Juris
1182 712 1356 742 rationem,
1382 713 1434 736 aut
1449 707 1603 746 aequitatis
1625 707 1854 747 benignitatem
1874 707 1957 746 pati,

1093 753 1206 784 utquae
1225 744 1385 777 salubriter
1402 756 1459 786 pro
1480 748 1614 778 utilitate
1631 748 1797 779 hominum
1816 749 1957 778 introdu-

1093 794 1208 817 cuntur
1223 809 1232 824 ‚
1261 796 1296 817 ea
1321 796 1379 817 nos
1402 788 1527 818 duriore
1559 789 1821 829 interpretatione
1844 797 1957 820 contra

1093 826 1230 864 ipsorum
1247 820 1451 859 commodum
1464 830 1674 868 producamus
1690 831 1727 860 ad
1745 829 1954 862 severitatem.

1094 867 1171 900 Non
1188 869 1284 909 longe
1301 869 1373 901 hinc
1392 869 1514 900 abludit
1534 870 1653 911 species
1669 873 1697 902 cl.
1713 870 1732 902 l.
1749 875 1774 905 8.
1791 870 1820 912 ὃ.
1839 882 1870 911 5.

1127 965 1290 1001 XVIII.

337 1063 386 1099 An
401 1062 490 1112 pcffit
509 1062 641 1109 transigi
656 1062 691 1098 de
707 1057 916 1104 controversiis
936 1068 973 1091 ex
990 1055 1168 1104 testamento
1184 1055 1453 1102 proficiscentibus,
1481 1065 1552 1093 ante
1571 1068 1629 1092 non
1649 1056 1791 1104 inspeffls
1801 1085 1812 1102 ,

817 1107 986 1153 cognitisve
1009 1106 1184 1152 testamenti
1201 1105 1325 1141 verbis?

185 1208 270 1284 Est
287 1209 317 1241 &
333 1209 402 1240 haec
429 1210 565 1242 celebris
590 1205 739 1249 quaestio:
763 1214 799 1237 an
817 1204 910 1246 poffit
927 1201 1049 1250 transigi

257 1251 297 1282 de
312 1250 535 1282 controversiis
551 1260 592 1280 ex
617 1249 805 1280 testamento
822 1243 1048 1290 proficiscenti-

184 1291 262 1330 bus,
286 1299 359 1322 ante
381 1301 445 1323 non
471 1291 616 1331 inspeetis
638 1289 817 1330 cognitisve
837 1287 902 1327 eius
919 1285 1048 1316 verbis?

183 1330 290 1373 Negat
308 1341 398 1364 vetus
413 1333 543 1372 opinio3
566 1341 661 1371 atque
683 1340 718 1361 ea
736 1329 861 1369 penitus
877 1326 980 1358 adhuc
993 1326 1049 1356 ob-

186 1373 265 1404 fidet
291 1374 502 1413 cogitationes
528 1372 684 1404 nobilium
710 1370 791 1410 Juris
819 1369 1049 1412 Interpretum:

184 1423 317 1455 propter
335 1414 406 1455 Gaji
428 1415 522 1446 verba
538 1424 554 1444 a
571 1413 651 1452 Juris
671 1410 860 1443 Architee'tis
876 1417 916 1439 ex
932 1407 996 1448 ejus
1016 1407 1049 1438 li-

184 1456 244 1486 bro
261 1464 356 1487 xv11.
390 1456 439 1486 Ad
455 1455 601 1486 Edistum
619 1452 814 1493 provinciale
830 1452 868 1481 ad
884 1448 968 1479 hunc
985 1457 1051 1479 mo-

186 1498 260 1528 dum
278 1496 376 1536 posita
391 1497 422 1527 in
439 1497 459 1526 l.
475 1500 505 1526 6.
524 1494 567 1525 D,
589 1495 622 1524 de
645 1491 896 1524 transaffionibus.
942 1489 991 1520 De
1007 1489 1051 1519 bis

184 1535 383 1573 controversiis
397 1546 459 1576 quae
477 1545 513 1566 ex
530 1532 692 1573 testamento
704 1531 944 1573 preficiscuntur,
962 1539 1051 1571 neque

185 1576 326 1616 tranfigi,
350 1585 439 1617 neque
461 1576 576 1617 exquiri
601 1575 710 1606 veritas
735 1574 819 1605 aliter
827 1570 942 1613 potest,
964 1581 1051 1612 quam

181 1618 314 1658 inspetfflis
336 1618 513 1658 cognitisque
536 1616 630 1647 verbis
654 1613 824 1656 testamenti.
875 1613 938 1645 Sed
961 1622 1049 1644 num-

181 1668 275 1699 quam
292 1657 354 1689 fuit
372 1657 454 1698 Gajo
469 1667 576 1696 mens,
599 1666 693 1697 quam
710 1655 882 1702 praeferunt
899 1654 964 1694 eJ'us
980 1663 1048 1684 ver-

179 1700 239 1738 ba,
255 1699 285 1731 &
301 1699 363 1731 ess'e
379 1701 509 1731 voluere
525 1698 606 1739 Juris
626 1696 811 1729 Architecti.
834 1705 947 1727 contra
965 1695 1049 1726 licita

179 1740 244 1773 fuit
262 1739 335 1781 Gaji
357 1748 503 1781 ternpore
521 1739 690 1771 transactio
708 1739 747 1770 de
765 1736 990 1769 controversiis
1008 1745 1048 1767 ex

180 1782 372 1814 testamento
388 1780 660 1823 proficiscentibus
671 1803 680 1819 ,
696 1789 760 1811 non
778 1777 922 1820 inspeetis
939 1778 1048 1823 cogni-

180 1825 262 1855 tisve
288 1824 355 1863 ejus
383 1823 506 1855 verbis:
531 1821 705 1853 Veteribus
721 1829 790 1852 earn
807 1829 874 1852 rem
890 1820 921 1851 in
941 1821 1048 1850 medio

179 1864 436 1905 relinquentibus
459 1864 589 1896 arbitrio
613 1862 873 1903 transigentium:
897 1870 937 1892 eo
961 1860 1048 1901 quod

179 1907 330 1947 aequitas,
355 1905 410 1938 etfi
432 1915 497 1938 non
522 1911 611 1936 vetet
627 1927 637 1942 ,
668 1902 868 1935 transactioni
893 1902 958 1933 dari
984 1900 1048 1933 for-

179 1957 281 1986 mam,
295 1957 336 1979 ne
352 1947 407 1979 fiat
418 1955 491 1987 ante
508 1952 651 1987 apertas,
668 1945 698 1976 ἂ
715 1943 866 1985 inspectas
885 1943 1049 1975 testamen·

180 1990 204 2020 ti
222 1989 468 2028 tabulas,talem
485 1989 621 2019 formam
638 1985 752 2026 Populi
770 1985 904 2016 Romani
924 1984 1046 2026 legibus

180 2039 234 2061 aut
249 2031 390 2062 moribus
407 2029 538 2062 extorsit
555 2036 737 2067 numquam.
767 2027 811 2057 ita
827 2035 892 2057 non
906 2025 950 2056 est
967 2035 983 2056 a
996 2025 1046 2064 Ju-

179 2071 220 2103 ris
233 2073 355 2103 ratione
374 2072 508 2104 alienum
520 2093 529 2109 ,
543 2070 606 2102 litis
623 2070 771 2100 timorem
789 2067 839 2098 vel
858 2067 888 2098 in
907 2066 966 2097 hac
983 2066 1046 2106 spe-

180 2113 230 2143 cie
242 2115 374 2152 partium
386 2113 536 2144 consensu
553 2111 638 2142 bona
656 2109 720 2142 fide
731 2109 845 2149 sopiri,
865 2107 895 2138 δε
911 2107 1045 2148 sopitum

178 2162 244 2184 non
263 2153 432 2185 resuscitari
451 2154 504 2185 sub
520 2156 677 2193 praetextu
699 2150 875 2181 testamenti
893 2157 966 2180 ante
982 2157 1046 2179 non

179 2193 311 2235 inspecti
337 2202 389 2224 aut
406 2195 537 2236 cogniti.
584 2193 681 2234 Atqui
699 2191 792 2232 possit
808 2190 982 2232 periculum
1001 2199 1046 2220 es-

179 2235 228 2274 se;
252 2235 478 2276 neitransigens
497 2235 703 2270 testament0‚
726 2240 800 2264 ante
821 2241 884 2263 non
903 2230 1047 2270 inspeelis

179 2285 232 2308 aut
254 2277 392 2315 cognitis
409 2277 474 2316 ejus
492 2277 615 2313 verbis,
639 2274 734 2306 facile
757 2273 908 2314 capiatur.
951 2271 1047 2303 Tam·

179 2326 273 2358 quam
290 2317 325 2348 sit
342 2318 505 2349 neceffitas
516 2340 524 2355 ‚
542 2315 708 2356 transigere
724 2315 763 2346 de
779 2313 993 2346 controversia
1009 2322 1048 2344 ex

180 2358 370 2390 testamento
396 2368 468 2389 ante
494 2367 557 2389 non
581 2356 734 2398 inspefto.
767 2356 819 2387 sed
837 2355 912 2387 licet
929 2354 1048 2386 uuicui-

182 2410 243 2435 que
262 2408 354 2437 ante,
376 2409 468 2438 quam
487 2399 646 2440 transigit,
671 2399 710 2429 ab
728 2398 844 2428 herede
859 2405 989 2437 petere,
1014 2402 1047 2426 ut

179 2441 232 2472 sibi
251 2440 303 2472 fiat
321 2440 504 2480 inspiciendi
523 2439 784 2480 describendique
799 2437 976 2469 testamenti
992 2446 1046 2467 co-

184 2483 250 2520 pia:
275 2490 382 2521 parato
398 2483 435 2513 ad
458 2482 520 2513 boc
538 2480 726 2518 inter-diuo,
752 2479 804 2510 De
831 2479 944 2510 tabulis
961 2478 1047 2509 exhi-

181 2523 311 2560 bendis,
337 2524 386 2554 vel
404 2523 539 2560 Editio,
565 2522 844 2563 Quemadmodum
864 2519 1048 2551 testamenta

181 2565 369 2602 aperiantur.
394 2573 504 2595 eorum
523 2564 617 2604 igitur
633 2564 733 2594 altero
752 2565 795 2593 uti
814 2561 833 2593 si
851 2561 1045 2602 neglexerit,

182 2614 255 2635 cum
282 2605 401 2643 posset,
426 2606 455 2637 ἀ
477 2607 601 2636 interim
624 2612 715 2645 parte
731 2605 773 2634 rei
792 2602 844 2634 sibi
860 2603 975 2634 senctae
992 2603 1047 2633 im·

182 2645 355 2685 prudenter
380 2647 551 2678 deciderit:
576 2645 725 2686 profecto
752 2645 848 2675 habet
874 2645 961 2683 quod
987 2642 1044 2673 suae

181 2687 353 2723 socordiae3
376 2696 439 2717 non
463 2688 548 2726 quod
578 2686 742 2718 adversarii
760 2685 928 2726 diligentiae
944 2685 1044 2723 impu-

182 2735 247 2766 tet3
267 2727 296 2758 (Sc
311 2727 383 2757 idco
400 2728 543 2760 damnum
562 2728 662 2768 passus
678 2726 726 2758 sua
743 2727 852 2766 culpa,
870 2735 934 2757 non
953 2726 1044 2756 intel·

181 2769 304 2809 ligitur,
329 2768 474 2799 damnum
499 2769 597 2809 paffus
614 2768 675 2800 effe
701 2768 720 2798 l.
740 2778 809 2808 203.
832 2767 873 2798 D.
892 2769 923 2798 de
941 2767 1046 2808 regulis

177 2810 272 2852 juris:
295 2817 354 2840 nec
378 2808 473 2839 habet
498 2810 620 2841 causam
644 2808 841 2841 rescindendi
864 2808 1045 2840 transactio·

182 2860 255 2882 nem
278 2850 343 2889 ejus
366 2848 477 2889 sponte
500 2849 613 2882 fastam
639 2850 701 2882 fine
717 2849 917 2881 necessitate:
940 2849 994 2880 etsi
1012 2858 1042 2879 e-

181 2899 278 2922 ventu
296 2890 380 2921 laesus
396 2889 452 2928 sit3
468 2892 565 2921 rnodo
583 2892 624 2922 nil
637 2893 738 2922 aCtum
755 2890 790 2921 sit
808 2889 973 2922 adversarii
990 2891 1045 2921 do-

181 2934 214 2965 lo
228 2932 310 2963 malo
326 2932 344 2962 l.
360 2941 388 2972 7.
406 2931 434 2973 §.
453 2939 498 2962 10.
519 2930 560 2961 D.
578 2933 610 2961 de
620 2932 722 2971 pastis.
747 2931 906 2963 Naturalis
924 2932 990 2962 baec
1006 2941 1045 2961 εε-

182 2975 303 3013 quitas‚
327 2973 356 3004 &
378 2971 506 3003 subnixa
530 2972 713 3003 auctoritate
731 2973 893 3004 premor-is:
916 2982 1044 3014 genera·

180 3016 252 3046 liter
262 3014 479 3055 promittentis
489 3035 498 3052 ‚
515 3011 545 3042 se
561 3011 750 3043 servaturum
768 3014 855 3053 paska
866 3023 1024 3045 conventa
1035 3036 1044 3051 ,

180 3065 286 3096 neque
302 3056 380 3087 dolo
396 3055 498 3091 malo,
521 3062 624 3092 neque
648 3053 792 3085 adversus
816 3055 920 3096 leges,
946 3063 999 3086 aut
1014 3055 1045 3086 in

180 3097 325 3128 fraudem
350 3097 454 3136 legum
478 3094 556 3126 faeta
574 3094 591 3125 l.
608 3103 638 3133 7.
656 3094 684 3134 §.
702 3102 729 3132 7.
751 3093 792 3125 D.
808 3099 869 3126 -εοιί,
890 3099 936 3127 tit.
961 3096 1044 3126 nulla

181 3147 278 3179 porro
295 3138 477 3169 lexidcirco
494 3135 653 3175 improbat
664 3134 900 3167 transactionem
913 3138 952 3168 de
969 3146 1044 3167 con.

175 3179 340 3216 ,troverfiis
367 3188 407 3209 ex
430 3177 616 3209 testamento
641 3174 931 3215 proficiscentibus:
957 3179 1044 3215 quod

167 3219 217 3252 *sit
233 3218 335 3260 fasta,
358 3228 423 3252 non
444 3217 590 3260 inspectis
612 3216 792 3258 cognitisve
812 3215 987 3248 testamenti
1003 3227 1044 3249 ta·

1092 1200 1185 1247 bulis.
1208 1202 1282 1242 quin
1307 1210 1340 1235 tu
1360 1204 1448 1235 audis
1467 1202 1568 1244 impp.
1588 1202 1826 1234 Diocletianum
1845 1201 1872 1233 &
1889 1198 1959 1233 Ma-

1091 1251 1262 1274 xrmianum
1280 1244 1297 1275 l.
1314 1254 1359 1280 19.
1378 1245 1410 1277 C.
1429 1246 1464 1275 de
1482 1245 1742 1282 transafflonz'hm,
1759 1243 1877 1275 Irenaeo
1895 1245 1959 1274 cui-

1092 1283 1163 1314 dam
1187 1284 1392 1316 rescribentes
1408 1308 1418 1324 ,
1458 1286 1517 1315 Szn'i
1536 1292 1678 1325 praezextu
1699 1283 1882 1325 instrumenti
1897 1282 1960 1325 post

1092 1326 1212 1364 reperti,
1229 1326 1449 1358 transachonem
1470 1328 1542 1356 hona
1553 1326 1613 1365 fide
1626 1325 1740 1364 fastam
1753 1350 1761 1363 ,
1779 1326 1896 1364 rescindi
1908 1327 1960 1367 jis·-

1092 1375 1124 1395 ra
1140 1375 1194 1396 rzon
1207 1368 1280 1406 pari.
1314 1368 1419 1399 Placet
1439 1367 1469 1397 id
1486 1368 1544 1398 illis
1563 1366 1828 1407 Imperatoribus,
1852 1366 1962 1397 instru-

1093 1415 1203 1437 mento
1227 1409 1310 1448 (quo
1336 1409 1430 1439 etiam
1457 1408 1675 1439 testamentum
1696 1408 1860 1447 censetur)
1884 1417 1957 1438 anto

1093 1448 1259 1492 incognito
1276 1450 1305 1480 ἃ
1322 1449 1392 1488 post
1403 1452 1530 1481 demum
1546 1450 1696 1489 reperto?
1722 1448 1958 1489 quantojustius

1094 1489 1234 1527 dicatur,
1259 1490 1447 1521 testamento
1463 1499 1535 1522 ante
1551 1491 1703 1531 cognito,
1724 1490 1778 1522 ctli
1802 1499 1873 1521 ante
1890 1499 1956 1521 non

1092 1536 1204 1569 aperto
1220 1529 1451 1570 inspectoque?

1131 1571 1174 1601 At
1191 1578 1223 1601 te
1240 1569 1387 1602 sollicitat
1405 1571 1502 1612 Gaius
1516 1573 1542 1603 d.
1561 1572 1580 1602 l.
1598 1577 1627 1604 6.
1648 1572 1688 1603 D.
1705 1574 1737 1603 de
1754 1571 1958 1603 immanioru-

1093 1612 1154 1641 lms.
1178 1611 1239 1643 Sed
1256 1611 1377 1644 frustra.
1402 1614 1478 1653 quid
1494 1614 1597 1651 enim,
1614 1613 1634 1645 fi
1652 1613 1822 1654 fugitivum
1839 1612 1875 1644 fit
1894 1612 1958 1644 hoc

1093 1651 1163 1691 Gaji
1182 1652 1304 1693 Caput,
1320 1662 1415 1693 atque
1431 1654 1470 1684 ab
1485 1653 1601 1685 Editio
1619 1655 1658 1685 de
1676 1654 1772 1694 pastis
1789 1654 1957 1685 conventis

1093 1693 1190 1734 longe
1206 1695 1391 1727 remotum?
1415 1696 1457 1726 ita
1472 1694 1595 1735 prorsus
1614 1696 1667 1726 est.
1686 1695 1910 1735 interpretatus
1927 1705 1960 1726 e-

1091 1735 1155 1780 nim
1167 1733 1264 1773 Gajus
1275 1735 1419 1768 Edictum
1439 1739 1479 1767 de
1496 1737 1592 1777 pastis
1603 1737 1773 1768 conventis
1789 1736 1841 1767 lib.
1860 1742 1885 1766 1.
1909 1736 1961 1767 Ad

1090 1775 1240 1809 Ed1ctum
1256 1777 1472 1810 Provinciale:
1501 1785 1536 1808 ut
1559 1778 1678 1809 docent
1698 1776 1921 1817 inscriptiones
1938 1777 1958 1808 I.

1092 1827 1141 1849 20.
1156 1818 1175 1849 l.
1192 1822 1240 1852 28.
1258 1818 1294 1853 ὅ)
1309 1819 1328 1849 l.
1345 1829 1395 1860 30.
1414 1819 1455 1850 D.
1476 1820 1508 1850 de
1519 1818 1622 1859 pastis.
1653 1826 1685 1849 at
1709 1817 1871 1856 desumpta
1893 1819 1920 1849 ci.
1936 1818 1957 1858 l,

1091 1862 1128 1896 6,
1153 1861 1240 1899 quod
1266 1861 1331 1900 ejtis
1356 1859 1521 1901 Inscriptio
1539 1861 1674 1898 indicat,
1698 1859 1742 1891 est
1760 1869 1798 1890 ex
1817 1857 1887 1898 Gaii
1905 1859 1957 1890 lib.

1089 1909 1185 1931 xvxi.
1226 1901 1274 1932 Ad
1298 1901 1444 1933 Edictum
1467 1901 1682 1932 Provinciale:
1707 1901 1736 1932 in
1755 1909 1819 1940 quo
1837 1900 1862 1932 is
1879 1900 1956 1931 nihil

1091 1941 1157 1981 egit
1177 1942 1217 1973 de
1233 1942 1330 1983 pastis
1347 1951 1400 1974 aut
1417 1943 1698 1979 transactionibus,
1725 1941 1776 1972 sed
1802 1942 1842 1972 de
1863 1940 1952 1972 testa-

1090 1983 1226 2015 mentis:
1249 1984 1281 2014 id
1307 1983 1369 2023 est,
1394 1985 1446 2022 qui
1473 1984 1608 2015 babeant
1628 1984 1677 2023 jus
1702 1981 1839 2014 faciendi
1867 1982 1955 2022 testa·

1089 2024 1206 2061 menti3
1231 2025 1326 2061 item,
1351 2027 1518 2065 quomodo
1542 2024 1727 2056 ordinentur
1751 2023 1952 2056 testamenta:

1089 2072 1155 2095 tum
1172 2066 1212 2096 de
1228 2065 1397 2097 heredibus
1410 2065 1625 2097 instituendis:
1642 2075 1737 2104 porro
1755 2066 1957 2105 quemadmo-

1090 2106 1163 2137 dum
1182 2106 1367 2138 testamenta
1389 2107 1583 2147 aperiantur,
1607 2106 1830 2146 inspiciantur,
1854 2107 1883 2137 δε
1901 2108 1954 2138 de-

1088 2146 1277 2179 scribantur:
1296 2149 1412 2179 dehinc
1429 2156 1464 2179 ut
1476 2148 1636 2179 serventur
1652 2148 1752 2189 legata
1770 2157 1809 2178 ex
1822 2147 1954 2185 Edisto,

1088 2187 1118 2219 Si
1135 2188 1204 2228 quis
1221 2188 1327 2220 omiffa
1345 2189 1432 2220 causa
1450 2189 1645 2220 testamenti:
1670 2188 1831 2228 postremo
1848 2197 1955 2228 quern·-

1090 2229 1262 2263 admodum
1281 2239 1321 2261 ex
1336 2230 1617 2261 Senatusconsulto
1628 2230 1785 2261 Silaniano
1803 2230 1842 2260 de
1859 2230 1954 2261 servis

1090 2270 1242 2302 habeatur
1257 2271 1405 2312 quaestio,
1432 2280 1600 2312 antequam
1619 2271 1802 2303 testamenta
1817 2272 1957 2312 aperiam

1092 2319 1151 2342 tur.
1884 2334 1886 2337 -

1151 2351 1230 2384 Iunc
1254 2352 1344 2385 fuisse
1367 2353 1431 2393 eius
1463 2355 1531 2386 libri
1563 2354 1707 2386 ordinem
1731 2354 1760 2385 &
1786 2360 1954 2391 tenorem,

1090 2395 1262 2426 commode
1279 2396 1403 2426 notavit
1420 2396 1555 2435 jacobus
1575 2395 1717 2426 Labittus
1734 2404 1774 2425 ex
1789 2393 1956 2434 Fragmen-

1090 2436 1129 2466 tis
1146 2437 1177 2466 In
1194 2435 1365 2467 Parim-stas
1383 2447 1422 2467 eo
1440 2447 1478 2467 ex
1498 2437 1578 2468 libro
1593 2436 1714 2467 relatis:
1731 2434 1888 2475 pertinere
1904 2443 1955 2464 au-

1090 2484 1154 2507 tem
1179 2478 1205 2507 d.
1231 2477 1248 2506 l.
1272 2481 1301 2506 6.
1333 2479 1371 2508 ad
1396 2478 1542 2509 Edictum
1571 2478 1610 2507 de
1628 2476 1739 2507 tabulis
1754 2476 1952 2515 aperiendis,

1090 2516 1270 2548 observavit
1285 2528 1324 2548 ex
1340 2518 1357 2548 l.
1378 2518 1530 2559 1.pr.&§
1561 2527 1585 2548 1.
1607 2517 1645 2548 D.
1668 2515 1844 2556 Ttstamema
1858 2525 1953 2558 quem-

1089 2560 1239 2589 admodum
1252 2560 1532 2598 (iperiurnnr:cujn>
1552 2557 1717 2598 Inscriptio
1735 2558 1863 2598 praefert
1879 2556 1953 2596 Gaji

1088 2600 1142 2631 lib.
1162 2609 1220 2630 xm
1233 2609 1255 2630 ι.
1280 2600 1327 2630 Ad
1346 2599 1490 2631 Edifilum
1510 2599 1717 2631 Provinciale.
1749 2599 1815 2629 edit
1834 2608 1911 2629 vero
1927 2599 1953 2630 is

1088 2640 1157 2681 Gaji
1176 2641 1266 2672 locus
1282 2640 1385 2672 Ediffi
1402 2650 1464 2672 non
1484 2640 1602 2672 sensum
1620 2640 1717 2671 modo
1729 2663 1738 2679 ‚
1755 2639 1806 2670 sed
1821 2639 1952 2680 aequita-

1088 2691 1153 2713 tem
1172 2682 1341 2720 quoque&
1359 2682 1513 2713 rationem
1530 2691 1611 2722 pene
1629 2681 1732 2713 verbis
1748 2682 1775 2713 d.
1793 2681 1812 2711 l.
1831 2685 1861 2711 6.
1880 2679 1972 2711 Edi-s

1086 2723 1160 2754 dieti
1179 2722 1278 2753 sensus
1294 2724 1478 2754 corr-inetur
1495 2723 1543 2754 his
1559 2724 1585 2753 d.
1604 2723 1623 2754 l.
1645 2732 1670 2754 1.
1703 2722 1824 2754 verbis:
1850 2721 1951 2753 Omni-

1086 2767 1137 2795 bus
1151 2765 1313 2805 quicunqne
1329 2763 1486 2801 cleficleram
1498 2764 1609 2795 tabulas
1625 2762 1783 2804 testamenii
1798 2763 1949 2804 inspicere,

1086 2806 1234 2837 valeriam
1249 2807 1417 2843 describere,
1442 2806 1629 2846 despiciendi,
1653 2806 1880 2846 [lescribeizdique
1900 2812 1948 2843 po·

1088 2844 1418 2896 zfflateiizftzsturiiiizse
1444 2847 1552 2877 Proetor
1564 2846 1722 2886 pollicetur.
1768 2845 1833 2877 Hic
1850 2844 1950 2876 sensus

1088 2887 1203 2920 Edisti.
1251 2888 1291 2917 At
1309 2888 1372 2926 ejus
1394 2888 1630 2919 commendatio
1647 2887 1804 2927 aequitatis
1821 2888 1851 2917 in
1872 2885 1900 2926 §.
1921 2895 1947 2916 1.

1088 2929 1228 2969 ejusdem
1244 2928 1307 2958 loci
1323 2928 1363 2960 sic
1380 2928 1478 2959 sonat.
1501 2928 1588 2959 Ratio
1605 2936 1699 2960 aurem
1716 2928 1811 2959 Editti
1827 2926 1948 2964 munife-

1080 2971 1130 3011 sta
1147 2968 1193 3010 est.
1239 2969 1342 3010 Neque
1358 2972 1431 3001 enim
1448 2969 1505 3006 line
1525 2970 1632 3009 Judice
1649 2968 1787 3010 transigi,
1809 2976 1896 3006 neque
1916 2976 1948 2996 a·

1082 3013 1145 3053 picci
1159 3012 1297 3050 Judicenz
1313 3013 1427 3052 ἀτιμίη
1451 3013 1560 3042 veritas
1576 3013 1607 3042 de
1625 3012 1667 3042 his
1679 3006 1871 3044 controversiis
1887 3016 1948 3048 quea

1088 3063 1123 3084 ex
1140 3050 1303 3093 testamento
1323 3051 1569 3092 prrficiscerentur
1585 3052 1667 3082 aliter
1680 3047 1783 3091 potest,
1805 3058 1890 3089 quam
1906 3050 1949 3077 in·

1089 3094 1185 3134 (pestis
1203 3094 1360 3134 cognitis-ve
1376 3096 1470 3124 verbis
1487 3091 1654 3133 testamenti.
1685 3088 1764 3122 Haec
1780 3090 1859 3119 ratio
1877 3087 1949 3119 Edi-

1081 3131 1127 3167 'cti
1139 3135 1357 3173 Proconsulis,
1374 3135 1422 3165 sed
1441 3134 1522 3174 Gajo
1533 3135 1674 3165 debetur.
1699 3129 1950 3176 indicatautem,

1087 3175 1313 3209 Proconsulem
1339 3177 1367 3206 in
1389 3175 1502 3206 EtliCto
1517 3175 1645 3214 jubere,
1666 3170 1811 3201 omnibus
1832 3169 1949 3200 deside*

1088 3218 1227 3249 rantibus
1245 3217 1364 3249 tabulas
1381 3216 1556 3249 testamenti
1572 3213 1722 3254 inspicere
1739 3212 1788 3244 vel
1800 3210 1951 3243 describe·

1898 3259 1949 3289 re,
