<?xml version="1.0" encoding="UTF-8"?>
<!DOCTYPE html PUBLIC "-//W3C//DTD XHTML 1.0 Transitional//EN"
    "http://www.w3.org/TR/xhtml1/DTD/xhtml1-transitional.dtd">
<html xmlns="http://www.w3.org/1999/xhtml" xml:lang="en" lang="en">
 <head>
  <title>
</title>
<meta http-equiv="Content-Type" content="text/html;charset=utf-8" />
  <meta name='ocr-system' content='tesseract 3.04.00' />
  <meta name='ocr-capabilities' content='ocr_page ocr_carea ocr_par ocr_line ocrx_word'/>
</head>
<body>
  <div class='ocr_page' id='page_1' title='image "./gerardinoodtnovi00nood_0420.png"; bbox 0 0 2036 3495; ppageno 0'>
   <div class='ocr_carea' id='block_1_1' title="bbox 147 97 219 135">
    <p class='ocr_par' dir='ltr' id='par_1_1' title="bbox 147 97 219 135">
     <span class='ocr_line' id='line_1_1' title="bbox 147 97 219 135; baseline -0.028 -2"><span class='ocrx_word' id='word_1_1' title='bbox 147 97 219 135; x_wconf 83' lang='lat'>394</span> 
     </span>
    </p>
   </div>
   <div class='ocr_carea' id='block_1_2' title="bbox 146 165 1027 499">
    <p class='ocr_par' dir='ltr' id='par_1_2' title="bbox 146 165 1027 499">
     <span class='ocr_line' id='line_1_2' title="bbox 148 165 1024 215; baseline -0.011 -7"><span class='ocrx_word' id='word_1_2' title='bbox 148 165 224 215; x_wconf 74' lang='lat' dir='ltr'>bet,</span> <span class='ocrx_word' id='word_1_3' title='bbox 241 174 403 207; x_wconf 87' lang='lat' dir='ltr'>vindicare</span> <span class='ocrx_word' id='word_1_4' title='bbox 421 169 508 201; x_wconf 89' lang='lat' dir='ltr'>suum</span> <span class='ocrx_word' id='word_1_5' title='bbox 528 169 602 201; x_wconf 82' lang='lat' dir='ltr'>effe.</span> <span class='ocrx_word' id='word_1_6' title='bbox 626 177 687 200; x_wconf 91' lang='lat' dir='ltr'>nec</span> <span class='ocrx_word' id='word_1_7' title='bbox 703 168 799 207; x_wconf 84' lang='lat' dir='ltr'>igitur</span> <span class='ocrx_word' id='word_1_8' title='bbox 815 166 923 207; x_wconf 91' lang='lat' dir='ltr'>potest</span> <span class='ocrx_word' id='word_1_9' title='bbox 937 167 1024 199; x_wconf 87' lang='lat' dir='ltr'>dice—</span> 
     </span>
     <span class='ocr_line' id='line_1_3' title="bbox 148 207 1023 256; baseline -0.009 -10"><span class='ocrx_word' id='word_1_10' title='bbox 148 226 203 256; x_wconf 84' lang='lat' dir='ltr'>re,</span> <span class='ocrx_word' id='word_1_11' title='bbox 225 217 292 256; x_wconf 88' lang='lat' dir='ltr'>ejus</span> <span class='ocrx_word' id='word_1_12' title='bbox 308 214 493 244; x_wconf 88' lang='lat' dir='ltr'>servitutem</span> <span class='ocrx_word' id='word_1_13' title='bbox 512 209 555 242; x_wconf 89' lang='lat' dir='ltr'>sui</span> <span class='ocrx_word' id='word_1_14' title='bbox 579 209 671 241; x_wconf 86' lang='lat' dir='ltr'>fundi</span> <span class='ocrx_word' id='word_1_15' title='bbox 689 209 751 241; x_wconf 82' lang='lat' dir='ltr'>ess&#39;e</span> <span class='ocrx_word' id='word_1_16' title='bbox 767 208 788 240; x_wconf 76' lang='grc' dir='ltr'>Ζ.</span> <span class='ocrx_word' id='word_1_17' title='bbox 808 219 837 248; x_wconf 85' lang='lat'>5.</span> <span class='ocrx_word' id='word_1_18' title='bbox 855 207 884 249; x_wconf 84' lang='lat'>§.</span> <span class='ocrx_word' id='word_1_19' title='bbox 907 217 933 239; x_wconf 91' lang='lat'>1.</span> <span class='ocrx_word' id='word_1_20' title='bbox 951 207 988 242; x_wconf 50' lang='grc' dir='ltr'>ὅ*</span> <span class='ocrx_word' id='word_1_21' title='bbox 1004 208 1023 239; x_wconf 86' lang='grc' dir='ltr'>Ι.</span> 
     </span>
     <span class='ocr_line' id='line_1_4' title="bbox 150 247 1025 298; baseline -0.013 -8"><span class='ocrx_word' id='word_1_22' title='bbox 150 267 178 290; x_wconf 93' lang='lat'>1.</span> <span class='ocrx_word' id='word_1_23' title='bbox 192 264 240 298; x_wconf 79' lang='lat' dir='ltr'>pr.</span> <span class='ocrx_word' id='word_1_24' title='bbox 256 256 298 287; x_wconf 88' lang='lat' dir='ltr'>D.</span> <span class='ocrx_word' id='word_1_25' title='bbox 330 254 363 285; x_wconf 77' lang='lat' dir='ltr'>Si</span> <span class='ocrx_word' id='word_1_26' title='bbox 378 251 563 293; x_wconf 67' lang='lat' dir='ltr'>ususfruttus</span> <span class='ocrx_word' id='word_1_27' title='bbox 575 257 696 292; x_wconf 77' lang='lat' dir='ltr'>petetur.</span> <span class='ocrx_word' id='word_1_28' title='bbox 727 258 879 281; x_wconf 79' lang='lat' dir='ltr'>caeterum</span> <span class='ocrx_word' id='word_1_29' title='bbox 896 247 951 280; x_wconf 86' lang='lat' dir='ltr'>etfi</span> <span class='ocrx_word' id='word_1_30' title='bbox 970 258 1025 280; x_wconf 90' lang='lat' dir='ltr'>ne-</span> 
     </span>
     <span class='ocr_line' id='line_1_5' title="bbox 151 289 1025 340; baseline -0.011 -10"><span class='ocrx_word' id='word_1_31' title='bbox 151 305 248 340; x_wconf 86' lang='lat' dir='ltr'>queat</span> <span class='ocrx_word' id='word_1_32' title='bbox 264 295 449 327; x_wconf 85' lang='lat' dir='ltr'>servitutem</span> <span class='ocrx_word' id='word_1_33' title='bbox 465 300 577 332; x_wconf 89' lang='lat' dir='ltr'>petere</span> <span class='ocrx_word' id='word_1_34' title='bbox 593 289 726 333; x_wconf 88' lang='lat' dir='ltr'>proprio</span> <span class='ocrx_word' id='word_1_35' title='bbox 744 290 893 323; x_wconf 89' lang='lat' dir='ltr'>nomine:</span> <span class='ocrx_word' id='word_1_36' title='bbox 917 297 1025 322; x_wconf 82' lang='lat' dir='ltr'>tamen</span> 
     </span>
     <span class='ocr_line' id='line_1_6' title="bbox 147 332 1026 374; baseline -0.01 -3"><span class='ocrx_word' id='word_1_37' title='bbox 147 338 281 372; x_wconf 82' lang='lat' dir='ltr'>rationis</span> <span class='ocrx_word' id='word_1_38' title='bbox 304 335 369 374; x_wconf 88' lang='lat' dir='ltr'>est,</span> <span class='ocrx_word' id='word_1_39' title='bbox 394 342 429 366; x_wconf 89' lang='lat' dir='ltr'>ut</span> <span class='ocrx_word' id='word_1_40' title='bbox 453 343 523 366; x_wconf 89' lang='lat' dir='ltr'>eam</span> <span class='ocrx_word' id='word_1_41' title='bbox 551 340 640 373; x_wconf 86' lang='lat' dir='ltr'>petat</span> <span class='ocrx_word' id='word_1_42' title='bbox 659 332 903 374; x_wconf 82' lang='lat' dir='ltr'>procuratorio:</span> <span class='ocrx_word' id='word_1_43' title='bbox 927 340 1026 371; x_wconf 90' lang='lat' dir='ltr'>quum</span> 
     </span>
     <span class='ocr_line' id='line_1_7' title="bbox 147 372 1026 421; baseline -0.007 -11"><span class='ocrx_word' id='word_1_44' title='bbox 147 377 323 421; x_wconf 79' lang='lat' dir='ltr'>praesertim</span> <span class='ocrx_word' id='word_1_45' title='bbox 348 376 494 416; x_wconf 86' lang='lat' dir='ltr'>placeat,</span> <span class='ocrx_word' id='word_1_46' title='bbox 516 384 606 412; x_wconf 87' lang='lat' dir='ltr'>eum,</span> <span class='ocrx_word' id='word_1_47' title='bbox 631 383 786 415; x_wconf 88' lang='lat' dir='ltr'>quatenus</span> <span class='ocrx_word' id='word_1_48' title='bbox 812 373 852 404; x_wconf 84' lang='lat' dir='ltr'>ad</span> <span class='ocrx_word' id='word_1_49' title='bbox 876 382 943 405; x_wconf 91' lang='lat' dir='ltr'>rem</span> <span class='ocrx_word' id='word_1_50' title='bbox 961 372 1026 404; x_wconf 89' lang='lat' dir='ltr'>fru-</span> 
     </span>
     <span class='ocr_line' id='line_1_8' title="bbox 150 414 1027 458; baseline -0.008 -6"><span class='ocrx_word' id='word_1_51' title='bbox 150 421 301 452; x_wconf 72' lang='lat' dir='ltr'>ctuariam</span> <span class='ocrx_word' id='word_1_52' title='bbox 316 417 447 458; x_wconf 88' lang='lat' dir='ltr'>ejusque</span> <span class='ocrx_word' id='word_1_53' title='bbox 462 417 530 456; x_wconf 84' lang='lat' dir='ltr'>jura</span> <span class='ocrx_word' id='word_1_54' title='bbox 545 417 680 455; x_wconf 83' lang='lat' dir='ltr'>attinet,</span> <span class='ocrx_word' id='word_1_55' title='bbox 696 424 756 456; x_wconf 91' lang='lat' dir='ltr'>pro</span> <span class='ocrx_word' id='word_1_56' title='bbox 772 414 894 446; x_wconf 89' lang='lat' dir='ltr'>domini</span> <span class='ocrx_word' id='word_1_57' title='bbox 911 424 1027 454; x_wconf 88' lang='lat' dir='ltr'>procu-</span> 
     </span>
     <span class='ocr_line' id='line_1_9' title="bbox 146 455 1027 499; baseline -0.008 -5"><span class='ocrx_word' id='word_1_58' title='bbox 146 468 254 494; x_wconf 84' lang='lat' dir='ltr'>ratore</span> <span class='ocrx_word' id='word_1_59' title='bbox 265 458 396 492; x_wconf 87' lang='lat' dir='ltr'>haberi:</span> <span class='ocrx_word' id='word_1_60' title='bbox 414 468 480 490; x_wconf 88' lang='lat' dir='ltr'>non</span> <span class='ocrx_word' id='word_1_61' title='bbox 496 459 585 499; x_wconf 90' lang='lat' dir='ltr'>quod</span> <span class='ocrx_word' id='word_1_62' title='bbox 600 457 812 489; x_wconf 85' lang='lat' dir='ltr'>intervenerit</span> <span class='ocrx_word' id='word_1_63' title='bbox 826 455 1027 488; x_wconf 87' lang='lat' dir='ltr'>manifestum</span> 
     </span>
    </p>
   </div>
   <div class='ocr_carea' id='block_1_3' title="bbox 147 497 1088 539">
    <p class='ocr_par' dir='ltr' id='par_1_3' title="bbox 147 497 1088 539">
     <span class='ocr_line' id='line_1_10' title="bbox 147 497 1088 539; baseline -0.007 -4"><span class='ocrx_word' id='word_1_64' title='bbox 147 502 271 535; x_wconf 84' lang='lat' dir='ltr'>domini</span> <span class='ocrx_word' id='word_1_65' title='bbox 288 500 491 532; x_wconf 85' lang='lat' dir='ltr'>mandatum:</span> <span class='ocrx_word' id='word_1_66' title='bbox 515 499 569 533; x_wconf 87' lang='lat' dir='ltr'>sed</span> <span class='ocrx_word' id='word_1_67' title='bbox 589 499 662 539; x_wconf 92' lang='lat' dir='ltr'>quia</span> <span class='ocrx_word' id='word_1_68' title='bbox 680 499 709 529; x_wconf 92' lang='lat' dir='ltr'>ei</span> <span class='ocrx_word' id='word_1_69' title='bbox 727 497 878 530; x_wconf 91' lang='lat' dir='ltr'>dominus</span> <span class='ocrx_word' id='word_1_70' title='bbox 896 507 964 529; x_wconf 89' lang='lat' dir='ltr'>rem</span> <span class='ocrx_word' id='word_1_71' title='bbox 982 497 1027 529; x_wconf 84' lang='lat' dir='ltr'>su·</span> <span class='ocrx_word' id='word_1_72' title='bbox 1069 497 1088 539; x_wconf 55' lang='grc' dir='ltr'>ᾗ</span> 
     </span>
    </p>
   </div>
   <div class='ocr_carea' id='block_1_4' title="bbox 141 539 1030 1783">
    <p class='ocr_par' dir='ltr' id='par_1_4' title="bbox 145 539 1028 1038">
     <span class='ocr_line' id='line_1_11' title="bbox 147 539 1024 575; baseline -0.006 0"><span class='ocrx_word' id='word_1_73' title='bbox 147 552 198 575; x_wconf 86' lang='lat' dir='ltr'>arn</span> <span class='ocrx_word' id='word_1_74' title='bbox 218 542 349 574; x_wconf 88' lang='lat' dir='ltr'>tradidit</span> <span class='ocrx_word' id='word_1_75' title='bbox 363 542 517 574; x_wconf 85' lang='lat' dir='ltr'>utendam</span> <span class='ocrx_word' id='word_1_76' title='bbox 533 540 701 572; x_wconf 81' lang='lat' dir='ltr'>fruendam</span> <span class='ocrx_word' id='word_1_77' title='bbox 714 539 866 571; x_wconf 88' lang='lat' dir='ltr'>arbitratu</span> <span class='ocrx_word' id='word_1_78' title='bbox 881 539 961 571; x_wconf 91' lang='lat' dir='ltr'>boni</span> <span class='ocrx_word' id='word_1_79' title='bbox 979 540 1024 570; x_wconf 91' lang='lat' dir='ltr'>vi-</span> 
     </span>
     <span class='ocr_line' id='line_1_12' title="bbox 145 580 1023 624; baseline -0.007 -7"><span class='ocrx_word' id='word_1_80' title='bbox 145 585 192 617; x_wconf 81' lang='lat' dir='ltr'>ri:</span> <span class='ocrx_word' id='word_1_81' title='bbox 215 583 345 624; x_wconf 82' lang='lat' dir='ltr'>ass&#39;ueti‚</span> <span class='ocrx_word' id='word_1_82' title='bbox 370 593 440 615; x_wconf 83' lang='lat' dir='ltr'>eam</span> <span class='ocrx_word' id='word_1_83' title='bbox 466 583 596 623; x_wconf 84' lang='lat' dir='ltr'>ejusque</span> <span class='ocrx_word' id='word_1_84' title='bbox 610 583 678 623; x_wconf 85' lang='lat' dir='ltr'>jura</span> <span class='ocrx_word' id='word_1_85' title='bbox 694 580 864 612; x_wconf 86' lang='lat' dir='ltr'>custodire.</span> <span class='ocrx_word' id='word_1_86' title='bbox 896 581 985 621; x_wconf 90' lang='lat' dir='ltr'>quod</span> <span class='ocrx_word' id='word_1_87' title='bbox 1002 580 1023 612; x_wconf 86' lang='lat' dir='ltr'>si</span> 
     </span>
     <span class='ocr_line' id='line_1_13' title="bbox 146 621 1022 666; baseline -0.007 -8"><span class='ocrx_word' id='word_1_88' title='bbox 146 624 211 658; x_wconf 87' lang='lat' dir='ltr'>est:</span> <span class='ocrx_word' id='word_1_89' title='bbox 234 633 403 666; x_wconf 80' lang='lat' dir='ltr'>putemuS,</span> <span class='ocrx_word' id='word_1_90' title='bbox 419 625 585 657; x_wconf 88' lang='lat' dir='ltr'>dominum</span> <span class='ocrx_word' id='word_1_91' title='bbox 603 633 659 664; x_wconf 87' lang='lat' dir='ltr'>per</span> <span class='ocrx_word' id='word_1_92' title='bbox 675 621 939 661; x_wconf 83' lang='lat' dir='ltr'>consequentiam</span> <span class='ocrx_word' id='word_1_93' title='bbox 959 622 1022 653; x_wconf 86' lang='lat' dir='ltr'>dati</span> 
     </span>
     <span class='ocr_line' id='line_1_14' title="bbox 145 663 1023 707; baseline -0.006 -8"><span class='ocrx_word' id='word_1_94' title='bbox 145 665 342 699; x_wconf 66' lang='lat' dir='ltr'>ususfructus</span> <span class='ocrx_word' id='word_1_95' title='bbox 367 666 478 707; x_wconf 88' lang='lat' dir='ltr'>praedii</span> <span class='ocrx_word' id='word_1_96' title='bbox 495 667 545 697; x_wconf 89' lang='lat' dir='ltr'>cui</span> <span class='ocrx_word' id='word_1_97' title='bbox 565 673 731 706; x_wconf 84' lang='lat' dir='ltr'>competat</span> <span class='ocrx_word' id='word_1_98' title='bbox 749 663 902 703; x_wconf 88' lang='lat' dir='ltr'>servitus,</span> <span class='ocrx_word' id='word_1_99' title='bbox 927 664 1023 695; x_wconf 78' lang='lat' dir='ltr'>etiam</span> 
     </span>
     <span class='ocr_line' id='line_1_15' title="bbox 145 704 1024 749; baseline -0.007 -8"><span class='ocrx_word' id='word_1_100' title='bbox 145 709 313 749; x_wconf 86' lang='lat' dir='ltr'>utriusque</span> <span class='ocrx_word' id='word_1_101' title='bbox 336 717 445 741; x_wconf 86' lang='lat' dir='ltr'>curam</span> <span class='ocrx_word' id='word_1_102' title='bbox 467 716 504 739; x_wconf 89' lang='lat' dir='ltr'>ac</span> <span class='ocrx_word' id='word_1_103' title='bbox 530 706 708 738; x_wconf 87' lang='lat' dir='ltr'>custodiam</span> <span class='ocrx_word' id='word_1_104' title='bbox 734 704 910 737; x_wconf 74' lang='lat' dir='ltr'>fructuario</span> <span class='ocrx_word' id='word_1_105' title='bbox 937 714 1024 736; x_wconf 89' lang='lat' dir='ltr'>com-</span> 
     </span>
     <span class='ocr_line' id='line_1_16' title="bbox 146 746 1025 791; baseline -0.007 -8"><span class='ocrx_word' id='word_1_106' title='bbox 146 750 310 783; x_wconf 83' lang='lat' dir='ltr'>mendasse</span> <span class='ocrx_word' id='word_1_107' title='bbox 335 751 354 782; x_wconf 88' lang='lat' dir='ltr'>l.</span> <span class='ocrx_word' id='word_1_108' title='bbox 381 759 405 781; x_wconf 91' lang='lat'>1.</span> <span class='ocrx_word' id='word_1_109' title='bbox 436 749 465 791; x_wconf 83' lang='lat'>§.</span> <span class='ocrx_word' id='word_1_110' title='bbox 489 748 542 781; x_wconf 80' lang='lat' dir='ltr'>ult.</span> <span class='ocrx_word' id='word_1_111' title='bbox 562 747 598 783; x_wconf 63' lang='grc' dir='ltr'>ὅ)</span> <span class='ocrx_word' id='word_1_112' title='bbox 613 748 632 780; x_wconf 81' lang='lat' dir='ltr'>l.</span> <span class='ocrx_word' id='word_1_113' title='bbox 652 757 680 779; x_wconf 84' lang='lat'>2.</span> <span class='ocrx_word' id='word_1_114' title='bbox 699 746 742 779; x_wconf 87' lang='lat' dir='ltr'>D.</span> <span class='ocrx_word' id='word_1_115' title='bbox 773 746 1025 786; x_wconf 61' lang='lat' dir='ltr'>Usufrutfi&#39;tuarius</span> 
     </span>
     <span class='ocr_line' id='line_1_17' title="bbox 148 788 1025 834; baseline -0.006 -10"><span class='ocrx_word' id='word_1_116' title='bbox 148 793 391 834; x_wconf 80' lang='lat' dir='ltr'>quemadmodum</span> <span class='ocrx_word' id='word_1_117' title='bbox 406 796 518 822; x_wconf 75' lang='lat' dir='ltr'>caveat.</span> <span class='ocrx_word' id='word_1_118' title='bbox 543 790 595 822; x_wconf 90' lang='lat' dir='ltr'>illa</span> <span class='ocrx_word' id='word_1_119' title='bbox 612 798 711 830; x_wconf 93' lang='lat' dir='ltr'>porro</span> <span class='ocrx_word' id='word_1_120' title='bbox 728 798 798 829; x_wconf 87' lang='lat' dir='ltr'>quae</span> <span class='ocrx_word' id='word_1_121' title='bbox 815 788 886 820; x_wconf 74' lang='lat' dir='ltr'>est?</span> <span class='ocrx_word' id='word_1_122' title='bbox 902 788 955 820; x_wconf 86' lang='lat' dir='ltr'>nifi</span> <span class='ocrx_word' id='word_1_123' title='bbox 974 788 1025 820; x_wconf 87' lang='lat' dir='ltr'>ha-</span> 
     </span>
     <span class='ocr_line' id='line_1_18' title="bbox 146 830 1028 874; baseline -0.005 -9"><span class='ocrx_word' id='word_1_124' title='bbox 146 833 223 865; x_wconf 89' lang='lat' dir='ltr'>beat</span> <span class='ocrx_word' id='word_1_125' title='bbox 235 835 284 874; x_wconf 77' lang='lat' dir='ltr'>Jus</span> <span class='ocrx_word' id='word_1_126' title='bbox 299 833 408 864; x_wconf 90' lang='lat' dir='ltr'>tuendi</span> <span class='ocrx_word' id='word_1_127' title='bbox 427 831 614 864; x_wconf 85' lang='lat' dir='ltr'>servitutem</span> <span class='ocrx_word' id='word_1_128' title='bbox 631 830 752 872; x_wconf 83' lang='lat' dir='ltr'>praedio</span> <span class='ocrx_word' id='word_1_129' title='bbox 768 830 920 862; x_wconf 81' lang='lat' dir='ltr'>debitam.</span> <span class='ocrx_word' id='word_1_130' title='bbox 944 839 1028 861; x_wconf 89' lang='lat' dir='ltr'>man-</span> 
     </span>
     <span class='ocr_line' id='line_1_19' title="bbox 149 871 1028 916; baseline -0.005 -10"><span class='ocrx_word' id='word_1_131' title='bbox 149 875 223 906; x_wconf 89' lang='lat' dir='ltr'>data</span> <span class='ocrx_word' id='word_1_132' title='bbox 239 875 335 916; x_wconf 90' lang='lat' dir='ltr'>igitur</span> <span class='ocrx_word' id='word_1_133' title='bbox 349 873 524 906; x_wconf 62' lang='lat' dir='ltr'>fructuario</span> <span class='ocrx_word' id='word_1_134' title='bbox 541 882 615 908; x_wconf 87' lang='lat' dir='ltr'>cura</span> <span class='ocrx_word' id='word_1_135' title='bbox 631 882 667 904; x_wconf 90' lang='lat' dir='ltr'>ac</span> <span class='ocrx_word' id='word_1_136' title='bbox 683 872 823 903; x_wconf 85' lang='lat' dir='ltr'>custodia</span> <span class='ocrx_word' id='word_1_137' title='bbox 839 871 948 913; x_wconf 87' lang='lat' dir='ltr'>praedii</span> <span class='ocrx_word' id='word_1_138' title='bbox 964 871 1028 903; x_wconf 87' lang='lat' dir='ltr'>fru-</span> 
     </span>
     <span class='ocr_line' id='line_1_20' title="bbox 149 913 1028 955; baseline -0.006 -7"><span class='ocrx_word' id='word_1_139' title='bbox 149 915 276 955; x_wconf 69' lang='lat' dir='ltr'>Etuarii,</span> <span class='ocrx_word' id='word_1_140' title='bbox 300 917 398 948; x_wconf 90' lang='lat' dir='ltr'>etiam</span> <span class='ocrx_word' id='word_1_141' title='bbox 422 916 570 947; x_wconf 90' lang='lat' dir='ltr'>mandata</span> <span class='ocrx_word' id='word_1_142' title='bbox 587 915 631 946; x_wconf 89' lang='lat' dir='ltr'>illi</span> <span class='ocrx_word' id='word_1_143' title='bbox 649 913 836 954; x_wconf 84' lang='lat' dir='ltr'>intelligitur</span> <span class='ocrx_word' id='word_1_144' title='bbox 853 913 1028 944; x_wconf 83' lang='lat' dir='ltr'>vindicatio</span> 
     </span>
     <span class='ocr_line' id='line_1_21' title="bbox 148 954 1028 998; baseline -0.003 -10"><span class='ocrx_word' id='word_1_145' title='bbox 148 957 339 990; x_wconf 86' lang='lat' dir='ltr'>servitutum</span> <span class='ocrx_word' id='word_1_146' title='bbox 363 957 474 998; x_wconf 86' lang='lat' dir='ltr'>praedii</span> <span class='ocrx_word' id='word_1_147' title='bbox 501 956 684 994; x_wconf 72' lang='lat' dir='ltr'>fructuarii,</span> <span class='ocrx_word' id='word_1_148' title='bbox 708 956 780 996; x_wconf 90' lang='lat' dir='ltr'>quia</span> <span class='ocrx_word' id='word_1_149' title='bbox 806 954 948 995; x_wconf 85' lang='lat' dir='ltr'>alioquin</span> <span class='ocrx_word' id='word_1_150' title='bbox 975 955 1028 986; x_wconf 84' lang='lat' dir='ltr'>vix</span> 
     </span>
     <span class='ocr_line' id='line_1_22' title="bbox 149 996 781 1038; baseline -0.005 -7"><span class='ocrx_word' id='word_1_151' title='bbox 149 1001 233 1031; x_wconf 87' lang='lat' dir='ltr'>tueri</span> <span class='ocrx_word' id='word_1_152' title='bbox 249 999 278 1031; x_wconf 71' lang='grc' dir='ltr'>ὅ(</span> <span class='ocrx_word' id='word_1_153' title='bbox 298 998 462 1031; x_wconf 87' lang='lat' dir='ltr'>custodire</span> <span class='ocrx_word' id='word_1_154' title='bbox 480 998 648 1031; x_wconf 87' lang='lat' dir='ltr'>servitutes</span> <span class='ocrx_word' id='word_1_155' title='bbox 664 996 781 1038; x_wconf 90' lang='lat' dir='ltr'>potest.</span> 
     </span>
    </p>

    <p class='ocr_par' dir='ltr' id='par_1_5' title="bbox 141 1037 1030 1783">
     <span class='ocr_line' id='line_1_23' title="bbox 191 1037 1029 1083; baseline -0.005 -11"><span class='ocrx_word' id='word_1_156' title='bbox 191 1040 291 1083; x_wconf 86' lang='lat' dir='ltr'>Quod</span> <span class='ocrx_word' id='word_1_157' title='bbox 318 1041 383 1072; x_wconf 85' lang='lat' dir='ltr'>dixi</span> <span class='ocrx_word' id='word_1_158' title='bbox 410 1040 451 1072; x_wconf 90' lang='lat' dir='ltr'>de</span> <span class='ocrx_word' id='word_1_159' title='bbox 473 1040 693 1072; x_wconf 89' lang='lat' dir='ltr'>vindicatione</span> <span class='ocrx_word' id='word_1_160' title='bbox 717 1037 879 1069; x_wconf 85' lang='lat' dir='ltr'>servitutis</span> <span class='ocrx_word' id='word_1_161' title='bbox 894 1061 903 1077; x_wconf 92' lang='lat'>‚</span> <span class='ocrx_word' id='word_1_162' title='bbox 926 1038 1029 1069; x_wconf 88' lang='lat' dir='ltr'>dicam</span> 
     </span>
     <span class='ocr_line' id='line_1_24' title="bbox 147 1080 1029 1122; baseline -0.005 -9"><span class='ocrx_word' id='word_1_163' title='bbox 147 1080 188 1114; x_wconf 90' lang='lat' dir='ltr'>de</span> <span class='ocrx_word' id='word_1_164' title='bbox 202 1082 281 1114; x_wconf 89' lang='lat' dir='ltr'>novi</span> <span class='ocrx_word' id='word_1_165' title='bbox 291 1083 399 1122; x_wconf 87' lang='lat' dir='ltr'>operis</span> <span class='ocrx_word' id='word_1_166' title='bbox 415 1082 640 1113; x_wconf 88' lang='lat' dir='ltr'>nunciatione:</span> <span class='ocrx_word' id='word_1_167' title='bbox 660 1080 726 1121; x_wconf 89' lang='lat' dir='ltr'>pari</span> <span class='ocrx_word' id='word_1_168' title='bbox 744 1080 827 1111; x_wconf 88' lang='lat' dir='ltr'>enim</span> <span class='ocrx_word' id='word_1_169' title='bbox 846 1080 1029 1120; x_wconf 89' lang='lat' dir='ltr'>procedunt</span> 
     </span>
     <span class='ocr_line' id='line_1_25' title="bbox 148 1119 1027 1165; baseline -0.003 -11"><span class='ocrx_word' id='word_1_170' title='bbox 148 1122 246 1164; x_wconf 84' lang='lat' dir='ltr'>pass&#39;u.</span> <span class='ocrx_word' id='word_1_171' title='bbox 275 1123 386 1155; x_wconf 61' lang='lat' dir='ltr'>auctor</span> <span class='ocrx_word' id='word_1_172' title='bbox 410 1122 568 1165; x_wconf 84' lang='lat' dir='ltr'>Ulpianus</span> <span class='ocrx_word' id='word_1_173' title='bbox 587 1123 606 1153; x_wconf 86' lang='lat' dir='ltr'>l.</span> <span class='ocrx_word' id='word_1_174' title='bbox 632 1131 657 1153; x_wconf 90' lang='grc' dir='ltr'>ι.</span> <span class='ocrx_word' id='word_1_175' title='bbox 674 1121 703 1163; x_wconf 84' lang='lat'>§.</span> <span class='ocrx_word' id='word_1_176' title='bbox 722 1120 776 1153; x_wconf 84' lang='lat' dir='ltr'>ult.</span> <span class='ocrx_word' id='word_1_177' title='bbox 798 1119 842 1152; x_wconf 91' lang='lat' dir='ltr'>D.</span> <span class='ocrx_word' id='word_1_178' title='bbox 865 1122 898 1151; x_wconf 84' lang='lat' dir='ltr'>de</span> <span class='ocrx_word' id='word_1_179' title='bbox 912 1122 982 1151; x_wconf 76' lang='lat' dir='ltr'>novi</span> <span class='ocrx_word' id='word_1_180' title='bbox 999 1131 1027 1151; x_wconf 84' lang='grc' dir='ltr'>ο-</span> 
     </span>
     <span class='ocr_line' id='line_1_26' title="bbox 141 1163 1028 1206; baseline -0.006 -9"><span class='ocrx_word' id='word_1_181' title='bbox 141 1166 222 1206; x_wconf 78' lang='lat' dir='ltr'>peris</span> <span class='ocrx_word' id='word_1_182' title='bbox 237 1166 445 1202; x_wconf 79' lang='lat' dir='ltr'>nunciatione,·</span> <span class='ocrx_word' id='word_1_183' title='bbox 469 1163 682 1202; x_wconf 67' lang='lat' dir='ltr'>Frubiuarz&#39;us,</span> <span class='ocrx_word' id='word_1_184' title='bbox 698 1163 845 1200; x_wconf 75' lang='lat' dir='ltr'>inquiens</span> <span class='ocrx_word' id='word_1_185' title='bbox 857 1185 866 1201; x_wconf 95' lang='lat'>‚</span> <span class='ocrx_word' id='word_1_186' title='bbox 891 1170 961 1203; x_wconf 84' lang='lat' dir='ltr'>opus</span> <span class='ocrx_word' id='word_1_187' title='bbox 978 1172 1028 1193; x_wconf 86' lang='lat' dir='ltr'>no-</span> 
     </span>
     <span class='ocr_line' id='line_1_27' title="bbox 148 1202 1028 1246; baseline -0.007 -7"><span class='ocrx_word' id='word_1_188' title='bbox 148 1216 221 1238; x_wconf 81' lang='lat' dir='ltr'>vum</span> <span class='ocrx_word' id='word_1_189' title='bbox 235 1208 376 1238; x_wconf 82' lang='lat' dir='ltr'>nunciare</span> <span class='ocrx_word' id='word_1_190' title='bbox 382 1206 440 1246; x_wconf 86' lang='lat' dir='ltr'>suo</span> <span class='ocrx_word' id='word_1_191' title='bbox 464 1207 577 1237; x_wconf 78' lang='lat' dir='ltr'>nomine</span> <span class='ocrx_word' id='word_1_192' title='bbox 594 1215 651 1236; x_wconf 84' lang='lat' dir='ltr'>non</span> <span class='ocrx_word' id='word_1_193' title='bbox 673 1202 779 1245; x_wconf 76' lang='lat' dir='ltr'>potest:</span> <span class='ocrx_word' id='word_1_194' title='bbox 794 1203 847 1243; x_wconf 80' lang='lat' dir='ltr'>sed</span> <span class='ocrx_word' id='word_1_195' title='bbox 859 1210 1028 1244; x_wconf 80' lang='lat' dir='ltr'>procurato-</span> 
     </span>
     <span class='ocr_line' id='line_1_28' title="bbox 147 1246 1028 1289; baseline -0.005 -10"><span class='ocrx_word' id='word_1_196' title='bbox 147 1249 189 1280; x_wconf 80' lang='lat' dir='ltr'>rio</span> <span class='ocrx_word' id='word_1_197' title='bbox 205 1249 320 1280; x_wconf 79' lang='lat' dir='ltr'>nomine</span> <span class='ocrx_word' id='word_1_198' title='bbox 337 1249 478 1279; x_wconf 83' lang='lat' dir='ltr'>nunciare</span> <span class='ocrx_word' id='word_1_199' title='bbox 488 1248 596 1289; x_wconf 80' lang='lat' dir='ltr'>poterit</span> <span class='ocrx_word' id='word_1_200' title='bbox 607 1270 616 1284; x_wconf 96' lang='lat'>,</span> <span class='ocrx_word' id='word_1_201' title='bbox 640 1253 691 1277; x_wconf 77' lang='lat' dir='ltr'>aut</span> <span class='ocrx_word' id='word_1_202' title='bbox 708 1246 860 1276; x_wconf 80' lang='lat' dir='ltr'>vindicare</span> <span class='ocrx_word' id='word_1_203' title='bbox 877 1246 1028 1284; x_wconf 78' lang='lat' dir='ltr'>usumfru-</span> 
     </span>
     <span class='ocr_line' id='line_1_29' title="bbox 148 1287 1029 1330; baseline -0.007 -9"><span class='ocrx_word' id='word_1_204' title='bbox 148 1288 228 1321; x_wconf 65' lang='grc' dir='ltr'><em>θέωνι</em></span> <span class='ocrx_word' id='word_1_205' title='bbox 250 1291 286 1321; x_wconf 84' lang='lat' dir='ltr'>ab</span> <span class='ocrx_word' id='word_1_206' title='bbox 307 1299 336 1321; x_wconf 86' lang='lat' dir='ltr'>eo</span> <span class='ocrx_word' id='word_1_207' title='bbox 359 1291 413 1330; x_wconf 84' lang='lat' dir='ltr'>qui</span> <span class='ocrx_word' id='word_1_208' title='bbox 433 1296 503 1330; x_wconf 84' lang='lat' dir='ltr'>opus</span> <span class='ocrx_word' id='word_1_209' title='bbox 518 1298 628 1320; x_wconf 79' lang='lat' dir='ltr'>novum</span> <span class='ocrx_word' id='word_1_210' title='bbox 645 1287 767 1325; x_wconf 79' lang='lat' dir='ltr'>faciat.-</span> <span class='ocrx_word' id='word_1_211' title='bbox 789 1296 851 1326; x_wconf 71' lang='lat' dir='ltr'>quse</span> <span class='ocrx_word' id='word_1_212' title='bbox 867 1287 1029 1317; x_wconf 61' lang='lat' dir='ltr'>vindicatio</span> 
     </span>
     <span class='ocr_line' id='line_1_30' title="bbox 146 1327 1030 1373; baseline -0.007 -10"><span class='ocrx_word' id='word_1_213' title='bbox 146 1329 296 1373; x_wconf 71' lang='lat' dir='ltr'>praestabit</span> <span class='ocrx_word' id='word_1_214' title='bbox 312 1333 338 1362; x_wconf 81' lang='lat' dir='ltr'>ei</span> <span class='ocrx_word' id='word_1_215' title='bbox 360 1331 436 1372; x_wconf 83' lang='lat' dir='ltr'>quod</span> <span class='ocrx_word' id='word_1_216' title='bbox 451 1331 513 1372; x_wconf 79' lang='lat' dir='ltr'>ejus</span> <span class='ocrx_word' id='word_1_217' title='bbox 530 1329 684 1368; x_wconf 75' lang='lat' dir='ltr'>interfuit,</span> <span class='ocrx_word' id='word_1_218' title='bbox 708 1335 776 1369; x_wconf 83' lang='lat' dir='ltr'>opus</span> <span class='ocrx_word' id='word_1_219' title='bbox 793 1336 901 1358; x_wconf 71' lang='lat' dir='ltr'>novum</span> <span class='ocrx_word' id='word_1_220' title='bbox 917 1327 1030 1365; x_wconf 64' lang='lat' dir='ltr'>fabium</span> 
     </span>
     <span class='ocr_line' id='line_1_31' title="bbox 149 1368 1027 1413; baseline -0.005 -9"><span class='ocrx_word' id='word_1_221' title='bbox 149 1381 209 1406; x_wconf 85' lang='lat' dir='ltr'>non</span> <span class='ocrx_word' id='word_1_222' title='bbox 224 1372 286 1413; x_wconf 61' lang='lat' dir='ltr'>effe.</span> <span class='ocrx_word' id='word_1_223' title='bbox 316 1372 360 1403; x_wconf 89' lang='lat' dir='ltr'>At</span> <span class='ocrx_word' id='word_1_224' title='bbox 377 1374 462 1405; x_wconf 90' lang='lat' dir='ltr'>enim</span> <span class='ocrx_word' id='word_1_225' title='bbox 480 1373 564 1403; x_wconf 89' lang='lat' dir='ltr'>idem</span> <span class='ocrx_word' id='word_1_226' title='bbox 583 1369 739 1410; x_wconf 80' lang='lat' dir='ltr'>Ulpianus</span> <span class='ocrx_word' id='word_1_227' title='bbox 757 1370 774 1400; x_wconf 82' lang='lat' dir='ltr'>l.</span> <span class='ocrx_word' id='word_1_228' title='bbox 793 1370 870 1399; x_wconf 79' lang='lat' dir='ltr'>unic.</span> <span class='ocrx_word' id='word_1_229' title='bbox 889 1368 918 1410; x_wconf 82' lang='lat'>§.</span> <span class='ocrx_word' id='word_1_230' title='bbox 935 1379 965 1407; x_wconf 87' lang='lat'>4.</span> <span class='ocrx_word' id='word_1_231' title='bbox 986 1368 1027 1400; x_wconf 92' lang='lat' dir='ltr'>D.</span> 
     </span>
     <span class='ocr_line' id='line_1_32' title="bbox 150 1409 1028 1454; baseline -0.008 -8"><span class='ocrx_word' id='word_1_232' title='bbox 150 1412 428 1454; x_wconf 77' lang='lat' dir='ltr'>de&#39;remtffionibus,</span> <span class='ocrx_word' id='word_1_233' title='bbox 452 1413 596 1453; x_wconf 83' lang='lat' dir='ltr'>Juliano‚</span> <span class='ocrx_word' id='word_1_234' title='bbox 620 1411 743 1451; x_wconf 85' lang='lat' dir='ltr'>inquit,</span> <span class='ocrx_word' id='word_1_235' title='bbox 759 1411 871 1451; x_wconf 71' lang='lat' dir='ltr'>piacet,</span> <span class='ocrx_word' id='word_1_236' title='bbox 888 1409 1028 1447; x_wconf 68' lang='lat' dir='ltr'>frutina-</span> 
     </span>
     <span class='ocr_line' id='line_1_33' title="bbox 149 1450 1027 1493; baseline -0.009 -5"><span class='ocrx_word' id='word_1_237' title='bbox 149 1454 193 1488; x_wconf 55' lang='lat' dir='ltr'>r&#39;io</span> <span class='ocrx_word' id='word_1_238' title='bbox 217 1456 468 1488; x_wconf 71' lang='lat' dir='ltr'>vindicandarum</span> <span class='ocrx_word' id='word_1_239' title='bbox 487 1455 667 1492; x_wconf 67' lang='lat' dir='ltr'>servitutum</span> <span class='ocrx_word' id='word_1_240' title='bbox 692 1452 745 1493; x_wconf 86' lang='lat' dir='ltr'>jus</span> <span class='ocrx_word' id='word_1_241' title='bbox 773 1450 834 1491; x_wconf 83' lang='lat' dir='ltr'>effe.</span> <span class='ocrx_word' id='word_1_242' title='bbox 863 1450 1027 1488; x_wconf 77' lang='lat' dir='ltr'>¹secundum</span> 
     </span>
     <span class='ocr_line' id='line_1_34' title="bbox 149 1491 1026 1538; baseline -0.008 -9"><span class='ocrx_word' id='word_1_243' title='bbox 149 1498 228 1538; x_wconf 77' lang='lat' dir='ltr'>quod</span> <span class='ocrx_word' id='word_1_244' title='bbox 243 1503 313 1538; x_wconf 85' lang='lat' dir='ltr'>opus</span> <span class='ocrx_word' id='word_1_245' title='bbox 327 1505 438 1527; x_wconf 83' lang='lat' dir='ltr'>novum</span> <span class='ocrx_word' id='word_1_246' title='bbox 451 1497 591 1526; x_wconf 75' lang='lat' dir='ltr'>nunciare</span> <span class='ocrx_word' id='word_1_247' title='bbox 601 1495 707 1533; x_wconf 76' lang='lat' dir='ltr'>poterit</span> <span class='ocrx_word' id='word_1_248' title='bbox 721 1493 819 1523; x_wconf 76' lang='lat' dir='ltr'>vicino</span> <span class='ocrx_word' id='word_1_249' title='bbox 830 1515 839 1530; x_wconf 95' lang='lat'>‚</span> <span class='ocrx_word' id='word_1_250' title='bbox 857 1491 893 1526; x_wconf 58' lang='grc' dir='ltr'>ὅ)</span> <span class='ocrx_word' id='word_1_251' title='bbox 908 1491 1026 1532; x_wconf 81' lang='lat' dir='ltr'>remiffio</span> 
     </span>
     <span class='ocr_line' id='line_1_35' title="bbox 146 1531 1026 1575; baseline -0.008 -5"><span class='ocrx_word' id='word_1_252' title='bbox 146 1537 231 1571; x_wconf 74' lang='lat' dir='ltr'>utilis</span> <span class='ocrx_word' id='word_1_253' title='bbox 244 1539 317 1568; x_wconf 80' lang='lat' dir='ltr'>erit.-</span> <span class='ocrx_word' id='word_1_254' title='bbox 340 1534 394 1575; x_wconf 83' lang='lat' dir='ltr'>ipfi</span> <span class='ocrx_word' id='word_1_255' title='bbox 417 1541 518 1567; x_wconf 82' lang='lat' dir='ltr'>autem</span> <span class='ocrx_word' id='word_1_256' title='bbox 534 1535 645 1566; x_wconf 83' lang='lat' dir='ltr'>domino</span> <span class='ocrx_word' id='word_1_257' title='bbox 659 1534 762 1574; x_wconf 83' lang='lat' dir='ltr'>praedii</span> <span class='ocrx_word' id='word_1_258' title='bbox 774 1531 803 1571; x_wconf 85' lang='lat' dir='ltr'><em>fi</em></span> <span class='ocrx_word' id='word_1_259' title='bbox 820 1534 1026 1572; x_wconf 79' lang='lat' dir='ltr'>nunciaverit,</span> 
     </span>
     <span class='ocr_line' id='line_1_36' title="bbox 146 1574 1027 1620; baseline -0.007 -9"><span class='ocrx_word' id='word_1_260' title='bbox 146 1576 267 1620; x_wconf 77' lang='lat' dir='ltr'>remifflo</span> <span class='ocrx_word' id='word_1_261' title='bbox 292 1577 407 1609; x_wconf 80' lang='lat' dir='ltr'>inutilis</span> <span class='ocrx_word' id='word_1_262' title='bbox 429 1581 494 1608; x_wconf 75' lang='lat' dir='ltr'>erit.</span> <span class='ocrx_word' id='word_1_263' title='bbox 524 1585 615 1617; x_wconf 84' lang='lat' dir='ltr'>neque</span> <span class='ocrx_word' id='word_1_264' title='bbox 623 1574 702 1614; x_wconf 85' lang='lat' dir='ltr'>ficut</span> <span class='ocrx_word' id='word_1_265' title='bbox 721 1575 861 1614; x_wconf 77' lang='lat' dir='ltr'>adversus</span> <span class='ocrx_word' id='word_1_266' title='bbox 877 1576 1027 1613; x_wconf 84' lang='lat' dir='ltr'>vicinum,</span> 
     </span>
     <span class='ocr_line' id='line_1_37' title="bbox 145 1614 1029 1660; baseline -0.006 -8"><span class='ocrx_word' id='word_1_267' title='bbox 145 1622 190 1659; x_wconf 76' lang='lat' dir='ltr'>ita</span> <span class='ocrx_word' id='word_1_268' title='bbox 208 1620 348 1660; x_wconf 72' lang='lat' dir='ltr'>adversus</span> <span class='ocrx_word' id='word_1_269' title='bbox 372 1619 520 1650; x_wconf 84' lang='lat' dir='ltr'>dominum</span> <span class='ocrx_word' id='word_1_270' title='bbox 544 1626 629 1659; x_wconf 79' lang='lat' dir='ltr'>agere</span> <span class='ocrx_word' id='word_1_271' title='bbox 650 1614 759 1657; x_wconf 78' lang='lat' dir='ltr'>potest,</span> <span class='ocrx_word' id='word_1_272' title='bbox 778 1617 831 1658; x_wconf 87' lang='lat' dir='ltr'>jus</span> <span class='ocrx_word' id='word_1_273' title='bbox 855 1617 882 1647; x_wconf 82' lang='lat' dir='ltr'>ei</span> <span class='ocrx_word' id='word_1_274' title='bbox 903 1626 961 1648; x_wconf 82' lang='lat' dir='ltr'>non</span> <span class='ocrx_word' id='word_1_275' title='bbox 978 1616 1029 1656; x_wconf 74' lang='lat' dir='ltr'>effe</span> 
     </span>
     <span class='ocr_line' id='line_1_38' title="bbox 145 1657 1029 1700; baseline -0.007 -6"><span class='ocrx_word' id='word_1_276' title='bbox 145 1661 242 1695; x_wconf 80' lang='lat' dir='ltr'>invito</span> <span class='ocrx_word' id='word_1_277' title='bbox 249 1661 284 1700; x_wconf 83' lang='lat' dir='ltr'>se</span> <span class='ocrx_word' id='word_1_278' title='bbox 300 1660 390 1692; x_wconf 76' lang='lat' dir='ltr'>alcius·</span> <span class='ocrx_word' id='word_1_279' title='bbox 406 1659 557 1700; x_wconf 82' lang='lat' dir='ltr'>aedz&#39;ficare.</span> <span class='ocrx_word' id='word_1_280' title='bbox 577 1659 627 1697; x_wconf 66' lang='lat' dir='ltr'>fied</span> <span class='ocrx_word' id='word_1_281' title='bbox 639 1658 666 1697; x_wconf 86' lang='lat' dir='ltr'>si</span> <span class='ocrx_word' id='word_1_282' title='bbox 675 1659 725 1689; x_wconf 81' lang='lat' dir='ltr'>hoc</span> <span class='ocrx_word' id='word_1_283' title='bbox 735 1657 822 1698; x_wconf 65' lang='lat' dir='ltr'>fatto</span> <span class='ocrx_word' id='word_1_284' title='bbox 840 1657 1029 1698; x_wconf 66' lang='lat' dir='ltr'>ususfrutius</span> 
     </span>
     <span class='ocr_line' id='line_1_39' title="bbox 146 1699 1030 1742; baseline -0.007 -6"><span class='ocrx_word' id='word_1_285' title='bbox 146 1703 269 1736; x_wconf 76' lang='lat' dir='ltr'>deterior</span> <span class='ocrx_word' id='word_1_286' title='bbox 277 1702 337 1742; x_wconf 79' lang='lat' dir='ltr'>fiat</span> <span class='ocrx_word' id='word_1_287' title='bbox 348 1725 359 1742; x_wconf 87' lang='lat'>,</span> <span class='ocrx_word' id='word_1_288' title='bbox 374 1708 467 1741; x_wconf 80' lang='lat' dir='ltr'>petere</span> <span class='ocrx_word' id='word_1_289' title='bbox 481 1699 698 1741; x_wconf 57' lang='lat' dir='ltr'>usumfructum</span> <span class='ocrx_word' id='word_1_290' title='bbox 713 1701 829 1731; x_wconf 79' lang='lat' dir='ltr'>debebit.</span> <span class='ocrx_word' id='word_1_291' title='bbox 852 1699 905 1731; x_wconf 93' lang='lat' dir='ltr'>Sic</span> <span class='ocrx_word' id='word_1_292' title='bbox 921 1699 1030 1741; x_wconf 86' lang='lat' dir='ltr'>Ulpia-</span> 
     </span>
     <span class='ocr_line' id='line_1_40' title="bbox 146 1740 1030 1783; baseline -0.007 -5"><span class='ocrx_word' id='word_1_293' title='bbox 146 1754 226 1778; x_wconf 84' lang='lat' dir='ltr'>nus:</span> <span class='ocrx_word' id='word_1_294' title='bbox 249 1754 311 1777; x_wconf 90' lang='lat' dir='ltr'>nec</span> <span class='ocrx_word' id='word_1_295' title='bbox 328 1743 475 1783; x_wconf 91' lang='lat' dir='ltr'>inficior,</span> <span class='ocrx_word' id='word_1_296' title='bbox 499 1743 663 1775; x_wconf 87' lang='lat' dir='ltr'>difficilem</span> <span class='ocrx_word' id='word_1_297' title='bbox 678 1741 782 1774; x_wconf 87' lang='lat' dir='ltr'>videri</span> <span class='ocrx_word' id='word_1_298' title='bbox 804 1741 937 1773; x_wconf 87' lang='lat' dir='ltr'>nodum.</span> <span class='ocrx_word' id='word_1_299' title='bbox 983 1740 1030 1772; x_wconf 91' lang='lat' dir='ltr'>Ut</span> 
     </span>
    </p>
   </div>
   <div class='ocr_carea' id='block_1_5' title="bbox 145 1783 1053 1825">
    <p class='ocr_par' dir='ltr' id='par_1_6' title="bbox 145 1783 1053 1825">
     <span class='ocr_line' id='line_1_41' title="bbox 145 1783 1053 1825; baseline -0.008 -5"><span class='ocrx_word' id='word_1_300' title='bbox 145 1794 256 1820; x_wconf 86' lang='lat' dir='ltr'>tamen</span> <span class='ocrx_word' id='word_1_301' title='bbox 281 1787 479 1825; x_wconf 82' lang='lat' dir='ltr'>extricetur3</span> <span class='ocrx_word' id='word_1_302' title='bbox 501 1794 568 1816; x_wconf 89' lang='lat' dir='ltr'>non</span> <span class='ocrx_word' id='word_1_303' title='bbox 593 1783 639 1815; x_wconf 89' lang='lat' dir='ltr'>est</span> <span class='ocrx_word' id='word_1_304' title='bbox 657 1783 699 1815; x_wconf 85' lang='lat' dir='ltr'>fic</span> <span class='ocrx_word' id='word_1_305' title='bbox 726 1783 933 1823; x_wconf 86' lang='lat' dir='ltr'>accipiendus</span> <span class='ocrx_word' id='word_1_306' title='bbox 951 1783 982 1814; x_wconf 91' lang='lat' dir='ltr'>in</span> <span class='ocrx_word' id='word_1_307' title='bbox 999 1784 1027 1814; x_wconf 87' lang='lat' dir='ltr'>d.</span> <span class='ocrx_word' id='word_1_308' title='bbox 1050 1785 1053 1789; x_wconf 88' lang='lat'>&#39;</span> 
     </span>
    </p>
   </div>
   <div class='ocr_carea' id='block_1_6' title="bbox 148 1823 1030 2035">
    <p class='ocr_par' dir='ltr' id='par_1_7' title="bbox 148 1823 1030 2035">
     <span class='ocr_line' id='line_1_42' title="bbox 169 1823 1030 1869; baseline -0.007 -8"><span class='ocrx_word' id='word_1_309' title='bbox 169 1853 176 1861; x_wconf 96' lang='lat'><strong><em>.</em></strong></span> <span class='ocrx_word' id='word_1_310' title='bbox 195 1838 227 1869; x_wconf 90' lang='grc'>4.</span> <span class='ocrx_word' id='word_1_311' title='bbox 251 1827 428 1869; x_wconf 87' lang='lat' dir='ltr'>Ulpianus,</span> <span class='ocrx_word' id='word_1_312' title='bbox 455 1825 539 1868; x_wconf 86' lang='lat' dir='ltr'>quasi</span> <span class='ocrx_word' id='word_1_313' title='bbox 555 1835 595 1857; x_wconf 84' lang='lat' dir='ltr'>ex</span> <span class='ocrx_word' id='word_1_314' title='bbox 612 1825 678 1865; x_wconf 86' lang='lat' dir='ltr'>ejus</span> <span class='ocrx_word' id='word_1_315' title='bbox 695 1825 725 1856; x_wconf 69' lang='grc' dir='ltr'>ἂ</span> <span class='ocrx_word' id='word_1_316' title='bbox 744 1824 859 1864; x_wconf 78' lang='lat' dir='ltr'>juliani</span> <span class='ocrx_word' id='word_1_317' title='bbox 876 1823 1030 1856; x_wconf 87' lang='lat' dir='ltr'>sententia</span> 
     </span>
     <span class='ocr_line' id='line_1_43' title="bbox 164 1866 1029 1907; baseline -0.007 -4"><span class='ocrx_word' id='word_1_318' title='bbox 164 1871 338 1903; x_wconf 72' lang='lat' dir='ltr'>rustuarius</span> <span class='ocrx_word' id='word_1_319' title='bbox 360 1870 415 1901; x_wconf 90' lang='lat' dir='ltr'>suo</span> <span class='ocrx_word' id='word_1_320' title='bbox 442 1869 574 1900; x_wconf 90' lang='lat' dir='ltr'>nomine</span> <span class='ocrx_word' id='word_1_321' title='bbox 592 1866 710 1898; x_wconf 87' lang='lat' dir='ltr'>habeat</span> <span class='ocrx_word' id='word_1_322' title='bbox 726 1866 803 1897; x_wconf 91' lang='lat' dir='ltr'>novi</span> <span class='ocrx_word' id='word_1_323' title='bbox 822 1868 929 1907; x_wconf 88' lang='lat' dir='ltr'>operis</span> <span class='ocrx_word' id='word_1_324' title='bbox 951 1875 1029 1898; x_wconf 91' lang='lat' dir='ltr'>nun-</span> 
     </span>
     <span class='ocr_line' id='line_1_44' title="bbox 148 1908 1029 1950; baseline -0.008 -5"><span class='ocrx_word' id='word_1_325' title='bbox 148 1912 323 1945; x_wconf 84' lang='lat' dir='ltr'>ciationem</span> <span class='ocrx_word' id='word_1_326' title='bbox 334 1923 342 1950; x_wconf 87' lang='lat'><strong>;</strong></span> <span class='ocrx_word' id='word_1_327' title='bbox 355 1911 434 1943; x_wconf 87' lang='lat' dir='ltr'>ficut</span> <span class='ocrx_word' id='word_1_328' title='bbox 445 1909 499 1942; x_wconf 92' lang='lat' dir='ltr'>suo</span> <span class='ocrx_word' id='word_1_329' title='bbox 516 1911 648 1942; x_wconf 90' lang='lat' dir='ltr'>nomine</span> <span class='ocrx_word' id='word_1_330' title='bbox 665 1908 763 1939; x_wconf 86' lang='lat' dir='ltr'>habet</span> <span class='ocrx_word' id='word_1_331' title='bbox 776 1908 1029 1939; x_wconf 84' lang='lat' dir='ltr'>vindicationem</span> 
     </span>
     <span class='ocr_line' id='line_1_45' title="bbox 149 1948 1027 1994; baseline -0.007 -8"><span class='ocrx_word' id='word_1_332' title='bbox 149 1953 310 1986; x_wconf 86' lang='lat' dir='ltr'>servitutis</span> <span class='ocrx_word' id='word_1_333' title='bbox 327 1952 450 1994; x_wconf 79' lang='lat' dir='ltr'>praedii.</span> <span class='ocrx_word' id='word_1_334' title='bbox 478 1960 626 1983; x_wconf 87' lang='lat' dir='ltr'>neutrum</span> <span class='ocrx_word' id='word_1_335' title='bbox 644 1951 747 1987; x_wconf 90' lang='lat' dir='ltr'>enim,</span> <span class='ocrx_word' id='word_1_336' title='bbox 773 1957 807 1980; x_wconf 89' lang='lat' dir='ltr'>ut</span> <span class='ocrx_word' id='word_1_337' title='bbox 828 1959 869 1980; x_wconf 83' lang='lat' dir='ltr'>ex</span> <span class='ocrx_word' id='word_1_338' title='bbox 889 1948 1027 1990; x_wconf 84' lang='lat' dir='ltr'>superio-</span> 
     </span>
     <span class='ocr_line' id='line_1_46' title="bbox 149 1992 1029 2035; baseline -0.008 -7"><span class='ocrx_word' id='word_1_339' title='bbox 149 1996 235 2029; x_wconf 80' lang='lat' dir='ltr'>ribus</span> <span class='ocrx_word' id='word_1_340' title='bbox 259 1996 407 2035; x_wconf 87' lang='lat' dir='ltr'>constat,</span> <span class='ocrx_word' id='word_1_341' title='bbox 432 1992 573 2035; x_wconf 85' lang='lat' dir='ltr'>Ulpiano</span> <span class='ocrx_word' id='word_1_342' title='bbox 592 1996 682 2024; x_wconf 87' lang='lat' dir='ltr'>venit</span> <span class='ocrx_word' id='word_1_343' title='bbox 704 1992 736 2023; x_wconf 88' lang='lat' dir='ltr'>in</span> <span class='ocrx_word' id='word_1_344' title='bbox 754 1999 907 2023; x_wconf 88' lang='lat' dir='ltr'>mentem.</span> <span class='ocrx_word' id='word_1_345' title='bbox 938 2000 1029 2031; x_wconf 71' lang='lat' dir='ltr'>teque</span> 
     </span>
    </p>
   </div>
   <div class='ocr_carea' id='block_1_7' title="bbox 843 2097 1058 2132">
    <p class='ocr_par' dir='ltr' id='par_1_8' title="bbox 843 2097 1058 2132">
     <span class='ocr_line' id='line_1_47' title="bbox 843 2097 1058 2132; baseline -0.005 -1"><span class='ocrx_word' id='word_1_346' title='bbox 843 2097 1058 2132; x_wconf 75' lang='lat' dir='ltr'>CAPUT</span> 
     </span>
    </p>
   </div>
   <div class='ocr_carea' id='block_1_8' title="bbox 764 75 1353 115">
    <p class='ocr_par' dir='ltr' id='par_1_9' title="bbox 764 75 1353 115">
     <span class='ocr_line' id='line_1_48' title="bbox 764 75 1353 115; baseline -0.002 0"><span class='ocrx_word' id='word_1_347' title='bbox 764 75 1071 115; x_wconf 72' lang='lat' dir='ltr'>Gi-:R‘Ann1</span> <span class='ocrx_word' id='word_1_348' title='bbox 1121 78 1353 114; x_wconf 68' lang='lat' dir='ltr'>Noonr</span> 
     </span>
    </p>
   </div>
   <div class='ocr_carea' id='block_1_9' title="bbox 1066 166 1944 747">
    <p class='ocr_par' dir='ltr' id='par_1_10' title="bbox 1066 166 1944 747">
     <span class='ocr_line' id='line_1_49' title="bbox 1067 166 1943 210; baseline 0.006 -13"><span class='ocrx_word' id='word_1_349' title='bbox 1067 176 1144 198; x_wconf 90' lang='lat' dir='ltr'>vere</span> <span class='ocrx_word' id='word_1_350' title='bbox 1167 167 1290 207; x_wconf 87' lang='lat' dir='ltr'>dicam,</span> <span class='ocrx_word' id='word_1_351' title='bbox 1315 177 1355 199; x_wconf 92' lang='lat' dir='ltr'>ne</span> <span class='ocrx_word' id='word_1_352' title='bbox 1382 166 1506 207; x_wconf 84' lang='lat' dir='ltr'>Juliano</span> <span class='ocrx_word' id='word_1_353' title='bbox 1531 166 1661 208; x_wconf 87' lang='lat' dir='ltr'>quidem</span> <span class='ocrx_word' id='word_1_354' title='bbox 1682 167 1833 201; x_wconf 69' lang='lat' dir='ltr'>incidisse.</span> <span class='ocrx_word' id='word_1_355' title='bbox 1865 169 1943 210; x_wconf 86' lang='lat' dir='ltr'>quin</span> 
     </span>
     <span class='ocr_line' id='line_1_50' title="bbox 1066 207 1941 253; baseline 0.005 -14"><span class='ocrx_word' id='word_1_356' title='bbox 1066 207 1131 249; x_wconf 86' lang='lat' dir='ltr'>ipsa</span> <span class='ocrx_word' id='word_1_357' title='bbox 1147 217 1278 250; x_wconf 87' lang='lat' dir='ltr'>quoque</span> <span class='ocrx_word' id='word_1_358' title='bbox 1296 210 1463 249; x_wconf 87' lang='lat' dir='ltr'>utriusque</span> <span class='ocrx_word' id='word_1_359' title='bbox 1479 207 1651 249; x_wconf 83' lang='lat' dir='ltr'>disputatio</span> <span class='ocrx_word' id='word_1_360' title='bbox 1668 216 1737 248; x_wconf 82' lang='lat' dir='ltr'>quae</span> <span class='ocrx_word' id='word_1_361' title='bbox 1754 209 1799 241; x_wconf 87' lang='lat' dir='ltr'>est</span> <span class='ocrx_word' id='word_1_362' title='bbox 1815 212 1846 242; x_wconf 93' lang='lat' dir='ltr'>in</span> <span class='ocrx_word' id='word_1_363' title='bbox 1864 215 1891 241; x_wconf 80' lang='grc' dir='ltr'>ιι.</span> <span class='ocrx_word' id='word_1_364' title='bbox 1909 211 1941 253; x_wconf 83' lang='lat'>§.</span> 
     </span>
     <span class='ocr_line' id='line_1_51' title="bbox 1067 248 1942 291; baseline 0.006 -11"><span class='ocrx_word' id='word_1_365' title='bbox 1067 259 1097 289; x_wconf 84' lang='lat'>4.</span> <span class='ocrx_word' id='word_1_366' title='bbox 1120 249 1184 281; x_wconf 90' lang='lat' dir='ltr'>huc</span> <span class='ocrx_word' id='word_1_367' title='bbox 1208 260 1273 282; x_wconf 89' lang='lat' dir='ltr'>non</span> <span class='ocrx_word' id='word_1_368' title='bbox 1297 250 1435 291; x_wconf 85' lang='lat' dir='ltr'>respicit.</span> <span class='ocrx_word' id='word_1_369' title='bbox 1465 259 1532 282; x_wconf 91' lang='lat' dir='ltr'>non</span> <span class='ocrx_word' id='word_1_370' title='bbox 1556 248 1601 280; x_wconf 90' lang='lat' dir='ltr'>est</span> <span class='ocrx_word' id='word_1_371' title='bbox 1621 249 1707 280; x_wconf 90' lang='lat' dir='ltr'>enim</span> <span class='ocrx_word' id='word_1_372' title='bbox 1721 249 1884 291; x_wconf 88' lang='lat' dir='ltr'>desumpta</span> <span class='ocrx_word' id='word_1_373' title='bbox 1898 262 1942 285; x_wconf 78' lang='lat' dir='ltr'>ex</span> 
     </span>
     <span class='ocr_line' id='line_1_52' title="bbox 1069 290 1941 333; baseline 0.002 -11"><span class='ocrx_word' id='word_1_374' title='bbox 1069 290 1205 323; x_wconf 69' lang='lat' dir='ltr'>tractatu</span> <span class='ocrx_word' id='word_1_375' title='bbox 1221 292 1261 323; x_wconf 91' lang='lat' dir='ltr'>de</span> <span class='ocrx_word' id='word_1_376' title='bbox 1279 291 1473 324; x_wconf 82' lang='lat' dir='ltr'>confessoria</span> <span class='ocrx_word' id='word_1_377' title='bbox 1491 291 1626 322; x_wconf 71' lang='lat' dir='ltr'>afflone.</span> <span class='ocrx_word' id='word_1_378' title='bbox 1650 299 1722 322; x_wconf 87' lang='lat' dir='ltr'>nam</span> <span class='ocrx_word' id='word_1_379' title='bbox 1741 294 1781 322; x_wconf 86' lang='lat' dir='ltr'>de</span> <span class='ocrx_word' id='word_1_380' title='bbox 1797 292 1856 323; x_wconf 85' lang='lat' dir='ltr'>hae</span> <span class='ocrx_word' id='word_1_381' title='bbox 1873 293 1941 333; x_wconf 86' lang='lat' dir='ltr'>egit</span> 
     </span>
     <span class='ocr_line' id='line_1_53' title="bbox 1069 330 1940 374; baseline 0.001 -11"><span class='ocrx_word' id='word_1_382' title='bbox 1069 330 1223 373; x_wconf 87' lang='lat' dir='ltr'>Ulpianus</span> <span class='ocrx_word' id='word_1_383' title='bbox 1239 334 1288 364; x_wconf 83' lang='lat' dir='ltr'>lib.</span> <span class='ocrx_word' id='word_1_384' title='bbox 1313 342 1359 374; x_wconf 80' lang='lat'>17.</span> <span class='ocrx_word' id='word_1_385' title='bbox 1383 332 1433 364; x_wconf 85' lang='lat' dir='ltr'>Ad</span> <span class='ocrx_word' id='word_1_386' title='bbox 1450 332 1596 364; x_wconf 72' lang='lat' dir='ltr'>Eoittum·</span> <span class='ocrx_word' id='word_1_387' title='bbox 1609 341 1651 363; x_wconf 85' lang='lat' dir='ltr'>ex</span> <span class='ocrx_word' id='word_1_388' title='bbox 1668 341 1734 373; x_wconf 87' lang='lat' dir='ltr'>quo</span> <span class='ocrx_word' id='word_1_389' title='bbox 1752 331 1796 363; x_wconf 84' lang='lat' dir='ltr'>est</span> <span class='ocrx_word' id='word_1_390' title='bbox 1811 333 1830 363; x_wconf 82' lang='lat' dir='ltr'>l.</span> <span class='ocrx_word' id='word_1_391' title='bbox 1846 343 1876 372; x_wconf 86' lang='lat'>5.</span> <span class='ocrx_word' id='word_1_392' title='bbox 1894 333 1940 368; x_wconf 87' lang='lat' dir='ltr'>D.</span> 
     </span>
     <span class='ocr_line' id='line_1_54' title="bbox 1071 372 1941 416; baseline 0.002 -12"><span class='ocrx_word' id='word_1_393' title='bbox 1071 374 1104 404; x_wconf 86' lang='lat' dir='ltr'>Si</span> <span class='ocrx_word' id='word_1_394' title='bbox 1118 373 1305 413; x_wconf 64' lang='lat' dir='ltr'>ususfrufflcs</span> <span class='ocrx_word' id='word_1_395' title='bbox 1317 380 1451 415; x_wconf 81' lang='lat' dir='ltr'>petetur:</span> <span class='ocrx_word' id='word_1_396' title='bbox 1464 374 1605 414; x_wconf 83' lang='lat' dir='ltr'>Julianus</span> <span class='ocrx_word' id='word_1_397' title='bbox 1617 373 1664 405; x_wconf 82' lang='lat' dir='ltr'>lib.</span> <span class='ocrx_word' id='word_1_398' title='bbox 1685 383 1713 413; x_wconf 85' lang='lat'>7.</span> <span class='ocrx_word' id='word_1_399' title='bbox 1736 372 1941 416; x_wconf 78' lang='lat' dir='ltr'>Digestorum,</span> 
     </span>
     <span class='ocr_line' id='line_1_55' title="bbox 1070 415 1942 457; baseline 0.002 -11"><span class='ocrx_word' id='word_1_400' title='bbox 1070 424 1111 446; x_wconf 87' lang='lat' dir='ltr'>ex</span> <span class='ocrx_word' id='word_1_401' title='bbox 1130 424 1194 455; x_wconf 88' lang='lat' dir='ltr'>quo</span> <span class='ocrx_word' id='word_1_402' title='bbox 1212 415 1258 447; x_wconf 87' lang='lat' dir='ltr'>est</span> <span class='ocrx_word' id='word_1_403' title='bbox 1273 415 1293 447; x_wconf 88' lang='lat' dir='ltr'>l.</span> <span class='ocrx_word' id='word_1_404' title='bbox 1312 426 1342 457; x_wconf 84' lang='lat'>3.</span> <span class='ocrx_word' id='word_1_405' title='bbox 1361 416 1403 448; x_wconf 92' lang='lat' dir='ltr'>D.</span> <span class='ocrx_word' id='word_1_406' title='bbox 1422 419 1480 448; x_wconf 85' lang='lat' dir='ltr'>eod.</span> <span class='ocrx_word' id='word_1_407' title='bbox 1499 417 1546 447; x_wconf 79' lang='lat' dir='ltr'>tit.</span> <span class='ocrx_word' id='word_1_408' title='bbox 1564 415 1601 450; x_wconf 66' lang='lat'>&amp;⁹</span> <span class='ocrx_word' id='word_1_409' title='bbox 1617 415 1637 446; x_wconf 92' lang='lat' dir='ltr'>l.</span> <span class='ocrx_word' id='word_1_410' title='bbox 1659 420 1706 446; x_wconf 88' lang='lat'>16.</span> <span class='ocrx_word' id='word_1_411' title='bbox 1725 415 1767 446; x_wconf 91' lang='lat' dir='ltr'>D.</span> <span class='ocrx_word' id='word_1_412' title='bbox 1797 417 1830 446; x_wconf 76' lang='lat' dir='ltr'>Si</span> <span class='ocrx_word' id='word_1_413' title='bbox 1847 417 1942 455; x_wconf 73' lang='lat' dir='ltr'>servi-</span> 
     </span>
     <span class='ocr_line' id='line_1_56' title="bbox 1070 456 1943 498; baseline 0.001 -12"><span class='ocrx_word' id='word_1_414' title='bbox 1070 461 1118 487; x_wconf 83' lang='lat' dir='ltr'>tus</span> <span class='ocrx_word' id='word_1_415' title='bbox 1134 458 1311 489; x_wconf 77' lang='lat' dir='ltr'>vindicetur.</span> <span class='ocrx_word' id='word_1_416' title='bbox 1336 458 1453 489; x_wconf 90' lang='lat' dir='ltr'>citatur</span> <span class='ocrx_word' id='word_1_417' title='bbox 1468 466 1600 498; x_wconf 88' lang='lat' dir='ltr'>quoque</span> <span class='ocrx_word' id='word_1_418' title='bbox 1618 458 1643 488; x_wconf 87' lang='lat' dir='ltr'>is</span> <span class='ocrx_word' id='word_1_419' title='bbox 1658 456 1769 496; x_wconf 81' lang='lat' dir='ltr'>Juliani</span> <span class='ocrx_word' id='word_1_420' title='bbox 1783 457 1862 488; x_wconf 91' lang='lat' dir='ltr'>liber</span> <span class='ocrx_word' id='word_1_421' title='bbox 1876 457 1896 488; x_wconf 84' lang='lat' dir='ltr'>l.</span> <span class='ocrx_word' id='word_1_422' title='bbox 1910 466 1943 498; x_wconf 84' lang='lat'>5.</span> 
     </span>
     <span class='ocr_line' id='line_1_57' title="bbox 1091 496 1944 540; baseline 0.005 -12"><span class='ocrx_word' id='word_1_423' title='bbox 1091 521 1098 528; x_wconf 97' lang='lat'><strong><em>.</em></strong></span> <span class='ocrx_word' id='word_1_424' title='bbox 1120 505 1145 529; x_wconf 91' lang='lat'>1.</span> <span class='ocrx_word' id='word_1_425' title='bbox 1165 496 1207 530; x_wconf 91' lang='lat' dir='ltr'>D.</span> <span class='ocrx_word' id='word_1_426' title='bbox 1225 500 1254 530; x_wconf 82' lang='lat' dir='ltr'>d.</span> <span class='ocrx_word' id='word_1_427' title='bbox 1272 504 1294 530; x_wconf 78' lang='lat' dir='ltr'>t.</span> <span class='ocrx_word' id='word_1_428' title='bbox 1326 498 1359 530; x_wconf 84' lang='lat' dir='ltr'>Si</span> <span class='ocrx_word' id='word_1_429' title='bbox 1381 498 1568 540; x_wconf 66' lang='lat' dir='ltr'>ususfruttus</span> <span class='ocrx_word' id='word_1_430' title='bbox 1587 504 1710 539; x_wconf 74' lang='lat' dir='ltr'>petetur.</span> <span class='ocrx_word' id='word_1_431' title='bbox 1744 499 1821 539; x_wconf 90' lang='lat' dir='ltr'>quid</span> <span class='ocrx_word' id='word_1_432' title='bbox 1848 499 1944 539; x_wconf 82' lang='lat' dir='ltr'>igitur</span> 
     </span>
     <span class='ocr_line' id='line_1_58' title="bbox 1068 537 1941 581; baseline 0.003 -11"><span class='ocrx_word' id='word_1_433' title='bbox 1068 537 1139 570; x_wconf 75' lang='lat' dir='ltr'>est?</span> <span class='ocrx_word' id='word_1_434' title='bbox 1163 540 1227 571; x_wconf 87' lang='lat' dir='ltr'>alio</span> <span class='ocrx_word' id='word_1_435' title='bbox 1244 539 1343 571; x_wconf 72' lang='lat' dir='ltr'>flectit</span> <span class='ocrx_word' id='word_1_436' title='bbox 1358 542 1522 581; x_wconf 84' lang='lat' dir='ltr'>utriusque</span> <span class='ocrx_word' id='word_1_437' title='bbox 1539 540 1722 580; x_wconf 88' lang='lat' dir='ltr'>disputatio.</span> <span class='ocrx_word' id='word_1_438' title='bbox 1747 540 1792 571; x_wconf 83' lang='lat' dir='ltr'>est</span> <span class='ocrx_word' id='word_1_439' title='bbox 1808 548 1894 571; x_wconf 84' lang='lat' dir='ltr'>enim</span> <span class='ocrx_word' id='word_1_440' title='bbox 1909 541 1941 573; x_wconf 82' lang='lat' dir='ltr'>d.</span> 
     </span>
     <span class='ocr_line' id='line_1_59' title="bbox 1066 580 1944 623; baseline 0.005 -13"><span class='ocrx_word' id='word_1_441' title='bbox 1066 581 1086 612; x_wconf 86' lang='lat' dir='ltr'>l.</span> <span class='ocrx_word' id='word_1_442' title='bbox 1106 582 1183 611; x_wconf 83' lang='lat' dir='ltr'>unic.</span> <span class='ocrx_word' id='word_1_443' title='bbox 1202 580 1231 622; x_wconf 88' lang='lat'>§.</span> <span class='ocrx_word' id='word_1_444' title='bbox 1249 591 1279 618; x_wconf 85' lang='lat'>4.</span> <span class='ocrx_word' id='word_1_445' title='bbox 1298 591 1338 612; x_wconf 85' lang='lat' dir='ltr'>ex</span> <span class='ocrx_word' id='word_1_446' title='bbox 1356 581 1487 623; x_wconf 80' lang='lat' dir='ltr'>Ulpiani</span> <span class='ocrx_word' id='word_1_447' title='bbox 1501 583 1549 613; x_wconf 85' lang='lat' dir='ltr'>lib.</span> <span class='ocrx_word' id='word_1_448' title='bbox 1569 591 1619 622; x_wconf 84' lang='lat'>71.</span> <span class='ocrx_word' id='word_1_449' title='bbox 1652 581 1704 612; x_wconf 73' lang='lat' dir='ltr'>Ad</span> <span class='ocrx_word' id='word_1_450' title='bbox 1721 580 1876 612; x_wconf 67' lang='lat' dir='ltr'>Edttrum:</span> <span class='ocrx_word' id='word_1_451' title='bbox 1900 590 1944 614; x_wconf 81' lang='lat' dir='ltr'>ex</span> 
     </span>
     <span class='ocr_line' id='line_1_60' title="bbox 1066 621 1944 664; baseline 0.003 -12"><span class='ocrx_word' id='word_1_452' title='bbox 1066 631 1132 662; x_wconf 86' lang='lat' dir='ltr'>quo</span> <span class='ocrx_word' id='word_1_453' title='bbox 1149 621 1194 653; x_wconf 89' lang='lat' dir='ltr'>est</span> <span class='ocrx_word' id='word_1_454' title='bbox 1210 623 1230 655; x_wconf 82' lang='lat' dir='ltr'>l.</span> <span class='ocrx_word' id='word_1_455' title='bbox 1252 632 1301 654; x_wconf 82' lang='lat'>20.</span> <span class='ocrx_word' id='word_1_456' title='bbox 1320 622 1363 654; x_wconf 88' lang='lat' dir='ltr'>l).</span> <span class='ocrx_word' id='word_1_457' title='bbox 1380 625 1414 655; x_wconf 84' lang='lat' dir='ltr'>de</span> <span class='ocrx_word' id='word_1_458' title='bbox 1429 626 1500 656; x_wconf 85' lang='lat' dir='ltr'>novi</span> <span class='ocrx_word' id='word_1_459' title='bbox 1511 624 1599 664; x_wconf 74' lang='lat' dir='ltr'>operis</span> <span class='ocrx_word' id='word_1_460' title='bbox 1615 624 1815 654; x_wconf 83' lang='lat' dir='ltr'>nunciatione:</span> <span class='ocrx_word' id='word_1_461' title='bbox 1831 623 1863 654; x_wconf 92' lang='lat' dir='ltr'>in</span> <span class='ocrx_word' id='word_1_462' title='bbox 1881 631 1944 663; x_wconf 88' lang='lat' dir='ltr'>qua</span> 
     </span>
     <span class='ocr_line' id='line_1_61' title="bbox 1068 663 1944 705; baseline 0.001 -11"><span class='ocrx_word' id='word_1_463' title='bbox 1068 664 1215 704; x_wconf 86' lang='lat' dir='ltr'>proditur</span> <span class='ocrx_word' id='word_1_464' title='bbox 1238 663 1376 696; x_wconf 74' lang='lat' dir='ltr'>formula</span> <span class='ocrx_word' id='word_1_465' title='bbox 1403 665 1563 697; x_wconf 73' lang='lat' dir='ltr'>inter-dicii</span> <span class='ocrx_word' id='word_1_466' title='bbox 1587 666 1627 696; x_wconf 90' lang='lat' dir='ltr'>de</span> <span class='ocrx_word' id='word_1_467' title='bbox 1645 666 1722 696; x_wconf 90' lang='lat' dir='ltr'>novi</span> <span class='ocrx_word' id='word_1_468' title='bbox 1741 666 1846 705; x_wconf 87' lang='lat' dir='ltr'>operis</span> <span class='ocrx_word' id='word_1_469' title='bbox 1865 674 1944 696; x_wconf 85' lang='lat' dir='ltr'>nun·</span> 
     </span>
     <span class='ocr_line' id='line_1_62' title="bbox 1067 704 1944 747; baseline 0.003 -12"><span class='ocrx_word' id='word_1_470' title='bbox 1067 705 1216 736; x_wconf 84' lang='lat' dir='ltr'>ciatione.</span> <span class='ocrx_word' id='word_1_471' title='bbox 1240 704 1355 744; x_wconf 83' lang='lat' dir='ltr'>Juliani</span> <span class='ocrx_word' id='word_1_472' title='bbox 1371 715 1478 739; x_wconf 90' lang='lat' dir='ltr'>autem</span> <span class='ocrx_word' id='word_1_473' title='bbox 1496 707 1593 738; x_wconf 87' lang='lat' dir='ltr'>verba</span> <span class='ocrx_word' id='word_1_474' title='bbox 1608 706 1647 737; x_wconf 89' lang='lat' dir='ltr'>ab</span> <span class='ocrx_word' id='word_1_475' title='bbox 1665 705 1806 745; x_wconf 84' lang='lat' dir='ltr'>Ulpiano</span> <span class='ocrx_word' id='word_1_476' title='bbox 1820 708 1848 738; x_wconf 80' lang='lat' dir='ltr'>d.</span> <span class='ocrx_word' id='word_1_477' title='bbox 1865 706 1883 747; x_wconf 83' lang='lat'>§</span> <span class='ocrx_word' id='word_1_478' title='bbox 1911 715 1944 746; x_wconf 82' lang='grc'>4.</span> 
     </span>
    </p>
   </div>
   <div class='ocr_carea' id='block_1_10' title="bbox 1068 745 2036 799">
    <p class='ocr_par' dir='ltr' id='par_1_11' title="bbox 1068 745 2036 799">
     <span class='ocr_line' id='line_1_63' title="bbox 1068 745 2036 799; baseline 0.002 -22"><span class='ocrx_word' id='word_1_479' title='bbox 1068 746 1221 784; x_wconf 68' lang='lat' dir='ltr'>adducta,</span> <span class='ocrx_word' id='word_1_480' title='bbox 1247 745 1316 778; x_wconf 87' lang='lat' dir='ltr'>sunt</span> <span class='ocrx_word' id='word_1_481' title='bbox 1333 757 1374 779; x_wconf 84' lang='lat' dir='ltr'>ex</span> <span class='ocrx_word' id='word_1_482' title='bbox 1392 748 1505 788; x_wconf 88' lang='lat' dir='ltr'>Juliani</span> <span class='ocrx_word' id='word_1_483' title='bbox 1522 749 1571 779; x_wconf 82' lang='lat' dir='ltr'>lib.</span> <span class='ocrx_word' id='word_1_484' title='bbox 1588 757 1638 786; x_wconf 82' lang='grc'>49.</span> <span class='ocrx_word' id='word_1_485' title='bbox 1663 747 1888 788; x_wconf 83' lang='lat' dir='ltr'>Digestorum:</span> <span class='ocrx_word' id='word_1_486' title='bbox 1909 753 1946 779; x_wconf 85' lang='lat' dir='ltr'>ut</span> <span class='ocrx_word' id='word_1_487' title='bbox 1996 747 1999 789; x_wconf 61' lang='lat' dir='ltr'>f</span> <span class='ocrx_word' id='word_1_488' title='bbox 2034 772 2036 799; x_wconf 67' lang='lat'>2</span> 
     </span>
    </p>
   </div>
   <div class='ocr_carea' id='block_1_11' title="bbox 1069 788 1951 2033">
    <p class='ocr_par' dir='ltr' id='par_1_12' title="bbox 1069 788 1951 2033">
     <span class='ocr_line' id='line_1_64' title="bbox 1072 788 1944 830; baseline 0.002 -12"><span class='ocrx_word' id='word_1_489' title='bbox 1072 788 1174 827; x_wconf 89' lang='lat' dir='ltr'>liquet</span> <span class='ocrx_word' id='word_1_490' title='bbox 1192 797 1230 818; x_wconf 78' lang='lat' dir='ltr'>ex</span> <span class='ocrx_word' id='word_1_491' title='bbox 1247 788 1267 820; x_wconf 82' lang='lat' dir='ltr'>l.</span> <span class='ocrx_word' id='word_1_492' title='bbox 1287 799 1315 820; x_wconf 84' lang='lat'>2.</span> <span class='ocrx_word' id='word_1_493' title='bbox 1336 789 1378 821; x_wconf 91' lang='lat' dir='ltr'>D.</span> <span class='ocrx_word' id='word_1_494' title='bbox 1403 792 1436 821; x_wconf 86' lang='lat' dir='ltr'>de</span> <span class='ocrx_word' id='word_1_495' title='bbox 1459 791 1528 820; x_wconf 81' lang='lat' dir='ltr'>rzovz&#39;</span> <span class='ocrx_word' id='word_1_496' title='bbox 1544 791 1634 830; x_wconf 79' lang='lat' dir='ltr'>operis</span> <span class='ocrx_word' id='word_1_497' title='bbox 1650 790 1851 820; x_wconf 74' lang='lat' dir='ltr'>nuntiatione:</span> <span class='ocrx_word' id='word_1_498' title='bbox 1877 797 1944 829; x_wconf 86' lang='lat' dir='ltr'>quo</span> 
     </span>
     <span class='ocr_line' id='line_1_65' title="bbox 1070 829 1946 870; baseline 0 -10"><span class='ocrx_word' id='word_1_499' title='bbox 1070 829 1155 861; x_wconf 90' lang='lat' dir='ltr'>libro</span> <span class='ocrx_word' id='word_1_500' title='bbox 1169 829 1326 867; x_wconf 76' lang='lat' dir='ltr'>julianum</span> <span class='ocrx_word' id='word_1_501' title='bbox 1336 831 1476 863; x_wconf 79' lang='lat' dir='ltr'>[imiliter</span> <span class='ocrx_word' id='word_1_502' title='bbox 1488 832 1561 862; x_wconf 88' lang='lat' dir='ltr'>novi</span> <span class='ocrx_word' id='word_1_503' title='bbox 1574 831 1688 870; x_wconf 72' lang='lat' dir='ltr'>operis</span> <span class='ocrx_word' id='word_1_504' title='bbox 1705 830 1946 861; x_wconf 85' lang='lat' dir='ltr'>nunciationem</span> 
     </span>
     <span class='ocr_line' id='line_1_66' title="bbox 1073 870 1948 913; baseline 0.002 -12"><span class='ocrx_word' id='word_1_505' title='bbox 1073 870 1271 911; x_wconf 76' lang='lat' dir='ltr'>exposuisse,</span> <span class='ocrx_word' id='word_1_506' title='bbox 1294 881 1334 904; x_wconf 85' lang='lat' dir='ltr'>ex</span> <span class='ocrx_word' id='word_1_507' title='bbox 1359 874 1425 913; x_wconf 79' lang='lat' dir='ltr'>ejus</span> <span class='ocrx_word' id='word_1_508' title='bbox 1450 872 1520 904; x_wconf 83' lang='lat' dir='ltr'>libri</span> <span class='ocrx_word' id='word_1_509' title='bbox 1544 872 1624 903; x_wconf 90' lang='lat' dir='ltr'>locis</span> <span class='ocrx_word' id='word_1_510' title='bbox 1638 871 1835 912; x_wconf 85' lang='lat' dir='ltr'>intelligitur.</span> <span class='ocrx_word' id='word_1_511' title='bbox 1866 873 1909 902; x_wconf 84' lang='lat' dir='ltr'>ita</span> <span class='ocrx_word' id='word_1_512' title='bbox 1925 870 1948 903; x_wconf 87' lang='lat' dir='ltr'>fi</span> 
     </span>
     <span class='ocr_line' id='line_1_67' title="bbox 1073 912 1946 952; baseline 0.002 -10"><span class='ocrx_word' id='word_1_513' title='bbox 1073 912 1222 944; x_wconf 82' lang='lat' dir='ltr'>summam</span> <span class='ocrx_word' id='word_1_514' title='bbox 1246 912 1465 946; x_wconf 85' lang='lat' dir='ltr'>subducimus:</span> <span class='ocrx_word' id='word_1_515' title='bbox 1491 915 1544 944; x_wconf 87' lang='lat' dir='ltr'>dat</span> <span class='ocrx_word' id='word_1_516' title='bbox 1563 919 1697 952; x_wconf 85' lang='lat' dir='ltr'>uterque</span> <span class='ocrx_word' id='word_1_517' title='bbox 1715 912 1897 952; x_wconf 80' lang='lat' dir='ltr'>&amp;Julianus</span> <span class='ocrx_word' id='word_1_518' title='bbox 1913 912 1946 944; x_wconf 84' lang='lat'>&amp;</span> 
     </span>
     <span class='ocr_line' id='line_1_68' title="bbox 1073 952 1949 996; baseline 0.001 -12"><span class='ocrx_word' id='word_1_519' title='bbox 1073 952 1229 992; x_wconf 81' lang='lat' dir='ltr'>Ulpianus</span> <span class='ocrx_word' id='word_1_520' title='bbox 1246 955 1276 985; x_wconf 87' lang='lat' dir='ltr'>in</span> <span class='ocrx_word' id='word_1_521' title='bbox 1295 957 1323 986; x_wconf 78' lang='lat' dir='ltr'>ci.</span> <span class='ocrx_word' id='word_1_522' title='bbox 1342 956 1361 987; x_wconf 83' lang='lat' dir='ltr'>l.</span> <span class='ocrx_word' id='word_1_523' title='bbox 1379 957 1457 987; x_wconf 83' lang='lat' dir='ltr'>unic.</span> <span class='ocrx_word' id='word_1_524' title='bbox 1475 955 1503 996; x_wconf 84' lang='lat'>§.</span> <span class='ocrx_word' id='word_1_525' title='bbox 1516 965 1544 994; x_wconf 86' lang='lat'>4.</span> <span class='ocrx_word' id='word_1_526' title='bbox 1566 954 1739 986; x_wconf 66' lang='lat' dir='ltr'>fructuario</span> <span class='ocrx_word' id='word_1_527' title='bbox 1757 957 1885 994; x_wconf 86' lang='lat' dir='ltr'>quidem</span> <span class='ocrx_word' id='word_1_528' title='bbox 1902 953 1949 985; x_wconf 81' lang='lat' dir='ltr'>fa·</span> 
     </span>
     <span class='ocr_line' id='line_1_69' title="bbox 1073 995 1947 1035; baseline 0.001 -9"><span class='ocrx_word' id='word_1_529' title='bbox 1073 996 1227 1027; x_wconf 91' lang='lat' dir='ltr'>cultatem</span> <span class='ocrx_word' id='word_1_530' title='bbox 1254 997 1451 1029; x_wconf 65' lang='lat' dir='ltr'>vindicandae</span> <span class='ocrx_word' id='word_1_531' title='bbox 1476 996 1654 1034; x_wconf 82' lang='lat' dir='ltr'>i&#39;ervitutis3</span> <span class='ocrx_word' id='word_1_532' title='bbox 1679 995 1730 1026; x_wconf 92' lang='lat' dir='ltr'>sed</span> <span class='ocrx_word' id='word_1_533' title='bbox 1753 1005 1816 1027; x_wconf 92' lang='lat' dir='ltr'>non</span> <span class='ocrx_word' id='word_1_534' title='bbox 1835 997 1947 1035; x_wconf 88' lang='lat' dir='ltr'>aliam,</span> 
     </span>
     <span class='ocr_line' id='line_1_70' title="bbox 1073 1037 1948 1079; baseline 0.001 -12"><span class='ocrx_word' id='word_1_535' title='bbox 1073 1046 1166 1078; x_wconf 78' lang='lat' dir='ltr'>quam</span> <span class='ocrx_word' id='word_1_536' title='bbox 1184 1037 1266 1068; x_wconf 88' lang='lat' dir='ltr'>hanc</span> <span class='ocrx_word' id='word_1_537' title='bbox 1282 1048 1322 1070; x_wconf 84' lang='lat' dir='ltr'>ex</span> <span class='ocrx_word' id='word_1_538' title='bbox 1340 1048 1400 1079; x_wconf 88' lang='lat' dir='ltr'>qua</span> <span class='ocrx_word' id='word_1_539' title='bbox 1416 1040 1555 1079; x_wconf 83' lang='lat' dir='ltr'>pendeat</span> <span class='ocrx_word' id='word_1_540' title='bbox 1569 1039 1619 1078; x_wconf 88' lang='lat' dir='ltr'>jus</span> <span class='ocrx_word' id='word_1_541' title='bbox 1633 1038 1801 1069; x_wconf 79' lang='lat' dir='ltr'>nunciandi</span> <span class='ocrx_word' id='word_1_542' title='bbox 1821 1038 1896 1069; x_wconf 84' lang='lat' dir='ltr'>novi</span> <span class='ocrx_word' id='word_1_543' title='bbox 1913 1047 1948 1068; x_wconf 90' lang='lat' dir='ltr'>o·</span> 
     </span>
     <span class='ocr_line' id='line_1_71' title="bbox 1072 1079 1951 1120; baseline -0.001 -10"><span class='ocrx_word' id='word_1_544' title='bbox 1072 1079 1165 1119; x_wconf 87' lang='lat' dir='ltr'>peris.</span> <span class='ocrx_word' id='word_1_545' title='bbox 1198 1088 1268 1119; x_wconf 85' lang='lat' dir='ltr'>quae</span> <span class='ocrx_word' id='word_1_546' title='bbox 1286 1079 1331 1111; x_wconf 87' lang='lat' dir='ltr'>est</span> <span class='ocrx_word' id='word_1_547' title='bbox 1350 1080 1526 1112; x_wconf 79' lang='lat' dir='ltr'>vindicatio</span> <span class='ocrx_word' id='word_1_548' title='bbox 1545 1082 1574 1110; x_wconf 93' lang='lat' dir='ltr'>ei</span> <span class='ocrx_word' id='word_1_549' title='bbox 1593 1086 1783 1119; x_wconf 86' lang='lat' dir='ltr'>competens</span> <span class='ocrx_word' id='word_1_550' title='bbox 1799 1087 1951 1120; x_wconf 85' lang='lat' dir='ltr'>procura-</span> 
     </span>
     <span class='ocr_line' id='line_1_72' title="bbox 1073 1119 1951 1154; baseline -0.001 -3"><span class='ocrx_word' id='word_1_551' title='bbox 1073 1121 1158 1152; x_wconf 88' lang='lat' dir='ltr'>torio</span> <span class='ocrx_word' id='word_1_552' title='bbox 1180 1121 1321 1152; x_wconf 88' lang='lat' dir='ltr'>nomine.</span> <span class='ocrx_word' id='word_1_553' title='bbox 1355 1121 1426 1152; x_wconf 88' lang='lat' dir='ltr'>satis</span> <span class='ocrx_word' id='word_1_554' title='bbox 1451 1121 1572 1154; x_wconf 90' lang='lat' dir='ltr'>clarum</span> <span class='ocrx_word' id='word_1_555' title='bbox 1597 1120 1662 1151; x_wconf 93' lang='lat' dir='ltr'>hoc</span> <span class='ocrx_word' id='word_1_556' title='bbox 1679 1120 1709 1151; x_wconf 71' lang='grc' dir='ltr'>δι</span> <span class='ocrx_word' id='word_1_557' title='bbox 1727 1127 1861 1152; x_wconf 89' lang='lat' dir='ltr'>certum.</span> <span class='ocrx_word' id='word_1_558' title='bbox 1892 1119 1951 1151; x_wconf 80' lang='lat' dir='ltr'>etsi</span> 
     </span>
     <span class='ocr_line' id='line_1_73' title="bbox 1071 1161 1946 1203; baseline 0 -11"><span class='ocrx_word' id='word_1_559' title='bbox 1071 1161 1183 1194; x_wconf 84' lang='lat' dir='ltr'>clarius</span> <span class='ocrx_word' id='word_1_560' title='bbox 1201 1162 1231 1193; x_wconf 88' lang='lat'>&amp;</span> <span class='ocrx_word' id='word_1_561' title='bbox 1253 1163 1371 1195; x_wconf 85' lang='lat' dir='ltr'>certius</span> <span class='ocrx_word' id='word_1_562' title='bbox 1387 1161 1444 1194; x_wconf 89' lang='lat' dir='ltr'>fiet</span> <span class='ocrx_word' id='word_1_563' title='bbox 1459 1173 1519 1195; x_wconf 86' lang='lat' dir='ltr'>eo:</span> <span class='ocrx_word' id='word_1_564' title='bbox 1544 1162 1633 1203; x_wconf 92' lang='lat' dir='ltr'>quod</span> <span class='ocrx_word' id='word_1_565' title='bbox 1651 1170 1786 1202; x_wconf 88' lang='lat' dir='ltr'>uterque</span> <span class='ocrx_word' id='word_1_566' title='bbox 1806 1163 1835 1193; x_wconf 67' lang='grc' dir='ltr'>ἃ</span> <span class='ocrx_word' id='word_1_567' title='bbox 1853 1161 1946 1201; x_wconf 81' lang='lat' dir='ltr'>Julia-</span> 
     </span>
     <span class='ocr_line' id='line_1_74' title="bbox 1071 1202 1947 1243; baseline -0.001 -9"><span class='ocrx_word' id='word_1_568' title='bbox 1071 1212 1129 1234; x_wconf 86' lang='lat' dir='ltr'>nus</span> <span class='ocrx_word' id='word_1_569' title='bbox 1146 1203 1175 1234; x_wconf 87' lang='lat'>&amp;</span> <span class='ocrx_word' id='word_1_570' title='bbox 1194 1202 1350 1243; x_wconf 83' lang='lat' dir='ltr'>Ulpianus</span> <span class='ocrx_word' id='word_1_571' title='bbox 1376 1214 1445 1235; x_wconf 87' lang='lat' dir='ltr'>eam</span> <span class='ocrx_word' id='word_1_572' title='bbox 1464 1204 1623 1235; x_wconf 84' lang='lat' dir='ltr'>servitutis</span> <span class='ocrx_word' id='word_1_573' title='bbox 1643 1203 1893 1235; x_wconf 82' lang='lat' dir='ltr'>vindicationem</span> <span class='ocrx_word' id='word_1_574' title='bbox 1910 1211 1947 1233; x_wconf 89' lang='lat' dir='ltr'>ac</span> 
     </span>
     <span class='ocr_line' id='line_1_75' title="bbox 1071 1244 1949 1284; baseline 0 -9"><span class='ocrx_word' id='word_1_575' title='bbox 1071 1244 1265 1284; x_wconf 88' lang='lat' dir='ltr'>novioperis</span> <span class='ocrx_word' id='word_1_576' title='bbox 1282 1246 1522 1277; x_wconf 86' lang='lat' dir='ltr'>nunciationem</span> <span class='ocrx_word' id='word_1_577' title='bbox 1537 1244 1712 1276; x_wconf 65' lang='lat' dir='ltr'>fruCtuaiio</span> <span class='ocrx_word' id='word_1_578' title='bbox 1729 1245 1856 1284; x_wconf 85' lang='lat' dir='ltr'>quidem</span> <span class='ocrx_word' id='word_1_579' title='bbox 1873 1253 1949 1276; x_wconf 89' lang='lat' dir='ltr'>con-</span> 
     </span>
     <span class='ocr_line' id='line_1_76' title="bbox 1072 1286 1949 1326; baseline 0.001 -11"><span class='ocrx_word' id='word_1_580' title='bbox 1072 1286 1161 1316; x_wconf 84' lang='lat' dir='ltr'>cedit</span> <span class='ocrx_word' id='word_1_581' title='bbox 1177 1286 1325 1318; x_wconf 84' lang='lat' dir='ltr'>adversus</span> <span class='ocrx_word' id='word_1_582' title='bbox 1344 1288 1503 1325; x_wconf 81' lang='lat' dir='ltr'>vicinum,</span> <span class='ocrx_word' id='word_1_583' title='bbox 1517 1286 1665 1318; x_wconf 87' lang='lat' dir='ltr'>adversus</span> <span class='ocrx_word' id='word_1_584' title='bbox 1683 1295 1778 1326; x_wconf 87' lang='lat' dir='ltr'>quem</span> <span class='ocrx_word' id='word_1_585' title='bbox 1796 1287 1862 1325; x_wconf 83' lang='lat' dir='ltr'>jure</span> <span class='ocrx_word' id='word_1_586' title='bbox 1879 1293 1949 1326; x_wconf 86' lang='lat' dir='ltr'>agat</span> 
     </span>
     <span class='ocr_line' id='line_1_77' title="bbox 1072 1326 1948 1368; baseline 0.001 -11"><span class='ocrx_word' id='word_1_587' title='bbox 1072 1326 1286 1367; x_wconf 73' lang='lat' dir='ltr'>fruCkuarius,</span> <span class='ocrx_word' id='word_1_588' title='bbox 1320 1336 1484 1368; x_wconf 85' lang='lat' dir='ltr'>tamquam</span> <span class='ocrx_word' id='word_1_589' title='bbox 1510 1328 1631 1359; x_wconf 88' lang='lat' dir='ltr'>domini</span> <span class='ocrx_word' id='word_1_590' title='bbox 1656 1336 1869 1368; x_wconf 84' lang='lat' dir='ltr'>procurator:</span> <span class='ocrx_word' id='word_1_591' title='bbox 1895 1327 1948 1358; x_wconf 83' lang='lat' dir='ltr'>led</span> 
     </span>
     <span class='ocr_line' id='line_1_78' title="bbox 1071 1368 1946 1410; baseline 0.001 -12"><span class='ocrx_word' id='word_1_592' title='bbox 1071 1377 1141 1399; x_wconf 87' lang='lat' dir='ltr'>earn</span> <span class='ocrx_word' id='word_1_593' title='bbox 1160 1377 1254 1410; x_wconf 88' lang='lat' dir='ltr'>negat</span> <span class='ocrx_word' id='word_1_594' title='bbox 1270 1370 1299 1400; x_wconf 89' lang='lat' dir='ltr'>ei</span> <span class='ocrx_word' id='word_1_595' title='bbox 1317 1369 1465 1402; x_wconf 84' lang='lat' dir='ltr'>adversus</span> <span class='ocrx_word' id='word_1_596' title='bbox 1481 1369 1582 1410; x_wconf 88' lang='lat' dir='ltr'>ipsum</span> <span class='ocrx_word' id='word_1_597' title='bbox 1598 1369 1783 1400; x_wconf 85' lang='lat' dir='ltr'>dominum:</span> <span class='ocrx_word' id='word_1_598' title='bbox 1802 1369 1875 1409; x_wconf 87' lang='lat' dir='ltr'>quia</span> <span class='ocrx_word' id='word_1_599' title='bbox 1894 1368 1946 1400; x_wconf 88' lang='lat' dir='ltr'>fo-</span> 
     </span>
     <span class='ocr_line' id='line_1_79' title="bbox 1070 1409 1947 1452; baseline 0 -12"><span class='ocrx_word' id='word_1_600' title='bbox 1070 1417 1119 1440; x_wconf 90' lang='lat' dir='ltr'>ret</span> <span class='ocrx_word' id='word_1_601' title='bbox 1136 1409 1321 1448; x_wconf 90' lang='lat' dir='ltr'>absurdum,</span> <span class='ocrx_word' id='word_1_602' title='bbox 1345 1420 1418 1443; x_wconf 92' lang='lat' dir='ltr'>eum</span> <span class='ocrx_word' id='word_1_603' title='bbox 1438 1412 1490 1452; x_wconf 90' lang='lat' dir='ltr'>qui</span> <span class='ocrx_word' id='word_1_604' title='bbox 1510 1420 1573 1442; x_wconf 91' lang='lat' dir='ltr'>non</span> <span class='ocrx_word' id='word_1_605' title='bbox 1590 1410 1665 1449; x_wconf 89' lang='lat' dir='ltr'>suo,</span> <span class='ocrx_word' id='word_1_606' title='bbox 1682 1409 1734 1442; x_wconf 91' lang='lat' dir='ltr'>sed</span> <span class='ocrx_word' id='word_1_607' title='bbox 1750 1411 1870 1442; x_wconf 85' lang='lat' dir='ltr'>domini</span> <span class='ocrx_word' id='word_1_608' title='bbox 1889 1420 1947 1441; x_wconf 91' lang='lat' dir='ltr'>no-</span> 
     </span>
     <span class='ocr_line' id='line_1_80' title="bbox 1069 1451 1947 1493; baseline 0.001 -12"><span class='ocrx_word' id='word_1_609' title='bbox 1069 1451 1156 1482; x_wconf 89' lang='lat' dir='ltr'>mine</span> <span class='ocrx_word' id='word_1_610' title='bbox 1174 1452 1355 1491; x_wconf 81' lang='lat' dir='ltr'>experitur,</span> <span class='ocrx_word' id='word_1_611' title='bbox 1369 1453 1507 1493; x_wconf 84' lang='lat' dir='ltr'>experiri</span> <span class='ocrx_word' id='word_1_612' title='bbox 1524 1451 1673 1483; x_wconf 80' lang='lat' dir='ltr'>adversus</span> <span class='ocrx_word' id='word_1_613' title='bbox 1692 1461 1766 1483; x_wconf 85' lang='lat' dir='ltr'>eum</span> <span class='ocrx_word' id='word_1_614' title='bbox 1783 1452 1872 1492; x_wconf 85' lang='lat' dir='ltr'>cujus</span> <span class='ocrx_word' id='word_1_615' title='bbox 1890 1461 1947 1482; x_wconf 89' lang='lat' dir='ltr'>no-</span> 
     </span>
     <span class='ocr_line' id='line_1_81' title="bbox 1069 1492 1950 1533; baseline 0.001 -11"><span class='ocrx_word' id='word_1_616' title='bbox 1069 1492 1157 1523; x_wconf 89' lang='lat' dir='ltr'>mine</span> <span class='ocrx_word' id='word_1_617' title='bbox 1174 1493 1349 1533; x_wconf 87' lang='lat' dir='ltr'>experitur.</span> <span class='ocrx_word' id='word_1_618' title='bbox 1367 1494 1419 1525; x_wconf 90' lang='lat' dir='ltr'>illa</span> <span class='ocrx_word' id='word_1_619' title='bbox 1436 1503 1514 1525; x_wconf 91' lang='lat' dir='ltr'>vero</span> <span class='ocrx_word' id='word_1_620' title='bbox 1530 1492 1626 1524; x_wconf 85' lang='lat' dir='ltr'>ceffat</span> <span class='ocrx_word' id='word_1_621' title='bbox 1642 1492 1831 1524; x_wconf 86' lang='lat' dir='ltr'>absurditas:</span> <span class='ocrx_word' id='word_1_622' title='bbox 1848 1492 1869 1524; x_wconf 90' lang='lat' dir='ltr'>fi</span> <span class='ocrx_word' id='word_1_623' title='bbox 1885 1492 1950 1523; x_wconf 86' lang='lat' dir='ltr'>fru-</span> 
     </span>
     <span class='ocr_line' id='line_1_82' title="bbox 1070 1532 1949 1575; baseline 0 -11"><span class='ocrx_word' id='word_1_624' title='bbox 1070 1533 1205 1565; x_wconf 66' lang='lat' dir='ltr'>&amp;uarius</span> <span class='ocrx_word' id='word_1_625' title='bbox 1231 1541 1284 1565; x_wconf 89' lang='lat' dir='ltr'>aut</span> <span class='ocrx_word' id='word_1_626' title='bbox 1304 1535 1380 1566; x_wconf 90' lang='lat' dir='ltr'>novi</span> <span class='ocrx_word' id='word_1_627' title='bbox 1403 1535 1509 1575; x_wconf 85' lang='lat' dir='ltr'>operis</span> <span class='ocrx_word' id='word_1_628' title='bbox 1527 1535 1769 1566; x_wconf 86' lang='lat' dir='ltr'>nunciationem</span> <span class='ocrx_word' id='word_1_629' title='bbox 1785 1541 1839 1564; x_wconf 90' lang='lat' dir='ltr'>aut</span> <span class='ocrx_word' id='word_1_630' title='bbox 1854 1532 1949 1565; x_wconf 88' lang='lat' dir='ltr'>servi-</span> 
     </span>
     <span class='ocr_line' id='line_1_83' title="bbox 1071 1575 1950 1615; baseline -0.001 -9"><span class='ocrx_word' id='word_1_631' title='bbox 1071 1576 1148 1606; x_wconf 87' lang='lat' dir='ltr'>tutis</span> <span class='ocrx_word' id='word_1_632' title='bbox 1168 1575 1421 1608; x_wconf 86' lang='lat' dir='ltr'>vindicationem</span> <span class='ocrx_word' id='word_1_633' title='bbox 1438 1575 1492 1607; x_wconf 91' lang='lat' dir='ltr'>suo</span> <span class='ocrx_word' id='word_1_634' title='bbox 1509 1576 1641 1608; x_wconf 86' lang='lat' dir='ltr'>nornine</span> <span class='ocrx_word' id='word_1_635' title='bbox 1656 1583 1834 1608; x_wconf 87' lang='lat' dir='ltr'>exerceret.</span> <span class='ocrx_word' id='word_1_636' title='bbox 1858 1584 1950 1615; x_wconf 85' lang='lat' dir='ltr'>aeque</span> 
     </span>
     <span class='ocr_line' id='line_1_84' title="bbox 1072 1615 1947 1659; baseline 0 -12"><span class='ocrx_word' id='word_1_637' title='bbox 1072 1617 1157 1647; x_wconf 88' lang='lat' dir='ltr'>enim</span> <span class='ocrx_word' id='word_1_638' title='bbox 1174 1624 1240 1647; x_wconf 93' lang='lat' dir='ltr'>tum</span> <span class='ocrx_word' id='word_1_639' title='bbox 1258 1616 1360 1657; x_wconf 85' lang='lat' dir='ltr'>poss&#39;et</span> <span class='ocrx_word' id='word_1_640' title='bbox 1371 1627 1466 1659; x_wconf 83' lang='lat' dir='ltr'>agere</span> <span class='ocrx_word' id='word_1_641' title='bbox 1479 1615 1626 1648; x_wconf 87' lang='lat' dir='ltr'>adversus</span> <span class='ocrx_word' id='word_1_642' title='bbox 1644 1617 1828 1655; x_wconf 90' lang='lat' dir='ltr'>dominum,</span> <span class='ocrx_word' id='word_1_643' title='bbox 1850 1624 1947 1656; x_wconf 85' lang='lat' dir='ltr'>atque</span> 
     </span>
     <span class='ocr_line' id='line_1_85' title="bbox 1073 1656 1947 1699; baseline 0.001 -11"><span class='ocrx_word' id='word_1_644' title='bbox 1073 1656 1221 1690; x_wconf 88' lang='lat' dir='ltr'>adversus</span> <span class='ocrx_word' id='word_1_645' title='bbox 1243 1666 1441 1691; x_wconf 84' lang='lat' dir='ltr'>extraneum.</span> <span class='ocrx_word' id='word_1_646' title='bbox 1486 1659 1568 1697; x_wconf 75' lang='lat' dir='ltr'>Sed,</span> <span class='ocrx_word' id='word_1_647' title='bbox 1593 1666 1691 1699; x_wconf 86' lang='lat' dir='ltr'>puto,</span> <span class='ocrx_word' id='word_1_648' title='bbox 1717 1659 1817 1699; x_wconf 89' lang='lat' dir='ltr'>liquet</span> <span class='ocrx_word' id='word_1_649' title='bbox 1832 1657 1947 1697; x_wconf 91' lang='lat' dir='ltr'>Juliani</span> 
     </span>
     <span class='ocr_line' id='line_1_86' title="bbox 1073 1698 1948 1740; baseline 0.005 -11"><span class='ocrx_word' id='word_1_650' title='bbox 1073 1700 1103 1730; x_wconf 70' lang='grc' dir='ltr'>δι</span> <span class='ocrx_word' id='word_1_651' title='bbox 1127 1698 1255 1740; x_wconf 87' lang='lat' dir='ltr'>Ulpiani</span> <span class='ocrx_word' id='word_1_652' title='bbox 1281 1699 1455 1738; x_wconf 83' lang='lat' dir='ltr'>sententia3</span> <span class='ocrx_word' id='word_1_653' title='bbox 1479 1701 1575 1732; x_wconf 89' lang='lat' dir='ltr'>etiam</span> <span class='ocrx_word' id='word_1_654' title='bbox 1603 1699 1807 1740; x_wconf 87' lang='lat' dir='ltr'>intelligitur,</span> <span class='ocrx_word' id='word_1_655' title='bbox 1831 1699 1948 1733; x_wconf 80' lang='lat' dir='ltr'>nullam</span> 
     </span>
     <span class='ocr_line' id='line_1_87' title="bbox 1073 1741 1949 1784; baseline -0.001 -12"><span class='ocrx_word' id='word_1_656' title='bbox 1073 1741 1134 1772; x_wconf 86' lang='lat' dir='ltr'>hac</span> <span class='ocrx_word' id='word_1_657' title='bbox 1157 1741 1187 1772; x_wconf 92' lang='lat' dir='ltr'>in</span> <span class='ocrx_word' id='word_1_658' title='bbox 1215 1749 1302 1781; x_wconf 87' lang='lat' dir='ltr'>parte</span> <span class='ocrx_word' id='word_1_659' title='bbox 1320 1741 1411 1774; x_wconf 83' lang='lat' dir='ltr'>fuiffe</span> <span class='ocrx_word' id='word_1_660' title='bbox 1435 1751 1573 1784; x_wconf 85' lang='lat' dir='ltr'>pugnam</span> <span class='ocrx_word' id='word_1_661' title='bbox 1590 1741 1714 1781; x_wconf 91' lang='lat' dir='ltr'>Juliano</span> <span class='ocrx_word' id='word_1_662' title='bbox 1731 1750 1803 1773; x_wconf 89' lang='lat' dir='ltr'>cum</span> <span class='ocrx_word' id='word_1_663' title='bbox 1820 1741 1949 1782; x_wconf 86' lang='lat' dir='ltr'>reliquis</span> 
     </span>
     <span class='ocr_line' id='line_1_88' title="bbox 1073 1781 1947 1825; baseline -0.001 -11"><span class='ocrx_word' id='word_1_664' title='bbox 1073 1781 1329 1822; x_wconf 87' lang='lat' dir='ltr'>Jurisconsultis:</span> <span class='ocrx_word' id='word_1_665' title='bbox 1354 1784 1449 1825; x_wconf 85' lang='lat' dir='ltr'>idque</span> <span class='ocrx_word' id='word_1_666' title='bbox 1472 1784 1595 1825; x_wconf 90' lang='lat' dir='ltr'>optime</span> <span class='ocrx_word' id='word_1_667' title='bbox 1614 1782 1797 1814; x_wconf 88' lang='lat' dir='ltr'>observavit</span> <span class='ocrx_word' id='word_1_668' title='bbox 1816 1783 1947 1823; x_wconf 89' lang='lat' dir='ltr'>diligen-</span> 
     </span>
     <span class='ocr_line' id='line_1_89' title="bbox 1074 1823 1944 1866; baseline -0.001 -11"><span class='ocrx_word' id='word_1_669' title='bbox 1074 1824 1203 1856; x_wconf 81' lang='lat' dir='ltr'>tiiiimus</span> <span class='ocrx_word' id='word_1_670' title='bbox 1228 1824 1409 1866; x_wconf 86' lang='lat' dir='ltr'>lnterpres,</span> <span class='ocrx_word' id='word_1_671' title='bbox 1435 1825 1566 1857; x_wconf 79' lang='lat' dir='ltr'>Marcus</span> <span class='ocrx_word' id='word_1_672' title='bbox 1590 1825 1736 1857; x_wconf 89' lang='lat' dir='ltr'>Aurelius</span> <span class='ocrx_word' id='word_1_673' title='bbox 1761 1823 1944 1862; x_wconf 77' lang='lat' dir='ltr'>Ga1vanus,</span> 
     </span>
     <span class='ocr_line' id='line_1_90' title="bbox 1080 1864 1949 1908; baseline -0.001 -12"><span class='ocrx_word' id='word_1_674' title='bbox 1080 1865 1122 1896; x_wconf 84' lang='lat' dir='ltr'>De</span> <span class='ocrx_word' id='word_1_675' title='bbox 1139 1864 1297 1905; x_wconf 68' lang='lat' dir='ltr'>usufruFtu</span> <span class='ocrx_word' id='word_1_676' title='bbox 1316 1877 1340 1898; x_wconf 91' lang='lat' dir='ltr'>c.</span> <span class='ocrx_word' id='word_1_677' title='bbox 1358 1871 1408 1908; x_wconf 84' lang='lat'>36.</span> <span class='ocrx_word' id='word_1_678' title='bbox 1439 1868 1515 1898; x_wconf 89' lang='lat' dir='ltr'>licet</span> <span class='ocrx_word' id='word_1_679' title='bbox 1534 1867 1618 1898; x_wconf 84' lang='lat' dir='ltr'>aliud</span> <span class='ocrx_word' id='word_1_680' title='bbox 1643 1874 1774 1898; x_wconf 87' lang='lat' dir='ltr'>teneant</span> <span class='ocrx_word' id='word_1_681' title='bbox 1797 1867 1857 1897; x_wconf 84' lang='lat' dir='ltr'>iter</span> <span class='ocrx_word' id='word_1_682' title='bbox 1882 1864 1949 1896; x_wconf 88' lang='lat' dir='ltr'>Viri</span> 
     </span>
     <span class='ocr_line' id='line_1_91' title="bbox 1074 1905 1947 1950; baseline -0.001 -12"><span class='ocrx_word' id='word_1_683' title='bbox 1074 1907 1212 1944; x_wconf 86' lang='lat' dir='ltr'>Summi,</span> <span class='ocrx_word' id='word_1_684' title='bbox 1239 1908 1376 1946; x_wconf 79' lang='lat' dir='ltr'>jacobus</span> <span class='ocrx_word' id='word_1_685' title='bbox 1401 1908 1549 1950; x_wconf 73' lang='lat' dir='ltr'>Cujacius</span> <span class='ocrx_word' id='word_1_686' title='bbox 1575 1908 1594 1939; x_wconf 86' lang='lat' dir='ltr'>l.</span> <span class='ocrx_word' id='word_1_687' title='bbox 1615 1917 1639 1939; x_wconf 85' lang='lat'>1.</span> <span class='ocrx_word' id='word_1_688' title='bbox 1664 1909 1782 1942; x_wconf 66' lang='lat' dir='ltr'>Obstru.</span> <span class='ocrx_word' id='word_1_689' title='bbox 1800 1918 1824 1938; x_wconf 84' lang='lat' dir='ltr'>c.</span> <span class='ocrx_word' id='word_1_690' title='bbox 1844 1910 1888 1938; x_wconf 84' lang='lat'>16.</span> <span class='ocrx_word' id='word_1_691' title='bbox 1911 1905 1947 1944; x_wconf 53' lang='grc' dir='ltr'>ἐξ</span> 
     </span>
     <span class='ocr_line' id='line_1_92' title="bbox 1073 1948 1948 1990; baseline 0.001 -12"><span class='ocrx_word' id='word_1_692' title='bbox 1073 1948 1123 1980; x_wconf 75' lang='lat' dir='ltr'>lib.</span> <span class='ocrx_word' id='word_1_693' title='bbox 1146 1953 1190 1980; x_wconf 84' lang='lat'>16.</span> <span class='ocrx_word' id='word_1_694' title='bbox 1212 1949 1332 1989; x_wconf 71' lang='lat' dir='ltr'>Observ.</span> <span class='ocrx_word' id='word_1_695' title='bbox 1350 1960 1373 1981; x_wconf 90' lang='lat' dir='ltr'>c.</span> <span class='ocrx_word' id='word_1_696' title='bbox 1391 1959 1448 1990; x_wconf 74' lang='lat'>31,</span> <span class='ocrx_word' id='word_1_697' title='bbox 1468 1952 1495 1981; x_wconf 64' lang='grc' dir='ltr'>ἃ</span> <span class='ocrx_word' id='word_1_698' title='bbox 1515 1950 1673 1981; x_wconf 88' lang='lat' dir='ltr'>Antonius</span> <span class='ocrx_word' id='word_1_699' title='bbox 1692 1949 1791 1981; x_wconf 80' lang='lat' dir='ltr'>Faber</span> <span class='ocrx_word' id='word_1_700' title='bbox 1806 1948 1948 1980; x_wconf 73' lang='lat' dir='ltr'>Rationu-</span> 
     </span>
     <span class='ocr_line' id='line_1_93' title="bbox 1073 1990 1726 2033; baseline 0.003 -12"><span class='ocrx_word' id='word_1_701' title='bbox 1073 1990 1121 2023; x_wconf 77' lang='lat' dir='ltr'>lz&#39;l).</span> <span class='ocrx_word' id='word_1_702' title='bbox 1139 1993 1177 2022; x_wconf 78' lang='lat' dir='ltr'>act</span> <span class='ocrx_word' id='word_1_703' title='bbox 1194 1991 1213 2022; x_wconf 86' lang='lat' dir='ltr'>l.</span> <span class='ocrx_word' id='word_1_704' title='bbox 1238 2000 1262 2023; x_wconf 86' lang='lat'>1.</span> <span class='ocrx_word' id='word_1_705' title='bbox 1282 1991 1324 2023; x_wconf 88' lang='lat' dir='ltr'>D.</span> <span class='ocrx_word' id='word_1_706' title='bbox 1352 1991 1384 2022; x_wconf 81' lang='lat' dir='ltr'>Si</span> <span class='ocrx_word' id='word_1_707' title='bbox 1401 1991 1587 2033; x_wconf 56' lang='lat' dir='ltr'>ususfructus</span> <span class='ocrx_word' id='word_1_708' title='bbox 1598 1996 1726 2032; x_wconf 79' lang='lat' dir='ltr'>petetur.</span> 
     </span>
    </p>
   </div>
   <div class='ocr_carea' id='block_1_12' title="bbox 1126 2096 1243 2133">
    <p class='ocr_par' dir='ltr' id='par_1_13' title="bbox 1126 2096 1243 2133">
     <span class='ocr_line' id='line_1_94' title="bbox 1126 2096 1243 2133; baseline 0.017 -3"><span class='ocrx_word' id='word_1_709' title='bbox 1126 2096 1243 2133; x_wconf 80' lang='lat' dir='ltr'>XVI.</span> 
     </span>
    </p>
   </div>
   <div class='ocr_carea' id='block_1_13' title="bbox 279 2169 1830 2268">
    <p class='ocr_par' dir='ltr' id='par_1_14' title="bbox 279 2169 1830 2268">
     <span class='ocr_line' id='line_1_95' title="bbox 279 2169 1830 2221; baseline -0.004 -9"><span class='ocrx_word' id='word_1_710' title='bbox 279 2177 466 2214; x_wconf 64' lang='lat' dir='ltr'>Frutinurio</span> <span class='ocrx_word' id='word_1_711' title='bbox 483 2176 603 2211; x_wconf 73' lang='lat' dir='ltr'>concedi</span> <span class='ocrx_word' id='word_1_712' title='bbox 621 2174 783 2209; x_wconf 54' lang='lat' dir='ltr'>interdieta</span> <span class='ocrx_word' id='word_1_713' title='bbox 803 2172 891 2207; x_wconf 76' lang='lat' dir='ltr'>Unde</span> <span class='ocrx_word' id='word_1_714' title='bbox 910 2175 943 2207; x_wconf 84' lang='lat' dir='ltr'>vi</span> <span class='ocrx_word' id='word_1_715' title='bbox 962 2171 1003 2212; x_wconf 50' lang='grc' dir='ltr'>ἐξ</span> <span class='ocrx_word' id='word_1_716' title='bbox 1022 2172 1079 2206; x_wconf 78' lang='lat' dir='ltr'>Uli</span> <span class='ocrx_word' id='word_1_717' title='bbox 1094 2169 1268 2221; x_wconf 82' lang='lat' dir='ltr'>poffidetis:</span> <span class='ocrx_word' id='word_1_718' title='bbox 1294 2173 1394 2218; x_wconf 73' lang='lat' dir='ltr'>magis</span> <span class='ocrx_word' id='word_1_719' title='bbox 1414 2179 1516 2207; x_wconf 79' lang='lat' dir='ltr'>tamen</span> <span class='ocrx_word' id='word_1_720' title='bbox 1536 2184 1574 2207; x_wconf 73' lang='lat' dir='ltr'>ex</span> <span class='ocrx_word' id='word_1_721' title='bbox 1592 2172 1697 2207; x_wconf 47' lang='lat' dir='ltr'>Erliffl</span> <span class='ocrx_word' id='word_1_722' title='bbox 1714 2180 1830 2216; x_wconf 65' lang='lat' dir='ltr'>mente,</span> 
     </span>
     <span class='ocr_line' id='line_1_96' title="bbox 658 2222 1240 2268; baseline 0.002 -13"><span class='ocrx_word' id='word_1_723' title='bbox 658 2232 661 2233; x_wconf 50' lang='lat'><em>⁷</em></span> <span class='ocrx_word' id='word_1_724' title='bbox 878 2234 967 2267; x_wconf 74' lang='lat' dir='ltr'>quam</span> <span class='ocrx_word' id='word_1_725' title='bbox 987 2234 1027 2256; x_wconf 77' lang='lat' dir='ltr'>ex</span> <span class='ocrx_word' id='word_1_726' title='bbox 1044 2223 1108 2268; x_wconf 78' lang='lat' dir='ltr'>ejus</span> <span class='ocrx_word' id='word_1_727' title='bbox 1126 2222 1240 2256; x_wconf 76' lang='lat' dir='ltr'>verbis.</span> 
     </span>
    </p>
   </div>
   <div class='ocr_carea' id='block_1_14' title="bbox 152 2324 1034 3240">
    <p class='ocr_par' dir='ltr' id='par_1_15' title="bbox 152 2324 1034 3240">
     <span class='ocr_line' id='line_1_97' title="bbox 206 2324 1034 2370; baseline -0.004 -9"><span class='ocrx_word' id='word_1_728' title='bbox 206 2334 297 2361; x_wconf 86' lang='lat' dir='ltr'>raeter</span> <span class='ocrx_word' id='word_1_729' title='bbox 308 2327 466 2370; x_wconf 81' lang='lat' dir='ltr'>superiora</span> <span class='ocrx_word' id='word_1_730' title='bbox 482 2326 622 2358; x_wconf 88' lang='lat' dir='ltr'>remedia</span> <span class='ocrx_word' id='word_1_731' title='bbox 632 2349 642 2365; x_wconf 86' lang='lat'>,</span> <span class='ocrx_word' id='word_1_732' title='bbox 656 2326 752 2358; x_wconf 88' lang='lat' dir='ltr'>etiam</span> <span class='ocrx_word' id='word_1_733' title='bbox 761 2324 936 2356; x_wconf 65' lang='lat' dir='ltr'>fructuario</span> <span class='ocrx_word' id='word_1_734' title='bbox 946 2332 1034 2358; x_wconf 84' lang='lat' dir='ltr'>com-</span> 
     </span>
     <span class='ocr_line' id='line_1_98' title="bbox 153 2333 1033 2412; baseline -0.002 -11"><span class='ocrx_word' id='word_1_735' title='bbox 153 2333 200 2407; x_wconf 81' lang='grc' dir='ltr'>Ρ</span> <span class='ocrx_word' id='word_1_736' title='bbox 217 2377 334 2412; x_wconf 85' lang='lat' dir='ltr'>petunt</span> <span class='ocrx_word' id='word_1_737' title='bbox 358 2368 443 2410; x_wconf 86' lang='lat' dir='ltr'>quafi</span> <span class='ocrx_word' id='word_1_738' title='bbox 467 2367 649 2410; x_wconf 80' lang='lat' dir='ltr'>poffefforia</span> <span class='ocrx_word' id='word_1_739' title='bbox 668 2376 740 2399; x_wconf 90' lang='lat' dir='ltr'>cum</span> <span class='ocrx_word' id='word_1_740' title='bbox 757 2367 795 2398; x_wconf 89' lang='lat' dir='ltr'>ad</span> <span class='ocrx_word' id='word_1_741' title='bbox 813 2367 1010 2400; x_wconf 76' lang='lat' dir='ltr'>retinendam</span> <span class='ocrx_word' id='word_1_742' title='bbox 1023 2390 1033 2406; x_wconf 91' lang='lat'>‚</span> 
     </span>
     <span class='ocr_line' id='line_1_99' title="bbox 152 2407 1031 2449; baseline -0.003 -6"><span class='ocrx_word' id='word_1_743' title='bbox 152 2421 220 2444; x_wconf 81' lang='lat' dir='ltr'>tuni</span> <span class='ocrx_word' id='word_1_744' title='bbox 242 2412 281 2442; x_wconf 84' lang='lat' dir='ltr'>ad</span> <span class='ocrx_word' id='word_1_745' title='bbox 308 2411 559 2449; x_wconf 83' lang='lat' dir='ltr'>recuperandam</span> <span class='ocrx_word' id='word_1_746' title='bbox 585 2408 780 2441; x_wconf 64' lang='lat' dir='ltr'>ususfructus</span> <span class='ocrx_word' id='word_1_747' title='bbox 798 2407 1031 2448; x_wconf 77' lang='lat' dir='ltr'>poffeffionem.</span> 
     </span>
     <span class='ocr_line' id='line_1_100' title="bbox 152 2450 1032 2492; baseline -0.003 -7"><span class='ocrx_word' id='word_1_748' title='bbox 152 2453 208 2486; x_wconf 80' lang='lat' dir='ltr'>etsi</span> <span class='ocrx_word' id='word_1_749' title='bbox 224 2453 307 2484; x_wconf 87' lang='lat' dir='ltr'>enim</span> <span class='ocrx_word' id='word_1_750' title='bbox 322 2452 511 2484; x_wconf 66' lang='lat' dir='ltr'>fructuarius</span> <span class='ocrx_word' id='word_1_751' title='bbox 523 2461 590 2483; x_wconf 88' lang='lat' dir='ltr'>rem</span> <span class='ocrx_word' id='word_1_752' title='bbox 606 2450 811 2482; x_wconf 61' lang='lat' dir='ltr'>fructuariam</span> <span class='ocrx_word' id='word_1_753' title='bbox 828 2451 927 2492; x_wconf 85' lang='lat' dir='ltr'>magis</span> <span class='ocrx_word' id='word_1_754' title='bbox 944 2459 1032 2482; x_wconf 88' lang='lat' dir='ltr'>tene-</span> 
     </span>
     <span class='ocr_line' id='line_1_101' title="bbox 154 2491 1030 2534; baseline -0.005 -8"><span class='ocrx_word' id='word_1_755' title='bbox 154 2505 188 2527; x_wconf 91' lang='lat' dir='ltr'>re</span> <span class='ocrx_word' id='word_1_756' title='bbox 200 2517 209 2533; x_wconf 87' lang='lat'>,</span> <span class='ocrx_word' id='word_1_757' title='bbox 232 2503 326 2534; x_wconf 84' lang='lat' dir='ltr'>quam</span> <span class='ocrx_word' id='word_1_758' title='bbox 345 2494 501 2534; x_wconf 87' lang='lat' dir='ltr'>poffidere</span> <span class='ocrx_word' id='word_1_759' title='bbox 519 2493 664 2525; x_wconf 86' lang='lat' dir='ltr'>videatur</span> <span class='ocrx_word' id='word_1_760' title='bbox 676 2516 684 2531; x_wconf 90' lang='lat'>,</span> <span class='ocrx_word' id='word_1_761' title='bbox 710 2499 746 2523; x_wconf 89' lang='lat' dir='ltr'>ut</span> <span class='ocrx_word' id='word_1_762' title='bbox 764 2491 827 2522; x_wconf 87' lang='lat' dir='ltr'>dixi</span> <span class='ocrx_word' id='word_1_763' title='bbox 843 2492 891 2523; x_wconf 79' lang='lat' dir='ltr'>lib.</span> <span class='ocrx_word' id='word_1_764' title='bbox 915 2500 940 2522; x_wconf 92' lang='lat'>1.</span> <span class='ocrx_word' id='word_1_765' title='bbox 958 2502 984 2523; x_wconf 83' lang='lat' dir='ltr'>c.</span> <span class='ocrx_word' id='word_1_766' title='bbox 1002 2502 1030 2533; x_wconf 78' lang='lat'>3.</span> 
     </span>
     <span class='ocr_line' id='line_1_102' title="bbox 153 2533 1034 2576; baseline -0.005 -8"><span class='ocrx_word' id='word_1_767' title='bbox 153 2544 258 2568; x_wconf 83' lang='lat' dir='ltr'>tamen</span> <span class='ocrx_word' id='word_1_768' title='bbox 274 2536 294 2567; x_wconf 84' lang='lat' dir='ltr'>si</span> <span class='ocrx_word' id='word_1_769' title='bbox 313 2536 352 2567; x_wconf 85' lang='lat' dir='ltr'>de</span> <span class='ocrx_word' id='word_1_770' title='bbox 369 2536 437 2576; x_wconf 91' lang='lat' dir='ltr'>ipso</span> <span class='ocrx_word' id='word_1_771' title='bbox 457 2534 637 2573; x_wconf 69' lang='lat' dir='ltr'>usufruCtu,</span> <span class='ocrx_word' id='word_1_772' title='bbox 660 2534 691 2565; x_wconf 93' lang='lat' dir='ltr'>id</span> <span class='ocrx_word' id='word_1_773' title='bbox 716 2533 781 2572; x_wconf 84' lang='lat' dir='ltr'>est,</span> <span class='ocrx_word' id='word_1_774' title='bbox 805 2533 844 2564; x_wconf 90' lang='lat' dir='ltr'>de</span> <span class='ocrx_word' id='word_1_775' title='bbox 858 2533 927 2573; x_wconf 86' lang='lat' dir='ltr'>jure</span> <span class='ocrx_word' id='word_1_776' title='bbox 946 2534 1034 2574; x_wconf 91' lang='lat' dir='ltr'>quod</span> 
     </span>
     <span class='ocr_line' id='line_1_103' title="bbox 154 2573 1034 2617; baseline -0.005 -8"><span class='ocrx_word' id='word_1_777' title='bbox 154 2579 186 2610; x_wconf 90' lang='lat' dir='ltr'>in</span> <span class='ocrx_word' id='word_1_778' title='bbox 202 2586 239 2608; x_wconf 89' lang='lat' dir='ltr'>ea</span> <span class='ocrx_word' id='word_1_779' title='bbox 257 2586 290 2608; x_wconf 87' lang='lat' dir='ltr'>re</span> <span class='ocrx_word' id='word_1_780' title='bbox 306 2577 424 2614; x_wconf 85' lang='lat' dir='ltr'>habet,</span> <span class='ocrx_word' id='word_1_781' title='bbox 448 2584 624 2617; x_wconf 64' lang='lat' dir='ltr'>quaeratur:</span> <span class='ocrx_word' id='word_1_782' title='bbox 651 2576 757 2606; x_wconf 83' lang='lat' dir='ltr'>verius</span> <span class='ocrx_word' id='word_1_783' title='bbox 778 2574 822 2606; x_wconf 87' lang='lat' dir='ltr'>est</span> <span class='ocrx_word' id='word_1_784' title='bbox 837 2598 846 2613; x_wconf 92' lang='lat'>,</span> <span class='ocrx_word' id='word_1_785' title='bbox 868 2573 1034 2606; x_wconf 66' lang='lat' dir='ltr'>fructuari-</span> 
     </span>
     <span class='ocr_line' id='line_1_104' title="bbox 152 2616 1033 2657; baseline -0.002 -7"><span class='ocrx_word' id='word_1_786' title='bbox 152 2628 206 2651; x_wconf 92' lang='lat' dir='ltr'>um</span> <span class='ocrx_word' id='word_1_787' title='bbox 232 2618 366 2657; x_wconf 79' lang='lat' dir='ltr'>intelligi</span> <span class='ocrx_word' id='word_1_788' title='bbox 386 2618 449 2657; x_wconf 83' lang='lat' dir='ltr'>ejus</span> <span class='ocrx_word' id='word_1_789' title='bbox 473 2618 548 2657; x_wconf 79' lang='lat' dir='ltr'>juris</span> <span class='ocrx_word' id='word_1_790' title='bbox 566 2617 791 2657; x_wconf 71' lang='lat' dir='ltr'>poil&#39;ell&#39;orem:</span> <span class='ocrx_word' id='word_1_791' title='bbox 815 2616 935 2656; x_wconf 88' lang='lat' dir='ltr'>quippe</span> <span class='ocrx_word' id='word_1_792' title='bbox 961 2626 1033 2648; x_wconf 90' lang='lat' dir='ltr'>cum</span> 
     </span>
     <span class='ocr_line' id='line_1_105' title="bbox 154 2658 1033 2698; baseline -0.003 -6"><span class='ocrx_word' id='word_1_793' title='bbox 154 2661 187 2692; x_wconf 92' lang='lat' dir='ltr'>id</span> <span class='ocrx_word' id='word_1_794' title='bbox 205 2668 270 2691; x_wconf 91' lang='lat' dir='ltr'>non</span> <span class='ocrx_word' id='word_1_795' title='bbox 287 2659 443 2689; x_wconf 83' lang='lat' dir='ltr'>custodiat</span> <span class='ocrx_word' id='word_1_796' title='bbox 461 2660 593 2690; x_wconf 84' lang='lat' dir='ltr'>domino</span> <span class='ocrx_word' id='word_1_797' title='bbox 613 2658 838 2698; x_wconf 82' lang='lat' dir='ltr'>proprietatis:</span> <span class='ocrx_word' id='word_1_798' title='bbox 861 2659 915 2697; x_wconf 82' lang='lat' dir='ltr'>(ut</span> <span class='ocrx_word' id='word_1_799' title='bbox 935 2658 1033 2689; x_wconf 88' lang='lat' dir='ltr'>debet</span> 
     </span>
     <span class='ocr_line' id='line_1_106' title="bbox 152 2698 1032 2740; baseline -0.002 -7"><span class='ocrx_word' id='word_1_800' title='bbox 152 2700 263 2733; x_wconf 90' lang='lat' dir='ltr'>facere</span> <span class='ocrx_word' id='word_1_801' title='bbox 282 2701 314 2731; x_wconf 92' lang='lat' dir='ltr'>in</span> <span class='ocrx_word' id='word_1_802' title='bbox 331 2708 364 2730; x_wconf 89' lang='lat' dir='ltr'>re</span> <span class='ocrx_word' id='word_1_803' title='bbox 380 2699 571 2740; x_wconf 68' lang='lat' dir='ltr'>fructuaria)</span> <span class='ocrx_word' id='word_1_804' title='bbox 595 2700 645 2732; x_wconf 87' lang='lat' dir='ltr'>sed</span> <span class='ocrx_word' id='word_1_805' title='bbox 664 2700 762 2740; x_wconf 81' lang='lat' dir='ltr'>magis</span> <span class='ocrx_word' id='word_1_806' title='bbox 776 2698 829 2730; x_wconf 85' lang='lat' dir='ltr'>fibi</span> <span class='ocrx_word' id='word_1_807' title='bbox 847 2699 877 2730; x_wconf 91' lang='lat' dir='ltr'>id</span> <span class='ocrx_word' id='word_1_808' title='bbox 898 2699 1032 2732; x_wconf 86' lang='lat' dir='ltr'>habeat:</span> 
     </span>
     <span class='ocr_line' id='line_1_107' title="bbox 153 2740 1033 2782; baseline -0.002 -8"><span class='ocrx_word' id='word_1_809' title='bbox 153 2750 252 2782; x_wconf 86' lang='lat' dir='ltr'>atque</span> <span class='ocrx_word' id='word_1_810' title='bbox 267 2741 427 2772; x_wconf 89' lang='lat' dir='ltr'>interdum</span> <span class='ocrx_word' id='word_1_811' title='bbox 442 2742 516 2780; x_wconf 76' lang='lat' dir='ltr'>Juris</span> <span class='ocrx_word' id='word_1_812' title='bbox 527 2741 698 2780; x_wconf 78' lang='lat' dir='ltr'>societate3</span> <span class='ocrx_word' id='word_1_813' title='bbox 714 2741 875 2772; x_wconf 86' lang='lat' dir='ltr'>interdum</span> <span class='ocrx_word' id='word_1_814' title='bbox 888 2740 950 2771; x_wconf 90' lang='lat' dir='ltr'>sola</span> <span class='ocrx_word' id='word_1_815' title='bbox 962 2750 1033 2780; x_wconf 90' lang='lat' dir='ltr'>pos-</span> 
     </span>
     <span class='ocr_line' id='line_1_108' title="bbox 152 2781 1034 2823; baseline -0.002 -7"><span class='ocrx_word' id='word_1_816' title='bbox 152 2783 294 2816; x_wconf 80' lang='lat' dir='ltr'>seffione.</span> <span class='ocrx_word' id='word_1_817' title='bbox 326 2782 370 2813; x_wconf 89' lang='lat' dir='ltr'>ita</span> <span class='ocrx_word' id='word_1_818' title='bbox 387 2790 448 2821; x_wconf 89' lang='lat' dir='ltr'>qua</span> <span class='ocrx_word' id='word_1_819' title='bbox 467 2782 590 2814; x_wconf 82' lang='lat' dir='ltr'>ratione</span> <span class='ocrx_word' id='word_1_820' title='bbox 609 2783 664 2821; x_wconf 91' lang='lat' dir='ltr'>fit,</span> <span class='ocrx_word' id='word_1_821' title='bbox 689 2790 722 2814; x_wconf 88' lang='lat' dir='ltr'>ut</span> <span class='ocrx_word' id='word_1_822' title='bbox 739 2783 792 2823; x_wconf 92' lang='lat' dir='ltr'>qui</span> <span class='ocrx_word' id='word_1_823' title='bbox 814 2782 859 2813; x_wconf 90' lang='lat' dir='ltr'>rei</span> <span class='ocrx_word' id='word_1_824' title='bbox 883 2781 1034 2822; x_wconf 79' lang='lat' dir='ltr'>poss&#39;essor</span> 
     </span>
     <span class='ocr_line' id='line_1_109' title="bbox 153 2822 1032 2863; baseline -0.003 -5"><span class='ocrx_word' id='word_1_825' title='bbox 153 2825 222 2863; x_wconf 88' lang='lat' dir='ltr'>est,</span> <span class='ocrx_word' id='word_1_826' title='bbox 237 2825 323 2856; x_wconf 89' lang='lat' dir='ltr'>idem</span> <span class='ocrx_word' id='word_1_827' title='bbox 340 2822 486 2854; x_wconf 89' lang='lat' dir='ltr'>dominus</span> <span class='ocrx_word' id='word_1_828' title='bbox 505 2832 569 2854; x_wconf 93' lang='lat' dir='ltr'>non</span> <span class='ocrx_word' id='word_1_829' title='bbox 588 2823 645 2862; x_wconf 88' lang='lat' dir='ltr'>fit;</span> <span class='ocrx_word' id='word_1_830' title='bbox 664 2825 741 2855; x_wconf 87' lang='lat' dir='ltr'>item</span> <span class='ocrx_word' id='word_1_831' title='bbox 760 2832 793 2854; x_wconf 90' lang='lat' dir='ltr'>ut</span> <span class='ocrx_word' id='word_1_832' title='bbox 810 2823 958 2856; x_wconf 86' lang='lat' dir='ltr'>dominus</span> <span class='ocrx_word' id='word_1_833' title='bbox 974 2822 1010 2855; x_wconf 77' lang='lat' dir='ltr'>fit</span> <span class='ocrx_word' id='word_1_834' title='bbox 1022 2847 1032 2862; x_wconf 91' lang='lat'>,</span> 
     </span>
     <span class='ocr_line' id='line_1_110' title="bbox 152 2862 1032 2909; baseline -0.001 -11"><span class='ocrx_word' id='word_1_835' title='bbox 152 2865 307 2909; x_wconf 77' lang='lat' dir='ltr'>poll&#39;ess&#39;or</span> <span class='ocrx_word' id='word_1_836' title='bbox 323 2873 389 2896; x_wconf 91' lang='lat' dir='ltr'>non</span> <span class='ocrx_word' id='word_1_837' title='bbox 406 2862 462 2903; x_wconf 87' lang='lat' dir='ltr'>fit;</span> <span class='ocrx_word' id='word_1_838' title='bbox 488 2863 517 2894; x_wconf 71' lang='grc' dir='ltr'>ἃ</span> <span class='ocrx_word' id='word_1_839' title='bbox 535 2864 655 2901; x_wconf 76' lang='lat' dir='ltr'>rursuS,</span> <span class='ocrx_word' id='word_1_840' title='bbox 680 2874 715 2896; x_wconf 85' lang='lat' dir='ltr'>ut</span> <span class='ocrx_word' id='word_1_841' title='bbox 732 2864 884 2906; x_wconf 84' lang='lat' dir='ltr'>posseffor</span> <span class='ocrx_word' id='word_1_842' title='bbox 901 2865 985 2897; x_wconf 87' lang='lat' dir='ltr'>idem</span> <span class='ocrx_word' id='word_1_843' title='bbox 1003 2865 1032 2897; x_wconf 72' lang='grc' dir='ltr'>ἃ</span> 
     </span>
     <span class='ocr_line' id='line_1_111' title="bbox 153 2903 1033 2946; baseline -0.005 -4"><span class='ocrx_word' id='word_1_844' title='bbox 153 2908 301 2943; x_wconf 89' lang='lat' dir='ltr'>dominus</span> <span class='ocrx_word' id='word_1_845' title='bbox 317 2906 354 2939; x_wconf 84' lang='lat' dir='ltr'>fit</span> <span class='ocrx_word' id='word_1_846' title='bbox 371 2906 391 2937; x_wconf 95' lang='lat' dir='ltr'>l.</span> <span class='ocrx_word' id='word_1_847' title='bbox 411 2913 439 2937; x_wconf 91' lang='lat'>1.</span> <span class='ocrx_word' id='word_1_848' title='bbox 458 2903 488 2946; x_wconf 60' lang='grc' dir='ltr'>δ.</span> <span class='ocrx_word' id='word_1_849' title='bbox 507 2914 534 2935; x_wconf 82' lang='lat'>2.</span> <span class='ocrx_word' id='word_1_850' title='bbox 556 2905 598 2936; x_wconf 93' lang='lat' dir='ltr'>D.</span> <span class='ocrx_word' id='word_1_851' title='bbox 630 2904 684 2936; x_wconf 79' lang='lat' dir='ltr'>Uti</span> <span class='ocrx_word' id='word_1_852' title='bbox 701 2905 862 2946; x_wconf 81' lang='lat' dir='ltr'>poffidetz&#39;s:</span> <span class='ocrx_word' id='word_1_853' title='bbox 885 2916 922 2938; x_wconf 88' lang='lat' dir='ltr'>ea</span> <span class='ocrx_word' id='word_1_854' title='bbox 938 2908 1033 2938; x_wconf 87' lang='lat' dir='ltr'>ratio-</span> 
     </span>
     <span class='ocr_line' id='line_1_112' title="bbox 152 2946 1032 2989; baseline -0.003 -6"><span class='ocrx_word' id='word_1_855' title='bbox 152 2960 195 2983; x_wconf 87' lang='lat' dir='ltr'>ne</span> <span class='ocrx_word' id='word_1_856' title='bbox 210 2949 267 2989; x_wconf 86' lang='lat' dir='ltr'>fit;</span> <span class='ocrx_word' id='word_1_857' title='bbox 291 2955 325 2980; x_wconf 92' lang='lat' dir='ltr'>ut</span> <span class='ocrx_word' id='word_1_858' title='bbox 343 2946 457 2986; x_wconf 87' lang='lat' dir='ltr'>aliquis</span> <span class='ocrx_word' id='word_1_859' title='bbox 474 2946 628 2986; x_wconf 87' lang='lat' dir='ltr'>poffideat</span> <span class='ocrx_word' id='word_1_860' title='bbox 647 2946 895 2986; x_wconf 71' lang='lat' dir='ltr'>usumfructum,</span> <span class='ocrx_word' id='word_1_861' title='bbox 920 2948 950 2980; x_wconf 88' lang='lat'><strong>&amp;</strong></span> <span class='ocrx_word' id='word_1_862' title='bbox 966 2958 1032 2980; x_wconf 92' lang='lat' dir='ltr'>non</span> 
     </span>
     <span class='ocr_line' id='line_1_113' title="bbox 152 2987 1032 3027; baseline -0.003 -3"><span class='ocrx_word' id='word_1_863' title='bbox 152 2991 271 3025; x_wconf 85' lang='lat' dir='ltr'>habeat</span> <span class='ocrx_word' id='word_1_864' title='bbox 291 2987 539 3026; x_wconf 75' lang='lat' dir='ltr'>usumfruCtum3</span> <span class='ocrx_word' id='word_1_865' title='bbox 555 2987 667 3027; x_wconf 88' lang='lat' dir='ltr'>aliquis</span> <span class='ocrx_word' id='word_1_866' title='bbox 687 2988 914 3022; x_wconf 72' lang='lat' dir='ltr'>usumfructum</span> <span class='ocrx_word' id='word_1_867' title='bbox 938 2989 1032 3021; x_wconf 87' lang='lat' dir='ltr'>habe-</span> 
     </span>
     <span class='ocr_line' id='line_1_114' title="bbox 153 3028 1032 3073; baseline -0.003 -8"><span class='ocrx_word' id='word_1_868' title='bbox 153 3041 206 3073; x_wconf 78' lang='lat' dir='ltr'>at,</span> <span class='ocrx_word' id='word_1_869' title='bbox 229 3033 260 3064; x_wconf 87' lang='lat'>&amp;</span> <span class='ocrx_word' id='word_1_870' title='bbox 281 3030 505 3073; x_wconf 75' lang='lat' dir='ltr'>poffeffionem</span> <span class='ocrx_word' id='word_1_871' title='bbox 521 3028 586 3068; x_wconf 86' lang='lat' dir='ltr'>ejus</span> <span class='ocrx_word' id='word_1_872' title='bbox 603 3037 669 3060; x_wconf 88' lang='lat' dir='ltr'>non</span> <span class='ocrx_word' id='word_1_873' title='bbox 685 3028 818 3069; x_wconf 81' lang='lat' dir='ltr'>habeat3</span> <span class='ocrx_word' id='word_1_874' title='bbox 842 3032 936 3071; x_wconf 86' lang='lat' dir='ltr'>poffit</span> <span class='ocrx_word' id='word_1_875' title='bbox 954 3041 1032 3071; x_wconf 90' lang='lat' dir='ltr'>quo-</span> 
     </span>
     <span class='ocr_line' id='line_1_115' title="bbox 178 3068 1029 3114; baseline -0.002 -7"><span class='ocrx_word' id='word_1_876' title='bbox 178 3085 218 3107; x_wconf 89' lang='lat' dir='ltr'>ue</span> <span class='ocrx_word' id='word_1_877' title='bbox 232 3073 302 3106; x_wconf 88' lang='lat' dir='ltr'>fieri</span> <span class='ocrx_word' id='word_1_878' title='bbox 313 3096 323 3112; x_wconf 89' lang='lat'>‚</span> <span class='ocrx_word' id='word_1_879' title='bbox 340 3080 376 3104; x_wconf 91' lang='lat' dir='ltr'>ut</span> <span class='ocrx_word' id='word_1_880' title='bbox 391 3072 477 3103; x_wconf 86' lang='lat' dir='ltr'>idem</span> <span class='ocrx_word' id='word_1_881' title='bbox 491 3069 522 3102; x_wconf 87' lang='lat'>&amp;</span> <span class='ocrx_word' id='word_1_882' title='bbox 538 3068 765 3101; x_wconf 70' lang='lat' dir='ltr'>usumfructum</span> <span class='ocrx_word' id='word_1_883' title='bbox 782 3071 897 3103; x_wconf 83' lang='lat' dir='ltr'>habeat</span> <span class='ocrx_word' id='word_1_884' title='bbox 912 3074 941 3104; x_wconf 67' lang='grc' dir='ltr'>ἃ</span> <span class='ocrx_word' id='word_1_885' title='bbox 957 3082 1029 3114; x_wconf 86' lang='lat' dir='ltr'>pos·</span> 
     </span>
     <span class='ocr_line' id='line_1_116' title="bbox 165 3109 1026 3155; baseline -0.005 -7"><span class='ocrx_word' id='word_1_886' title='bbox 165 3116 330 3148; x_wconf 86' lang='lat' dir='ltr'>effionem.</span> <span class='ocrx_word' id='word_1_887' title='bbox 354 3114 490 3155; x_wconf 88' lang='lat' dir='ltr'>proinde</span> <span class='ocrx_word' id='word_1_888' title='bbox 512 3111 620 3154; x_wconf 87' lang='lat' dir='ltr'>(quod</span> <span class='ocrx_word' id='word_1_889' title='bbox 639 3109 812 3150; x_wconf 71' lang='lat' dir='ltr'>Venuleius</span> <span class='ocrx_word' id='word_1_890' title='bbox 832 3121 925 3144; x_wconf 86' lang='lat' dir='ltr'>notat</span> <span class='ocrx_word' id='word_1_891' title='bbox 940 3114 959 3145; x_wconf 85' lang='lat' dir='ltr'>l.</span> <span class='ocrx_word' id='word_1_892' title='bbox 976 3125 1026 3154; x_wconf 75' lang='lat'>52,</span> 
     </span>
     <span class='ocr_line' id='line_1_117' title="bbox 152 3151 1028 3192; baseline -0.006 -3"><span class='ocrx_word' id='word_1_893' title='bbox 152 3157 199 3190; x_wconf 92' lang='lat' dir='ltr'>D.</span> <span class='ocrx_word' id='word_1_894' title='bbox 216 3159 249 3188; x_wconf 81' lang='lat' dir='ltr'>de</span> <span class='ocrx_word' id='word_1_895' title='bbox 263 3158 301 3188; x_wconf 82' lang='lat' dir='ltr'>ad</span> <span class='ocrx_word' id='word_1_896' title='bbox 322 3157 446 3189; x_wconf 78' lang='lat' dir='ltr'>uir-enda</span> <span class='ocrx_word' id='word_1_897' title='bbox 462 3154 510 3186; x_wconf 81' lang='lat' dir='ltr'>vel</span> <span class='ocrx_word' id='word_1_898' title='bbox 523 3152 683 3185; x_wconf 79' lang='lat' dir='ltr'>amittenda</span> <span class='ocrx_word' id='word_1_899' title='bbox 693 3151 870 3192; x_wconf 82' lang='lat' dir='ltr'>poffeffi&#39;one,</span> <span class='ocrx_word' id='word_1_900' title='bbox 894 3163 962 3192; x_wconf 90' lang='lat' dir='ltr'>quae</span> <span class='ocrx_word' id='word_1_901' title='bbox 983 3155 1028 3187; x_wconf 89' lang='lat' dir='ltr'>est</span> 
     </span>
     <span class='ocr_line' id='line_1_118' title="bbox 152 3193 1028 3240; baseline -0.006 -7"><span class='ocrx_word' id='word_1_902' title='bbox 152 3208 194 3235; x_wconf 79' lang='lat' dir='ltr'>ex</span> <span class='ocrx_word' id='word_1_903' title='bbox 215 3199 282 3240; x_wconf 79' lang='lat' dir='ltr'>ejus</span> <span class='ocrx_word' id='word_1_904' title='bbox 316 3199 360 3232; x_wconf 89' lang='lat' dir='ltr'>ib.</span> <span class='ocrx_word' id='word_1_905' title='bbox 381 3207 409 3231; x_wconf 89' lang='lat'>1.</span> <span class='ocrx_word' id='word_1_906' title='bbox 445 3194 715 3235; x_wconf 70' lang='lat' dir='ltr'>Interdieorurn)</span> <span class='ocrx_word' id='word_1_907' title='bbox 737 3193 910 3235; x_wconf 83' lang='lat' dir='ltr'>Permiscerz·</span> <span class='ocrx_word' id='word_1_908' title='bbox 926 3198 1028 3237; x_wconf 83' lang='lat' dir='ltr'>causas</span> 
     </span>
    </p>
   </div>
   <div class='ocr_carea' id='block_1_15' title="bbox 1072 2322 1952 2614">
    <p class='ocr_par' dir='ltr' id='par_1_16' title="bbox 1072 2322 1952 2614">
     <span class='ocr_line' id='line_1_119' title="bbox 1072 2322 1949 2366; baseline 0.002 -12"><span class='ocrx_word' id='word_1_909' title='bbox 1072 2322 1243 2365; x_wconf 80' lang='lat' dir='ltr'>poffeffionis</span> <span class='ocrx_word' id='word_1_910' title='bbox 1258 2323 1294 2359; x_wconf 53' lang='grc' dir='ltr'>ἐξ</span> <span class='ocrx_word' id='word_1_911' title='bbox 1310 2323 1496 2364; x_wconf 70' lang='grc' dir='ltr'>ιι]ω]ντιὲἶας</span> <span class='ocrx_word' id='word_1_912' title='bbox 1510 2333 1568 2355; x_wconf 85' lang='lat' dir='ltr'>non</span> <span class='ocrx_word' id='word_1_913' title='bbox 1582 2329 1685 2364; x_wconf 77' lang='lat' dir='ltr'>oportet</span> <span class='ocrx_word' id='word_1_914' title='bbox 1696 2335 1706 2356; x_wconf 90' lang='lat'>.·</span> <span class='ocrx_word' id='word_1_915' title='bbox 1718 2325 1949 2366; x_wconf 79' lang='lat' dir='ltr'>quemadmodum</span> 
     </span>
     <span class='ocr_line' id='line_1_120' title="bbox 1076 2364 1947 2406; baseline 0.002 -10"><span class='ocrx_word' id='word_1_916' title='bbox 1076 2375 1127 2396; x_wconf 81' lang='lat' dir='ltr'>nec</span> <span class='ocrx_word' id='word_1_917' title='bbox 1141 2364 1263 2406; x_wconf 75' lang='lat' dir='ltr'>poffeffio</span> <span class='ocrx_word' id='word_1_918' title='bbox 1278 2365 1488 2406; x_wconf 75' lang='lat' dir='ltr'>&amp;proprietas</span> <span class='ocrx_word' id='word_1_919' title='bbox 1506 2366 1617 2406; x_wconf 69' lang='lat' dir='ltr'>misterz&#39;</span> <span class='ocrx_word' id='word_1_920' title='bbox 1634 2368 1744 2397; x_wconf 72' lang='lat' dir='ltr'>dehent.</span> <span class='ocrx_word' id='word_1_921' title='bbox 1790 2366 1947 2398; x_wconf 86' lang='lat' dir='ltr'>Caeterum</span> 
     </span>
     <span class='ocr_line' id='line_1_121' title="bbox 1076 2406 1949 2448; baseline 0.001 -10"><span class='ocrx_word' id='word_1_922' title='bbox 1076 2407 1131 2438; x_wconf 89' lang='lat' dir='ltr'>ubi</span> <span class='ocrx_word' id='word_1_923' title='bbox 1148 2408 1302 2445; x_wconf 88' lang='lat' dir='ltr'>dicimus,</span> <span class='ocrx_word' id='word_1_924' title='bbox 1319 2406 1546 2439; x_wconf 62' lang='lat' dir='ltr'>usumfructum</span> <span class='ocrx_word' id='word_1_925' title='bbox 1563 2417 1578 2437; x_wconf 85' lang='lat' dir='ltr'>a</span> <span class='ocrx_word' id='word_1_926' title='bbox 1594 2406 1769 2439; x_wconf 64' lang='lat' dir='ltr'>fructuario</span> <span class='ocrx_word' id='word_1_927' title='bbox 1783 2408 1949 2448; x_wconf 84' lang='lat' dir='ltr'>poffideri,</span> 
     </span>
     <span class='ocr_line' id='line_1_122' title="bbox 1078 2448 1950 2490; baseline 0.001 -10"><span class='ocrx_word' id='word_1_928' title='bbox 1078 2449 1253 2489; x_wconf 87' lang='lat' dir='ltr'>improprie</span> <span class='ocrx_word' id='word_1_929' title='bbox 1271 2450 1440 2490; x_wconf 85' lang='lat' dir='ltr'>loquimur.</span> <span class='ocrx_word' id='word_1_930' title='bbox 1465 2457 1537 2480; x_wconf 92' lang='lat' dir='ltr'>nam</span> <span class='ocrx_word' id='word_1_931' title='bbox 1553 2458 1625 2480; x_wconf 90' lang='lat' dir='ltr'>cum</span> <span class='ocrx_word' id='word_1_932' title='bbox 1643 2450 1843 2490; x_wconf 85' lang='lat' dir='ltr'>incorporale</span> <span class='ocrx_word' id='word_1_933' title='bbox 1859 2448 1950 2490; x_wconf 81' lang='lat' dir='ltr'>fitjus</span> 
     </span>
     <span class='ocr_line' id='line_1_123' title="bbox 1079 2489 1952 2532; baseline 0.003 -12"><span class='ocrx_word' id='word_1_934' title='bbox 1079 2489 1288 2528; x_wconf 68' lang='lat' dir='ltr'>ususfructus,</span> <span class='ocrx_word' id='word_1_935' title='bbox 1306 2500 1370 2522; x_wconf 91' lang='lat' dir='ltr'>non</span> <span class='ocrx_word' id='word_1_936' title='bbox 1389 2489 1494 2531; x_wconf 89' lang='lat' dir='ltr'>potest</span> <span class='ocrx_word' id='word_1_937' title='bbox 1509 2500 1526 2521; x_wconf 89' lang='lat' dir='ltr'>a</span> <span class='ocrx_word' id='word_1_938' title='bbox 1542 2489 1716 2522; x_wconf 63' lang='lat' dir='ltr'>fructuario</span> <span class='ocrx_word' id='word_1_939' title='bbox 1734 2491 1862 2532; x_wconf 85' lang='lat' dir='ltr'>proprie</span> <span class='ocrx_word' id='word_1_940' title='bbox 1879 2500 1952 2531; x_wconf 84' lang='lat' dir='ltr'>pos-</span> 
     </span>
     <span class='ocr_line' id='line_1_124' title="bbox 1078 2530 1948 2573; baseline 0.001 -10"><span class='ocrx_word' id='word_1_941' title='bbox 1078 2530 1178 2563; x_wconf 72' lang='lat' dir='ltr'>sideri.</span> <span class='ocrx_word' id='word_1_942' title='bbox 1220 2530 1387 2572; x_wconf 86' lang='lat' dir='ltr'>postquam</span> <span class='ocrx_word' id='word_1_943' title='bbox 1404 2540 1510 2562; x_wconf 78' lang='lat' dir='ltr'>tamen</span> <span class='ocrx_word' id='word_1_944' title='bbox 1531 2532 1638 2563; x_wconf 89' lang='lat' dir='ltr'>animo</span> <span class='ocrx_word' id='word_1_945' title='bbox 1655 2533 1784 2573; x_wconf 88' lang='lat' dir='ltr'>concipi</span> <span class='ocrx_word' id='word_1_946' title='bbox 1801 2534 1899 2573; x_wconf 83' lang='lat' dir='ltr'>coepit</span> <span class='ocrx_word' id='word_1_947' title='bbox 1915 2542 1948 2563; x_wconf 89' lang='lat' dir='ltr'>u·</span> 
     </span>
     <span class='ocr_line' id='line_1_125' title="bbox 1078 2573 1948 2614; baseline 0.001 -10"><span class='ocrx_word' id='word_1_948' title='bbox 1078 2573 1268 2612; x_wconf 47' lang='lat' dir='ltr'>susfructum</span> <span class='ocrx_word' id='word_1_949' title='bbox 1291 2573 1368 2612; x_wconf 89' lang='lat' dir='ltr'>quid</span> <span class='ocrx_word' id='word_1_950' title='bbox 1385 2574 1417 2604; x_wconf 92' lang='lat' dir='ltr'>ni</span> <span class='ocrx_word' id='word_1_951' title='bbox 1441 2574 1547 2604; x_wconf 87' lang='lat' dir='ltr'>animo</span> <span class='ocrx_word' id='word_1_952' title='bbox 1564 2574 1648 2614; x_wconf 82' lang='lat' dir='ltr'>quasi</span> <span class='ocrx_word' id='word_1_953' title='bbox 1664 2574 1812 2613; x_wconf 82' lang='lat' dir='ltr'>possideri</span> <span class='ocrx_word' id='word_1_954' title='bbox 1834 2574 1948 2605; x_wconf 90' lang='lat' dir='ltr'>intelli-</span> 
     </span>
    </p>
   </div>
   <div class='ocr_carea' id='block_1_16' title="bbox 1076 2614 1998 2656">
    <p class='ocr_par' dir='ltr' id='par_1_17' title="bbox 1076 2614 1998 2656">
     <span class='ocr_line' id='line_1_126' title="bbox 1076 2614 1998 2656; baseline 0 -10"><span class='ocrx_word' id='word_1_955' title='bbox 1076 2615 1194 2656; x_wconf 74' lang='lat' dir='ltr'>gatur?</span> <span class='ocrx_word' id='word_1_956' title='bbox 1217 2614 1279 2646; x_wconf 88' lang='lat' dir='ltr'>Sed</span> <span class='ocrx_word' id='word_1_957' title='bbox 1297 2614 1466 2655; x_wconf 79' lang='lat' dir='ltr'>Javolenus</span> <span class='ocrx_word' id='word_1_958' title='bbox 1484 2614 1729 2653; x_wconf 84' lang='lat' dir='ltr'>animadvertit,</span> <span class='ocrx_word' id='word_1_959' title='bbox 1754 2615 1838 2647; x_wconf 90' lang='lat' dir='ltr'>usum</span> <span class='ocrx_word' id='word_1_960' title='bbox 1858 2615 1949 2647; x_wconf 81' lang='lat' dir='ltr'>servi·</span> <span class='ocrx_word' id='word_1_961' title='bbox 1994 2626 1998 2634; x_wconf 89' lang='lat'>·</span> 
     </span>
    </p>
   </div>
   <div class='ocr_carea' id='block_1_17' title="bbox 1072 2655 1949 3190">
    <p class='ocr_par' dir='ltr' id='par_1_18' title="bbox 1072 2655 1949 3190">
     <span class='ocr_line' id='line_1_127' title="bbox 1078 2655 1947 2698; baseline 0.001 -11"><span class='ocrx_word' id='word_1_962' title='bbox 1078 2658 1154 2688; x_wconf 86' lang='lat' dir='ltr'>tutis</span> <span class='ocrx_word' id='word_1_963' title='bbox 1165 2656 1226 2688; x_wconf 81' lang='lat' dir='ltr'>effe</span> <span class='ocrx_word' id='word_1_964' title='bbox 1238 2665 1296 2696; x_wconf 83' lang='lat' dir='ltr'>pro</span> <span class='ocrx_word' id='word_1_965' title='bbox 1310 2656 1482 2687; x_wconf 86' lang='lat' dir='ltr'>traditione</span> <span class='ocrx_word' id='word_1_966' title='bbox 1498 2655 1696 2695; x_wconf 80' lang='lat' dir='ltr'>poffeffionis</span> <span class='ocrx_word' id='word_1_967' title='bbox 1707 2657 1947 2698; x_wconf 65' lang='lat' dir='ltr'>accipiendum</span> 
     </span>
     <span class='ocr_line' id='line_1_128' title="bbox 1075 2697 1949 2737; baseline 0.001 -9"><span class='ocrx_word' id='word_1_968' title='bbox 1075 2698 1215 2737; x_wconf 87' lang='lat' dir='ltr'>ideoque</span> <span class='ocrx_word' id='word_1_969' title='bbox 1231 2698 1260 2729; x_wconf 72' lang='grc' dir='ltr'>ἃ</span> <span class='ocrx_word' id='word_1_970' title='bbox 1277 2697 1443 2728; x_wconf 73' lang='lat' dir='ltr'>interdicta</span> <span class='ocrx_word' id='word_1_971' title='bbox 1464 2698 1563 2729; x_wconf 86' lang='lat' dir='ltr'>veluti</span> <span class='ocrx_word' id='word_1_972' title='bbox 1581 2697 1761 2737; x_wconf 76' lang='lat' dir='ltr'>poffess&#39;oria</span> <span class='ocrx_word' id='word_1_973' title='bbox 1778 2708 1835 2737; x_wconf 93' lang='lat' dir='ltr'>pro</span> <span class='ocrx_word' id='word_1_974' title='bbox 1856 2698 1949 2729; x_wconf 81' lang='lat' dir='ltr'>servi·</span> 
     </span>
     <span class='ocr_line' id='line_1_129' title="bbox 1077 2737 1946 2779; baseline -0.001 -9"><span class='ocrx_word' id='word_1_975' title='bbox 1077 2739 1199 2770; x_wconf 80' lang='lat' dir='ltr'>tutibus</span> <span class='ocrx_word' id='word_1_976' title='bbox 1224 2738 1397 2770; x_wconf 90' lang='lat' dir='ltr'>constituta</span> <span class='ocrx_word' id='word_1_977' title='bbox 1424 2737 1486 2769; x_wconf 89' lang='lat' dir='ltr'>esse</span> <span class='ocrx_word' id='word_1_978' title='bbox 1509 2739 1530 2770; x_wconf 75' lang='lat' dir='ltr'>l.</span> <span class='ocrx_word' id='word_1_979' title='bbox 1555 2739 1609 2770; x_wconf 79' lang='lat' dir='ltr'>ult.</span> <span class='ocrx_word' id='word_1_980' title='bbox 1635 2739 1677 2770; x_wconf 94' lang='lat' dir='ltr'>D.</span> <span class='ocrx_word' id='word_1_981' title='bbox 1706 2739 1946 2779; x_wconf 61' lang='lat' dir='ltr'>deservituti&#39;bus.</span> 
     </span>
     <span class='ocr_line' id='line_1_130' title="bbox 1076 2779 1947 2821; baseline 0.001 -10"><span class='ocrx_word' id='word_1_982' title='bbox 1076 2780 1185 2821; x_wconf 84' lang='lat' dir='ltr'>Atque</span> <span class='ocrx_word' id='word_1_983' title='bbox 1211 2780 1275 2811; x_wconf 89' lang='lat' dir='ltr'>boc</span> <span class='ocrx_word' id='word_1_984' title='bbox 1293 2781 1322 2811; x_wconf 91' lang='lat' dir='ltr'>in</span> <span class='ocrx_word' id='word_1_985' title='bbox 1343 2780 1536 2818; x_wconf 84' lang='lat' dir='ltr'>praediorum</span> <span class='ocrx_word' id='word_1_986' title='bbox 1561 2779 1764 2812; x_wconf 86' lang='lat' dir='ltr'>servitutibus</span> <span class='ocrx_word' id='word_1_987' title='bbox 1780 2781 1878 2812; x_wconf 81' lang='lat' dir='ltr'>claret</span> <span class='ocrx_word' id='word_1_988' title='bbox 1894 2780 1947 2812; x_wconf 88' lang='lat' dir='ltr'>sub</span> 
     </span>
     <span class='ocr_line' id='line_1_131' title="bbox 1075 2820 1946 2864; baseline 0 -11"><span class='ocrx_word' id='word_1_989' title='bbox 1075 2820 1197 2853; x_wconf 90' lang='lat' dir='ltr'>Titulis</span> <span class='ocrx_word' id='word_1_990' title='bbox 1217 2821 1444 2853; x_wconf 60' lang='lat' dir='ltr'>Pandefimrum</span> <span class='ocrx_word' id='word_1_991' title='bbox 1456 2845 1465 2859; x_wconf 93' lang='lat'>‚</span> <span class='ocrx_word' id='word_1_992' title='bbox 1490 2821 1538 2852; x_wconf 80' lang='lat' dir='ltr'>De</span> <span class='ocrx_word' id='word_1_993' title='bbox 1554 2822 1656 2853; x_wconf 69' lang='lat' dir='ltr'>itinere</span> <span class='ocrx_word' id='word_1_994' title='bbox 1675 2821 1798 2864; x_wconf 63' lang='lat' dir='ltr'>astuque</span> <span class='ocrx_word' id='word_1_995' title='bbox 1811 2823 1946 2863; x_wconf 82' lang='lat' dir='ltr'>privato,</span> 
     </span>
     <span class='ocr_line' id='line_1_132' title="bbox 1075 2861 1946 2905; baseline 0.001 -11"><span class='ocrx_word' id='word_1_996' title='bbox 1075 2863 1152 2895; x_wconf 90' lang='lat' dir='ltr'>item</span> <span class='ocrx_word' id='word_1_997' title='bbox 1179 2862 1228 2894; x_wconf 87' lang='lat' dir='ltr'>De</span> <span class='ocrx_word' id='word_1_998' title='bbox 1251 2873 1327 2904; x_wconf 83' lang='lat' dir='ltr'>aqua</span> <span class='ocrx_word' id='word_1_999' title='bbox 1350 2864 1521 2904; x_wconf 75' lang='lat' dir='ltr'>quotidiana</span> <span class='ocrx_word' id='word_1_1000' title='bbox 1545 2862 1582 2898; x_wconf 49' lang='grc' dir='ltr'>ἐξ</span> <span class='ocrx_word' id='word_1_1001' title='bbox 1598 2861 1716 2905; x_wconf 71' lang='lat' dir='ltr'>aesttva,</span> <span class='ocrx_word' id='word_1_1002' title='bbox 1741 2867 1770 2895; x_wconf 69' lang='lat' dir='ltr'>(Sc</span> <span class='ocrx_word' id='word_1_1003' title='bbox 1787 2863 1946 2895; x_wconf 85' lang='lat' dir='ltr'>fimiiibus.</span> 
     </span>
     <span class='ocr_line' id='line_1_133' title="bbox 1075 2903 1948 2946; baseline -0.002 -10"><span class='ocrx_word' id='word_1_1004' title='bbox 1075 2903 1129 2936; x_wconf 93' lang='lat' dir='ltr'>De</span> <span class='ocrx_word' id='word_1_1005' title='bbox 1153 2903 1314 2936; x_wconf 74' lang='lat' dir='ltr'>usufructu</span> <span class='ocrx_word' id='word_1_1006' title='bbox 1337 2913 1468 2945; x_wconf 86' lang='lat' dir='ltr'>quoque</span> <span class='ocrx_word' id='word_1_1007' title='bbox 1491 2904 1532 2935; x_wconf 87' lang='lat' dir='ltr'>fic</span> <span class='ocrx_word' id='word_1_1008' title='bbox 1558 2906 1690 2946; x_wconf 82' lang='lat' dir='ltr'>legimus</span> <span class='ocrx_word' id='word_1_1009' title='bbox 1711 2906 1794 2945; x_wconf 88' lang='lat' dir='ltr'>apud</span> <span class='ocrx_word' id='word_1_1010' title='bbox 1810 2905 1948 2944; x_wconf 79' lang='lat' dir='ltr'>Papinia-</span> 
     </span>
     <span class='ocr_line' id='line_1_134' title="bbox 1076 2944 1945 2990; baseline -0.002 -13"><span class='ocrx_word' id='word_1_1011' title='bbox 1076 2956 1150 2977; x_wconf 91' lang='lat' dir='ltr'>num</span> <span class='ocrx_word' id='word_1_1012' title='bbox 1177 2947 1195 2976; x_wconf 80' lang='grc' dir='ltr'>ἰ.</span> <span class='ocrx_word' id='word_1_1013' title='bbox 1216 2956 1265 2986; x_wconf 80' lang='lat'>27.</span> <span class='ocrx_word' id='word_1_1014' title='bbox 1287 2946 1329 2977; x_wconf 90' lang='lat' dir='ltr'>D.</span> <span class='ocrx_word' id='word_1_1015' title='bbox 1358 2947 1391 2976; x_wconf 84' lang='lat' dir='ltr'>de</span> <span class='ocrx_word' id='word_1_1016' title='bbox 1415 2947 1638 2979; x_wconf 74' lang='lat' dir='ltr'>donationibus.-</span> <span class='ocrx_word' id='word_1_1017' title='bbox 1662 2946 1750 2990; x_wconf 68' lang='lat' dir='ltr'>Quod</span> <span class='ocrx_word' id='word_1_1018' title='bbox 1769 2944 1793 2980; x_wconf 63' lang='lat' dir='ltr'>h?</span> <span class='ocrx_word' id='word_1_1019' title='bbox 1812 2946 1945 2986; x_wconf 72' lang='lat' dir='ltr'>expulsus</span> 
     </span>
     <span class='ocr_line' id='line_1_135' title="bbox 1076 2986 1943 3028; baseline -0.005 -9"><span class='ocrx_word' id='word_1_1020' title='bbox 1076 2986 1265 3028; x_wconf 76' lang='lat' dir='ltr'>Nicostratus</span> <span class='ocrx_word' id='word_1_1021' title='bbox 1280 2991 1382 3019; x_wconf 81' lang='lat' dir='ltr'>veniat</span> <span class='ocrx_word' id='word_1_1022' title='bbox 1399 2989 1437 3019; x_wconf 82' lang='lat' dir='ltr'>ad</span> <span class='ocrx_word' id='word_1_1023' title='bbox 1452 2987 1609 3028; x_wconf 82' lang='lat' dir='ltr'>Judz&#39;cenz,</span> <span class='ocrx_word' id='word_1_1024' title='bbox 1632 2991 1670 3020; x_wconf 84' lang='lat' dir='ltr'>ad</span> <span class='ocrx_word' id='word_1_1025' title='bbox 1685 2986 1841 3027; x_wconf 82' lang='lat' dir='ltr'>exemplum</span> <span class='ocrx_word' id='word_1_1026' title='bbox 1856 2988 1943 3016; x_wconf 79' lang='lat' dir='ltr'>inter-</span> 
     </span>
     <span class='ocr_line' id='line_1_136' title="bbox 1074 3027 1943 3071; baseline -0.005 -11"><span class='ocrx_word' id='word_1_1027' title='bbox 1074 3028 1146 3061; x_wconf 70' lang='lat' dir='ltr'>diffl</span> <span class='ocrx_word' id='word_1_1028' title='bbox 1167 3031 1242 3071; x_wconf 79' lang='lat' dir='ltr'>quod</span> <span class='ocrx_word' id='word_1_1029' title='bbox 1261 3029 1435 3068; x_wconf 56' lang='lat' dir='ltr'>fruffzcorio</span> <span class='ocrx_word' id='word_1_1030' title='bbox 1455 3031 1641 3070; x_wconf 83' lang='lat' dir='ltr'>proponitur,</span> <span class='ocrx_word' id='word_1_1031' title='bbox 1664 3028 1854 3066; x_wconf 78' lang='lat' dir='ltr'>defendendus</span> <span class='ocrx_word' id='word_1_1032' title='bbox 1870 3027 1943 3057; x_wconf 76' lang='lat' dir='ltr'>erit.-</span> 
     </span>
     <span class='ocr_line' id='line_1_137' title="bbox 1074 3067 1943 3112; baseline -0.005 -10"><span class='ocrx_word' id='word_1_1033' title='bbox 1074 3068 1157 3112; x_wconf 81' lang='lat' dir='ltr'>quafi</span> <span class='ocrx_word' id='word_1_1034' title='bbox 1180 3071 1237 3102; x_wconf 90' lang='lat' dir='ltr'>loco</span> <span class='ocrx_word' id='word_1_1035' title='bbox 1255 3070 1413 3112; x_wconf 77' lang='lat' dir='ltr'>poffeſjbris</span> <span class='ocrx_word' id='word_1_1036' title='bbox 1434 3070 1606 3109; x_wconf 71' lang='lat' dir='ltr'>constitutus</span> <span class='ocrx_word' id='word_1_1037' title='bbox 1631 3071 1681 3112; x_wconf 85' lang='lat' dir='ltr'>qui</span> <span class='ocrx_word' id='word_1_1038' title='bbox 1702 3069 1783 3102; x_wconf 73' lang='lat' dir='ltr'>usum</span> <span class='ocrx_word' id='word_1_1039' title='bbox 1805 3067 1943 3098; x_wconf 71' lang='lat' dir='ltr'>coenaculi</span> 
     </span>
     <span class='ocr_line' id='line_1_138' title="bbox 1072 3109 1942 3154; baseline -0.007 -10"><span class='ocrx_word' id='word_1_1040' title='bbox 1072 3114 1190 3154; x_wconf 81' lang='lat' dir='ltr'>accepit.</span> <span class='ocrx_word' id='word_1_1041' title='bbox 1214 3112 1345 3144; x_wconf 89' lang='lat' dir='ltr'>Interim</span> <span class='ocrx_word' id='word_1_1042' title='bbox 1363 3121 1428 3144; x_wconf 89' lang='lat' dir='ltr'>non</span> <span class='ocrx_word' id='word_1_1043' title='bbox 1446 3112 1490 3144; x_wconf 91' lang='lat' dir='ltr'>est</span> <span class='ocrx_word' id='word_1_1044' title='bbox 1507 3112 1569 3143; x_wconf 88' lang='lat' dir='ltr'>hoc</span> <span class='ocrx_word' id='word_1_1045' title='bbox 1582 3112 1644 3143; x_wconf 80' lang='lat' dir='ltr'>sine</span> <span class='ocrx_word' id='word_1_1046' title='bbox 1660 3109 1854 3141; x_wconf 82' lang='lat' dir='ltr'>difficultate.</span> <span class='ocrx_word' id='word_1_1047' title='bbox 1872 3118 1942 3139; x_wconf 86' lang='lat' dir='ltr'>narn</span> 
     </span>
     <span class='ocr_line' id='line_1_139' title="bbox 1073 3149 1942 3190; baseline -0.006 -5"><span class='ocrx_word' id='word_1_1048' title='bbox 1073 3154 1126 3185; x_wconf 88' lang='lat' dir='ltr'>ubi</span> <span class='ocrx_word' id='word_1_1049' title='bbox 1145 3156 1185 3186; x_wconf 93' lang='lat' dir='ltr'>de</span> <span class='ocrx_word' id='word_1_1050' title='bbox 1204 3154 1365 3186; x_wconf 71' lang='lat' dir='ltr'>usufructu</span> <span class='ocrx_word' id='word_1_1051' title='bbox 1382 3162 1434 3185; x_wconf 86' lang='lat' dir='ltr'>aut</span> <span class='ocrx_word' id='word_1_1052' title='bbox 1447 3153 1501 3185; x_wconf 91' lang='lat' dir='ltr'>usu</span> <span class='ocrx_word' id='word_1_1053' title='bbox 1518 3154 1579 3185; x_wconf 90' lang='lat' dir='ltr'>tale</span> <span class='ocrx_word' id='word_1_1054' title='bbox 1594 3150 1813 3187; x_wconf 71' lang='lat' dir='ltr'>interdictum,</span> <span class='ocrx_word' id='word_1_1055' title='bbox 1831 3149 1942 3190; x_wconf 74' lang='lat' dir='ltr'>expul-</span> 
     </span>
    </p>
   </div>
   <div class='ocr_carea' id='block_1_18' title="bbox 1070 3190 1941 3260">
    <p class='ocr_par' dir='ltr' id='par_1_19' title="bbox 1070 3190 1941 3260">
     <span class='ocr_line' id='line_1_140' title="bbox 1070 3190 1941 3260; baseline -0.006 -34"><span class='ocrx_word' id='word_1_1056' title='bbox 1070 3194 1105 3227; x_wconf 92' lang='lat' dir='ltr'>so</span> <span class='ocrx_word' id='word_1_1057' title='bbox 1131 3204 1185 3229; x_wconf 86' lang='lat' dir='ltr'>aut</span> <span class='ocrx_word' id='word_1_1058' title='bbox 1209 3196 1389 3237; x_wconf 86' lang='lat' dir='ltr'>inquietato</span> <span class='ocrx_word' id='word_1_1059' title='bbox 1415 3194 1614 3228; x_wconf 71' lang='lat' dir='ltr'>fructuario?</span> <span class='ocrx_word' id='word_1_1060' title='bbox 1636 3192 1722 3224; x_wconf 85' lang='lat' dir='ltr'>forte</span> <span class='ocrx_word' id='word_1_1061' title='bbox 1746 3191 1857 3231; x_wconf 87' lang='lat' dir='ltr'>dices,</span> <span class='ocrx_word' id='word_1_1062' title='bbox 1880 3190 1941 3260; x_wconf 46' lang='lat'>⁶1¹7?</span> 
     </span>
    </p>
   </div>
   <div class='ocr_carea' id='block_1_19' title="bbox 2027 13 2036 916">
    <p class='ocr_par' dir='ltr' id='par_1_20' title="bbox 2027 13 2036 916">
     <span class='ocr_line' id='line_1_141' title="bbox 2027 13 2036 916; baseline 0 0"><span class='ocrx_word' id='word_1_1063' title='bbox 2027 13 2036 916; x_wconf 95' lang='lat' dir='ltr'> </span> 
     </span>
    </p>
   </div>
  </div>
 </body>
</html>
