2036 3495
295 152 358 187 An
385 152 477 186 L113.
506 145 570 185 IV.
606 147 641 182 T
652 155 708 181 ιτ.
737 143 835 180 vm.
871 144 920 180 De
937 145 1072 191 receptis.
1100 145 1152 191 qui
1168 145 1333 179 arbitr-iiim
1351 152 1536 192 receperunt,
1564 143 1631 185 &fa

65 252 116 278 tur
134 268 143 284 ,
177 253 240 276 non
265 243 359 274 etiam
378 239 525 271 faeminas
550 260 559 275 ,
591 237 702 275 utique
725 233 794 274 post
815 233 937 265 Consti-

65 296 224 318 tutionem
242 281 425 324 justinianil
446 281 499 313 ult.
515 278 620 310 (Lim.
639 285 713 323 *nam
735 283 808 320 ante
827 284 863 306 an
883 276 936 321 ad-

64 328 160 360 mill‘ae
178 329 215 358 ad
232 322 452 365 compromissa
469 321 586 353 fuerint
603 326 696 349 etiam
709 316 867 362 foeminae,
884 317 937 348 ali·

65 378 126 409 qua
149 369 195 400 est
219 366 336 406 CuJacii
363 362 550 395 deliberatio
574 359 828 405 lib313.Oliserv.
848 369 870 389 c.
887 368 935 406 ²3·

64 420 179 450 quam,
203 409 222 440 fi
246 408 352 443 lubet,
378 405 459 437 vide.
497 404 557 447 'Ait
580 400 831 446 igiturhpi‘zetuffi
856 399 937 445 Qut..-

64 461 125 483 iiec
143 451 230 484 addit
247 449 386 480 verbum.
421 444 658 486 qualiscumque
675 451 769 487 igitur
786 444 821 471 iit
839 445 938 482 digni-

64 492 137 524 tatis
147 500 199 524 aut
209 489 402 523 conditionis
420 485 472 526 qui
489 493 647 522 receperit
664 484 825 514 arbitrium
837 506 846 521 ‚
863 491 937 512 eum

63 534 186 565 Praerm
202 539 288 571 cogit
304 528 510 568 officioquod
527 525 678 564 suscepit,
696 524 863 564 perfungi,
881 522 936 554 etsi

63 575 242 606 Consularis
268 570 313 604 fit.
338 571 430 609 quid,
456 567 476 599 fi
504 566 623 606 positus
650 566 685 597 sit
709 567 738 597 in
758 567 936 610 magistratu

62 625 116 648 aiit
135 613 288 653 potestate
307 612 370 652 pari
391 619 443 641 aut
459 608 602 648 majore?
620 618 659 638 iie
679 608 730 638 hic
745 613 873 651 quidem
884 614 936 636 ex-

63 659 178 697 cipitur
197 653 297 686 Edisti
317 652 440 689 verbis,
467 652 515 681 sed
534 650 715 680 excluditur
730 649 795 688 ejus
815 648 935 678 lenten-

63 700 115 730 tia.
133 707 192 728 nec
207 704 287 737 opus
298 693 357 724 fuit
369 717 377 733 ,
395 694 511 724 addere
529 699 758 730 exceptionem
776 690 858 720 ultro
869 697 934 718 cer-

62 748 135 771 tam.
161 736 268 769 itane?
290 745 354 766 non
378 733 480 774 potuit
510 733 630 764 Praetor
656 733 798 773 cogitare
822 731 862 761 de
879 738 933 760 co-

60 781 166 821 gendo
185 788 225 809 eo
245 777 274 808 in
292 785 385 817 quem
408 786 469 807 non
489 774 586 806 habet
605 774 792 814 imperium:
810 780 843 802 ut
861 780 933 801 eve-

60 831 105 853 nit
125 820 153 852 in
172 820 290 859 majore
305 826 358 850 aut
377 818 439 857 pari
458 815 617 861 potestate
633 816 651 845 l.
669 824 698 855 3.
716 814 744 856 §.
759 824 788 860 3.
801 813 824 859 .l·
842 822 871 851 4.
889 810 932 842 D.

61 863 87 895 h.
106 870 126 893 t.
145 862 243 900 qualis
263 859 381 891 Consul
398 858 442 890 est
459 859 608 890 Praetori:
626 864 660 888 ut
675 856 877 895 intelligimus
893 861 934 899 ex

61 904 220 935 Cicerone
245 902 290 932 lili.
316 912 344 937 9-
371 901 420 931 Ati
443 900 537 930 Attic.
565 897 655 938 Epzst.
674 907 701 933 9-
721 898 748 928 δι
768 898 804 927 Α.
824 894 934 940 ΟεΙΙιρ

60 945 107 976 lib.
130 954 173 985 ¹3·
196 943 283 975 cht.
303 943 396 973 Attic.
417 951 439 971 c.
462 950 507 980 15.
535 939 672 971 inferior
696 946 800 969 tamen
828 937 932 976 Magi-

60 986 192 1024 stratus,
215 984 235 1016 si
259 984 417 1023 receperit
440 980 621 1019 arbitrium,
645 990 701 1011 cur
719 981 821 1010 minus
838 986 931 1023 coga-

61 1035 130 1065 tur,
157 1026 244 1058 causa
260 1035 325 1056 non
342 1024 386 1055 est
400 1026 426 1054 d.
439 1024 458 1054 l.
470 1035 499 1063 4.
527 1022 613 1054 ldem
631 1022 733 1053 dicam
750 1021 790 1052 de
806 1020 932 1058 judice:

60 1069 114 1101 nili
132 1069 248 1099 arbiter
269 1066 323 1098 fiat
340 1076 375 1097 ea
391 1066 420 1096 in
438 1064 526 1096 causa
544 1066 575 1095 in
595 1073 653 1103 qua
667 1063 770 1102 Judex
785 1061 837 1092 est.
867 1068 934 1106 tutu

60 1114 145 1141 enim
164 1119 202 1141 ne
217 1109 380 1139 arbitrium
401 1106 550 1148 recipiat,
575 1106 649 1136 inve
669 1104 697 1135 se
713 1110 935 1143 compromitti

60 1153 190 1192 ᾐώρει,
207 1151 323 1181 dicitur
336 1149 498 1188 prohiberi
516 1146 605 1187 Lege
620 1146 697 1190 Julia
713 1145 730 1176 l.
748 1157 775 1181 9·
795 1144 823 1186 §.
837 1154 863 1175 2.
874 1144 898 1174 h.
912 1149 933 1174 t.

59 1202 192 1233 eamque
209 1191 270 1223 ess'e
287 1190 397 1229 juliam
414 1191 605 1227 privatorum
620 1188 812 1232 judiciorum
825 1210 833 1222 ,
852 1185 935 1216 bene

61 1234 243 1266 observavit
261 1231 317 1263 Vir
336 1231 393 1263 CL.
413 1231 568 1262 Barnabas
586 1228 756 1260 Brilsonius
774 1227 820 1257 lib.
835 1236 864 1265 4.
883 1225 932 1257 Se-

59 1276 123 1307 icet.
140 1275 242 1314 Antiq.
257 1284 279 1304 c.
298 1282 326 1313 7.
354 1273 442 1304 idem
462 1273 501 1303 de
517 1271 657 1302 Praetore
674 1270 788 1309 legitur
804 1269 823 1298 ι.
839 1278 867 1312 4.
887 1266 929 1298 D.

64 1320 97 1348 (le
114 1323 169 1347 tut.
188 1315 225 1350 ὅ)
240 1325 303 1345 cur.
321 1315 381 1345 dat.
398 1315 433 1344 ab
449 1314 502 1344 his.
533 1311 589 1342 etsi
607 1311 697 1350 hujus
715 1308 880 1348 inscriptio
895 1307 932 1340 fit

59 1368 101 1391 ex
119 1356 245 1397 Ulpiani
263 1356 310 1386 lib.
328 1365 357 1391 9.
381 1355 441 1386 Ad.
458 1354 530 1394 Leg.
546 1353 614 1394 Jul.
632 1352 668 1386 &⁹
686 1351 761 1392 Pap.
803 1351 857 1382 Ait
874 1350 928 1391 igi-

61 1409 112 1431 tur
131 1400 249 1429 l’raetor
261 1421 270 1435 ,
294 1396 375 1439 Qui:
398 1405 458 1427 nec
475 1395 606 1426 dubium
623 1393 687 1431 est,
703 1402 778 1433 quin
794 1402 830 1423 ea
848 1400 931 1422 voce

59 1439 290 1480 complectatur
305 1436 562 1478 patremfamilias
586 1435 637 1475 qui
656 1435 819 1466 arbitrium
843 1442 931 1464 rece-

61 1482 153 1524 perit.
177 1482 224 1512 An
241 1480 336 1511 etiam
349 1478 608 1511 filiumfamilias?
624 1486 688 1508 non
706 1473 934 1515 refistitUlpia—

60 1533 119 1556 nus
137 1523 156 1553 l.
175 1534 203 1562 5.
220 1523 247 1553 b.
265 1527 285 1551 t.
305 1521 370 1552 imo
389 1519 486 1560 Gajus
504 1520 522 1550 l.
542 1523 572 1550 6.
593 1518 699 1556 addit,
716 1516 930 1549 filiumfamili-

62 1575 95 1596 as
112 1564 207 1595 etiam
223 1564 262 1594 de
280 1571 313 1593 re
331 1562 427 1602 patris
443 1561 529 1593 reete
546 1561 699 1592 arbitrum
715 1558 793 1590 fieri.
835 1557 934 1598 Atqui

65 1604 207 1641 constat,
223 1604 243 1635 st
261 1604 329 1642 quis
339 1604 378 1635 de
394 1613 426 1633 re
442 1602 493 1634 sua
508 1602 561 1634 fiat
578 1602 712 1639 arbiter,
729 1610 793 1632 non
812 1601 934 1631 valere:

66 1645 137 1686 quia
159 1645 213 1676 fibi
234 1643 388 1684 imperare
401 1667 411 1683 ,
434 1653 487 1675 aut
503 1644 534 1675 se
551 1641 741 1683 prohibere,
765 1651 860 1687 nemo
880 1651 934 1681 po-

67 1687 126 1720 test
141 1687 232 1727 tpen.
248 1687 276 1717 b.
289 1691 310 1717 t.
330 1687 360 1717 id
382 1695 458 1716 vero
476 1685 507 1717 in
524 1693 611 1725 patre
630 1685 659 1715 ὅ(
675 1682 740 1715 filio
759 1684 811 1714 ulu
827 1690 933 1714 venit:

67 1729 195 1768 quando
213 1737 276 1758 vox
295 1729 389 1766 patris
408 1727 452 1758 est
470 1736 535 1757 vox
554 1725 627 1764 filii3
646 1726 674 1756 ὅ(
691 1733 802 1756 contra
821 1730 885 1755 vox
901 1723 933 1755 fi-

67 1771 101 1802 lii
118 1770 162 1801 est
179 1779 243 1799 vox
260 1767 354 1808 patris
370 1769 397 1810 §.
413 1778 440 1805 4.
459 1766 531 1809 Inst.
549 1769 581 1799 de
597 1766 721 1799 inutilib.
736 1766 837 1807 stipul.
875 1766 936 1797 Sed

67 1812 133 1843 hoc
156 1810 243 1842 domi
261 1809 446 1841 observatur
461 1809 491 1841 in
516 1809 644 1849 privatis
660 1808 764 1839 caulis.
789 1809 818 1838 in
834 1808 935 1848 publi-

68 1852 112 1885 cis
129 1861 205 1883 vero
230 1850 447 1883 filiusfamilias
464 1852 539 1883 loco
555 1849 784 1891 patrisfamilias
803 1849 938 1880 habetur

67 1894 88 1925 l.
105 1900 132 1929 9⁷.
153 1893 194 1924 D.
212 1894 244 1924 cle
262 1893 305 1923 bis
324 1893 459 1934 qiiisimt
469 1895 517 1932 sui
534 1892 580 1924 vel
600 1891 683 1923 alien.
696 1891 755 1931 jur.
783 1890 828 1922 est
843 1890 938 1931 igitur

65 1935 97 1967 in
115 1935 161 1966 his
179 1934 254 1965 alius
270 1933 367 1970 filius,
384 1935 461 1965 alius
480 1942 580 1973 pater.
598 1934 629 1964 id
647 1933 747 1973 poll'et
764 1933 869 1964 multis
886 1933 935 1964 de-

65 1976 191 2013 clarari,
207 1975 259 2006 sed
275 1985 416 2007 omnium
434 1976 527 2007 instar
541 1977 602 2007 erit
618 1974 799 2014 exemplum
810 1974 876 2018 exnl.
888 1983 936 2013 ῃ.

63 2017 107 2049 D.
125 2018 158 2048 de
170 2018 263 2058 judic.
293 2016 335 2048 ait
361 2017 402 2047 ibi
429 2016 617 2053 Africanus,
643 2017 729 2056 quod
756 2016 785 2046 in
808 2016 938 2056 privatis

63 2059 202 2099 negotiis
225 2065 314 2098 pater
340 2057 458 2097 filium,
483 2059 532 2089 vel
556 2057 637 2089 filius
662 2065 782 2098 patrem
801 2080 810 2096 ‚
834 2056 939 2097 potest

65 2100 208 2140 Judicem
232 2098 367 2130 habere:
393 2098 432 2140 (fi
458 2100 585 2138 quidem
611 2100 649 2130 ab
673 2097 851 2130 adversario
874 2107 938 2130 non

65 2140 223 2180 rejiciatur
240 2149 397 2180 tamquam
415 2140 588 2181 suspectus)
608 2140 704 2172 &inl.
718 2145 764 2180 78.
781 2149 854 2171 mox
873 2139 939 2171 sub-

64 2181 169 2223 jicitur
192 2191 232 2213 ex
252 2182 368 2221 Paulo,
393 2182 522 2225 Quippe
537 2183 677 2222 judicare
701 2191 814 2213 munus
836 2182 937 2220 publi·

66 2233 141 2255 cum
159 2222 212 2254 est.
244 2230 275 2253 at
293 2223 313 2254 si
328 2222 429 2263 Judex
449 2223 515 2255 fieri
534 2223 655 2264 potest:
680 2224 754 2262 quid
772 2224 799 2254 ni
820 2222 873 2254 fiat
891 2233 937 2254 ar-

66 2264 175 2296 biter?
192 2265 421 2305 compromiffis
439 2265 536 2297 hodie
553 2268 591 2297 ad
609 2265 842 2297 similitudinem
856 2265 936 2304 judi-

67 2305 188 2337 ciorum
205 2305 337 2337 redaCtis
353 2306 371 2336 l.
386 2307 447 2337 1.b.
458 2313 478 2337 t.
499 2307 546 2338 Ab
561 2309 675 2338 eodem
688 2305 845 2346 principio
864 2316 936 2347 por-

66 2357 104 2378 ro
122 2348 236 2388 legitur
252 2349 334 2387 apud
344 2347 512 2387 Ulpianum
530 2348 587 2387 Ly.
604 2349 631 2379 h.
648 2354 668 2379 t.
691 2348 779 2388 parvi
797 2347 936 2386 referre,

66 2389 221 2429 ingenuus
245 2390 331 2429 quis,
354 2398 392 2420 an
414 2389 596 2428 libertinus,
620 2389 672 2421 fit:
696 2390 826 2430 integrae
844 2388 936 2420 famae

66 2430 101 2461 sit
116 2431 250 2467 arbiter,
268 2439 305 2461 an
324 2431 561 2471 ignominiosus.
586 2430 659 2462 Nec
675 2438 779 2462 tamen
793 2431 880 2471 quod
897 2431 937 2462 de

64 2470 277 2512 ignominioso
294 2473 428 2511 dicitur,
445 2471 489 2504 est
505 2471 568 2504 fine
580 2472 783 2504 difficultate:
799 2482 838 2503 eo
850 2472 938 2512 quod

65 2521 130 2543 non
147 2513 250 2552 potest
266 2512 366 2552 Judex
381 2514 445 2545 dari
463 2514 483 2546 l.
502 2523 546 2546 12.
566 2513 584 2555 §
613 2524 640 2545 2.
661 2513 702 2545 D.
720 2515 753 2544 de
764 2514 857 2555 judic.
879 2512 936 2544 Pu—

67 2560 168 2584 temus
189 2562 313 2592 tamen,
337 2554 398 2586 effe
421 2556 555 2595 partium
584 2555 731 2587 eleffloni
748 2555 877 2594 datum,
902 2563 937 2586 ut

67 2593 294 2633 ignominiosus
311 2596 563 2635 acompromiffo
582 2607 645 2628 non
663 2597 868 2635 excludatur,
888 2604 934 2627 ct-

68 2634 90 2666 si
109 2636 146 2664 ad
160 2634 274 2674 judicia
289 2645 353 2667 non
372 2637 553 2670 admittatur
570 2648 587 2669 a
603 2637 808 2679 dignitatibus
827 2647 934 2669 arcen-

69 2676 153 2722 ‘³9⁸2
182 2677 223 2707 At
237 2675 389 2716 Ulpianus
408 2680 435 2710 d.
454 2679 471 2710 l.
488 2689 516 2719 7.
533 2679 654 2711 servum
671 2687 818 2711 removet
834 2679 872 2710 ab
891 2689 935 2710 ar-

68 2718 189 2748 bitriis:
212 2724 287 2763 curn
307 2718 400 2757 poffit
424 2720 453 2749 in
478 2720 568 2751 servo
593 2721 704 2754 eadem
732 2721 829 2752 videri
856 2721 937 2751 ratio

68 2767 139 2798 quae
156 2757 199 2788 est
217 2767 247 2789 in
266 2760 486 2798 ignominioso.
513 2771 582 2794 nam
602 2770 635 2793 ut
655 2761 733 2793 servi
751 2771 815 2793 non
832 2763 937 2793 minus

68 2809 85 2830 a
98 2799 224 2839 judiciis
239 2800 429 2839 repellantur
445 2810 537 2840 quam
548 2813 562 2832 a
580 2804 702 2835 caeteris
718 2803 853 2843 publicis
872 2812 938 2834 mu·

67 2841 216 2873 neribus:
241 2841 317 2878 quid
332 2841 362 2871 ni
379 2849 482 2872 tamen
504 2844 554 2875 vel
571 2844 730 2876 servorum
748 2845 890 2884 respectu
907 2843 936 2874 in

68 2882 200 2922 privatis
215 2881 352 2912 arbitriis
370 2883 537 2921 praevaleat
548 2885 742 2925 litigatorum
761 2886 908 2916 voluntas
920 2885 937 2917 52

68 2923 132 2954 Sed
147 2923 304 2954 creditum
322 2921 403 2961 fuit,
427 2933 492 2955 non
512 2924 573 2956 effe
590 2927 717 2965 quidem
737 2936 753 2958 a
772 2928 896 2958 ratione
911 2936 939 2956 a·

68 2965 208 3002 lienum,
232 2964 378 2997 homines
394 2964 510 2996 liberos
534 2976 573 2997 ex
592 2967 644 2997 luo
662 2969 813 3000 consensu
831 2969 868 2999 ab
887 2968 942 2998 ho-

67 3005 208 3038 rninibus
234 3005 363 3044 liberis,
389 3007 533 3044 quamvis
557 3007 746 3046 infamibus,
767 3010 868 3049 juberi
890 3016 942 3040 aut

69 3045 254 3088 prohiberi:
271 3056 381 3078 verum
396 3047 543 3079 homines
560 3049 678 3080 liberos
694 3059 710 3080 a
726 3050 820 3081 servis
838 3050 940 3089 juberi

70 3096 123 3119 aut
139 3087 322 3128 prohiberi,
346 3098 411 3120 non
434 3088 531 3120 visum
556 3090 617 3120 fuit
632 3093 696 3130 pati
715 3090 888 3130 respectum
906 3091 938 3122 li-

70 3130 213 3160 bertatis.
237 3129 281 3160 est
293 3130 388 3171 igitur
404 3130 494 3161 velin
511 3130 620 3162 infami
633 3131 763 3172 persona
779 3133 835 3163 alia
852 3141 939 3163 com-

69 3170 227 3210 promiffi,
250 3171 307 3202 alia
324 3171 450 3210 judicii,
474 3175 572 3203 ratio:
597 3173 626 3203 in
651 3172 739 3204 servo
758 3182 821 3204 non
838 3183 938 3214 aeque.

69 3219 132 3242 nec
147 3211 299 3250 resistam3
323 3212 344 3244 fi
360 3213 428 3253 quis
444 3213 484 3245 fic
501 3215 658 3254 disputet:
685 3214 786 3253 judex
804 3214 865 3246 esl'e
881 3224 936 3254 po-

68 3251 253 3327 teskmerffjt}
269 3254 397 3289 arbiter.
419 3264 487 3290 non
511 3264 642 3297 contra,
664 3255 766 3296 Judex
791 3256 853 3292 effe
870 3266 935 3292 non

1794 157 1857 193 ¹07

980 234 1103 275 potest:
1128 244 1204 275 ergo
1228 244 1288 266 nec
1314 235 1439 266 arbiter.
1484 233 1608 273 Demus
1625 235 1712 266 brec:
1737 233 1756 266 si
1777 243 1858 267 unus

979 276 1120 315 sumptus
1143 276 1178 307 sit
1204 277 1321 307 arbiter
1349 276 1463 307 servus.
1489 285 1520 307 at
1546 278 1640 318 quid,
1665 276 1684 308 fi
1708 285 1860 316 cumpro-

979 317 1102 349 miss'um
1123 316 1159 348 fit
1184 318 1214 348 in
1240 317 1361 349 servum
1383 319 1411 348 ἃ
1435 317 1560 349 Titiuni
1575 318 1592 350 ‘?
1613 319 1654 349 ait
1673 319 1810 358 Julianus
1828 321 1855 349 d.

978 359 998 389 l.
1017 368 1045 399 7.
1061 358 1091 399 §.
1111 367 1136 389 1.
1162 367 1223 388 nec
1244 357 1369 390 Titium
1394 360 1576 400 cogendum
1603 359 1791 391 sententiam
1810 360 1858 390 di-

981 409 1074 431 cere:
1093 399 1120 430 &
1138 399 1307 439 praefatur‚
1332 401 1418 440 quod
1436 409 1509 431 cum
1526 401 1618 432 servo
1637 401 1759 442 recepit
1775 401 1856 432 arbi-

981 441 1094 472 trium:
1116 450 1182 471 non
1200 449 1406 479 recepturusz,
1431 442 1450 473 fi
1471 441 1625 481 sciviss'et,
1641 441 1702 474 seri
1713 452 1764 473 um
1784 442 1857 474 ess‘e.

980 492 1042 523 ego
1060 483 1165 520 addo,
1184 483 1272 521 quod
1298 482 1427 513 foi-tass'e
1446 492 1505 514 nec
1527 484 1788 523 compromiffum
1807 484 1857 514 fo-

979 532 1028 554 ret
1045 524 1075 554 in
1092 522 1235 554 Titium:
1259 521 1278 554 fi
1297 524 1480 555 innotuisset
1497 525 1631 563 persona
1649 525 1737 556 servi.
1761 526 1859 564 quid,

977 564 998 596 fi
1018 572 1123 596 tamen
1143 563 1327 595 sententiam
1344 566 1458 596 dixerit
1475 564 1608 597 Titius}>
1633 567 1716 597 nulla
1739 568 1803 606 est;
1827 568 1858 598 <Sc

979 607 1054 637 ideo
1078 615 1141 637 non
1160 606 1382 637 committetur
1406 616 1517 647 poena:
1542 610 1614 647 quia
1641 618 1724 645 non,
1750 617 1782 639 ut
1808 618 1857 639 re-

978 647 1176 688 cepit,dixit
1190 646 1389 679 sententiam.
1406 650 1434 678 cl.
1445 649 1463 679 l.
1476 658 1502 688 7.
1515 648 1542 690 §.
1561 658 1582 679 ι.
1600 649 1653 680 nili
1674 649 1693 680 ii
1711 650 1752 679 ita
1769 659 1858 681 com-

977 687 1162 729 promiffum
1186 687 1240 725 sit,
1268 688 1309 719 Ut
1337 690 1384 720 vel
1409 690 1589 721 alterutrius
1606 689 1759 721 sententia
1776 692 1860 721 vale·

977 738 1026 802 at:
1053 739 1124 802 niam
1150 738 1217 761 tum
1241 731 1339 771 magis
1366 729 1429 769 est,
1454 739 1488 761 ut
1510 729 1619 763 Titius
1637 734 1801 773 cogendus
1821 732 1864 764 fii:

1019 813 1134 844 Similis
1151 812 1283 853 quaestio
1308 812 1387 852 fuit,
1411 823 1448 845 an
1467 815 1571 846 valeat
1593 814 1859 855 compromissum

976 854 1008 885 in
1024 854 1178 894 pupillum
1191 878 1200 892 ‚
1216 853 1368 885 furiosum
1380 879 1388 893 ‚
1406 864 1547 894 mutum,
1563 865 1616 887 aut
1632 856 1766 888 surdum.
1784 866 1859 888 cau-

978 895 1007 926 sa
1025 896 1209 935 quaerendi3
1232 897 1320 934 quod
1347 896 1469 927 Praetor
1494 898 1556 928 line
1574 897 1775 930 distinetione
1794 899 1858 937 ait,

976 937 1039 980 Qut
1062 937 1215 967 arbitrium
1241 940 1383 976 receperit.
1409 937 1460 968 sed
1484 948 1547 970 non
1566 941 1671 980 placet
1696 939 1857 981 Ulpiano,

975 979 1081 1009 valere
1098 978 1116 1008 l.
1128 987 1157 1014 9.
1175 977 1204 1018 §.
1229 987 1253 1009 1.
1270 979 1297 1009 b.
1315 985 1336 1008 t.
1357 981 1428 1017 quia
1447 988 1480 1010 ut
1497 981 1686 1021 generaliter
1706 983 1858 1021 loquatur

978 1019 1118 1058 Praetor,
1141 1018 1205 1061 Qui
1224 1020 1385 1051 arbitrium
1411 1023 1585 1062 receperit:
1611 1022 1721 1060 utique
1742 1033 1805 1055 non
1825 1032 1858 1053 a-

979 1062 1056 1093 lium
1077 1061 1257 1096 intellexit,
1274 1070 1366 1099 quam
1386 1063 1472 1101 cujus
1489 1063 1651 1095 arbitrium
1669 1064 1722 1103 lit,
1740 1065 1771 1096 id
1790 1063 1856 1102 est,

979 1104 1032 1143 qui
1049 1102 1084 1134 fit
1101 1105 1140 1134 ad
1156 1103 1370 1134 arbitrandum
1387 1102 1531 1135 idoneus.
1551 1104 1602 1136 De
1621 1107 1743 1137 minore
1761 1115 1859 1146 quam

977 1145 1120 1185 quinque
1146 1145 1175 1176 ἃ
1199 1145 1313 1185 viginti
1335 1147 1422 1177 annis
1443 1147 1616 1178 videamus,
1662 1147 1858 1181 Callistratus

977 1187 998 1218 l.
1015 1195 1064 1225 41.
1084 1186 1111 1217 h.
1131 1192 1153 1216 t.
1182 1186 1243 1222 ait,
1269 1185 1398 1217 Nemini
1424 1187 1539 1224 licere,
1564 1190 1722 1221 minorem
1741 1190 1859 1230 viginti

976 1229 1066 1259 annis
1083 1228 1200 1269 eligere
1216 1227 1523 1267 compromiss'arium
1537 1230 1676 1268 judicem
1688 1254 1696 1268 ‚
1713 1231 1857 1271 ideoque.

975 1279 1016 1301 ex
1034 1270 1099 1309 ejus
1128 1270 1280 1300 lententia
1304 1270 1392 1301 nullo
1409 1270 1511 1301 modo
1534 1273 1694 1302 committi
1715 1281 1856 1311 poenam.

974 1311 1005 1342 ἃ
1024 1320 1082 1351 pro
1099 1312 1223 1342 ratione
1239 1311 1342 1343 addit:
1362 1310 1442 1342 Cum
1457 1309 1543 1352 Lege
1555 1312 1635 1351 julia
1652 1322 1781 1344 cautum
1798 1313 1855 1353 sit,

975 1362 1015 1383 ne
1032 1354 1136 1384 minor
1154 1351 1265 1393 viginti
1281 1353 1367 1384 annis
1382 1353 1523 1394 judicare
1542 1363 1685 1395 cogatur.
1707 1353 1794 1386 Olim
1814 1356 1862 1387 al-

975 1394 1162 1434 legebantur
1178 1394 1305 1434 judices
1320 1404 1404 1425 anno
1422 1395 1535 1434 quinto
1555 1397 1583 1426 ἃ
1601 1395 1761 1427 vicesimo.
1792 1396 1858 1428 Sed

976 1437 1146 1467 suetonius
1163 1436 1193 1466 in
1212 1436 1276 1466 vita
1293 1432 1424 1477 Augusti
1438 1446 1464 1467 c.
1484 1446 1532 1477 32.
1552 1437 1662 1468 auctor
1679 1437 1742 1469 est:
1766 1439 1859 1477 quod

978 1477 1135 1519 Augustus
1151 1477 1273 1517 Judices
1291 1488 1309 1508 a
1327 1479 1388 1508 vice
1402 1487 1457 1507 imo
1475 1479 1568 1509 (etatis
1589 1489 1665 1510 antio
1681 1480 1806 1519 adlegit:
1828 1480 1860 1511 id

977 1518 1033 1559 est,
1057 1520 1252 1560 quinquennio
1270 1520 1432 1555 maturius,
1457 1528 1545 1560 quarn
1564 1520 1700 1557 solebant.
1745 1521 1858 1553 Paffim

977 1561 1082 1592 editur
1106 1571 1124 1591 a
1147 1559 1302 1598 tricesimo:
1327 1560 1376 1590 sed
1405 1559 1608 1593 Calaubonus
1631 1563 1662 1593 in
1686 1561 1776 1593 Notis
1792 1586 1801 1601 ,
1826 1564 1859 1594 ὃς

980 1611 1052 1633 ante
1070 1601 1216 1642 Ctijacius
1232 1603 1277 1633 lib.
1295 1611 1344 1633 21.
1367 1602 1489 1638 Obs‘erv.
1508 1612 1529 1632 c.
1547 1612 1596 1644 32.
1615 1612 1690 1634 vere
1707 1604 1859 1635 emenda-

979 1652 1052 1674 runt
1064 1668 1072 1681 ,
1089 1654 1106 1674 a
1122 1642 1262 1677 viceffimo.
1291 1651 1440 1674 caeterum
1459 1643 1514 1674 etsi
1530 1645 1634 1675 minor
1654 1644 1692 1675 ab
1709 1654 1792 1676 anno
1813 1646 1861 1677 vi-

978 1685 1095 1717 cesimo
1118 1685 1212 1726 possit
1231 1685 1349 1715 arbiter
1371 1685 1450 1725 legi:
1473 1686 1516 1716 ait
1534 1694 1639 1717 tamen
1658 1685 1858 1718 Callistratus

979 1728 1007 1758 d.
1020 1728 1039 1757 l.
1055 1737 1105 1766 41.
1123 1728 1241 1758 multos
1257 1726 1387 1762 dixisse,
1403 1728 1512 1766 majori
1528 1727 1639 1768 viginti
1658 1728 1766 1768 annis,
1783 1727 1804 1760 fi
1822 1728 1861 1760 fit:

980 1778 1085 1800 minor
1106 1768 1193 1800 annis
1219 1768 1331 1810 viginti
1355 1769 1512 1808 quinque,
1541 1769 1603 1801 else
1625 1778 1665 1801 ex
1682 1768 1742 1801 hac
1766 1770 1860 1802 causa

980 1810 1244 1846 succurrendum,
1269 1810 1288 1841 fi
1307 1819 1427 1841 temere
1448 1809 1640 1842 auditorium
1658 1812 1829 1851 receperit.

1021 1851 1150 1884 Deinde
1166 1853 1209 1883 ait
1227 1851 1366 1889 Praetor,
1384 1851 1448 1895 Qui
1461 1853 1617 1883 arbitrium
1632 1854 1777 1893 receperit.
1794 1852 1860 1886 Co·

980 1894 1026 1934 git
1041 1895 1134 1934 igitur
1146 1893 1286 1932 Praetor,
1303 1892 1490 1924 sententiani
1507 1895 1614 1925 dicere
1631 1904 1724 1933 eum,
1742 1897 1795 1935 qui
1813 1904 1861 1927 ar-

981 1936 1110 1966 bitrium
1129 1936 1297 1976 receperit.
1321 1936 1395 1975 quid
1414 1943 1521 1966 autem
1537 1934 1571 1966 fit
1590 1936 1763 1968 Arbitrium
1780 1937 1861 1968 reci-

982 1987 1076 2018 pere,
1102 1976 1256 2016 Ulpianus
1272 1977 1291 2008 l.
1312 1985 1357 2016 153.
1375 1976 1403 2017 ᾗ.
1423 1986 1450 2008 2.
1468 1978 1495 2007 h.
1514 1982 1532 2006 tv
1560 1976 1602 2008 fic
1617 1978 1770 2017 exponit:
1797 1977 1861 2009 Re-

982 2018 1100 2059 cepiffe
1117 2019 1281 2049 arbitrium
1299 2019 1426 2049 videtur
1443 2019 1497 2057 (ut
1513 2018 1626 2051 Pedius
1644 2020 1696 2050 lib.
1709 2029 1738 2056 9.
1759 2019 1860 2060 dicit)

982 2062 1034 2100 qui
1051 2060 1169 2100 Judicis
1191 2068 1294 2098 partes
1313 2058 1466 2099 suscepit,
1490 2058 1653 2100 finemque
1673 2060 1701 2092 se
1724 2060 1772 2092 sua
1791 2062 1863 2093 sen-

983 2103 1080 2133 tentia
1090 2100 1316 2132 controversiis
1330 2100 1549 2140 impositurum
1566 2103 1749 2143 pollicetur.
1768 2103 1861 2143 quod

981 2143 1021 2182 fi,
1045 2144 1166 2183 inquit,
1193 2142 1343 2173 haetenus
1367 2143 1561 2180 inttrvenit,
1586 2151 1621 2174 ut
1638 2144 1860 2184 experiretur,

982 2194 1019 2216 an
1037 2183 1170 2216 consilio
1188 2183 1241 2214 suo
1259 2184 1311 2215 vel
1328 2183 1516 2214 auetoritate
1533 2184 1644 2216 discuti
1663 2185 1750 2217 litem
1771 2194 1862 2226 pate-

981 2235 1107 2258 rentur:
1132 2235 1195 2256 non
1216 2226 1341 2256 videtui·
1357 2226 1520 2256 arbitrium
1540 2225 1715 2266 luscepiffe.

1020 2266 1097 2299 Non
1115 2267 1152 2298 ad
1170 2268 1238 2297 haec
1254 2265 1382 2297 subsistit
1404 2267 1545 2299 Praetor:
1568 2268 1636 2307 plus
1657 2268 1717 2305 ait,
1742 2268 1796 2309 qui
1812 2277 1861 2301 ar-

980 2310 1109 2340 bitrium
1126 2309 1302 2349 receperit,
1320 2315 1446 2349 pecunzrt
1462 2309 1662 2350 corirpromtffa.
1692 2308 1774 2341 Haec
1792 2320 1861 2342 ver-

980 2351 1018 2382 ba
1038 2350 1178 2381 indicant
1199 2373 1208 2388 ,
1233 2350 1383 2381 arbitrum
1398 2373 1408 2387 ,
1435 2358 1469 2381 ut
1493 2351 1650 2391 receperit
1674 2351 1860 2393 arbitrium,

981 2401 1044 2424 non
1056 2392 1128 2429 cogi
1141 2390 1328 2422 sententiam
1341 2392 1449 2423 dicere
1460 2415 1469 2429 ,
1480 2390 1534 2422 nisi
1549 2392 1757 2424 intervenerit
1769 2402 1863 2426 com-

980 2432 1164 2474 promissum
1179 2433 1198 2464 l.
1214 2442 1264 2464 Xl.
1283 2432 1312 2475 §.
1336 2442 1360 2463 1.
1385 2433 1411 2463 b.
1432 2439 1451 2463 t.
1484 2442 1547 2463 non
1565 2434 1649 2465 euim
1674 2433 1859 2474 simpliciter

980 2476 1023 2505 ait
1035 2474 1155 2506 Praetor
1167 2497 1177 2511 ‚
1192 2484 1263 2505 eum
1281 2476 1335 2513 qui
1351 2474 1514 2505 arbitrium
1531 2475 1707 2514 receperit,
1725 2486 1859 2518 cogam:

980 2515 1030 2548 sed
1043 2525 1115 2547 eum
1126 2525 1178 2555 qui
1193 2516 1354 2546 arbitrium
1372 2516 1546 2554 receperit,
1564 2517 1697 2555 pecunia
1706 2527 1860 2559 compro-

979 2557 1084 2595 miffa,
1100 2567 1230 2597 cogam:
1248 2558 1277 2587 iu
1295 2556 1358 2595 est,
1376 2557 1426 2587 ubi
1439 2557 1663 2596 compromissa
1679 2562 1739 2590 er'it
1758 2569 1856 2600 pecu·

979 2600 1039 2631 nia.
1080 2598 1220 2630 Merito:
1245 2607 1316 2629 nam
1335 2608 1374 2628 ex
1395 2597 1548 2630 sententia
1565 2599 1671 2631 arbitri
1690 2610 1795 2641 neque
1813 2603 1860 2641 ju-

980 2641 1077 2672 dicati
1098 2639 1200 2678 aetio,
1225 2648 1330 2677 neque
1353 2641 1506 2679 exceptio
1524 2641 1626 2672 datur.
1651 2643 1732 2673 adeo
1752 2643 1857 2675 eluso-

980 2682 1060 2713 rium
1078 2681 1165 2712 foret
1182 2681 1343 2711 arbitrium
1355 2691 1438 2717 ,non
1458 2681 1694 2714 interveniente
1706 2693 1859 2724 compro-

980 2722 1072 2754 miss‘o
1093 2722 1111 2753 l.
1136 2731 1160 2752 1.
1179 2722 1212 2752 C.
1229 2722 1255 2752 h.
1274 2728 1293 2752 t.
1326 2722 1380 2754 Ait
1397 2723 1488 2763 igitur
1507 2723 1645 2761 Praetor,
1663 2725 1856 2765 compromzffa

975 2765 1111 2805 pecunia.
1138 2763 1270 2803 Vulgata
1283 2764 1402 2802 editio,
1419 2772 1453 2794 ut
1472 2763 1632 2796 &Norica
1651 2767 1745 2797 habet
1757 2790 1766 2803 ,
1783 2776 1856 2797 com-

975 2804 1112 2846 promz'ffa
1131 2812 1222 2844 poena.
1268 2805 1329 2837 Sed
1353 2805 1478 2845 malim,
1501 2808 1692 2848 corizproriztllh
1711 2809 1855 2846 periuria:

981 2855 1014 2877 ut
1031 2846 1075 2877 est
1095 2844 1280 2879 Florentiae:
1296 2856 1368 2878 cum
1379 2847 1684 2888 praesertimpecmziae
1700 2849 1855 2886 verbum,

981 2896 1141 2926 tamquam
1157 2887 1193 2918 lit
1214 2887 1335 2926 Edisti,
1359 2889 1398 2919 ab
1418 2888 1559 2930 Ulpiano
1582 2890 1760 2927 explicetur
1776 2888 1805 2930 ᾗ.
1823 2898 1859 2924 2,

984 2930 1012 2959 ιί.
1033 2929 1052 2959 l.
1074 2937 1122 2959 Χι.
1142 2927 1246 2960 Verba
1265 2929 1392 2970 Ulpiani
1409 2931 1497 2975 Quod
1510 2933 1551 2962 ait
1571 2931 1695 2968 Praez‹›r‚
1722 2929 1855 2961 Pecuni‹

985 2979 1033 3001 am
1058 2970 1331 3010 compromissam:
1355 2975 1481 3013 accipere
1504 2983 1554 3002 nos
1576 2974 1685 3004 del-ere,
1709 2971 1803 3008 rionfi
1819 2981 1854 3002 u-

984 3013 1105 3053 trimque
1118 3019 1204 3052 poena
1220 3016 1403 3050 nummaria,
1420 3015 1471 3054 sed
1483 3013 1511 3050 fi
1527 3012 1563 3046 &²
1586 3013 1642 3042 alia
1660 3021 1701 3041 res
1718 3013 1780 3042 vice
1793 3020 1854 3052 ρω-

984 3063 1045 3091 noe,
1062 3051 1091 3090 fi
1114 3055 1177 3094 quis
1201 3056 1303 3085 arbitri
1324 3055 1476 3093 sentemiae
1499 3051 1698 3092 minfleteri't,
1720 3054 1854 3094 promtffa

975 3092 1036 3132 fit:
1055 3093 1106 3137 [ἐξ
1122 3095 1179 3135 ita]
1199 3096 1372 3135 Pomponius
1388 3098 1489 3130 scribit.
1518 3094 1550 3124 ln
1569 3096 1614 3124 his
1633 3095 1756 3131 verbis,
1780 3096 1855 3127 Non

982 3134 1021 3173 fi,
1045 3136 1213 3176 fignificat,
1239 3136 1314 3168 Non
1334 3146 1440 3176 utique
1455 3135 1494 3172 fi;
1511 3135 1591 3169 five,
1609 3134 1685 3167 Non
1703 3137 1802 3168 modo
1819 3137 1854 3169 fi.

981 3177 1010 3208 ἃ
1028 3176 1145 3209 sensus:
1169 3176 1268 3222 Quod
1285 3179 1426 3215 Praetor,
1451 3186 1483 3207 ut
1500 3185 1633 3217 cogatur
1651 3178 1768 3209 arbiter
1788 3178 1856 3212 sen-

980 3227 1111 3250 tentiam
1138 3220 1264 3258 dicere,
1296 3221 1393 3250 verba
1418 3217 1647 3258 spectantibus,
1671 3221 1739 3250 vult
1765 3229 1855 3251 com-

977 3259 1157 3333 promissgim
1175 3260 1237 3293 effe
1255 3270 1381 3302 poenarn
1400 3259 1626 3303 nummariam,
1645 3263 1676 3294 tii
1695 3261 1792 3295 stetur
1805 3272 1857 3337 ἐπ

1147 3310 1164 3334 2
1814 3311 1851 3335 ”iv
