2036 3495
504 68 593 107 De

20 171 59 201 m
82 169 182 198 cavere
208 156 338 205 cogetur.
381 160 492 194 Potest
514 170 591 193 vero
615 160 646 192 in
665 159 745 191 hanc
764 166 885 200 partem

20 208 126 242 multis
150 205 280 246 impingi
304 204 425 236 modis:
449 211 509 235 nec
531 203 632 234 minus
652 203 788 233 dubitari
816 202 887 241 post

18 251 211 290 aliquantum
234 247 406 288 temporis,
437 252 541 276 utrum
567 253 615 275 res
638 243 779 275 deterior
805 243 887 275 faeta

18 292 73 329 fit,
97 300 134 321 an
159 298 223 322 non
247 288 294 320 sit.
325 288 421 330 igitur
444 287 529 318 reete
549 285 670 316 facient
693 287 722 316 ἃ
746 285 838 316 heres
857 285 887 316 δι

20 332 207 373 legatarius,
230 329 253 362 si
275 332 305 362 in
332 329 477 360 testatum
495 327 696 368 redegerint,
721 327 821 366 qualis
839 336 888 359 res

20 371 74 413 fit]
93 382 165 405 cum
182 371 242 404 frui
258 371 371 411 incipit
389 369 573 411 legatarius3
596 376 631 400 ut
646 369 720 399 inde
736 377 888 408 apparere

20 416 134 457 poffit,
157 423 194 445 an
212 413 242 445 ἂ
257 420 409 452 quatenus
426 420 493 443 rem
512 411 653 451 pejorem
673 408 789 440 fecerit
805 411 886 449 lega-

20 456 115 488 tarius
133 456 160 486 d.
175 455 193 486 l.
207 465 232 486 1.
249 453 279 496 §‚
291 463 322 492 4.
343 454 450 484 Altera
465 451 837 488 clausulacommittitur‚
854 449 887 481 fi-

18 499 90 530 nito
108 496 267 528 usufructu
284 496 311 526 d.
329 494 348 525 i.
367 502 392 525 1.
410 493 436 535 §.
450 496 480 524 6.
497 492 675 530 indistinete
693 500 799 523 autem
819 491 888 523 infit

19 540 168 577 Praetor,
192 537 233 568 Et
255 545 319 567 cum
335 538 478 576 pertinere
498 533 614 570 deffinet.
644 534 768 574 optime
792 534 887 574 igitur

19 579 175 621 Ulpianus
194 578 213 610 l.
229 579 258 619 5'3.
276 575 318 608 D.
335 578 393 607 eod.
411 577 458 607 tit.
499 576 627 614 Omnes,
659 576 781 616 inquit,
805 575 886 611 casus

19 623 204 653 continentur
213 619 280 650 huic
288 612 473 659 stipulationi
487 617 786 659 quibusususfrustus
802 617 885 648 ainic-

18 665 97 695 zitur.
121 662 174 692 Sic
183 659 352 691 Florentiae
363 659 476 690 editur.
492 659 576 698 apud
586 658 803 690 Haloandrum
821 657 886 696 est,

19 704 203 736 continentur
218 698 474 741 hacstipuiaiione.
499 697 575 731 Non
594 701 684 731 male.
701 709 762 731 nec
779 708 887 731 tamen

18 744 147 777 absurda
163 741 208 774 est
224 741 408 773 Florentina
424 742 535 774 lectio:
553 749 588 772 ut
601 742 662 780 jam
679 741 888 772 ostenderunt

21 784 182 819 Clariffimi
193 806 202 822 ,
220 783 486 822 Eruditisfimique
497 782 582 822 Viri,
599 783 755 814 Barnabas
771 782 886 813 Briffo-

20 828 109 865 nius,
127 826 285 866 Parergis,
304 825 334 856 &
350 825 484 856 Carolus
502 825 642 856 Andreas
659 823 828 861 Dutzerus,
844 822 886 854 A·

23 865 298 905 riimadverfionz‘bus
320 868 358 897 ad
383 866 530 906 Opuscula
554 867 640 897 varia
665 867 698 896 cle
720 866 886 896 Latinitate

20 909 302 951 Jurisconfidcorum
319 908 455 939 Veterum
468 914 538 949 pag.
551 917 620 948 337.
635 916 666 938 iz.
683 917 711 938 2.
731 906 887 938 Commit-

22 954 98 983 titur
113 951 208 991 igitur
223 949 379 990 posterior
395 950 552 980 cautionis
568 948 720 985 clausula,
735 948 787 978 ubi
804 947 842 978 ad
859 956 887 977 a·

20 992 140 1033 liquem
157 993 318 1032 pertinere
335 989 425 1022 desiit
441 989 829 1030 ususfructus,p0stquam
848 988 888 1019 ati

18 1041 93 1066 eum
112 1033 213 1073 coepit
227 1032 399 1072 pertinere.
423 1031 502 1063 Illud
519 1032 652 1063 mirere:
676 1030 763 1070 quod
781 1028 889 1068 Ulpia-

21 1085 80 1107 nus
101 1076 131 1106 in
150 1076 178 1105 d.
197 1074 217 1104 l.
229 1083 257 1114 3.
276 1073 305 1114 §.
321 1082 346 1104 i.
362 1074 405 1104 ait
421 1072 648 1104 usumfructum
668 1071 756 1113 posse
773 1070 892 1102 desine-

21 1126 55 1148 re
66 1139 74 1154 ‚
90 1116 144 1147 ubi
162 1124 334 1154 numquam
351 1115 461 1156 coepit.
479 1124 518 1145 an
534 1115 618 1145 enirn
629 1112 736 1154 potest
751 1111 892 1144 definere

23 1158 61 1190 ad
72 1158 210 1197 aliquem
227 1157 388 1196 pertinere
404 1155 596 1187 ususfruCtus
606 1156 660 1195 qui
675 1155 712 1185 ad
724 1162 794 1184 eum
804 1161 893 1184 num·

22 1208 116 1240 quarn
135 1198 296 1238 pertinere
314 1197 414 1237 coepit
432 1197 454 1228 l.
471 1201 540 1231 208.
560 1196 601 1227 1).
625 1197 659 1226 de
673 1194 780 1236 regulis
789 1192 892 1234 juris?

21 1241 186 1271 videamus
211 1244 337 1277 tamen,
361 1247 401 1269 ne
420 1237 483 1268 hoc
499 1237 642 1269 accidat:
665 1235 687 1267 fi
704 1234 893 1266 ususfructus

21 1281 77 1313 sub
92 1280 282 1312 conditione
298 1280 417 1320 legatus
429 1288 485 1316 ,ea
500 1278 663 1319 pendente
680 1276 716 1307 fit
731 1285 788 1316 per
807 1284 892 1306 erro·

22 1332 107 1359 rem,
125 1328 179 1352 aut
194 1330 252 1361 per
269 1320 495 1351 humanitatem
514 1319 653 1351 traditus.
671 1325 843 1357 numquam
859 1326 892 1348 e-

22 1364 86 1396 nim
98 1362 159 1394 fuit
168 1360 362 1402 *ususfructus
372 1383 381 1400 ,
392 1361 554 1400 pendente
564 1360 753 1392 conditione
765 1368 774 1397 ;
787 1367 895 1398 quam-

23 1406 71 1437 vis
99 1404 243 1436 traditus.
274 1403 480 1434 nihilominus
503 1401 689 1442 interposita
705 1410 721 1431 a
739 1399 894 1441 legatario

23 1446 171 1478 cautione
195 1445 237 1476 de
259 1443 457 1475 restituendo
474 1463 484 1482 ‚
508 1452 585 1475 cum
607 1442 733 1475 desierit
757 1443 796 1472 ad
819 1450 893 1487 euni

23 1488 184 1528 pertinere
202 1494 269 1517 non
288 1484 398 1518 resistit
420 1485 523 1524 ratio,
547 1494 613 1525 quo
629 1485 731 1516 minus
748 1483 792 1521 is,
816 1483 894 1514 deh-

23 1531 132 1560 ciente
150 1527 356 1566 conditione,
367 1527 456 1558 verbi
474 1527 573 1567 gratia
584 1549 593 1564 ,
606 1527 644 1557 ad
660 1524 894 1556 restitutionem

22 1570 157 1612 perinde
173 1576 337 1607 teneatur,
356 1577 392 1599 ac
410 1567 431 1599 fi
450 1567 594 1608 coepiffet
609 1567 648 1599 ad
665 1575 740 1611 euin
755 1565 893 1604 pertine-

24 1621 60 1644 re
74 1609 284 1642 ususfructus:
307 1609 449 1650 quamvis
471 1618 512 1640 ex
533 1608 703 1640 verborum
722 1607 895 1638 iubtiiitate

24 1662 91 1685 non
106 1653 205 1694 magis
220 1648 368 1689 desierit,
391 1658 485 1690 quain
503 1651 649 1691 coeperit.
678 1647 777 1680 Simili
795 1648 894 1679 modo

26 1694 149 1726 Seneca
170 1690 265 1734 Epi'ss.
283 1702 332 1734 23.
351 1693 383 1723 in
391 1691 450 1732 fin.
483 1690 615 1735 Quidam
630 1695 697 1723 ante
709 1690 808 1720 vivere
821 1689 896 1729 dese·

24 1741 124 1768 cerunt
133 1758 142 1774 ,
156 1743 244 1776 quam
259 1736 426 1774 inciperent.
442 1769 445 1772 Α

66 1777 216 1817 Sequitur
232 1776 264 1806 in
280 1770 415 1814 Editio,
431 1772 612 1813 Resiicazum
626 1774 665 1804 iri
679 1773 754 1814 quod
769 1773 836 1804 inae
848 1781 897 1804 ex-

27 1819 111 1849 tabit.
157 1816 199 1847 Et
223 1816 398 1847 notandum
416 1827 424 1848 :
448 1816 535 1856 quod
557 1825 622 1846 non
642 1815 733 1854 jubet
754 1814 895 1852 Praetor,

27 1857 275 1900 proprietarium
298 1855 457 1897 stipulari,
486 1855 583 1896 ipsam
607 1865 675 1888 rem
698 1855 781 1887 dari:
804 1856 896 1897 (nam

28 1910 98 1933 rem
115 1900 198 1931 suam
208 1898 436 1930 dariinutiliter
447 1897 628 1938 stipulatur:
644 1906 717 1928 cum
728 1901 816 1937 quod
831 1897 896 1937 ejus

28 1941 93 1981 est,
115 1940 248 1981 amplius
274 1939 339 1980 ejus
355 1939 424 1971 fieri
440 1939 597 1979 nequeat)
620 1938 672 1970 sed
690 1939 800 1979 jubet,
823 1946 897 1968 eum

27 1982 187 2023 stipulari3
209 1980 387 2012 restitutum
409 1981 444 2012 iri
463 1981 550 2020 quod
566 1980 641 2011 inde
660 1979 802 2011 extabit:
825 1979 899 2019 quia

29 2024 118 2064 quod
135 2032 240 2054 meum
260 2021 322 2061 est,
345 2021 400 2053 etsi
419 2031 483 2053 non
504 2021 598 2060 poffit
613 2021 689 2053 mihi
713 2021 796 2059 dari,
821 2020 898 2052 milii

31 2073 136 2097 tamen
153 2063 272 2095 restitui
291 2063 395 2104 potest
411 2063 430 2094 l.
451 2070 476 2095 1.
496 2062 526 2104 §.
544 2063 597 2094 ult.
608 2062 649 2093 D.
673 2061 899 2103 Ufizfrab'tzcari-

32 2116 67 2138 us
87 2105 321 2148 quemadmodum
338 2109 452 2136 caveat.
495 2103 574 2135 Non
591 2105 687 2144 magis
704 2111 896 2143 praetereun-

31 2148 106 2179 dum
122 2147 185 2179 est:
207 2147 293 2186 quod
309 2147 340 2177 in
357 2146 438 2177 hanc
454 2145 687 2186 stipulationem
705 2152 827 2176 tantum
845 2154 898 2175 ve-

31 2190 80 2220 nit
99 2188 255 2220 restitutio
278 2187 343 2227 ejus
368 2187 454 2228 quod
479 2187 612 2218 extabit.
644 2186 684 2217 sic
709 2186 794 2217 enim
817 2185 898 2226 juffit

31 2230 172 2262 Praetor:
189 2237 304 2268 nempe
320 2229 392 2268 quia
403 2228 575 2260 fruetuario
592 2226 627 2259 fit
640 2228 688 2268 jus
705 2227 843 2258 terendae
855 2228 898 2258 rei

32 2270 187 2302 attritioni
203 2270 371 2308 obnoxiae,
398 2269 419 2301 fi
434 2279 470 2300 ea
486 2278 592 2301 utatur
605 2270 684 2300 boni
701 2269 757 2299 viri
773 2268 900 2307 arbitra-

32 2320 76 2343 tu.
102 2311 153 2342 sed
170 2311 200 2343 &
217 2311 290 2343 alias
305 2310 410 2351 potest
434 2309 521 2349 fieri;
544 2318 579 2341 ut
596 2320 646 2341 res
663 2310 820 2342 minuatur
836 2309 899 2341 sine

32 2353 124 2393 culpa
141 2352 316 2384 fructuarii.
345 2352 466 2382 bonum
482 2352 577 2393 igitur
591 2351 708 2383 faCtum
728 2351 899 2383 Praetoris:

31 2394 187 2435 jubentis,
211 2403 276 2425 rem
300 2392 437 2432 restitui,
462 2402 527 2424 non
551 2393 650 2434 qualis
673 2393 736 2424 fuit
754 2399 902 2432 ternpore

33 2435 197 2468 constituti
213 2434 425 2472 ususfructum
444 2433 495 2466 sed
512 2434 611 2474 qualis
627 2434 688 2465 erit
704 2442 850 2474 tempore
866 2433 901 2465 fi-

33 2477 91 2508 niti
105 2477 125 2508 i.
137 2487 165 2514 9.
182 2477 212 2517 §.
223 2486 253 2518 3.
273 2475 315 2508 D.
330 2476 388 2507 eod.
406 2477 453 2507 iit.
473 2476 528 2507 Ait
543 2476 638 2518 igitur
655 2476 796 2512 Praetor,
814 2474 903 2519 Quod

34 2518 100 2548 inde
114 2517 235 2549 extabit.
257 2516 317 2548 hac
327 2526 406 2548 vero
421 2518 636 2558 appellatione
654 2517 683 2548 &
700 2527 749 2547 res
764 2517 900 2550 fructua-

32 2559 95 2597 ria,
117 2559 148 2590 &
170 2559 234 2598 ejus
257 2558 424 2590 aestimatio
438 2558 733 2599 comprehenditur.
764 2559 902 2598 primum

34 2608 103 2630 res:
118 2599 140 2630 fi
155 2607 262 2636 extat,
278 2599 307 2631 ἀ
320 2599 425 2640 potest
440 2599 572 2632 restitui.
596 2600 691 2641 quid,
708 2599 730 2631 si
749 2609 814 2632 non
832 2609 903 2640 pos-

34 2638 89 2671 fit:
112 2640 183 2679 quia
200 2638 288 2670 desiit
310 2641 443 2672 extare?
464 2640 484 2672 fi
510 2642 639 2681 quidem
665 2641 730 2673 fine
753 2642 848 2681 culpa
872 2641 902 2671 ἃ

36 2689 124 2712 mora
143 2679 328 2712 fluctuarii?
351 2681 446 2712 cessat
465 2681 646 2722 stipulatio,
671 2691 778 2722 neque
802 2692 842 2713 ex
866 2691 903 2712 ea

35 2721 84 2761 agi
112 2719 216 2760 potest
232 2722 260 2751 d.
279 2721 297 2751 l.
313 2731 342 2757 9.
360 2721 388 2763 §.
406 2732 435 2762 3.
458 2730 490 2753 at
514 2723 536 2754 fi
551 2723 711 2755 fruetuarii
729 2724 826 2759 dolo,
850 2731 903 2754 aut

37 2762 147 2801 culpa,
164 2768 217 2791 aut
233 2762 303 2801 post
320 2772 442 2794 moram
459 2763 524 2803 ejus
540 2764 630 2796 desiit
647 2764 784 2797 exstare:
807 2766 903 2796 inter-

36 2803 218 2843 pretatione
233 2802 360 2842 quidem
377 2803 458 2843 juris
475 2804 575 2836 exstat
592 2805 667 2841 l.91.
684 2807 751 2846 ἕης.
768 2805 805 2840 &²
820 2810 848 2837 6.
859 2805 902 2836 D.

37 2846 71 2874 de
84 2845 236 2874 verborum
250 2842 485 2884 obligationibus:
503 2845 555 2876 sed
572 2846 698 2878 interim
717 2841 780 2878 non
797 2846 903 2887 potest

36 2884 156 2918 restitui
173 2884 439 2927 quaelnaturaliter
455 2894 518 2916 non
536 2885 590 2916 est.
615 2887 711 2926 igitur
721 2889 903 2920 necessitate

37 2926 91 2965 fit,
110 2933 143 2956 ut
161 2925 191 2956 in
209 2925 315 2956 locum
339 2925 383 2956 rei
408 2925 553 2957 succedat
576 2927 740 2959 aestimatio
756 2930 822 2969 ejus
837 2929 856 2959 l.
875 2938 903 2959 2.

36 2968 67 3010 ς,
89 2977 113 2999 1.
131 2966 166 3000 ὅ)
182 2966 201 2996 l.
219 2976 249 3005 5.
267 2965 297 3007 §.
314 2966 368 3000 uit,
386 2965 427 2996 D.
444 2968 478 2996 de
493 2968 524 2997 in
538 2967 614 2997 litem
625 2968 771 3009 jurando,
797 2970 825 3000 δι
841 2969 907 3000 frus

38 3009 172 3040 &uarius
190 3016 259 3038 eam
275 3006 439 3047 praestans,
456 3008 544 3046 quod
558 3017 599 3039 ex
614 3017 648 3039 re
662 3007 834 3041 fructuaria
850 3019 905 3040 ex-

39 3057 103 3088 tat,
118 3048 264 3089 praestare
281 3048 485 3089 intelligatur.
511 3048 594 3080 idem
612 3051 781 3082 dicendum
796 3051 861 3087 est,
883 3050 906 3082 fi

39 3100 90 3122 res
103 3099 165 3121 non
181 3089 274 3131 poffit
288 3089 425 3131 restitui,
443 3089 519 3120 licet
536 3097 642 3122 extet:
663 3091 736 3122 dum
749 3093 831 3131 apud
841 3091 907 3123 fru-'

40 3131 189 3162 &uarium
214 3140 278 3162 non
306 3139 406 3162 extet.
439 3131 476 3162 sit
492 3133 674 3171 exemplum
697 3134 727 3163 in
744 3133 906 3173 usucapio-

40 3172 142 3204 nerei
158 3171 352 3204 frustuariae:
370 3181 463 3212 quani
485 3171 689 3212 fructuarius,
714 3183 786 3206 cum
802 3174 905 3215 poffet

653 69 1124 107 Usuritucrn

1180 70 1269 106 Lln.
1308 67 1335 106 Ῐ.
1735 79 1819 117 359,

929 161 1133 201 interpellare
1162 161 1219 193 lite
1245 159 1438 200 contestata,
1460 160 1601 203 neglexit
1622 160 1804 201 interpella-

930 213 984 236 re:
1007 204 1120 243 procul
1137 203 1235 234 dubio
1254 203 1402 243 usucapta
1418 212 1458 234 ea
1485 213 1552 241 res,
1578 203 1709 234 durante
1731 203 1802 233 usu-

930 244 1035 276 fructu
1050 268 1059 283 ,
1083 245 1128 276 est
1148 244 1308 276 fruekuarii
1334 245 1444 285 culpa:
1467 243 1600 285 suscepit
1618 245 1702 276 enim
1720 245 1749 275 in
1770 243 1802 275 se

931 296 1060 318 omnem
1077 287 1120 317 rei
1143 295 1268 325 curam3
1295 295 1400 327 coque
1416 285 1589 318 custodiam
1609 285 1752 326 praellare
1769 288 1801 317 ci
1825 315 1828 325 J

930 329 1028 359 debet
1044 330 1070 359 a.
1083 329 1101 359 ι.
1117 335 1139 358 i.
1157 327 1186 369 §.
1200 328 1253 359 alt.
1272 327 1307 362 ἐξ
1323 329 1338 358 ι,
1352 338 1379 359 2.
1393 328 1581 366 intei·im,ut
1595 328 1680 365 dixi,
1701 337 1803 366 quum

931 369 1052 410 posset,
1069 370 1099 401 ἃ,
1118 377 1298 407 teneretur,
1316 368 1446 401 cessavit
1461 369 1685 410 usucapionem
1705 370 1805 400 inter·
1846 407 1848 410 y

930 420 1088 452 rumpere.
1120 411 1224 442 adhuc
1242 420 1328 441 extat
1347 411 1476 450 quidem
1498 420 1567 450 res;
1590 420 1622 442 at
1639 411 1722 450 apud
1738 410 1805 441 fru-

931 452 1083 484 cium-ium
1101 461 1164 483 non
1185 459 1292 490 extat3
1310 452 1375 492 ejus
1387 460 1475 483 certe
1491 452 1584 492 culpa
1602 451 1721 484 fastum
1737 451 1805 490 est,

930 503 964 526 ut
980 494 1018 525 ab
1036 503 1076 525 eo
1089 493 1209 525 restitui
1226 502 1373 532 nequeat.
1397 494 1501 533 placet
1518 495 1629 535 igitur,
1642 496 1705 525 hoc
1721 503 1805 534 quo·

930 544 993 574 que
1016 534 1087 566 casu
1111 534 1303 575 stipulationi
1326 535 1421 566 iness'e
1445 536 1649 576 proprietatis
1670 535 1804 566 aestima-

930 576 1051 608 tionem
1068 577 1096 608 d.
1116 576 1136 607 l.
1163 585 1187 608 1.
1205 576 1234 618 §.
1253 575 1307 607 alt.
1326 576 1469 616 prorsus,
1494 576 1595 608 utilia
1617 575 1805 614 aestimatiO,

930 619 1003 659 quia
1021 617 1161 649 succedit
1179 618 1208 649 in
1229 618 1335 649 locum
1353 618 1395 649 rei
1420 617 1619 656 fructuariae,
1641 619 1686 649 ob
1710 619 1741 648 id
1766 627 1805 648 ea

931 669 971 691 ex
988 670 1021 690 re
1041 658 1195 699 superesse
1209 659 1414 700 intelligatur.
1439 659 1603 690 Postremo
1621 659 1805 690 addendum

930 700 976 732 est
993 701 1056 732 hoc
1072 702 1102 731 in
1120 701 1211 731 loc‘o:
1229 702 1316 740 quod
1332 700 1491 732 satisdatio
1506 710 1599 742 quam
1619 700 1739 731 Praetor
1755 702 1806 731 in-

931 743 1057 780 terponi
1073 742 1183 782 jubet,
1211 742 1376 780 continet,
1400 743 1509 774 dolum
1536 743 1652 773 malum
1678 740 1805 779 abesse,

931 784 1181 823 abfuturumque
1206 782 1278 814 eisc.
1321 784 1370 814 Ad
1398 783 1479 814 hanc
1503 782 1672 815 clausulam
1692 783 1805 813 alludit:

931 824 1085 865 Ulpianus
1101 824 1120 854 l.
1131 834 1160 863 5.
1178 823 1219 854 D.
1242 824 1488 863 Ufitfh·zic“ttiarius
1505 826 1741 867 quemadmodum
1756 834 1805 854 ca.-

928 872 996 897 veac
1012 866 1059 896 bis
1079 866 1197 895 verbis.
1227 865 1309 895 Huic
1317 864 1503 906 stipulationi
1518 867 1611 897 dolum
1628 866 1737 896 malam
1753 867 1804 896 aii-

929 907 981 948 qffe
1005 907 1233 946 abfuturzimque
1249 906 1299 945 effe
1314 909 1497 944 continetur,
1513 908 1550 942 ὃ)
1567 918 1632 938 cum
1650 909 1681 938 iii
1695 917 1752 938 rem
1763 906 1807 944 fii:

930 949 986 979 doli
1001 948 1071 978 mali
1087 948 1189 977 iizenzz'o
1204 953 1337 987 concepta
1347 971 1356 984 ,
1374 950 1501 980 omnium
1517 950 1610 980 dolum
1626 950 1807 990 coiizprehen·

933 991 997 1020 clere
1013 990 1149 1025 videtur,
1172 987 1374 1027 succeſjorum,
1399 989 1435 1023 ὅ)
1451 992 1580 1029 adoptivi
1591 992 1694 1031 patris.
1734 990 1806 1028 Ait,

933 1030 1017 1062 Huic
1026 1028 1212 1070 stipulationi
1235 1030 1416 1062 continetur.-
1439 1040 1473 1062 ut
1490 1032 1521 1062 in
1538 1032 1558 1063 i.
1575 1042 1605 1073 3.
1623 1031 1664 1063 D.
1682 1033 1740 1063 eod.
1759 1034 1809 1063 iit.

934 1081 1001 1113 quo
1020 1073 1060 1103 de
1077 1071 1172 1111 paulo
1189 1078 1274 1101 ante.

975 1112 1050 1144 Huc
1067 1120 1168 1151 usque
1193 1112 1274 1142 dixit
1297 1112 1436 1152 Praetoi·‚
1461 1115 1732 1154 quemadmodum
1758 1124 1808 1146 ca·

935 1162 1010 1184 veat
1027 1152 1226 1184 fruetuarius.
1259 1151 1393 1193 sequens
1412 1155 1502 1186 locus
1520 1156 1601 1194 erit,
1623 1159 1672 1187 cui
1690 1164 1808 1188 cavere

935 1204 1008 1226 eum
1034 1201 1195 1234 oporteat.
1229 1193 1368 1226 ostendit
1385 1194 1627 1228 huncP1·aetor:
1651 1206 1723 1228 cuin
1743 1198 1808 1237 ait,

935 1236 976 1267 Ei
991 1237 1028 1267 ad
1044 1245 1126 1277 quem
1141 1245 1173 1266 ea
1190 1244 1234 1266 res
1244 1237 1409 1275 pertinebit.
1436 1235 1464 1268 Is
1481 1247 1560 1268 vero
1575 1237 1621 1269 est
1633 1239 1810 1278 proprieta-

936 1279 1018 1316 rius,
1042 1278 1153 1315 heres,
1171 1277 1261 1308 verbi
1277 1279 1387 1318 gratia.
1404 1287 1468 1309 non
1484 1278 1581 1319 igitur
1594 1279 1724 1310 dubium
1742 1279 1808 1318 est,

937 1320 1013 1360 quin
1028 1320 1057 1350 ei
1073 1327 1189 1350 cavere
1200 1319 1316 1350 debeat
1332 1318 1520 1352 fructuarius
1535 1320 1554 1350 l.
1577 1329 1623 1352 10.
1634 1319 1677 1351 D.
1688 1323 1746 1353 eod.
1763 1323 1810 1352 tic.

936 1361 1025 1402 quod
1047 1359 1069 1392 fi
1085 1360 1190 1401 piures
1206 1359 1264 1392 sint
1288 1361 1410 1392 domini
1429 1363 1653 1402 proprietatis:
1678 1372 1737 1403 pro
1757 1362 1811 1393 sua

936 1403 1072 1444 quisque
1097 1409 1187 1441 parte
1210 1401 1408 1442 stipulabitur
1423 1403 1442 1434 l.
1460 1412 1489 1439 9.
1507 1403 1536 1445 §.
1554 1403 1608 1435 ult.
1626 1403 1668 1434 D.
1684 1405 1742 1434 eod.
1763 1406 1812 1436 tit.

936 1445 955 1476 l.
979 1453 1026 1485 13·
1048 1443 1091 1474 D.
1108 1445 1141 1474 de
1157 1442 1322 1483 ususriioiu.
1350 1444 1487 1483 proinde
1506 1445 1527 1476 ii
1542 1445 1599 1476 tibi
1617 1443 1812 1478 ususfructus

937 1486 968 1517 &
987 1484 1064 1516 mihi
1083 1485 1261 1525 proprietas
1277 1486 1420 1525 legetur:
1441 1485 1519 1517 mihi
1534 1487 1712 1521 cavendum
1729 1487 1774 1518 est
1790 1487 1813 1519 l.

938 1532 966 1562 3.
980 1526 1020 1558 D.
1041 1525 1291 1565 Usafrufr‘uarius
1307 1528 1545 1566 quemadmodum
1559 1533 1671 1558 caveat.
1688 1530 1775 1567 quod
1786 1527 1809 1559 ii

937 1568 1014 1600 milii
1032 1567 1209 1608 proprietas
1219 1566 1255 1598 fit
1268 1568 1371 1609 legata
1388 1568 1442 1599 sub
1452 1569 1659 1600 conditione:
1674 1570 1716 1600 ait
1736 1569 1815 1600 Pau·

939 1611 987 1642 lus
1004 1610 1033 1640 d.
1050 1609 1070 1640 i.
1092 1613 1120 1643 8.
1137 1609 1313 1649 quosdam,
1335 1616 1371 1639 ut
1389 1609 1609 1648 Marcianum,
1626 1618 1756 1650 putare,
1782 1610 1814 1642 &

938 1651 1048 1683 heredi
1073 1650 1103 1682 &
1128 1650 1205 1681 mihi
1229 1651 1408 1682 cavendum
1432 1650 1512 1689 effe,
1537 1661 1672 1692 eamque
1689 1651 1813 1683 senten-

940 1694 1015 1724 tiam
1038 1695 1146 1723 veram
1171 1690 1243 1724 esse.
1273 1691 1413 1732 scilicet,
1438 1693 1511 1733 quia
1535 1694 1614 1724 alter
1636 1692 1681 1724 est
1708 1693 1813 1725 domi-

940 1744 1020 1771 nus,
1043 1734 1124 1765 alter
1140 1733 1264 1765 futurus
1282 1732 1434 1773 speratur.
1482 1733 1605 1766 Eadem
1622 1735 1766 1774 ratione,
1789 1733 1815 1767 fi

939 1776 1017 1807 mihi
1033 1775 1210 1814 proprietas
1226 1774 1328 1815 legata
1344 1774 1399 1813 sit,
1417 1775 1447 1806 δε
1464 1784 1536 1807 cum
1553 1777 1592 1807 ad
1609 1785 1660 1807 me
1671 1777 1816 1815 pertine-

939 1827 973 1848 re
995 1815 1142 1854 desierit,
1165 1815 1235 1846 alii:
1258 1818 1288 1846 ὣς
1312 1816 1365 1846 hic
1390 1817 1534 1858 utrisque
1554 1818 1752 1857 cavendum,
1776 1824 1814 1849 ut:

939 1859 1029 1899 supra
1044 1857 1174 1897 placuit.
1197 1865 1288 1896 aeque
1306 1856 1462 1889 fiduobus
1479 1859 1673 1899 conjunctim
1691 1860 1813 1901 legatus

939 1899 976 1932 sit
994 1898 1205 1930 ususfrutius:
1223 1897 1301 1929 facit
1325 1899 1482 1931 incertum
1496 1901 1573 1940 juris
1588 1900 1811 1934 accrescendi:

940 1947 976 1971 ut
994 1940 1024 1972 ἃ
1047 1940 1184 1971 invicem
1209 1939 1263 1970 sibi
1287 1949 1402 1971 cavere
1419 1941 1558 1972 debeant
1575 1940 1755 1981 fructuarii,
1779 1943 1813 1974 &z

941 1981 1051 2013 heredi
1067 1982 1097 2012 in
1115 1980 1370 2019 casumiiium,fi
1389 1984 1427 2013 ad
1444 1982 1642 2015 sociunrnon
1656 1983 1815 2025 pertineat:

940 2022 1152 2060 ususfructus,
1169 2023 1277 2053 heredi
1295 2023 1393 2054 reddi-
1415 2022 1457 2054 fic
1472 2024 1585 2056 Paulus
1602 2027 1629 2061 d.
1647 2025 1665 2056 l.
1683 2030 1711 2059 8.
1728 2025 1757 2056 ὅ(
1773 2025 1814 2057 ad

941 2065 1089 2096 eumdem
1103 2065 1235 2096 modum
1250 2064 1390 2102 julianus
1407 2065 1425 2096 l.
1442 2069 1472 2096 6.
1489 2065 1518 2106 §.
1541 2075 1566 2097 1.
1582 2066 1625 2097 D.
1643 2068 1677 2097 de
1691 2067 1814 2106 usufru-

941 2106 990 2137 ἑῖα
1004 2116 1103 2138 earum
1119 2115 1222 2136 rerum.
1239 2105 1354 2144 Plane,
1371 2106 1392 2137 fi
1408 2109 1585 2147 proprietas
1599 2107 1635 2139 fit
1653 2109 1754 2148 legata
1771 2116 1814 2139 ex

941 2148 1011 2185 die,
1035 2146 1227 2178 ususfructus
1244 2155 1338 2186 pure:
1362 2148 1467 2179 verius
1491 2148 1536 2180 est
1552 2171 1561 2186 ,
1586 2149 1814 2181 remittendam

941 2188 1114 2220 fruetuario
1130 2187 1191 2218 ess'e
1200 2190 1403 2221 cautionem:
1424 2191 1510 2228 quod
1522 2198 1645 2222 certum
1663 2191 1727 2229 est,
1738 2200 1815 2231 pro·

941 2231 1110 2271 prietatem
1128 2230 1178 2259 vel
1196 2230 1234 2259 ad
1254 2239 1325 2261 eum
1337 2252 1345 2268 ,
1369 2230 1420 2261 vel
1436 2231 1474 2261 ad
1491 2232 1554 2271 eius
1573 2231 1724 2264 heredem
1744 2241 1816 2273 pei·-

942 2279 1106 2302 venturam
1124 2271 1145 2301 l.
1162 2279 1191 2306 9.
1209 2269 1239 2311 §.
1259 2280 1287 2301 2.
1305 2269 1348 2302 D.
1370 2270 1618 2309 Ulusrustaarius
1634 2275 1816 2314 quemadmo-

941 2314 1010 2343 dum
1034 2317 1147 2342 caveat.
1192 2311 1371 2350 Caeterum,
1395 2312 1415 2344 fi
1443 2313 1554 2345 heredi
1572 2323 1697 2345 cautum
1720 2315 1756 2346 sit
1773 2316 1815 2345 de

942 2353 1135 2385 restituenda
1156 2362 1190 2384 re
1207 2376 1216 2391 ,
1246 2351 1340 2385 finito
1365 2353 1551 2386 usufructu:
1576 2356 1736 2395 compe-tit
1763 2357 1814 2394 ei,

945 2394 1107 2426 commiffa
1130 2393 1350 2433 stipulatione,
1374 2404 1415 2426 ex
1441 2396 1500 2426 hac
1525 2395 1613 2427 causa
1634 2406 1674 2427 ex
1691 2397 1816 2437 stipula-

945 2444 978 2467 tu
995 2437 1097 2468 actio:
1120 2435 1175 2467 nisi
1191 2437 1345 2476 repetitus
1361 2437 1468 2477 legato
1493 2436 1529 2468 sit
1548 2436 1757 2470 ususfructus:
1781 2438 1815 2471 id

945 2477 1010 2516 est,
1032 2476 1086 2508 nisi
1112 2477 1154 2507 ita
1178 2476 1215 2508 fit
1239 2477 1380 2518 legatus,
1405 2485 1439 2508 ut
1458 2478 1588 2510 testator
1613 2480 1690 2511 velit
1707 2502 1716 2518 ,
1739 2489 1814 2512 eum

945 2520 1072 2558 quoties
1097 2517 1218 2549 amiss‘us
1244 2520 1322 2555 erit,
1346 2517 1448 2550 rursus
1476 2520 1614 2560 legatum
1637 2521 1656 2552 l.
1675 2531 1704 2561 3.
1735 2521 1764 2563 §.
1783 2532 1812 2553 2.

945 2560 987 2591 1).
1010 2562 1068 2591 eod.
1096 2561 1142 2590 tn.
1179 2559 1269 2591 ldem
1293 2559 1356 2598 est,
1378 2558 1400 2591 fi
1425 2560 1493 2600 quis
1519 2561 1575 2592 tihi
1602 2562 1755 2602 legaverit
1780 2572 1816 2594 u-

944 2601 1168 2639 i'umfruttum,
1186 2601 1215 2631 <St
1232 2601 1286 2635 sub
1301 2601 1546 2640 conditione,si
1563 2602 1680 2635 liberos
1697 2604 1816 2635 habue-

945 2643 1003 2681 ris,
1027 2643 1265 2683 proprietatem.
1300 2641 1384 2674 Nam
1401 2642 1508 2674 amisso
1525 2643 1701 2684 usufructu,
1725 2655 1814 2677 com·

945 2685 1092 2716 mittetur
1108 2683 1286 2723 stipulati03
1310 2683 1361 2714 sed
1385 2685 1537 2724 exceptio
1554 2685 1659 2717 locum
1682 2686 1816 2718 habebit

946 2727 974 2756 d.
991 2725 1010 2755 l.
1028 2736 1058 2765 3.
1075 2724 1105 2765 §.
1122 2735 1150 2765 3.
1187 2724 1293 2765 Quid,
1317 2724 1338 2756 fi
1364 2724 1454 2756 heres
1471 2726 1655 2759 alienaverit
1673 2729 1814 2769 proprie-

947 2773 1064 2803 tatem,
1082 2768 1110 2796 <St
1127 2764 1236 2804 postea
1254 2766 1413 2798 amittatur
1429 2766 1649 2800 ususfructus?
1675 2778 1740 2801 tum
1759 2770 1814 2809 (ut

946 2806 1101 2844 Ulpianus
1119 2807 1162 2837 ait
1177 2809 1205 2837 d.
1224 2808 1244 2838 l.
1261 2817 1290 2847 3.
1308 2807 1337 2849 ᾖ.
1355 2808 1405 2848 4.)
1423 2807 1536 2841 fortius
1548 2811 1609 2842 dici
1628 2811 1752 2850 potest,
1769 2814 1815 2849 ip·

946 2848 980 2878 so
995 2849 1061 2888 jure
1077 2857 1141 2879 non
1157 2850 1315 2880 committi
1339 2847 1593 2890 stipulationem:
1617 2853 1689 2892 quia
1706 2859 1810 2890 neque

947 2889 1075 2927 heredi,
1099 2888 1365 2921 successoribusve
1387 2891 1452 2931 ejus
1477 2891 1596 2924 restitui
1614 2892 1735 2933 potest3
1758 2901 1812 2921 ne-

947 2936 1010 2970 que
1033 2932 1057 2960 is
1082 2931 1133 2961 cui
1156 2931 1280 2971 potest,
1303 2932 1354 2974 (id
1379 2933 1425 2964 ei't
1442 2956 1452 2972 ,
1476 2935 1515 2965 ad
1543 2943 1637 2972 quem
1663 2932 1810 2972 pervenit

946 2972 1145 3012 proprietas)
1169 2974 1307 3012 pertinet
1324 2974 1361 3005 ad
1378 2974 1623 3014 stipulationem.
1649 2974 1736 3004 addit
1754 2971 1812 3004 Ul-

948 3014 1075 3052 pianus,
1099 3012 1160 3044 Sed
1176 3014 1200 3045 is
1215 3015 1251 3045 ad
1268 3023 1362 3054 quem
1379 3017 1545 3055 pervenit,
1565 3023 1709 3054 tempore
1726 3023 1810 3053 quae-

948 3053 995 3084 fiti
1013 3054 1141 3085 dominii
1158 3054 1211 3086 fibi
1229 3056 1411 3096 prospicere
1430 3057 1506 3094 alia,
1522 3057 1552 3085 id
1569 3055 1631 3093 est,
1648 3065 1732 3086 nova
1749 3055 1813 3088 five

949 3096 1075 3135 propria
1090 3097 1239 3127 cautione
1255 3098 1362 3128 debet.
1397 3099 1484 3137 quod
1510 3095 1564 3126 etsi
1589 3105 1652 3127 non
1677 3095 1812 3137 fecerit,

947 3136 1151 3168 nihilominus
1166 3138 1197 3169 in
1217 3148 1282 3170 rem
1300 3139 1425 3170 actione
1445 3138 1489 3168 uti
1509 3138 1623 3177 potest.
1647 3139 1718 3169 vice
1735 3148 1814 3179 quo-

947 3183 1010 3218 que
1026 3178 1110 3210 versa
1121 3201 1132 3218 ,
1156 3178 1177 3211 fi
1192 3179 1379 3212 fructuarius
1403 3179 1633 3219 proprietatem
1647 3180 1814 3252 adsectfitus

1761 3231 1812 3252 ue-
