2036 3495
162 81 231 109 202
594 70 628 107 G
662 80 682 105 E
715 81 738 105 R
771 79 792 104 A
826 79 849 104 R
881 78 906 104 υ
938 77 952 102 1

163 170 227 195 nec
235 160 366 196 interest
376 184 385 200 ,
397 166 502 192 utrum
511 167 584 191 cum
596 157 778 194 hominibus
788 179 797 195 ,
806 166 846 188 an
856 166 929 189 curn
939 156 1046 189 bestiis

166 204 432 245 depugnaverint.
455 200 544 240 quod
560 200 581 231 fi
602 198 903 245 deprehendamur,
919 207 990 229 cum
1008 199 1047 231 ad

167 244 318 276 barbaros
338 241 514 274 transeunt:
530 241 637 281 placet
647 238 878 284 Constantino,
894 248 948 271 aut
964 241 1048 280 pede

167 293 334 327 amputato
355 281 533 321 debilitari,
557 290 610 314 aut
628 281 760 313 metallo
778 281 863 320 dari,
878 288 934 313 aut
948 282 1047 323 quali-

1009 67 1274 107 Noonr
1332 71 1549 111 Comir.

1089 157 1147 190 bet
1163 159 1220 192 alia
1236 170 1331 202 poena
1347 162 1430 194 affici
1448 163 1466 195 l.
1483 173 1512 205 3.
1531 165 1563 195 C.
1581 164 1699 205 deserv.
1709 166 1843 210 fugitiv.

1128 200 1199 232 Alia
1215 203 1254 234 de
1268 203 1414 246 fugitivis
1430 205 1459 237 δι
1476 206 1666 248 fugitivariis
1685 207 1833 249 Cujacius
1848 210 1896 244 lib.
1913 218 1962 247 21.
1990 208 1992 213 ’

1092 240 1214 282 observ.
1233 254 1257 277 c.
1275 255 1327 279 x1.
1351 255 1421 288 quae
1437 247 1483 280 ibi
1501 248 1602 280 videri
1619 249 1761 290 poss'unt.

829 364 1188 404 T1Tutus
1247 369 1296 406 V.

940 440 991 477 De
1007 440 1205 481 aleatoribus.

227 532 350 564 ecunda
374 531 497 572 species
523 530 749 571 corrumpendi
768 529 847 562 servi
866 524 911 561 est
926 529 1050 571 persua-

173 533 224 609 S
241 573 305 613 fio,
331 581 364 605 ut
387 574 475 605 ludat
498 574 585 606 alea:
609 574 697 613 cujus
713 572 848 603 studium
867 580 1052 603 annumera-

170 624 220 648 tur
237 615 321 648 vitiis
340 615 434 646 animi
450 615 612 647 servorum
628 614 647 653 l.
659 624 707 654 25.
725 613 752 654 §.
770 616 800 644 6.
822 613 870 643 D.
891 614 924 643 tle
941 612 1052 644 AEdili-

171 659 210 689 zio
223 656 335 688 Editio.
352 657 370 688 l.
381 661 429 688 26.
441 657 488 688 D.
504 658 537 688 de
554 655 682 697 injuriis.
706 655 758 687 Sic
775 662 905 694 apparet
923 654 1005 685 ordo
1023 653 1053 685 δε

167 700 250 730 ratio
269 697 373 730 Tituli
392 699 443 729 De
459 698 640 729 aleatoribus.
666 695 718 728 Est
734 703 840 727 autem
855 695 942 734 alea,
967 693 1051 741 lusus

168 739 272 773 omnis
292 740 436 781 pendens
455 740 494 770 ab
509 740 636 771 incerto
654 737 794 769 fortunae
812 745 942 768 eventu.
965 746 990 767 is
1008 736 1052 768 lu·

169 781 218 814 sus
240 783 296 823 (ut
313 781 412 813 refert
433 781 561 812 Servius
574 781 613 811 ad
632 779 799 820 Virgilium
815 778 864 809 lib.
882 788 909 810 2.
929 777 1050 810 AEnez‘d.

171 823 246 861 vers.
257 828 305 858 80-
329 824 358 854 ὅ(
369 820 532 854 Salmasius
550 822 588 854 ad
604 820 779 861 Vopiscum
792 820 949 861 Proculop.
961 820 1051 860 744.)

169 864 216 897 est
234 875 250 896 a
269 864 436 896 Palamede
461 864 551 895 bono
577 863 708 903 publico
733 863 883 893 inventus
910 862 948 892 ad
964 859 1051 892 Tro-

169 907 252 947 jam,
277 904 430 938 militibus
454 915 511 946 per
526 905 629 936 otium
647 905 687 936 ad
703 903 892 935 seditionem
910 902 1050 943 spectan-

170 948 255 980 tibus
275 947 318 978 ob
337 946 525 979 defideriurn
543 947 664 987 patriai.
695 944 740 977 est
757 954 836 976 vero
855 945 880 975 is
900 944 981 976 lusus
998 953 1049 975 na-

171 997 240 1020 tura
256 987 461 1027 indifferens,
485 997 591 1028 neque
607 997 664 1027 per
680 986 710 1018 se
726 986 828 1018 bonus
839 1007 849 1024 ,
873 994 977 1026 neque
995 994 1052 1031 per

170 1031 201 1062 se
219 1031 328 1062 malus.
353 1038 476 1062 tantum
489 1029 542 1060 usu
560 1030 589 1061 ἃ
603 1029 702 1060 modo
721 1028 793 1059 huic
809 1034 862 1058 aut
882 1027 925 1058 iili
945 1035 1051 1066 proru-

170 1072 264 1104 mior.
288 1074 331 1103 ita
353 1071 434 1103 ratio
452 1071 591 1111 publicae
609 1069 753 1101 utilitatis
770 1069 845 1100 aleae
864 1067 961 1099 lusum
981 1068 1052 1112 jure

172 1114 261 1145 civili
280 1113 494 1154 improbav1t‚
519 1120 679 1152 tamquam
699 1110 922 1154 perniciosum.
945 1107 1051 1140 Testis

171 1154 328 1187 Horatius
345 1155 394 1187 lib.
407 1165 437 1197 3.
456 1156 498 1186 od.
516 1164 565 1194 24.
581 1154 658 1194 vers.
676 1157 727 1194 58.
752 1151 979 1192 &justinianus
994 1151 1012 1181 ἰ,
1022 1160 1050 1192 3.

215 1238 269 1270 De
294 1237 490 1270 aleatoribus
508 1243 619 1268 extant
637 1237 667 1267 in
686 1235 705 1266 l.
726 1244 750 1266 1.
773 1234 820 1264 D.
836 1233 863 1264 b.
881 1238 903 1266 t.
928 1232 993 1263 duo
1011 1231 1049 1263 E-

172 1280 247 1313 difti
266 1280 382 1320 capita.
406 1279 521 1320 prioris
540 1278 637 1309 verba
655 1277 723 1308 haec
742 1275 822 1306 sunt.
857 1274 890 1305 Si
906 1275 971 1320 qais
987 1283 1052 1305 eam

170 1323 249 1363 apud
259 1331 343 1363 quem
358 1320 420 1352 alea
429 1320 524 1361 lusum
532 1319 583 1361 eſje
598 1321 728 1356 dicetur,
744 1318 956 1354 verberaverit,
972 1316 1051 1346 dam·

170 1372 279 1394 mtmve
297 1364 322 1393 ei
336 1363 462 1400 crederit,
473 1360 539 1399 five
553 1362 625 1402 qaid
640 1370 669 1391 eo
680 1365 799 1400 tempore
817 1359 895 1388 aomo
911 1357 973 1397 ejas
981 1358 1052 1397 Jah-

170 1403 297 1437 trabium
312 1402 370 1445 est,
392 1404 535 1442 judiciam
551 1412 608 1433 non
624 1403 705 1432 dabo.
737 1399 784 1431 ita
802 1398 972 1440 legendum
983 1421 992 1436 ‚
1007 1399 1053 1429 cio-

172 1456 216 1478 mo
234 1446 317 1488 ejas,
341 1444 396 1476 etfi
421 1443 590 1476 Florentiae
615 1450 723 1480 extat,
746 1441 807 1472 dolo
825 1441 897 1482 ejus.
922 1447 1053 1480 apparet

171 1497 213 1520 ex
228 1488 247 1518 l.
268 1496 293 1519 1.
311 1486 339 1528 §.
360 1496 388 1517 2.
406 1485 447 1516 D.
462 1487 489 1516 h.
502 1492 523 1517 t.
547 1484 600 1516 ubi
619 1494 655 1515 ea
672 1492 738 1514 vox
755 1489 940 1523 exponitur.
965 1481 1050 1524 Alte-

170 1528 240 1561 rum
259 1535 356 1568 caput
372 1525 417 1557 est
434 1527 509 1558 tale.
534 1526 571 1557 In
587 1535 652 1556 eum
672 1525 723 1566 qui
739 1524 805 1555 aleae
821 1523 950 1554 ludentia
965 1523 1053 1562 causa

171 1571 232 1601 vim
258 1568 411 1606 intulerit,
435 1569 481 1599 uti
504 1576 622 1609 qztceqae
645 1576 688 1597 res
704 1567 781 1604 erit,
804 1565 1051 1610 animadvertam.

170 1612 199 1643 d.
214 1611 233 1642 l.
256 1619 278 1641 1.
290 1617 335 1650 pr.
361 1609 479 1641 Praeter
497 1610 566 1640 haec
577 1610 641 1641 duo
659 1609 764 1646 capita
778 1605 838 1637 fuit
855 1606 885 1637 &
901 1612 1050 1637 tertium:

170 1661 243 1685 nam
261 1652 326 1692 ejus
346 1652 470 1683 mentio
482 1651 500 1681 l.
518 1660 548 1690 4.
565 1650 593 1691 §.
608 1650 660 1681 alt.
677 1649 717 1679 D.
735 1649 793 1679 eod.
811 1648 867 1692 iit..
881 1656 988 1687 eoque
1006 1648 1050 1694 vi-

174 1694 268 1726 detur
295 1692 419 1724 Prae'tor
441 1692 528 1723 viCto
545 1689 713 1732 permisisse
728 1688 968 1721 condictionem
984 1697 1051 1729 ejus

170 1735 259 1777 quod
280 1734 383 1766 victor
400 1734 476 1764 aleae
494 1732 561 1765 lusu
581 1732 616 1764 fit
635 1731 840 1763 consecutus.

213 1775 314 1820 Quod
333 1776 372 1807 ad
391 1776 527 1816 primum
544 1782 641 1815 caput
657 1774 789 1817 attinetg
805 1780 846 1803 eo
863 1779 958 1813 negat
969 1771 1050 1803 Prae-

169 1825 242 1857 tor,
264 1817 419 1858 iudicium
444 1817 474 1848 se
499 1817 671 1848 daturum:
695 1814 715 1846 fi
737 1823 806 1855 quis
834 1814 1052 1844 verberaverit

170 1870 244 1893 eum
270 1859 354 1900 apud
384 1867 480 1898 quem
504 1859 570 1889 alea
587 1856 684 1888 lusum
703 1855 766 1887 ess'e
783 1855 926 1893 dicatur,
950 1862 1004 1886 aut
1021 1855 1050 1886 ei

172 1903 323 1935 damnum
339 1900 483 1932 dederit:
498 1899 576 1931 item
592 1897 614 1930 fi
631 1898 709 1938 quid
726 1907 766 1928 eo
785 1904 933 1936 tempore
950 1896 1050 1927 domo

172 1944 240 1985 ejus
263 1942 454 1974 subtractum
479 1940 526 1972 fit.
551 1940 581 1971 ἂ
597 1939 793 1976 notandum,
818 1937 992 1969 Praetorem
1010 1939 1050 1968 de

171 1984 356 2025 susceptore
371 1990 495 2014 tantum
513 1981 619 2023 loqui,
639 1990 703 2012 noii
721 1979 816 2011 etiam
835 1978 1051 2024 desusceptis.

174 2026 207 2058 Si
223 2027 318 2068 igitur
336 2026 457 2065 rapinas
476 2025 558 2056 inter
573 2023 604 2054 se
619 2022 759 2054 fecerint
776 2021 969 2055 collusores,
985 2030 1051 2052 non

173 2067 384 2109 denegabitur
400 2066 430 2098 vi
447 2067 607 2098 bonorum
631 2070 794 2109 raptorum
817 2062 912 2093 aetio.
955 2063 1052 2102 Atqui

175 2109 209 2141 hi
221 2118 351 2150 quoque
369 2115 518 2148 poterant
535 2105 655 2147 indigni
673 2105 791 2143 videri,
808 2105 861 2144 qui
878 2113 894 2134 a
911 2103 1052 2136 Praetore

173 2151 390 2183 vindicentur.
414 2149 476 2181 Sed
494 2149 603 2188 (quod
620 2147 770 2183 observat
792 2144 943 2185 Ulpianus
960 2148 986 2176 d.
995 2146 1013 2176 l.
1026 2155 1051 2177 1.

172 2193 201 2234 §.
228 2193 282 2232 1.)
305 2191 427 2222 Praetor
452 2189 666 2230 susceptorem
694 2190 860 2219 dumtaxat
886 2187 1052 2232 prohibuit

172 2233 347 2271 vindicari;
371 2242 436 2264 non
454 2233 483 2263 &
499 2229 690 2268 collusores,
715 2229 859 2270 quamvis
877 2233 907 2261 <St
925 2230 956 2260 lii
972 2230 1050 2260 indi-

173 2276 227 2317 gni
248 2275 424 2306 videantur.
456 2273 538 2305 Item
556 2274 751 2309 notandum,
775 2271 879 2310 inquit
898 2272 1051 2310 Ulpianus

173 2320 202 2348 d.
219 2316 238 2347 l.
257 2326 283 2348 1.
303 2316 331 2358 ἓ.
349 2326 385 2355 23
411 2316 498 2355 quod
522 2313 738 2353 susceptorem
762 2313 965 2344 verberatum
984 2312 1051 2352 qui-

174 2359 248 2389 dem
261 2358 448 2389 &damnum
465 2355 583 2397 passum
600 2356 783 2395 ubicunque
801 2354 830 2385 &
845 2356 1050 2393 quandocun-

175 2407 237 2437 que
259 2409 323 2430 non
352 2399 503 2430 vindicat.
528 2406 638 2428 verum
663 2396 785 2427 furtum
808 2395 1051 2439 fac‘tumbdomi,

174 2441 205 2471 &
221 2450 260 2471 eo
272 2448 419 2480 tempore
437 2449 502 2480 quo
515 2439 580 2470 alea
597 2438 782 2475 ludebatur,
802 2438 878 2469 licet
889 2438 971 2470 lulor
986 2448 1051 2469 non

174 2480 290 2519 fuerit,
315 2483 367 2521 qui
386 2482 461 2522 quid
479 2490 590 2512 eorum
607 2479 741 2517 fecerit,
764 2478 893 2518 impune
909 2478 956 2511 fit.
989 2481 1052 2512 Ad-

176 2522 223 2553 dit
242 2523 412 2561 Ulpianus,
429 2530 582 2563 oportere
598 2531 657 2553 nos
673 2520 703 2551 in
722 2520 839 2552 EdiCto
856 2522 988 2553 domum
1004 2531 1054 2552 ac-

178 2564 286 2603 cipere
306 2573 364 2603 pro
382 2564 580 2595 habitatione
595 2562 625 2594 &
640 2562 815 2594 domicilio.
859 2560 986 2605 Quaerit
1001 2573 1052 2594 au-

176 2612 242 2636 tem
254 2628 262 2642 ,
278 2613 373 2644 quum
387 2606 505 2636 Praetor
522 2612 634 2646 negat,
650 2603 680 2634 se
697 2605 841 2635 daturum
861 2605 936 2636 furti
954 2605 1051 2637 astio-

175 2654 270 2684 nem,
294 2653 396 2676 utrum
426 2647 523 2678 solum
547 2645 694 2686 respiciat
715 2646 754 2676 ad
778 2647 938 2686 poenalern
955 2648 1050 2678 actio-

175 2696 272 2726 nem,
295 2695 333 2716 an
362 2687 391 2717 δι
413 2686 435 2717 fi
452 2688 490 2718 ad
508 2687 725 2719 exhibendum
743 2696 857 2727 agere,
882 2689 933 2720 vel
951 2687 1051 2720 vindi-

177 2737 273 2767 care,
295 2727 346 2758 vel
369 2728 540 2760 condicere
563 2728 668 2760 velit?
692 2727 734 2759 Et
751 2730 814 2767 ait,
839 2728 901 2760 effe
917 2731 1052 2762 relatum

177 2770 260 2811 apud
286 2768 520 2808 Pomponium,
545 2768 747 2801 solummodo
771 2771 930 2810 poenalem
954 2771 1052 2802 astio-

177 2820 253 2844 nem
278 2812 477 2851 denegatam.
502 2817 533 2840 at
560 2812 591 2842 id
617 2820 681 2842 non
709 2810 771 2842 esse
788 2821 915 2844 verum:
939 2812 1052 2853 praesa-

180 2861 250 2891 tus,
275 2852 363 2892 quod
381 2851 502 2882 Praetor
519 2850 697 2890 (impliciter
713 2854 776 2891 ait,
792 2853 823 2884 Si
842 2853 917 2894 quid
934 2854 1052 2885 subtra-

179 2894 264 2926 ctum
283 2894 361 2931 erit,
375 2891 527 2936 judicium
545 2901 609 2923 non
626 2894 709 2924 dabo
726 2895 816 2926 d.l.1.
831 2894 858 2936 §.
876 2905 902 2927 2.
924 2894 979 2927 Est
995 2904 1053 2928 no-

179 2935 284 2967 tabilis
302 2934 370 2965 haec
389 2932 534 2964 Praetoris
546 2931 712 2972 severitas;
729 2944 867 2968 attamen
885 2947 950 2968 non
967 2937 1052 2969 inau-

179 2977 244 3009 dita
263 2977 347 3007 civ21i
366 2975 448 3011 lure.
470 2982 541 3006 nam
556 2973 585 3004 δι
602 2973 674 3004 alibi
692 2975 746 3014 fit,
761 2986 794 3007 ut
808 2978 903 3017 aliqui
922 2987 987 3010 tam
1007 2981 1049 3010 vi-

177 3019 223 3049 les
248 3025 417 3058 putentur,
442 3023 477 3048 ut
500 3022 648 3056 oporteat
671 3024 727 3046 eos
746 3017 806 3048 effe
822 3018 903 3051 infra
918 3030 1048 3052 ornnem

177 3059 284 3099 legum
303 3068 421 3090 curam.
449 3056 631 3095 exemplum
647 3055 665 3086 l.
683 3065 731 3091 29-
749 3058 780 3087 C.
798 3059 849 3089 Aa
865 3061 952 3101 legem
968 3061 1049 3102 Juli.

177 3110 224 3131 am
240 3101 272 3130 de
288 3100 446 3131 adztlterz'is.
470 3098 515 3130 est
533 3098 562 3129 &
580 3098 664 3129 aliud
680 3099 762 3135 apud
776 3098 935 3134 Valerium
946 3103 1047 3134 Maxi.

178 3149 264 3172 mum
281 3141 302 3172 l.
321 3150 349 3180 7.
370 3151 393 3171 c.
408 3150 437 3180 7.
455 3150 501 3172 ex.
518 3148 545 3180 7.
568 3139 622 3170 ubi
646 3139 780 3177 loquens
797 3140 836 3169 de
853 3143 986 3174 decreto
1003 3144 1047 3186 Q.

173 3181 304 3215 Metelli
328 3182 477 3214 Praetoris
502 3180 638 3221 urbani,
667 3180 720 3221 qui
743 3180 854 3213 lenoni
877 3183 1048 3224 denegavit

1093 532 1254 581 bonorum
1276 534 1500 580 poss'effionem
1523 538 1695 573 secundum
1721 540 1860 581 Juventii
1879 544 1967 577 tabu-2

1094 574 1156 606 las:
1182 575 1258 623 Vzr,
1274 578 1395 617 inquit,
1411 579 1594 621 nobiliffimzrs
1608 582 1644 616 ἑὸ)
1658 582 1845 625 gra-vtffimus
1858 586 1921 623 fori
1934 596 1968 618 ac

1095 616 1247 656 lapanarzs
1271 618 1456 658 separandam
1480 624 1667 655 conditionem
1688 625 1894 667 existimavim
1917 634 1969 659 nce

1095 663 1147 689 aut
1156 658 1278 705 fabium
1294 659 1372 690 illius
1387 665 1562 702 comprobare
1577 667 1690 704 voluit,
1705 670 1758 708 qui
1764 668 1907 707 fortunas
1915 668 1969 708 szt-

1095 709 1127 731 as
1150 709 1182 730 m
1198 698 1350 748 stabulum
1374 706 1601 738 contaminatum
1622 708 1800 749 projecerat,
1824 716 1877 742 aut
1901 711 1969 741 huic

1096 747 1246 782 tamqnam
1269 748 1376 784 zmegra
1400 746 1460 774 civi
1476 746 1548 786 jura
1571 749 1702 788 recidere,
1726 751 1776 791 qui
1792 750 1825 792 χέ’
1840 753 1874 782 ab
1892 752 1968 782 omni

1094 781 1204 827 bfflest⁰
1222 785 1290 814 vitae
1303 793 1406 826 genere
1420 787 1582 827 abruperat.
1606 788 1732 822 Eodem
1749 793 1849 824 modo
1868 792 1970 836 Quin-

1096 824 1240 870 tilianus,
1264 824 1394 873 Decium.
1412 832 1482 867 385.
1507 828 1696 871 Quamquam
1713 839 1746 862 ut
1754 834 1875 872 fecerim
1890 836 1971 865 darii-

1093 875 1183 905 num,
1201 875 1322 906 inquit,
1338 870 1436 899 merito
1445 870 1497 900 tibi
1506 871 1597 902 relata
1614 872 1680 903 talio
1689 872 1745 912 eft,
1759 881 1874 915 propter
1887 885 1971 916 quein

1093 908 1202 938 damna
1225 917 1319 939 omnes
1341 909 1471 948 faciant.
1510 911 1571 942 leno
1593 911 1632 953 est
1650 914 1797 954 publicum
1819 919 1968 949 damnum.

1093 947 1236 981 Tantum
1257 950 1297 981 de
1314 951 1418 990 primo
1436 953 1551 992 capite.

1137 990 1290 1021 Secundo
1313 992 1355 1022 ait
1380 992 1520 1032 Praeror,
1547 994 1582 1025 Irz
1607 1004 1669 1026 eum
1690 997 1741 1038 qui
1757 997 1825 1028 aleae
1842 999 1972 1032 tutanda

1094 1036 1181 1071 caasa
1196 1034 1257 1062 vim
1273 1033 1406 1064 imulerit
1416 1057 1425 1072 ‚
1450 1035 1496 1065 uti
1511 1045 1629 1077 quaeque
1642 1048 1686 1068 res
1700 1040 1770 1077 erit,
1788 1041 1973 1072 animadver-

1095 1078 1164 1104 tam.
1189 1072 1270 1104 Haec
1290 1074 1444 1114 clausula,
1468 1077 1570 1117 inquit
1588 1077 1760 1118 Ulpianus,
1778 1082 1916 1120 pertinet
1932 1083 1971 1115 ad

1094 1114 1399 1148 animadverfionem
1410 1127 1476 1157 ejus
1489 1120 1541 1159 qui
1554 1120 1711 1161 compulit
1727 1122 1853 1161 ludere,
1870 1132 1904 1154 ut
1918 1129 1971 1156 aut

1095 1156 1269 1195 multetur,
1286 1165 1340 1188 aut
1357 1159 1386 1189 in
1406 1159 1569 1193 lautumias
1583 1184 1592 1199 ,
1609 1163 1659 1194 vel
1678 1162 1707 1194 in
1726 1164 1852 1195 vincula
1870 1165 1972 1205 publi-

1095 1207 1131 1229 ca
1153 1200 1287 1229 ducatur
1308 1199 1326 1229 l.
1349 1208 1376 1231 1.
1401 1200 1429 1242 §.
1447 1201 1500 1232 uli.
1521 1201 1563 1233 D.
1579 1203 1607 1234 h.
1626 1209 1648 1235 t.
1672 1214 1806 1244 nempe,
1831 1206 1903 1246 quia
1923 1207 1970 1238 so·

1094 1240 1302 1286 lent-quidam
1319 1240 1348 1271 ἃ
1363 1251 1482 1282 cogere
1498 1243 1537 1274 ad
1557 1243 1653 1276 lusum
1671 1247 1723 1277 vel
1740 1247 1778 1277 ab
1795 1247 1907 1287 initi0,
1919 1249 1971 1281 vel

1093 1281 1190 1319 victi,
1209 1281 1282 1315 dum
1301 1283 1440 1314 retinent
1457 1284 1474 1316 l.
1486 1294 1514 1316 2.
1531 1284 1571 1316 D.
1588 1288 1647 1319 eod.
1672 1287 1846 1320 Lautumiae
1863 1297 1972 1322 autem

1093 1323 1308 1363 appellatione
1326 1332 1487 1356 carcerem
1506 1325 1690 1367 significari,
1707 1330 1784 1361 milii
1801 1332 1971 1370 probabile

1097 1363 1157 1409 est:
1178 1364 1256 1410 ‘quia
1279 1364 1369 1409 hujus
1394 1366 1585 1406 potestatem
1610 1369 1748 1401 habebat
1766 1371 1886 1403 Praetor
1900 1373 1970 1413 J'ure

1097 1414 1186 1450 mutu
1211 1408 1335 1446 imperii
1351 1406 1372 1438 l.
1388 1416 1417 1438 2.
1436 1408 1481 1440 D.
1497 1410 1530 1439 de
1546 1411 1576 1440 in
1585 1411 1638 1451 jus
1653 1414 1790 1444 vocando.
1812 1412 1891 1445 Nou
1917 1422 1971 1446 me

1096 1446 1198 1487 fugit,
1222 1456 1258 1478 ea
1281 1457 1363 1478 voce
1387 1449 1572 1489 lapidicinas
1593 1451 1758 1493 fignificari
1776 1456 1860 1495 apud
1877 1454 1970 1487 Plau-

1096 1496 1162 1535 tum
1183 1488 1315 1534 Captei‘a.
1332 1499 1361 1529 3.
1379 1500 1408 1530 5.
1424 1494 1475 1531 65.
1498 1491 1562 1523 Sed
1585 1492 1650 1524 hoc
1672 1496 1771 1526 modo
1789 1496 1842 1527 hic
1857 1496 1896 1527 ab
1914 1495 1971 1528 Ul-

1095 1539 1196 1576 piano·
1208 1538 1329 1570 aceipi,
1346 1540 1411 1577 non
1429 1532 1592 1566 suadeam:
1617 1544 1690 1566 cum
1709 1536 1861 1575 Praetori,
1877 1537 1971 1569 desti-

1095 1578 1167 1602 tuto
1187 1580 1255 1610 Jure
1279 1580 1357 1602 meri
1379 1574 1521 1618 imperii,
1545 1584 1611 1607 non
1626 1585 1793 1617 competat
1808 1578 1971 1611 damnatio

1094 1613 1133 1643 ad
1160 1611 1333 1644 metallum.
1359 1614 1469 1645 melius
1494 1616 1589 1656 igitur
1614 1617 1642 1648 ὅ(
1661 1620 1766 1651 verius
1782 1620 1970 1661 intelligitur

1094 1662 1222 1685 carcer:
1245 1652 1286 1685 fic
1301 1655 1478 1695 appellatus
1493 1657 1669 1698 Sy1·acusis;
1688 1659 1767 1691 teste
1783 1660 1922 1693 Asconio
1939 1663 1971 1693 in

1094 1695 1214 1727 Verrem
1233 1696 1281 1725 De
1290 1702 1409 1736 praelier.
1426 1699 1529 1729 urban.
1541 1706 1609 1741 pag.
1631 1710 1679 1741 72.
1695 1711 1800 1742 eoque
1816 1703 1970 1745 exemplo

1095 1735 1190 1768 etiam
1216 1736 1346 1776 Romae,
1371 1738 1400 1770 &
1424 1739 1515 1771 alibi:
1539 1749 1573 1771 ut
1600 1743 1682 1782 apud
1709 1741 1837 1776 Livium
1853 1744 1900 1776 lib.
1918 1748 1975 1777 26.⁴

1094 1788 1119 1809 c.
1142 1788 1195 1825 27ἱ
1209 1777 1246 1812 &³
1261 1779 1330 1826 iiii.
1348 1788 1376 1816 9.
1397 1780 1444 1812 D.
1464 1780 1554 1825 Quia.
1572 1792 1609 1815 ex
1632 1783 1712 1825 cauſs
1734 1786 1835 1825 major.
1859 1786 1889 1817 in
1906 1795 1970 1827 qua.

1094 1824 1218 1851 mentio
1242 1826 1399 1860 parietum
1426 1822 1644 1857 lautumiarum
1670 1826 1783 1864 quibus
1801 1835 1970 1860 teneantur

1094 1860 1213 1908 inclusi.
1247 1862 1309 1892 Sed
1330 1864 1368 1894 de
1385 1863 1542 1897 lautumiis
1559 1866 1648 1907 plura
1665 1866 1848 1899 Franciscus
1866 1868 1971 1901 Polle-

1095 1910 1144 1933 tus
1161 1903 1208 1933 lzb.
1224 1913 1252 1942 5.
1272 1902 1351 1942 Hzst.
1372 1903 1431 1936 For.
1454 1906 1534 1938 Rom.
1551 1917 1575 1939 c.
1598 1917 1643 1947 14.
1665 1908 1694 1940 ὅ(
1713 1918 1815 1951 nuper
1837 1910 1971 1950 Collega

1094 1953 1182 1976 meus
1198 1967 1208 1982 ,
1230 1944 1369 1983 Jacobus
1391 1946 1577 1980 Perizonius
1595 1973 1605 1989 ‚
1634 1948 1716 1982 Not.
1742 1952 1782 1984 ad
1807 1949 1970 1984 AElianum

1093 1986 1142 2017 lib.
1166 1995 1209 2017 12.
1227 1996 1250 2019 ε,
1269 1996 1319 2024 114·

1134 2026 1252 2071 Tertio
1270 2027 1374 2073 Edisti
1394 2030 1500 2070 capite
1517 2031 1712 2072 permittitur
1728 2041 1744 2063 a
1761 2033 1902 2066 Praetore
1920 2034 1969 2065 so-

1094 2068 1152 2115 luti
1169 2069 1332 2100 condictio
1350 2078 1508 2112 tamquam
1522 2073 1673 2104 indebiti:
1691 2075 1876 2115 improbato
1892 2076 1970 2106 alere

1096 2110 1211 2155 titulo..
1225 2111 1301 2141 olim
1321 2112 1453 2143 dabatur
1472 2113 1622 2154 repetitio
1640 2115 1669 2146 i’n
1690 2117 1918 2157 quadruplum:
1933 2121 1970 2149 ut

1096 2150 1250 2195 Asconius
1268 2152 1420 2186 Pedianus
1444 2154 1543 2186 refert
1566 2156 1597 2186 in
1623 2157 1766 2188 Divinat.
1786 2159 1818 2189 iii
1835 2157 1967 2190 Verrem.

1094 2193 1235 2231 scilicet,
1260 2195 1332 2233 quia
1357 2196 1433 2226 aleae
1455 2196 1553 2236 lusus,
1578 2196 1699 2229 Ovi-dio
1717 2198 1815 2237 teste,
1839 2199 1914 2231 Erat
1929 2200 1969 2231 ad

1093 2232 1202 2275 nostras
1218 2245 1275 2265 non
1291 2235 1351 2265 leve
1359 2238 1464 2268 crimen
1481 2248 1560 2269 avos.
1585 2238 1638 2270 scd
1655 2249 1694 2271 ex
1712 2240 1776 2271 hoc
1794 2240 1909 2273 Edicto
1923 2240 1969 2273 ΕΩ

1095 2283 1216 2307 tantum
1235 2276 1387 2315 repetitio
1405 2279 1435 2310 in
1453 2278 1606 2320 fimplum.
1651 2281 1873 2322 Superioribus
1891 2291 1970 2314 coii-

1094 2316 1227 2363 sequens
1240 2317 1303 2357 est3
1319 2328 1369 2356 ut,
1389 2319 1408 2351 si
1422 2321 1507 2351 visto
1524 2322 1615 2352 datur
1631 2322 1781 2363 repetitio
1799 2324 1864 2363 ejus
1880 2323 1969 2364 quod

1094 2357 1205 2398 solvit,
1229 2369 1289 2390 nec
1305 2361 1416 2392 vittori
1434 2363 1534 2393 danda
1551 2363 1586 2394 sit
1605 2363 1719 2403 petitio
1735 2364 1799 2404 ejus
1815 2367 1903 2404 quod
1923 2366 1969 2397 vi-

1094 2402 1157 2431 cit:
1173 2409 1266 2432 certo
1277 2424 1285 2439 ,
1302 2403 1388 2441 quod
1399 2404 1448 2433 cui
1466 2405 1575 2436 damus
1591 2406 1747 2436 att-ionem
1764 2406 1802 2436 ad
1818 2414 1979 2445 repetem,

1095 2443 1188 2479 dum,
1213 2443 1240 2473 ei
1261 2442 1281 2473 fi
1299 2446 1528 2484 conveniatur,
1554 2447 1655 2476 multo
1674 2446 1769 2486 magis
1787 2447 1895 2479 damus
1912 2457 1967 2478 cx·

1095 2486 1281 2524 ceptionem
1299 2484 1317 2515 l.
1338 2494 1361 2516 i.
1379 2485 1408 2526 ᾗ.
1429 2495 1453 2517 1.
1474 2486 1517 2517 D.
1540 2486 1675 2530 Quarum
1698 2497 1792 2518 reram
1816 2487 1890 2519 aaa>
1907 2498 1966 2520 non

1095 2527 1193 2557 datar.
1218 2524 1288 2557 fac:
1311 2527 1418 2565 (quod
1442 2528 1524 2566 apud
1552 2530 1683 2561 Veteres
1700 2538 1790 2568 aeque
1807 2528 1904 2561 fiebat
1918 2538 1965 2561 ata

1095 2576 1157 2605 que
1176 2567 1403 2611 hodie).ai.³qui
1419 2569 1554 2600 luserunt
1576 2580 1639 2601 non
1654 2569 1794 2610 apposita
1813 2572 1966 2611 pecunia,

1096 2608 1148 2640 sed
1171 2608 1319 2649 appositis
1343 2609 1472 2649 lupinis:
1495 2620 1531 2641 ea
1554 2611 1642 2652 lege,
1668 2621 1702 2642 tit
1719 2619 1799 2652 quot
1817 2612 1922 2654 lupina
1936 2622 1965 2644 a-

1095 2651 1278 2687 mittantur,
1301 2659 1360 2689 pro
1388 2651 1433 2681 eis
1460 2659 1509 2682 tot
1532 2654 1703 2684 reddantur
1729 2655 1873 2685 nummi:
1898 2663 1963 2695 quo

1094 2690 1183 2722 forte
1201 2691 1327 2731 respiCit
1346 2691 1422 2722 illud
1442 2692 1565 2724 Horatii
1582 2695 1629 2724 lib.
1650 2693 1898 2736 1.Epzst.7.vers.
1915 2704 1966 2736 23.

1158 2731 1224 2763 Nec
1241 2738 1336 2763 tamen
1352 2734 1465 2774 ignorat
1481 2736 1551 2775 quiri
1566 2733 1669 2776 distent
1685 2746 1740 2767 cera
1761 2737 1880 2778 lupinis.

1095 2772 1157 2804 Sed
1173 2774 1258 2805 clare
1274 2773 1342 2804 haec
1360 2782 1446 2806 vetat
1463 2775 1651 2814 justinianus
1668 2777 1686 2807 l.
1712 2787 1737 2809 1.
1762 2778 1794 2809 C.
1809 2778 1836 2809 h.
1850 2784 1873 2811 t.

1138 2814 1240 2846 Datur
1255 2815 1351 2855 igitur
1368 2815 1452 2847 visto
1469 2816 1559 2849 soluti
1576 2817 1754 2850 condictio:
1767 2829 1804 2851 ac
1820 2819 1842 2851 fi
1859 2819 1965 2851 servus

1094 2865 1148 2887 aut
1164 2855 1375 2888 filiusfamilias
1392 2858 1460 2889 alea
1477 2859 1595 2898 vitius,
1619 2859 1762 2891 solverit:
1781 2861 1842 2901 Jam
1860 2862 1963 2893 domi-

1096 2907 1139 2929 no
1155 2905 1208 2928 aut
1221 2899 1301 2936 patri
1320 2898 1445 2930 dabitur
1460 2901 1642 2939 condictio,
1667 2900 1750 2941 quafi
1767 2912 1823 2943 per
1839 2901 1962 2934 servum

1096 2940 1124 2970 ei
1141 2938 1265 2979 quaefira
1282 2938 1300 2970 l.
1320 2941 1374 2971 ult.
1397 2941 1438 2971 l).
1458 2941 1485 2972 b.
1506 2948 1527 2974 t.
1551 2942 1636 2973 simili
1653 2944 1797 2982 ratione,
1819 2943 1839 2974 ii
1858 2942 1962 2975 servus

1094 2988 1148 3012 aut
1171 2978 1388 3012 filiusfamilias
1416 2983 1513 3021 vicit,
1537 2984 1661 3015 dabitur
1678 2985 1709 3015 in
1730 2985 1892 3016 dominum
1909 2991 1964 3015 aut

1093 3029 1214 3062 patrem
1238 3021 1336 3060 attio,
1360 3032 1515 3062 quatenus
1540 3027 1571 3055 in
1590 3024 1748 3065 peculium
1765 3025 1870 3063 venit,
1894 3034 1962 3056 non

1093 3063 1234 3101 noxalis,
1258 3065 1330 3102 quia
1347 3064 1392 3096 est
1412 3075 1452 3096 ex
1468 3067 1601 3109 negotio
1616 3065 1724 3108 gesto,
1740 3075 1804 3097 non
1821 3074 1862 3096 ex
1881 3066 1959 3097 deli-

1091 3104 1143 3136 ἂο
1160 3105 1188 3135 ἀ.
1205 3105 1224 3134 l.
1244 3105 1295 3135 ult.

1131 3144 1231 3187 Quod
1255 3144 1275 3177 fi
1292 3155 1382 3187 pater
1404 3155 1457 3178 aut
1474 3155 1626 3186 patronus
1644 3146 1771 3179 vicerit:
1794 3146 1889 3179 etiam
1906 3148 1960 3179 ad-

1090 3189 1196 3220 versus
1220 3196 1278 3219 eos
1303 3188 1428 3221 dabitur
1451 3188 1532 3220 attio
1548 3212 1559 3228 ,
1582 3189 1632 3221 fed
1657 3189 1688 3220 in
1713 3187 1830 3221 fastum
1853 3190 1956 3221 utilis:

1891 3238 1959 3261 non
