2036 3495
146 134 217 176 338

151 216 274 250 causam
289 218 384 252 atque
399 206 552 246 originem
574 209 592 231 a
609 194 824 231 contractibus
842 193 1019 226 innomina-

562 113 918 149 Gaxannt
974 103 1240 139 Noonr

1297 101 1507 136 cortu.

1060 191 1092 224 di
1109 190 1225 231 gratia,
1240 191 1336 222 tutius
1355 196 1502 232 ageretur
1518 190 1705 231 praescriptis
1723 190 1847 230 verbis,
1860 192 1927 226 five

152 261 192 291 tis
206 257 238 288 in
255 254 367 296 quibus
380 250 447 289 jure
458 243 543 275 civili
561 250 627 273 non
637 245 704 271 erat
713 236 841 278 prodita
850 234 932 267 actio
950 243 1018 266 cer·
1060 235 1094 266 in
1107 231 1226 264 factum
1243 232 1367 264 actione
1386 232 1405 264 l.
1426 241 1451 264 1.
1470 242 1499 263 2.
1517 241 1546 273 3.
1563 242 1594 272 4.
1612 233 1641 263 b.
1659 240 1680 263 t.
1698 232 1877 272 exemplum
1893 234 1927 266 in

154 308 187 332 ta
203 298 234 329 &
250 293 426 328 nominata:
447 293 521 316 cum
541 282 619 314 ess'et
631 280 765 322 justum,
788 278 925 317 aliquam
940 275 1018 308 reci·

1062 275 1082 306 l.
1102 283 1130 306 ι.
1148 273 1178 315 §-
1198 282 1224 304 1.
1243 272 1279 308 ὃ)
1303 282 1332 305 2.
1357 273 1441 305 aliud
1466 273 1497 304 in
1521 274 1541 304 l.
1567 283 1593 305 1.
1611 272 1654 305 D.
1678 274 1711 304 de
1728 272 1929 314 aestimatoria:

153 340 198 381 pi.
220 337 273 369 sed
292 342 326 365 ut
343 331 396 368 fit,
419 325 528 368 postea
544 324 635 356 latius
652 320 799 362 porrecta
815 319 860 351 est
876 319 940 359 eJus
958 317 1016 349 uti-
1057 317 1136 348 item
1160 312 1244 345 aliud
1265 314 1297 346 in
1315 314 1336 346 l.
1367 324 1413 346 12.
1439 312 1483 344 D.
1500 314 1530 347 h.
1548 320 1571 348 t.
1596 314 1636 346 ad
1650 323 1744 356 quam
1762 315 1843 347 adde
1856 314 1894 347 fis
1908 324 1926 348 a

264 371 386 417 prorsus
401 391 411 408 ,
444 374 479 398 ut
500 365 564 398 five
587 365 672 396 nulla
691 387 701 403 ,
723 361 786 394 five
808 360 914 400 aliqua
944 357 1022 390 esset

154 382 241 414 mas'
344 412 384 444 de
399 418 435 441 ea
451 408 666 446 dubitaretur;
688 402 755 444 ejus
773 401 887 435 incerti
902 399 1022 433 evitan-⁴

149 421 234 453 actio
242 441 253 458 ,
274 415 327 447 sed

1069 365 1122 389 me
1139 354 1252 396 scripta
1268 356 1297 387 d.
1315 355 1363 388 lib.
1375 354 1455 397 fing.
1471 365 1498 387 c.
1513 365 1565 389 x1.

156 588 816 674 DIGESTORUM
898 585 1075 654 SEU
1157 577 1931 652 PANDECTARUM
2010 542 2020 633 l

557 728 1535 814 PARSQUARTA

485 856 849 914 LIBER
921 847 1613 907 VIGESIMUS.

831 973 1186 1009 Τιτυῑυε
1245 969 1272 1004 Ι.

537 1037 588 1073 De
600 1034 782 1083 pignoribus
797 1030 837 1072 ἐξ
854 1030 1042 1077 hypothecis:
1064 1025 1106 1067 ἐξ
1123 1027 1256 1073 qualiter
1273 1034 1309 1059 ea
1328 1022 1572 1058 contrahantur:

710 1082 747 1118 ἃ
765 1081 940 1128 sequentes
961 1077 1121 1123 deinceps
1143 1074 1253 1110 Tituli
1268 1084 1396 1107 omnes.

346 1225 426 1257 tavit
441 1224 587 1256 ordinem
598 1221 702 1254 Edicti
713 1219 876 1261 perpetui:
899 1216 1035 1248 formula

292 1284 332 1330 ἦ
347 1265 575 1308 hypothecaria
599 1273 640 1295 ex
661 1262 771 1294 ultima
797 1263 861 1300 ejus
888 1265 977 1297 parte
1002 1256 1035 1288 in

162 1288 203 1381 ξ
347 1317 407 1349 qua
424 1315 509 1344 erat,
526 1305 611 1337 hunc
627 1306 658 1336 in
674 1304 784 1335 locum
802 1299 953 1333 transsata.
969 1307 1036 1329 mu-

205 1331 332 1380 fflsssff
351 1348 479 1382 tationis
499 1346 588 1379 causa
603 1353 670 1377 erat
685 1345 823 1385 duplex:
855 1350 914 1372 una
930 1363 939 1378 ‚
964 1349 1005 1371 ne
1021 1348 1039 1369 a

165 1395 280 1428 Titulo
289 1394 340 1426 De
354 1388 555 1432 pignoratitia
573 1388 698 1419 actione
707 1393 800 1425 quarn
814 1383 878 1415 visa
886 1381 931 1413 est
941 1389 1033 1412 aernu-

163 1438 241 1476 lari,
263 1435 389 1477 longius
413 1430 622 1470 divagaretur.
655 1428 753 1458 altera
777 1433 862 1463 erat,
884 1423 969 1463 quod
992 1419 1035 1463 pi·

192 1478 307 1511 nora&
319 1472 512 1517 hypothecae
531 1468 771 1510 quodammodo
786 1466 855 1498 sunt
871 1473 929 1505 pro
946 1463 1036 1495 mini‘

166 1489 233 1553 fiiis
266 1514 507 1551 venditionum,
537 1517 793 1548 caeterorumque
817 1504 1036 1538 contrastuum

166 1562 208 1593 de
224 1559 338 1600 quibus
352 1553 495 1596 egimus,
509 1553 620 1593 eisque
637 1550 689 1582 vel
705 1549 779 1581 ideo
790 1557 857 1580 non
871 1547 955 1579 male
969 1545 1037 1578 sub-

163 1602 349 1645 jicerentur.
387 1597 562 1635 Utramque
591 1593 749 1624 rationem
766 1613 777 1630 ,
806 1599 847 1621 ne
871 1585 1037 1630 quaestioni

168 1642 264 1681 esset,
287 1640 350 1682 ipse
366 1635 468 1671 refert
483 1635 660 1677 Imperator
677 1634 708 1664 in
728 1633 878 1664 homnem.
898 1630 928 1672 §.
944 1639 973 1669 4.
991 1628 1038 1660 De

162 1187 244 1283 ἐξ
252 1183 396 1234 &Quia
407 1191 426 1214 E
435 1190 456 1214 a
465 1191 485 1214 A
496 1191 519 1214 ¹r
530 1191 550 1213 o
560 1190 582 1213 R
595 1178 785 1221 justinianus
794 1177 858 1209 hoc
876 1175 958 1207 libro
966 1183 1034 1206 rnu-

239 1260 254 1291 1

168 1689 343 1725 conceptione
359 1676 555 1722 Digestorum.
570 1675 702 1707 Utinam
717 1673 960 1713 Edictiquoque
976 1669 1040 1702 for-

168 1733 251 1759 mam
275 1723 393 1755 alicubi
414 1716 685 1751 subministrasset!
708 1715 762 1747 sed
784 1714 865 1746 hanc
884 1711 1039 1755 neglexit.

168 1767 280 1804 licebit
302 1764 397 1806 igitur
420 1761 519 1800 mihi‚
544 1769 586 1792 ex
607 1757 747 1798 reliquiis
773 1765 851 1797 quas
872 1754 982 1787 inveni
1009 1754 1042 1784 in

169 1807 336 1841 Pandectis
354 1805 385 1837 δι
402 1801 546 1840 Codice,
570 1800 635 1841 ejus
652 1799 716 1830 duo
735 1798 841 1838 capita
863 1794 1042 1827 conficere:

169 1850 256 1891 prius
273 1849 337 1879 hoc
355 1846 474 1878 modo:
499 1843 572 1885 Quae
587 1841 763 1882 infandum
776 1836 947 1870 condustum
966 1846 984 1867 a
1000 1845 1044 1866 co-

172 1892 235 1924 lono
261 1889 347 1921 illata
363 1911 373 1926 ‚
401 1884 522 1919 inducta
539 1908 548 1923 ,
572 1881 707 1920 ἰηυεὲἶα,
739 1880 845 1911 locator
862 1877 1046 1910 conventione

171 1933 234 1975 ejus
251 1932 335 1973 cujus
352 1931 382 1960 in
400 1929 477 1958 bonis
487 1925 568 1965 fini,
580 1931 633 1965 pro
650 1922 775 1954 mercede
776 1920 833 1959 fibi
850 1920 975 1961 obligata
990 1917 1041 1958 effe

172 1976 263 2011 dicet,
287 1973 319 2003 de
335 1971 377 2002 bis
394 1969 439 2000 illi
446 1991 455 2006 ‚
478 1966 535 2002 mfi
559 1966 678 1997 arbitrio
696 1964 811 2004 Judicis
830 1959 1041 2002 restituantur,

173 2015 312 2053 adversus
321 2022 385 2042 eum
402 2007 616 2051 qztipoffldebit.
634 2006 739 2048 quanti
757 2013 800 2034 res
815 2005 885 2040 erit,
896 2002 1042 2043 judicium

174 2058 255 2089 dabo.
287 2054 430 2086 Alterum
455 2051 494 2081 sic
520 2047 687 2089 confingo:
721 2046 808 2090 Quod
832 2045 897 2086 quis
915 2042 971 2081 sibi
994 2049 1042 2083 pro

170 2097 296 2139 pecunia
314 2095 409 2127 debita
421 2092 537 2132 pignori
553 2090 746 2131 hypothecaeve
765 2087 921 2127 obligatum
936 2083 986 2124 effe
1001 2083 1045 2114 di-

175 2145 217 2173 cet
228 2162 237 2176 ,
260 2137 335 2179 quod
351 2137 383 2166 de
405 2143 434 2164 eo
450 2133 582 2163 convenii
598 2141 663 2162 cum
680 2139 708 2160 eo
724 2129 806 2169 cujus
823 2126 854 2158 in‘
869 2127 947 2157 honis
964 2129 1047 2163 erat,

176 2179 232 2219 nisi
255 2178 372 2210 arbitrio
397 2174 516 2216 Judicis
539 2174 563 2203 ei
589 2170 761 2212 restituatur
779 2192 788 2207 ‚
818 2169 956 2206 adversus
977 2175 1042 2197 eum

177 2223 227 2263 qui
241 2230 303 2251 eam
325 2216 488 2259 poffidebit‚
511 2215 615 2256 quanti
638 2222 670 2243 ea
685 2221 727 2242 res
741 2213 814 2249 erit,
834 2209 979 2251 judicium
994 2208 1043 2238 da-

179 2265 220 2294 bo.
244 2262 277 2293 Si
284 2261 384 2300 soluta
402 2258 456 2288 erit
479 2258 621 2294 pecunia,
643 2259 697 2284 aut
715 2260 767 2293 pro
793 2247 1042 2291 rasatisfastum,

176 2310 261 2344 perve
278 2303 442 2333 creditorem
455 2296 557 2339 stetit,
572 2305 626 2337 quo
635 2296 730 2325 minus
745 2294 774 2323 z'd
784 2291 886 2332 fieret,
898 2290 1044 2332 jzcdicium

181 2354 238 2375 non
253 2345 329 2375 dabo.
356 2341 431 2374 Hoc
454 2338 599 2370 Edictum
621 2335 684 2367 fuit
709 2342 861 2374 perquam
880 2330 1043 2363 necessari-

179 2394 248 2416 um:
263 2384 414 2425 liquidem
431 2391 471 2412 ex
481 2378 664 2421 hypotheca
674 2376 760 2408 nudo
770 2374 863 2415 paeto
880 2372 962 2404 faeta
977 2371 1043 2403 nul-

181 2426 211 2462 la
233 2434 296 2457 erat
312 2427 379 2465 Jure
399 2422 483 2454 civili
506 2420 599 2451 attio.
632 2418 768 2459 pignore
790 2422 896 2447 autem
927 2413 1047 2444 tradito

180 2466 246 2507 jure
256 2468 394 2506 gentium
404 2463 603 2502 simpliciter,
619 2458 884 2499 quemadmodum
895 2464 958 2487 non
980 2460 1048 2485 erat

181 2506 295 2542 fiducia
312 2507 382 2546 jure
398 2505 503 2541 civili,
527 2510 562 2533 ut
580 2501 716 2533 indicavi
741 2499 789 2530 lib.
808 2497 981 2536 musali.
997 2496 1045 2525 tic.

185 2549 237 2584 De
251 2549 435 2588 pignoratitia
450 2545 578 2581 afflone,
602 2542 644 2573 ita
669 2550 729 2572 nec
751 2548 817 2571 erat
834 2539 865 2570 in
882 2547 949 2569 rem
965 2536 1047 2567 aetio

185 2597 247 2628 qua
262 2589 399 2619 creditor
414 2586 517 2618 amissa
532 2583 719 2625 poffeffione
735 2579 882 2614 adversus
899 2576 1048 2619 possesso-

185 2639 253 2667 rem
277 2629 489 2667 experiretur:
514 2637 554 2658 eo
577 2626 665 2666 quod
689 2632 753 2655 non
777 2629 904 2661 poterat
922 2629 989 2651 rem
1004 2617 1049 2649 su-

188 2680 239 2708 am
253 2671 379 2706 dicere,
401 2667 539 2707 quamvis
557 2664 681 2708 pignori
699 2664 854 2696 traditam.
872 2661 975 2693 multo
992 2659 1049 2690 mi-

189 2721 248 2744 nus
271 2716 399 2751 poterat
420 2709 450 2738 id
474 2708 597 2747 dicere,
620 2707 754 2748 pignore
781 2705 862 2736 nuda
880 2699 1050 2733 conventi-

190 2762 254 2785 one
268 2752 419 2791 obligato.
444 2748 539 2787 Igitur
555 2758 589 2780 ut
613 2749 641 2780 ei
665 2746 859 2784 dominium,
883 2753 923 2775 ex
945 2750 1052 2782 eoque

190 2795 222 2826 in
245 2802 311 2826 rem
336 2791 417 2822 actio
442 2797 639 2827 competeret
666 2787 814 2820 adversus
830 2783 1051 2827 possessorem3

190 2834 316 2868 neceffe
332 2838 418 2870 erat,
441 2830 547 2873 (quod
566 2839 605 2860 ex
622 2830 740 2862 Isidoro
764 2829 811 2860 lib.
838 2838 867 2867 5.
885 2826 1009 2866 Origin.
1027 2833 1052 2854 c.

189 2888 239 2919 25.
258 2872 462 2914 intelligitur)
486 2880 522 2916 ffl.
538 2869 705 2902 dominium
722 2870 804 2911 apud
831 2869 1007 2901 Praetorem
1021 2865 1055 2896 in

190 2919 263 2959 jure
283 2915 373 2953 cedi3
391 2913 441 2944 vel
457 2921 496 2943 ex
512 2919 581 2952 Jure
598 2909 769 2950 Quiritium
787 2907 959 2948 mancipari
978 2915 1055 2938 con·

190 2959 286 2992 tracta
294 2956 425 2989 fiducia:
442 2953 505 2984 hoc
515 2950 560 2982 est
570 2973 580 2989 ,
590 2959 626 2981 ea
637 2950 703 2989 lege
712 2974 721 2988 ,
732 2960 767 2983 ut
777 2951 804 2983 ei
815 2951 916 2982 soluto
926 2948 1053 2985 debito,

194 3001 246 3032 vel
265 3008 322 3040 pro
337 3007 378 3028 eo
386 2991 846 3034 satisfacto,remanciparetun
864 2991 941 3022 Erat
957 2998 1055 3031 porro

192 3040 375 3073 hominibus
384 3034 624 3072 incommodum
634 3054 644 3071 ,
653 3032 684 3062 in
697 3033 945 3072 quibuscumque
963 3030 1056 3062 rebus

194 3080 427 3117 immobilibus,
451 3074 640 3111 mobilibus,
667 3071 772 3112 magui
796 3082 849 3103 aut
873 3072 961 3111 parvi
988 3081 1055 3102 mo.

194 3122 310 3161 menti,
331 3119 475 3156 inUrbe,
498 3114 579 3153 ruri,
608 3114 638 3145 in
663 3112 770 3149 Italia,
800 3112 830 3142 in
857 3112 1052 3150 Provinciis,

195 3172 306 3203 omnes
320 3160 472 3193 adhibere
490 3156 703 3189 solemnitates
729 3153 853 3197 quas-in
874 3153 1053 3190 mancipati.

194 3214 278 3243 one,
299 3210 352 3235 aut
365 3201 502 3236 ceffione
517 3199 549 3231 in
567 3198 639 3239 jure
661 3195 852 3228 intervenire
870 3193 1052 3232 oportebat.

1077 1171 1172 1205 mitto
1198 1169 1294 1201 verba
1310 1192 1320 1208 ,
1350 1166 1414 1208 ipsa
1437 1165 1588 1199 solemnia
1605 1188 1614 1202 ,
1649 1164 1678 1195 dc
1711 1169 1834 1195 tantum
1857 1162 1940 1194 inter

1075 1211 1246 1254 praesentes
1269 1207 1471 1251 pronunciari
1495 1207 1593 1238 solita.
1617 1213 1770 1246 praeterca
1794 1213 1858 1235 non
1874 1210 1942 1234 erat

1077 1255 1222 1294 semper,
1253 1261 1313 1283 nec
1335 1251 1472 1290 ubique,
1504 1250 1598 1288 copia
1621 1246 1762 1288 quinque
1788 1245 1912 1276 testium
1931 1267 1943 1283 ,

1081 1296 1200 1327 civium
1217 1293 1435 1325 Romanorum
1463 1290 1637 1331 puberum,
1660 1296 1775 1329 praeter
1797 1286 1949 1325 libripens¹

1083 1338 1178 1375 dem,
1201 1343 1236 1366 ut
1252 1333 1465 1374 manciparim
1487 1339 1540 1362 aut
1557 1331 1720 1367 Praetoris,
1742 1327 1944 1365 Praefidisve‚

1083 1385 1121 1409 ut
1137 1377 1243 1417 injure
1265 1375 1360 1406 ceffio
1384 1373 1488 1405 fieret.
1518 1373 1617 1409 adde,
1648 1370 1731 1410 quod
1751 1367 1943 1408 mancipatio

1078 1419 1244 1451 dumtaxat
1258 1417 1290 1448 in
1305 1417 1400 1447 rebus
1417 1414 1571 1454 mancipi,
1588 1412 1618 1444 ἀ
1632 1412 1716 1444 inter
1726 1411 1812 1442 cives
1829 1408 1944 1441 Roma-

1077 1469 1154 1498 nos,
1170 1458 1368 1497 Latinosque
1386 1455 1583 1491 colonarios,
1600 1455 1630 1485 ἃ
1645 1453 1778 1484 Latinos
1792 1450 1944 1491 Junianos

1078 1502 1258 1533 obtineret:
1276 1507 1343 1530 non
1359 1498 1454 1529 etiam
1472 1498 1503 1528 in
1528 1495 1624 1526 rebus
1640 1503 1701 1525 nec
1713 1493 1868 1533 mancipi,
1890 1501 1947 1523 ne-

1079 1552 1142 1583 que
1159 1543 1242 1573 inter
1258 1539 1467 1580 peregrinos3
1484 1536 1537 1568 nifi
1554 1535 1576 1567 si
1592 1534 1707 1575 quibus
1717 1533 1948 1566 commercium

1079 1586 1188 1616 datum
1214 1580 1310 1620 effet,
1334 1578 1462 1611 auctore
1479 1579 1509 1609 in
1534 1573 1731 1617 Fragmentis
1744 1575 1883 1614 Ulpiano
1897 1575 1945 1605 tit.

1083 1635 1130 1663 19.
1147 1624 1245 1666 Igitur
1260 1622 1291 1654 in
1306 1631 1340 1654 re
1356 1620 1475 1653 difficili
1495 1616 1668 1651 &molesta
1682 1615 1839 1648 utiliffime
1855 1616 1952 1646 intera

1080 1667 1172 1699 venit
1194 1665 1332 1698 Praetor:
1354 1661 1469 1693 Edicto
1495 1659 1658 1702 pollicitus
1675 1681 1685 1696 ,
1705 1657 1826 1689 servare
1851 1656 1953 1697 hypo·

1082 1709 1192 1742 thecas
1208 1706 1291 1739 nuda
1305 1704 1524 1736 conventione
1540 1700 1746 1738 constitutas,
1764 1699 1900 1740 primurn
1915 1699 1949 1729 in

1086 1747 1219 1783 invectis
1236 1770 1247 1787 ,
1277 1744 1411 1778 inductis
1423 1768 1432 1783 ,
1455 1744 1547 1776 illatis
1563 1742 1592 1774 in
1611 1742 1762 1783 praediurn
1779 1739 1949 1772 rusticum:

1087 1790 1205 1824 deinde
1220 1790 1252 1821 in
1268 1788 1362 1820 rebus
1379 1786 1525 1817 omnibus
1544 1784 1563 1826 §
1591 1794 1619 1824 7.
1640 1780 1712 1823 lust.
1727 1783 1759 1812 de
1776 1781 1910 1813 aerioma
1927 1779 1950 1812 l.

1091 1843 1138 1874 17.
1153 1831 1183 1874 §.
1201 1840 1231 1863 2.
1247 1829 1291 1862 D.
1306 1827 1423 1869 clepa&
1441 1828 1460 1859 l.
1477 1837 1505 1865 4.
1521 1826 1563 1857 D.
1580 1826 1607 1856 b.
1625 1831 1646 1856 t.
1663 1823 1762 1856 inodo
1779 1822 1878 1854 essent
1895 1821 1953 1852 ob-

1087 1874 1190 1915 ligatae
1216 1870 1439 1903 conventione
1464 1869 1529 1909 eius
1555 1867 1642 1907 cuius
1669 1866 1699 1896 in
1723 1865 1815 1896 bonis
1840 1862 1953 1895 essent.

1088 1925 1161 1948 nam
1184 1914 1246 1945 hoc
1270 1910 1458 1952 intelligitur
1481 1919 1521 1941 ex
1537 1909 1556 1940 l.
1575 1912 1603 1939 6.
1624 1907 1656 1937 C.
1675 1906 1708 1937 Si
1722 1905 1816 1937 aliena
1830 1914 1874 1935 res
1885 1906 1953 1945 pig-

1083 1957 1158 1989 nori.
1191 1955 1269 1987 Inde
1287 1953 1365 1985 ficut
1383 1951 1500 1983 fiducia
1516 1948 1677 1981 contraCla
1694 1947 1745 1978 vel
1763 1946 1900 1978 cessione
1916 1945 1951 1976 in

1080 1999 1171 2040 jure,
1194 1996 1247 2027 vel
1271 1993 1506 2033 mancipatione
1527 1990 1632 2028 faeta,
1659 1995 1787 2030 poterat
1812 1986 1954 2018 creditor

1085 2040 1198 2082 pignus
1216 2037 1297 2078 quasi
1315 2035 1461 2067 dominus
1477 2034 1545 2073 jin-e
1561 2030 1643 2062 civili
1660 2030 1818 2061 vindicare
1835 2037 1851 2058 a
1876 2035 1953 2066 quo-

1088 2088 1227 2120 cumque
1250 2076 1438 2119 posseffore:
1461 2075 1504 2106 ita
1526 2073 1547 2105 fi
1572 2082 1621 2104 res
1648 2070 1724 2102 effer
1747 2070 1833 2101 nudo
1856 2068 1952 2108 passo

1090 2122 1253 2162 obligata,
1276 2128 1337 2150 non
1352 2116 1528 2155 accipiebat
1544 2114 1672 2154 quidem
1692 2112 1832 2143 creditor
1849 2109 1954 2140 domi-

1087 2164 1174 2197 nium
1193 2162 1259 2201 iure
1282 2158 1388 2191 civili:
1413 2158 1465 2188 scd
1481 2156 1668 2188 auctoritate
1684 2152 1787 2183 Edisti
1805 2151 1852 2191 Jus
1869 2152 1900 2182 in
1918 2158 1954 2182 re

1084 2206 1104 2238 1.
1119 2214 1166 2241 19.
1178 2203 1220 2234 D.
1232 2203 1265 2233 de
1280 2202 1378 2232 damn.
1395 2197 1495 2236 infec'b.
1516 2205 1612 2236 atque
1628 2204 1668 2226 eo
1684 2193 1870 2225 facultatem
1886 2199 1955 2222 rem

1084 2247 1140 2279 fibi
1157 2243 1329 2284 obligatam
1345 2242 1471 2272 actione
1488 2237 1636 2270 Serviana
1649 2236 1699 2267 vel
1712 2233 1795 2275 quasi
1805 2234 1956 2265 Serviana

1086 2297 1103 2319 a
1122 2293 1323 2327 quocumque
1340 2281 1511 2323 possessore
1529 2278 1712 2319 repetendi,
1736 2275 1885 2317 quamdiu
1904 2274 1953 2304 so-

1087 2330 1189 2361 lutum
1208 2335 1271 2357 non
1290 2323 1366 2355 ess'et
1384 2323 1526 2354 debitum
1540 2344 1549 2360 ,
1570 2327 1622 2351 aut
1643 2328 1701 2359 pro
1725 2327 1765 2349 eo
1789 2325 1851 2348 non
1876 2313 1954 2346 esset

1089 2367 1281 2402 satisfafium
1292 2389 1302 2405 ,
1318 2374 1417 2406 perve
1434 2362 1624 2395 creditorem
1638 2369 1702 2391 non
1718 2356 1863 2394 stetisset,
1887 2363 1953 2396 quo

1090 2411 1193 2444 minus
1214 2409 1245 2439 id
1262 2406 1363 2438 fieret.
1390 2414 1462 2437 nam
1481 2404 1531 2435 vel
1549 2403 1612 2434 hoc
1627 2399 1716 2432 fuisse
1734 2397 1848 2431 Edicto
1867 2405 1957 2427 com-

1089 2449 1280 2494 prehensum
1296 2472 1306 2487 ,
1329 2448 1427 2479 claret
1449 2455 1490 2477 ex
1504 2446 1524 2476 l.
1546 2453 1590 2480 19.
1608 2443 1641 2473 C.
1667 2443 1699 2472 cle
1717 2439 1822 2481 usuris.
1844 2437 1955 2470 Habes

1092 2492 1195 2526 Editti
1211 2489 1332 2522 causam
1345 2512 1354 2524 ,
1372 2496 1468 2528 atque
1485 2486 1657 2526 originem:
1680 2491 1720 2514 ex
1745 2488 1834 2520 parte
1860 2480 1959 2510 etiam

1090 2535 1315 2577 probationem
1333 2529 1463 2566 formae,
1485 2536 1547 2567 qua
1565 2525 1689 2556 tandem
1705 2526 1759 2563 (ut
1776 2522 1805 2552 in
1823 2521 1841 2551 l.
1862 2529 1907 2558 14.
1925 2519 1958 2561 ς.

1094 2586 1122 2608 1.
1151 2574 1194 2607 D.
1217 2575 1250 2605 de
1266 2580 1370 2614 pecun.
1394 2567 1504 2609 constit.
1532 2567 1574 2597 ait
1591 2564 1762 2603 Ulpianus)
1787 2562 1958 2602 pignorum

1092 2617 1210 2649 utilitas
1245 2612 1411 2654 irrepserit.
1448 2608 1568 2648 reliqua
1596 2606 1683 2638 dabit
1710 2603 1932 2643 interpretatio
1947 2623 1960 2640 ,

1092 2657 1178 2690 suam
1199 2655 1238 2686 ab
1256 2655 1303 2686 his
1322 2653 1425 2684 lucem
1443 2657 1613 2689 acceptura
1631 2645 1736 2678 multis
1752 2645 1782 2676 in
1803 2644 1895 2676 locis.

1133 2697 1230 2730 Initio
1246 2696 1288 2726 ait
1304 2694 1438 2726 Praetor:
1454 2691 1541 2734 Quod
1557 2689 1621 2730 quis
1629 2686 1687 2727 fibi
1696 2694 1748 2727 pro
1770 2685 1894 2725 pecunia
1911 2684 1959 2714 de-

1095 2741 1155 2772 bita
1169 2738 1286 2779 pignori
1300 2734 1492 2777 hypothecaeve
1508 2731 1664 2770 obligatum
1679 2728 1730 2768 effe
1746 2729 1828 2758 dicet.
1859 2723 1959 2764 Gaius

1095 2782 1116 2813 l.
1127 2785 1195 2822 238.
1207 2779 1236 2820 §.
1246 2787 1274 2809 2.
1287 2776 1330 2808 D.
1344 2777 1376 2806 de
1385 2776 1461 2805 verb.
1473 2771 1577 2813 fignif.
1592 2771 1720 2811 pignus,
1735 2766 1857 2808 inquit,
1873 2775 1889 2796 a
1907 2774 1963 2806 pu-

1097 2819 1359 2864 gno‘appellatum
1371 2815 1456 2856 :quia
1467 2824 1517 2845 res
1527 2822 1596 2853 quae
1608 2811 1728 2852 pignori
1739 2810 1963 2846 dantur,manu

1099 2864 1275 2895 traduntur.
1298 2858 1403 2896 addit,
1427 2856 1499 2887 inde
1515 2855 1609 2886 etiarn
1627 2852 1725 2883 videri
1747 2849 1851 2891 posse,
1875 2846 1962 2888 quod

1098 2905 1226 2943 quidam
1240 2907 1370 2941 putant,
1393 2899 1509 2938 pignus
1531 2894 1662 2936 proprie
1687 2893 1729 2924 rei
1740 2890 1862 2923 mobilis
1883 2898 1962 2919 con·

1098 2945 1193 2978 stitui.
1217 2942 1351 2974 inventa
1361 2948 1465 2971 tamen
1477 2937 1571 2969 etiam
1587 2933 1811 2967 reiimmobilis
1828 2931 1881 2962 suo
1898 2938 1965 2961 mo·

1099 2989 1142 3019 do
1157 2984 1347 3020 traditione,
1369 2990 1430 3012 non
1447 2980 1549 3011 rninus
1567 2977 1599 3008 in
1616 2985 1651 3006 ea
1666 2974 1808 3016 pignoris
1830 2970 1965 3010 appella-

1100 3029 1146 3060 tio
1162 3023 1295 3058 invaluit
1312 3023 1341 3064 §.
1356 3031 1385 3062 7.
1403 3018 1475 3062 Inss.
1499 3021 1532 3051 de
1547 3017 1603 3050 ιιὲἶ.
1622 3015 1820 3057 Hypotheca
1837 3011 1961 3042 Graecae

1099 3067 1229 3109 originis
1248 3064 1312 3102 est,
1335 3063 1416 3094 dicta
1433 3060 1514 3103 quali
1532 3057 1700 3100 supposita:
1716 3065 1749 3087 re
1764 3055 1850 3086 nudo
1867 3052 1960 3090 pacto

1098 3110 1237 3150 obligata
1253 3106 1304 3138 vel
1327 3105 1389 3136 fine
1411 3103 1590 3135 traditione.
1613 3098 1811 3130 observatum
1831 3093 1893 3124 hoc
1908 3101 1962 3122 au-

1097 3152 1184 3184 {tore
1200 3147 1340 3189 Ulpiano
1356 3146 1374 3176 l.
1386 3154 1415 3182 9.
1432 3144 1460 3186 ξ).
1473 3154 1501 3175 2.
1521 3143 1568 3174 D.
1587 3142 1619 3172 de
1631 3141 1775 3180 pignerat.
1791 3133 1848 3166 ae.
1872 3133 1963 3174 supra

1097 3194 1126 3227 in
1139 3190 1262 3225 actione
1271 3186 1482 3231 pigueratitia.
1498 3190 1652 3225 quantum
1661 3186 1738 3213 vero
1747 3177 1785 3209 ad
1801 3176 1961 3248 attilanem

1882 3224 1958 3257 YPO·
