2036 3495
188 94 255 130 142
624 82 657 118 G
689 93 709 118 E
744 92 767 117 R
799 90 819 114 A
852 88 874 114 it
907 88 930 113 D
967 88 980 112 1

188 181 285 206 etatem
302 175 353 215 qui
366 170 458 214 justas
474 173 573 207 caulas
588 168 766 209 hcthzct'fferit,
789 177 877 208 quare
893 169 965 198 bona
981 167 1019 197 ad
1033 168 1063 203 le

184 218 330 257 pertinere
346 211 547 254 existimaffent
558 235 566 247 ,
581 220 670 251 usque
686 219 715 239 eo
732 211 899 247 duntaxat,
914 218 969 249 quo
985 208 1061 238 locu·

185 258 318 298 pletiores
344 264 380 285 ex
397 264 430 284 ea
446 262 475 283 re
483 251 565 291 fatti·
580 251 676 291 effent.
694 249 715 289 †
741 250 868 281 Petitczm
883 257 980 280 mitem
990 248 1060 288 fisco

191 298 374 328 hereditatem
388 304 424 325 ex
440 302 468 323 eo
480 299 601 333 tempore
616 289 841 332 existimandum
849 289 918 331 effe,
934 300 988 332 qtto
1003 291 1061 330 pri-

188 336 369 375 mumscz'erit
384 336 504 375 quisque
514 343 601 364 eamn
613 334 641 371 se
652 334 731 373 peti,
747 333 777 363 id
792 330 849 373 eft,
865 333 1062 372 cumprimum

190 378 396 409 denunciatum
421 375 483 416 effet
505 377 551 412 ei,
572 381 625 405 aitt
642 374 732 405 literis
756 376 802 405 vei
820 372 908 404 editio
929 378 1064 404 evocatus

187 418 270 459 effet,
294 416 473 458 censuerunt.
513 415 564 447 Ne
581 417 716 454 mirere,
741 417 771 446 in
789 415 898 447 limine
916 414 1063 446 Senatus-

189 458 326 490 consulti
353 467 523 490 occurrere
548 465 686 496 quatuor
710 456 883 494 Consules,
906 456 971 487 duo
996 455 1066 486 sunt

189 500 361 538 ordinarii,
378 501 442 530 duo
459 498 590 530 suffecti.
616 499 659 530 illi
676 498 874 529 consulatum
891 496 991 529 iniere
1007 495 1066 527 Ka-

189 542 291 574 lendis
314 541 483 581 Jatiuariis,
509 540 538 571 lii
564 540 700 571 deinde:
724 549 813 571 more
835 539 961 570 illorum
986 545 1063 569 tern-

186 592 319 624 porum‚
343 591 438 623 quein
463 583 580 614 dudum
605 581 731 612 notavit
758 580 816 612 Vir
840 579 1062 617 Doctiffimus‚

188 625 329 656 Andreas
355 624 496 656 Alciatus
523 624 568 653 lib.
585 633 614 663 5.
633 623 755 663 Parerg.
775 632 798 652 c.
821 630 866 654 10.
902 620 1063 660 Exemplo

187 662 313 706 Ulpiani
329 666 464 705 aptanda
481 665 573 695 nobis
590 673 675 695 nunc
691 663 736 695 est
753 663 876 704 singuiis
893 662 999 693 verbis
1008 661 1062 700 Se-

184 706 415 740 natusconsulti
440 715 619 746 congruens
642 704 876 745 interpretatio.
920 702 1064 735 Tantum

185 751 378 790 praemittam
398 757 439 779 ex
455 746 558 787 primo
577 745 685 784 versu,
710 745 830 777 causam
851 745 1063 776 Senatuscon-

185 791 268 822 sulto
285 789 403 821 veniffe
414 789 453 829 ab
466 789 530 819 hoc
541 788 664 828 speciali
683 787 778 819 facto.
802 786 969 818 Defuncto
982 795 1060 826 quo-

188 833 261 864 dam
272 830 401 862 Rustico
413 854 422 868 ‚
441 830 491 870 (id
510 838 576 861 erat
593 829 865 869 homininomen)
886 828 980 869 aliqui
998 826 1062 858 exi-

186 873 368 911 stimantes,
392 871 422 902 se
440 870 502 902 effe
520 871 586 911 ejus
602 872 757 908 hei-edes,
783 870 994 902 hereditatem
1018 868 1063 899 di-

185 915 369 947 straxerunt.
388 913 504 944 deinde
514 913 698 944 nunciatum
708 911 783 943 fisco
793 912 837 943 est
847 934 856 950 ,
866 911 984 951 aliquas
995 919 1061 954 pa-r-

187 965 234 988 tes
244 966 283 987 ex
294 955 388 987 bonis
399 953 517 986 Rustici
529 953 590 985 esse
601 955 747 985 caducas.
771 953 859 985 hisce
877 952 985 992 petitis
997 950 1061 982 filei

186 998 316 1029 nomine
327 995 408 1034 ,fuit
419 996 579 1037 quaefitum
590 1019 599 1035 ‚
616 996 691 1036 quid
702 996 732 1026 in
745 994 907 1035 praesentia
921 992 1000 1025 fisco
1015 1002 1061 1023 re-

186 1038 292 1078 stitui,
309 1039 338 1069 ὅ(
354 1038 384 1069 in
402 1038 552 1070 similibus
570 1038 721 1078 deinceps
733 1036 867 1074 servari,
883 1041 1059 1074 oporteret.

228 1080 280 1112 De
300 1089 336 1111 ea
353 1080 448 1120 igitur
465 1088 498 1112 re
515 1079 556 1110 lic
571 1078 692 1110 censuit
716 1078 866 1109 Senatus:
891 1077 962 1107 Cum
980 1081 1059 1106 ante-

188 1132 273 1164 quam
287 1127 385 1162 partes
401 1122 513 1152 caducoe
525 1130 561 1152 ex
576 1122 655 1151 honis
666 1118 782 1160 Rustici
794 1118 864 1159 fisco
875 1124 1059 1159 peterentur,

188 1165 219 1195 hi
233 1163 325 1205 quise
341 1163 453 1193 heredes
475 1161 526 1202 effe
548 1160 732 1202 existimant,
757 1161 937 1191 hereditatem
956 1157 1058 1198 distra-

188 1207 305 1243 xerint,
325 1205 438 1245 placere
461 1202 579 1235 redemite
602 1213 638 1234 ex
652 1204 741 1243 pretio
756 1212 850 1233 reritm
874 1202 1060 1232 venditarum

183 1248 310 1288 pecuniae
328 1250 431 1283 usuras
447 1255 504 1276 non
520 1244 570 1285 effe
585 1246 756 1285 exigendas,
774 1245 901 1284 idemque
915 1244 946 1272 in
960 1240 1060 1279 fimiti-

186 1290 238 1319 bzts
253 1286 345 1325 causis
361 1288 548 1326 servandum.
579 1286 734 1323 Senatus,
752 1294 784 1315 ut
801 1292 951 1325 apparet,
967 1283 1060 1314 initio

187 1329 250 1361 fuit
274 1329 400 1360 locutus
427 1329 467 1360 de
491 1328 617 1358 caducis
645 1327 782 1368 partibus
802 1325 987 1357 hereditatis
1006 1324 1060 1355 ho-

186 1371 280 1403 minis
297 1370 428 1410 privati:
453 1370 525 1409 quia
542 1368 582 1400 fic
597 1376 749 1400 evenerat
761 1391 770 1406 ,
794 1377 828 1399 ut
846 1366 920 1398 fisco
937 1375 977 1398 ex
995 1367 1060 1406 ejus

188 1413 281 1444 bonis
299 1414 428 1443 caducae
445 1418 632 1450 peterentur
649 1419 770 1450 partes:
788 1410 839 1440 sed
858 1407 1011 1449 Ulpianus
1029 1407 1060 1438 in

187 1454 216 1495 §.
232 1463 259 1493 7.
275 1455 304 1485 d.
322 1454 340 1484 l.
360 1463 409 1484 20.
428 1451 644 1483 animadverso
661 1461 702 1482 ex
719 1449 920 1490 sequentibus
938 1448 1059 1486 verbis,

186 1496 322 1536 Idemque
346 1496 377 1524 in
387 1493 532 1531 fimiiz'bus
555 1491 650 1527 caufis
664 1493 865 1532 servandum,
893 1489 1060 1522 occasione

185 1536 332 1576 specialis
358 1534 430 1566 facti
452 1533 648 1575 propositum
667 1533 729 1565 effe
744 1533 890 1571 Senatui,
913 1532 1060 1573 generale

182 1578 231 1618 jus
256 1576 384 1614 facere,
408 1575 531 1616 longius
557 1575 688 1615 porrigit
710 1574 843 1606 Senatus
866 1573 1061 1614 providenti-

186 1627 253 1650 am:
277 1628 348 1650 nam
364 1617 448 1649 idem
466 1625 572 1655 tenet,
596 1617 652 1648 etsi
670 1626 708 1648 ex
725 1615 785 1647 ass'e
802 1617 921 1648 caduca
937 1614 991 1646 fiat
1009 1615 1061 1645 he-

184 1659 320 1692 reditas:
345 1659 423 1691 item
438 1658 458 1690 fi
477 1659 617 1689 vacantia
642 1659 726 1689 bona
744 1656 818 1688 fisco
838 1657 1059 1693 vindicentur,

187 1701 239 1733 vel
257 1700 277 1733 fi
296 1711 336 1732 ex
348 1701 405 1732 alia
422 1709 622 1741 quacumque
638 1698 726 1730 causa
743 1699 827 1730 bona
842 1699 881 1729 ad
896 1707 968 1729 eum
989 1707 1060 1737 per-

186 1743 344 1774 venerint.
364 1741 439 1773 Hoc
451 1742 519 1782 plus
539 1741 582 1772 ait
592 1739 746 1781 Ulpianus
763 1740 781 1782 §
802 1745 829 1775 8.
846 1740 1062 1771 Senatuscon-

184 1783 320 1822 sulcum,
344 1783 399 1815 etsi
422 1784 462 1814 de
483 1782 559 1814 fisco
576 1783 744 1823 loquatur,
769 1791 859 1821 aeque
879 1781 986 1825 locum
1007 1780 1059 1810 ha-

184 1826 281 1862 bere,
306 1826 328 1857 fi
344 1825 467 1856 civitati
484 1832 621 1864 petatur.
664 1823 744 1855 ltem
761 1823 789 1864 §.
807 1833 835 1860 9-
855 1823 959 1860 addit,
982 1821 1059 1853 illud

184 1866 216 1899 in
233 1867 431 1907 privatorum
448 1874 579 1906 quoque
602 1864 811 1904 petitionibus
829 1864 959 1902 servari,
983 1863 1059 1894 licet

185 1908 224 1941 fit
241 1909 272 1940 in
295 1908 422 1949 publica
446 1907 535 1938 causa
552 1906 668 1939 factum
681 1930 691 1945 ,
715 1907 755 1938 de
770 1915 876 1946 eoque
899 1905 1060 1937 neminem

184 1950 367 1991 ambigere,
384 1949 480 1980 etiam
496 1957 628 1990 apparet
646 1958 684 1979 ex
701 1947 720 1978 i.
743 1956 767 1978 1.
791 1948 823 1978 C.
842 1948 870 1978 h.
889 1953 909 1977 t.
930 1946 1059 1986 Insuper

185 1991 294 2023 sci-ibit
311 1991 338 2033 §.
351 2000 396 2023 10.
421 1991 508 2030 quod
525 1999 588 2021 nori
600 1988 739 2021 solumin
751 1988 929 2020 hereditate
941 1989 1059 2019 utimur

185 2031 489 2071 Senatusconsulto,
515 2030 565 2062 sed
590 2030 618 2062 δι
645 2031 675 2061 in
700 2031 827 2070 peculio
843 2029 985 2061 castrensi
1005 2029 1057 2060 vel

186 2073 243 2105 alia
267 2073 478 2105 universitate.
521 2071 574 2104 Est
598 2072 626 2103 ὅ(
653 2073 704 2103 illa
729 2074 795 2111 ejus
812 2071 1058 2108 animadversio,

185 2116 337 2147 Senatum
353 2116 382 2146 in
403 2114 468 2145 hoc
486 2113 575 2145 vei-su
592 2114 720 2153 quidem
738 2113 825 2154 loqui
844 2115 883 2144 de
901 2114 946 2144 bis
957 2113 1010 2152 qui
1030 2112 1059 2142 se

184 2156 319 2188 hei-edes
336 2156 531 2188 existimant:
549 2155 600 2186 sed
618 2155 795 2186 convenire
812 2154 977 2195 postremae
995 2153 1060 2193 ejus

186 2198 348 2236 clausulae,
367 2198 396 2228 in
413 2198 522 2229 eadem
535 2196 597 2227 esse
615 2197 824 2233 conditione,
841 2196 861 2227 fi
874 2198 1063 2237 quiputent,

184 2238 216 2271 se
240 2239 302 2271 esse
327 2240 486 2270 bonorum
513 2237 718 2278 possessores,
746 2238 796 2269 vel
815 2237 866 2269 fibi
886 2236 1061 2269 restitutam

186 2280 249 2312 effe
269 2281 482 2314 hereditatem
501 2280 529 2321 ᾗ.
550 2288 596 2319 13.
612 2281 640 2310 d.
659 2280 677 2309 l.
688 2289 736 2311 20.
760 2278 835 2310 Non
854 2278 951 2321 magis
967 2280 1061 2310 omit-

186 2324 317 2354 tendum
337 2321 397 2352 fuit
413 2322 441 2363 §.
468 2331 513 2352 12.
537 2321 687 2352 Senatum
705 2320 757 2351 hic
775 2330 839 2352 non
855 2322 894 2352 de
912 2321 998 2351 omni
1017 2320 1061 2351 lo-

184 2365 238 2404 qui
258 2363 447 2404 poffeffore,
465 2363 560 2393 etiam
581 2362 668 2393 maiae
687 2361 778 2393 fidei:
795 2362 846 2393 sed
866 2364 905 2393 de
922 2362 989 2393 solo
1007 2361 1062 2393 bo-

184 2414 232 2436 nae
243 2405 315 2436 fidei
329 2403 511 2445 poss'essore.
528 2411 659 2444 eratque
671 2403 700 2434 id
718 2402 792 2434 utile
806 2404 969 2436 annotari:
986 2403 1060 2445 quia

186 2446 228 2478 fic
251 2447 408 2478 rationem
434 2445 550 2484 habet,
575 2445 663 2484 quod
680 2443 722 2475 ibi
739 2452 828 2476 vetat
844 2445 997 2484 Senatus,
1020 2445 1059 2476 ab

189 2497 230 2518 eo
247 2488 332 2528 exigi
349 2488 453 2520 usuras
471 2485 604 2518 redaCtae
622 2488 764 2525 pecuniae
782 2496 821 2517 ex
838 2487 942 2525 pretio
957 2496 1062 2518 rerum

186 2530 412 2560 venditarum:
436 2538 502 2560 non
526 2528 669 2569 patiente
694 2527 779 2558 bona
802 2527 885 2566 fide,
908 2537 980 2559 eum
1008 2529 1060 2568 qui

187 2579 253 2600 non
274 2569 308 2600 sit
324 2574 353 2601 in
380 2580 488 2609 mora,
512 2569 616 2601 usuras
643 2568 754 2600 officio
771 2568 889 2609 judicis
907 2569 1061 2610 praestare.

184 2610 376 2648 Retiattam,
401 2621 497 2651 porro
515 2611 682 2651 pecuniam
711 2609 867 2650 Ulpianus
883 2613 912 2652 §.
931 2620 977 2651 15.
995 2613 1021 2642 d.
1039 2611 1059 2642 l.

186 2662 204 2683 a
219 2651 336 2683 Senatu
348 2652 407 2683 dici
419 2651 543 2690 censet,
561 2661 624 2683 non
642 2652 740 2684 solum
750 2653 811 2691 jam
827 2652 987 2690 exactam,
1006 2662 1061 2683 ve-

184 2703 255 2726 rum
280 2693 309 2724 &
327 2692 347 2724 fi
370 2693 453 2733 exigi
473 2693 596 2732 potuit,
620 2703 680 2725 nec
696 2693 806 2725 exacta
823 2693 885 2725 est:
910 2693 1062 2725 videlicet

186 2735 260 2776 quia
275 2736 302 2765 ei
318 2742 389 2764 nata
406 2736 525 2765 venditi
542 2736 685 2773 afflone,
698 2735 759 2775 jain
780 2734 895 2766 licebat
911 2744 978 2766 eam
996 2735 1061 2766 exi—

186 2786 272 2818 gere.
297 2773 464 2815 Expositus
480 2776 524 2806 est
534 2777 652 2815 primus
661 2776 929 2808 Senatusconsuiti
947 2775 1061 2808 versus.

231 2817 380 2857 Sequitur
398 2815 568 2854 secundus,
591 2818 667 2857 quid
683 2827 723 2849 eo
739 2817 898 2850 Senatus?
913 2818 974 2856 ait,
989 2817 1063 2849 Item

186 2860 314 2901 placere,
338 2868 355 2889 a
375 2857 477 2899 quibus
495 2857 633 2889 hereditas
645 2861 738 2899 petita
754 2859 869 2900 sufflet,
879 2857 907 2897 fi
923 2859 1061 2900 adversus

187 2911 231 2932 eos
242 2900 410 2942 judicatum
427 2897 509 2937 effet,
520 2900 614 2937 pretia
630 2909 691 2939 quae
707 2901 744 2930 ad
759 2910 803 2931 eos
817 2910 910 2931 rerum
926 2910 962 2931 ex
984 2902 1061 2930 here-

188 2945 279 2974 ditate
294 2942 482 2972 venditarum
499 2941 709 2980 pervenissent,
732 2940 783 2978 etfi
806 2951 842 2972 eae
857 2948 924 2973 ante
939 2943 1061 2982 petitam

189 2985 371 3015 hereditatem
385 2980 551 3020 depertffent
567 2982 754 3011 derizz'nutaeve
761 2982 887 3022 fuiffent
898 3007 906 3021 ‚
931 2981 1061 3023 restitue-

189 3036 219 3056 re
235 3026 338 3056 dehere.
362 3024 410 3055 Ad
428 3023 512 3053 hunc
525 3020 648 3052 versum
665 3031 772 3053 notata
789 3025 828 3054 ab
839 3024 974 3063 Ulpiano
992 3023 1061 3054 sunt

189 3066 364 3106 complura.
391 3064 527 3106 primum
550 3062 595 3093 est
615 3063 645 3093 in
662 3062 691 3103 §.
714 3072 758 3099 17.
776 3066 803 3095 d.
822 3065 840 3094 l.
862 3075 909 3096 20.
934 3066 1021 3105 quod
1040 3065 1061 3096 ss

190 3108 348 3138 hereditas
374 3116 390 3137 a
414 3106 508 3136 bonae
533 3104 606 3135 fidei
629 3102 799 3144 potsessore
823 3107 911 3144 (nam
937 3108 978 3137 de
997 3108 1061 3137 hoc

189 3157 320 3189 quoque
338 3147 406 3178 solo
417 3146 468 3178 hic
478 3145 522 3177 est
532 3145 664 3176 Senatus
676 3144 796 3191 sermo)
807 3154 905 3183 petita
914 3170 924 3185 ,
941 3148 970 3178 ἀ
981 3157 1059 3179 mox

187 3190 333 3223 adversus
358 3198 431 3221 eum
451 3187 627 3228 judicatum
643 3185 739 3225 esset,
762 3186 855 3219 rebus
871 3196 911 3220 ex
931 3188 1058 3221 heredi-

1035 77 1294 114 Nooni·

1354 79 1381 114 C
1416 88 1438 115 o
1467 87 1493 113 M
1524 90 1561 114 M.

1104 174 1170 198 tate
1187 168 1225 199 ab
1245 177 1285 200 eo
1309 175 1382 199 ante
1399 176 1519 199 motam
1539 169 1788 201 controversiam
1807 169 1974 214 disti-astis,

1104 209 1195 249 (nam
1217 209 1324 248 postea
1349 209 1510 251 prohibita
1531 210 1558 239 ei
1576 211 1724 241 alienatio
1742 210 1786 241 est
1803 212 1821 242 l.
1840 223 1869 252 5.
1887 214 1914 244 h.
1931 217 1973 254 t.)

1104 259 1177 281 eum
1199 260 1262 282 non
1286 251 1404 282 debere
1430 251 1562 291 petitori
1588 251 1667 291 ipsas
1684 250 1847 283 restituere
1865 264 1913 285 res
1930 257 1972 287 di-

1104 291 1246 330 stractas3
1268 291 1320 323 sed
1336 302 1442 323 earum
1466 291 1565 332 pretia
1583 302 1656 333 quae
1671 293 1709 325 ad
1725 302 1797 324 euin
1816 297 1972 333 pervenis-

1105 331 1182 363 sent.
1205 333 1349 365 nimirum
1368 335 1439 374 quia
1455 335 1484 364 in
1503 333 1698 374 hocjudicio
1714 334 1899 376 intelligitur
1909 345 1974 377 pre-

1108 373 1186 418 tiuni
1198 373 1367 406 succedere
1383 376 1412 406 in
1426 375 1531 405 locum
1551 376 1672 406 venditi
1692 379 1837 416 corporis
1856 376 1959 409 hered‘

1109 416 1177 446 tarii
1189 438 1198 452 ,
1215 416 1243 446 ὅς
1263 417 1504 456 quodammodo
1522 416 1746 448 hereditarium
1762 417 1829 449 fieri
1845 418 1865 449 1.
1877 428 1924 450 22.
1965 444 1975 454 .

1107 456 1136 486 h.
1154 462 1175 487 τ.
1193 456 1212 487 l.
1235 461 1280 490 18.
1298 456 1339 487 D.
1358 457 1442 499 Qitod
1459 464 1522 489 met.
1538 458 1617 500 caus.=
1632 459 1650 489 l.
1670 468 1718 500 23.
1738 458 1779 490 D.
1792 460 1825 490 de
1841 460 1925 491 adim.
1939 461 1974 492 le-

1104 504 1167 538 gat.
1192 497 1247 528 etii
1264 499 1294 528 in
1313 498 1380 529 aliis
1398 508 1463 530 non
1479 508 1628 540 peraeque
1645 499 1681 531 fit
1703 502 1755 532 ita.
1803 499 1914 532 Voluit
1933 510 1974 533 ta-

1107 547 1180 570 men
1196 538 1345 577 Senatus,
1361 541 1448 579 quod
1460 542 1500 571 de
1517 542 1620 581 pretio
1632 541 1749 573 dietum
1760 565 1770 581 ‚
1789 549 1855 574 tum
1872 552 1888 573 a
1904 552 1976 583 pos·
2024 573 2025 578 ,

1107 579 1221 611 seffore
1237 580 1364 611 demum
1379 580 1515 618 restitui,
1530 581 1551 613 fi
1568 583 1606 613 ad
1623 592 1695 615 eum
1707 584 1863 623 pervenit.
1884 583 1978 624 igitur

1106 621 1128 653 fi
1144 622 1269 666 exegit:
1285 622 1350 652 imo
1366 622 1459 653 etiam
1472 646 1480 661 ,
1496 622 1517 654 fi
1533 633 1596 655 non
1615 623 1731 665 exegit.
1746 624 1787 656 fic
1805 627 1887 656 enim
1906 634 1978 659 cen-

1107 662 1152 694 set
1173 662 1323 707 Ulpianus
1339 664 1367 693 d.
1386 662 1414 704 §.
1435 673 1479 704 17.
1496 664 1515 695 l.
1533 672 1580 697 20.
1598 666 1625 697 ἅ
1644 667 1702 697 hac
1720 667 1818 697 utitur
1833 667 1974 701 ratione:

1107 706 1195 743 quod
1213 704 1321 735 habuit
1340 713 1380 735 ex
1399 706 1532 736 vendito
1549 706 1706 739 actionem
1719 730 1729 746 ,
1747 708 1777 739 &
1796 708 1856 738 hac
1873 710 1977 748 potuit

1106 747 1246 786 exigere.
1290 745 1360 777 talis
1378 752 1484 777 autem
1500 747 1530 778 in
1549 747 1601 778 usu
1617 748 1692 789 Juris
1707 758 1773 780 rern
1790 750 1976 790 plerumque

1107 787 1225 818 habere
1244 787 1431 826 intelligitur
1444 787 1466 818 l.
1489 797 1533 827 15·
1554 788 1595 819 D.
1613 792 1646 820 de
1661 799 1720 831 reg.
1743 791 1803 830 jur.
1841 790 1915 822 Nec
1932 797 1975 823 ta-'

1106 838 1177 860 meri
1189 828 1333 869 ignorat,
1349 827 1423 859 alibi
1441 829 1542 860 minus
1555 832 1675 870 putari,
1691 827 1846 863 actionem
1857 855 1867 871 ,
1884 841 1978 873 quam

1105 879 1172 902 rem
1191 870 1307 901 habere
1322 869 1341 900 l.
1358 879 1428 909 204.
1445 871 1472 901 d.
1489 875 1510 901 t.
1530 871 1604 902 ideo
1618 881 1679 903 nec
1696 874 1806 911 timet,
1824 883 1892 905 eam
1912 873 1977 906 sub-

1107 911 1254 943 tilitatem
1274 910 1345 948 hic,
1366 921 1405 942 ex
1423 920 1531 942 mente
1549 912 1700 952 Senatus,
1724 915 1785 945 hac
1802 922 1978 955 temperare

1105 954 1275 993 aequitate‚
1301 951 1382 992 quafi
1409 952 1540 984 sufficiat
1557 977 1566 991 ‚
1599 955 1651 986 ubi
1677 956 1774 986 habet
1798 956 1975 996 actionem,

1106 1004 1177 1026 eum
1196 994 1336 1026 actiones
1351 993 1508 1034 praestare.
1532 995 1651 1027 Praeter
1667 996 1736 1028 haec
1753 996 1901 1029 observat
1924 998 1975 1031 Ul-

1104 1036 1215 1077 pianus
1234 1037 1261 1067 cl.
1278 1035 1295 1066 l.
1314 1045 1361 1067 20.

1105 1077 1145 1108 tia
1165 1086 1267 1108 rei-um
1288 1076 1501 1121 distractarum
1519 1078 1649 1117 petitori
1665 1088 1682 1110 a
1699 1080 1793 1111 bonae
1810 1079 1884 1111 fidei
1902 1089 1976 1121 pos-

1103 1118 1215 1149 sessore
1239 1118 1376 1157 restitui,
1399 1128 1463 1150 non
1488 1119 1646 1159 postulare
1672 1120 1831 1153 distractas
1848 1121 1910 1154 effe
1925 1132 1974 1155 res

1103 1160 1321 1192 hereditarias:
1339 1159 1389 1191 sed
1401 1170 1450 1191 res
1470 1169 1511 1191 ex
1523 1161 1701 1194 hereditate
1718 1162 1780 1194 effe
1796 1163 1973 1204 disti-aetam

1104 1201 1160 1233 etsi
1182 1202 1323 1242 alioquin
1351 1211 1415 1232 nori
1440 1201 1661 1236 hereditarias:
1685 1205 1785 1235 modo
1809 1205 1908 1245 pretia
1933 1207 1973 1237 ad
2030 1231 2032 1236 ,

1104 1243 1196 1274 bonae
1215 1241 1287 1274 fidei
1305 1242 1508 1283 poffess‘orem
1525 1244 1748 1284 pervenissent.
1765 1255 1800 1276 ac
1818 1245 1881 1277 fuit
1899 1246 1981 1278 hinc
2031 1278 2032 1285 ,

1104 1284 1282 1329 dubitatum
1295 1308 1303 1322 ,
1320 1294 1353 1316 re
1370 1285 1470 1316 aliena
1488 1295 1503 1315 a
1520 1286 1613 1317 bonae
1630 1286 1703 1318 fidei
1717 1286 1889 1327 possessore
1903 1297 1977 1319 veti-

1103 1327 1185 1365 dita,
1203 1326 1238 1371 ὕι.
1251 1325 1352 1357 soluto
1371 1327 1475 1366 pretio
1493 1328 1612 1358 evitta:
1636 1336 1828 1367 oporteatne
1846 1339 1937 1368 eum,
1954 1329 1976 1361 fi

1103 1375 1240 1407 emptori
1266 1368 1355 1408 quod
1372 1368 1520 1408 accepit,
1545 1368 1697 1406 restituit,
1720 1370 1825 1401 adhuc
1841 1372 1973 1410 petitori

1102 1410 1238 1449 pretium
1255 1408 1428 1440 restituere.
1453 1410 1605 1442 movebat
1617 1411 1870 1449 dubitationem,
1887 1412 1975 1452 quod

1103 1450 1206 1482 evicta
1224 1460 1272 1482 res
1290 1449 1349 1481 fuit
1365 1460 1405 1481 ex
1429 1450 1627 1491 hereditate,
1652 1453 1730 1484 licet
1745 1462 1809 1484 non
1827 1452 1903 1484 effet
1919 1453 1975 1484 he-

1103 1491 1258 1523 reditaria.
1282 1501 1342 1522 nec
1359 1491 1421 1522 hoc
1440 1500 1565 1532 poterat
1584 1494 1701 1534 negari.
1747 1493 1810 1525 Sed
1827 1504 1892 1525 non
1910 1494 1975 1534 pla-

1103 1541 1156 1564 cet
1181 1532 1320 1573 Ulpiano
1337 1557 1346 1571 ,
1372 1532 1425 1563 hic
1452 1532 1570 1564 restitui
1598 1535 1794 1566 venditionis
1815 1536 1975 1575 pretium:

1103 1574 1175 1614 quia
1199 1583 1233 1605 ut
1258 1574 1346 1606 locus
1373 1573 1407 1605 fit
1424 1575 1490 1614 ejus
1506 1574 1715 1614 restitutioni,
1738 1585 1803 1607 non
1820 1576 1864 1607 est
1880 1576 1975 1607 Sena-

1103 1617 1149 1647 tui
1171 1615 1261 1654 satis,
1285 1614 1459 1647 distractam
1478 1626 1516 1647 ex
1538 1616 1716 1648 hereditate
1734 1626 1800 1648 rem
1816 1616 1896 1656 esse,
1921 1616 1975 1649 nifi

1103 1658 1241 1698 pretium
1263 1667 1302 1688 ex
1320 1657 1518 1688 distractione
1534 1658 1571 1689 ad
1597 1658 1800 1698 poffcss'orem
1819 1659 1974 1699 pervenit.

1103 1699 1201 1739 Atqui
1230 1706 1396 1739 pervenit3
1422 1699 1556 1729 solutum
1582 1700 1711 1740 quippe.
1737 1699 1805 1731 esto
1824 1700 1974 1732 verbote-

1103 1750 1178 1772 nus:
1203 1739 1253 1772 sed
1279 1740 1454 1778 pervenisse
1481 1739 1621 1781 Ulpiano
1647 1751 1712 1773 non
1737 1741 1864 1773 videtui·
1886 1741 1974 1782 quod

1103 1791 1175 1813 cum
1195 1781 1312 1812 effectu
1329 1791 1392 1812 non
1411 1783 1577 1821 pervenit3
1599 1782 1631 1814 id
1655 1782 1719 1821 est,
1743 1786 1785 1814 ita
1804 1791 1838 1814 ut
1855 1792 1977 1824 perma-

1103 1831 1205 1854 neret.
1229 1822 1270 1854 sic
1285 1824 1368 1854 enim
1388 1833 1427 1855 ex
1445 1823 1587 1855 distracta
1605 1834 1638 1855 re
1654 1834 1694 1856 ex
1710 1825 1886 1856 hereditate
1903 1834 1977 1865 pos-

1103 1864 1196 1896 sessor
1221 1866 1348 1896 demum
1377 1865 1571 1905 locupletior
1596 1875 1668 1897 curn
1695 1867 1804 1906 injuria
1827 1867 1974 1907 petitoris

1104 1905 1165 1938 esse
1192 1906 1388 1947 intelligitur.
1423 1907 1511 1946 quod
1528 1908 1621 1938 unice
1638 1917 1753 1939 cavere
1769 1907 1898 1939 Senatui
1915 1906 1977 1938 fuit

1102 1948 1277 1988 negotium.
1300 1949 1570 1989 quemadmodum
1586 1949 1698 1980 exacto
1715 1949 1878 1987 indebito,
1903 1958 1978 1989 pos-

1100 1989 1193 2020 sessor
1213 1987 1312 2029 prima
1336 1990 1461 2020 ratione
1479 1990 1578 2021 videri
1595 1990 1703 2030 potest
1718 1990 1781 2021 hoc
1799 1989 1974 2030 percepisse

1101 2040 1141 2061 ex
1167 2030 1372 2062 hereditate:
1397 2039 1587 2071 quamquam
1615 2031 1818 2072 diligentiore
1841 2031 1974 2062 tractatu

1099 2071 1230 2110 habito,
1255 2071 1331 2103 nihil
1360 2074 1507 2112 pervenit
1531 2073 1619 2112 quod
1643 2080 1697 2103 aut
1720 2072 1904 2104 hereditatis
1919 2079 1974 2104 aut

1104 2123 1144 2144 ex
1161 2123 1197 2145 ea
1217 2112 1304 2144 effen.
1349 2113 1469 2152 Mitto,
1493 2115 1580 2154 quod
1604 2123 1645 2145 ne
1670 2114 1881 2146 hereditatem
1907 2114 1974 2153 qui-

1104 2155 1176 2186 dem
1196 2155 1307 2186 exatfto
1326 2154 1471 2186 indebito
1489 2155 1645 2196 obligavit
1671 2156 1709 2187 ad
1725 2154 1972 2194 restituendum3

1104 2195 1158 2227 sed
1175 2196 1204 2227 se
1223 2204 1367 2228 tantum:
1390 2196 1468 2228 ficut
1491 2197 1521 2228 id
1540 2206 1603 2228 non
1621 2197 1824 2235 hereditatis,
1848 2196 1900 2228 sed
1917 2196 1972 2228 suo

1104 2240 1254 2276 nomine,
1279 2236 1404 2278 exegit:
1427 2239 1568 2278 ideoque
1597 2248 1659 2269 nec
1682 2239 1817 2276 mirum,
1840 2238 1973 2278 perinde

1103 2278 1230 2316 haberi,
1254 2288 1292 2310 ac
1307 2278 1327 2310 fi
1347 2280 1386 2310 ad
1401 2285 1473 2311 eum
1493 2280 1570 2311 nihil
1588 2279 1779 2320 perveniss'et
1796 2281 1823 2310 d·
1842 2280 1861 2310 l.
1880 2288 1928 2311 20.
1943 2277 1973 2320 §-

1106 2325 1153 2355 18.
1184 2321 1233 2352 Ab
1259 2321 1375 2352 eodeni
1402 2321 1559 2361 principio
1577 2322 1607 2352 in
1624 2321 1651 2362 §.
1673 2330 1716 2357 19·
1741 2320 1782 2353 fic
1798 2322 1904 2362 pe'rgit
1921 2320 1973 2352 Ul-

1103 2362 1234 2401 pianus,
1258 2362 1287 2393 Si
1311 2371 1360 2393 res
1386 2361 1423 2394 fit
1440 2362 1615 2401 redhibita,
1640 2362 1692 2393 liic
1707 2363 1835 2402 utique,
1858 2363 1888 2394 id
1906 2362 1971 2401 est,

1104 2404 1168 2435 hoc
1191 2404 1302 2443 utique
1327 2403 1358 2434 in
1376 2403 1446 2435 casu
1458 2428 1466 2442 ,
1491 2405 1521 2435 o&
1538 2403 1727 2435 hereditaria
1744 2402 1809 2442 est,
1833 2403 1862 2435 ἀ
1879 2404 1973 2444 preti-

1102 2454 1155 2477 um
1174 2454 1238 2476 non
1260 2445 1347 2476 venit
1365 2445 1453 2485 quod
1471 2444 1609 2477 refusum
1625 2444 1680 2476 est.
1705 2444 1825 2477 Contra
1842 2454 1972 2486 quoque

1104 2485 1134 2517 in
1150 2486 1178 2528 §.
1197 2496 1244 2518 20.
1267 2486 1310 2517 ait
1334 2486 1459 2526 optime
1483 2488 1512 2518 <St
1536 2486 1768 2518 convenienter
1785 2486 1975 2527 benignitati,

1102 2527 1256 2565 Senatus,
1279 2527 1310 2559 Si
1336 2528 1379 2559 ob
1407 2527 1627 2559 venditionem
1649 2527 1817 2560 obstristus
1837 2527 1974 2568 emptori
2018 2559 2027 2563 ,

1102 2568 1138 2600 fit
1157 2568 1328 2609 poffeffor,
1351 2578 1443 2610 eum,
1459 2578 1499 2601 ne
1515 2570 1612 2610 magis
1631 2570 1661 2600 in
1678 2570 1814 2608 damno,
1831 2578 1923 2610 quam
1940 2569 1973 2601 in

1103 2612 1194 2643 lucro
1211 2610 1264 2649 fit,
1288 2611 1438 2642 cautione
1455 2610 1595 2642 securum
1613 2610 1681 2642 fieri
1699 2619 1869 2651 oportere.-

1145 2651 1294 2683 Tertium
1317 2651 1589 2683 Senatusconsulti
1614 2652 1718 2692 Caput
1741 2653 1771 2683 in
1795 2653 1814 2683 l.
1832 2662 1879 2684 20.
1898 2652 1927 2694 §.
1943 2654 1972 2684 6.

1104 2692 1132 2725 h.
1153 2699 1172 2724 t.
1197 2693 1245 2724 his
1270 2692 1371 2725 exstat
1396 2694 1518 2726 verbis:
1543 2693 1617 2725 Item
1639 2703 1682 2725 eos
1698 2695 1749 2735 qui
1765 2695 1837 2724 bona
1852 2691 1973 2732 invasis·

1100 2735 1183 2774 sent,
1209 2745 1272 2765 cuin
1292 2735 1397 2770 scirent
1422 2736 1459 2766 cici
1468 2736 1500 2775 se
1525 2745 1583 2766 non
1595 2736 1759 2776 pertinere,
1782 2733 1892 2773 etiamsi
1907 2740 1973 2766 ante

1104 2776 1182 2807 litem
1198 2774 1383 2817 contestatam
1391 2776 1706 2819 fecerint,quomimts
1718 2774 1975 2818 poffitlerent‚per-

1104 2819 1170 2848 iride
1193 2819 1437 2855 condemnandos,
1460 2817 1542 2859 quasi
1554 2817 1733 2859 poffidererit.
1755 2827 1798 2848 eos
1814 2824 1909 2849 autem
1923 2817 1972 2858 qui

1099 2857 1197 2900 justas
1219 2861 1319 2897 caulas
1341 2859 1518 2900 hahuzfferzt‚
1542 2869 1632 2901 quare
1646 2861 1719 2891 bonci
1740 2860 1820 2897 adse
1832 2859 1973 2899 pertinere

1104 2898 1326 2940 existirnctffent‚
1351 2910 1379 2931 eo
1403 2910 1494 2942 usque
1516 2902 1681 2940 duntaxat,
1705 2910 1759 2942 quo
1783 2901 1974 2940 locupletiores

1104 2951 1140 2972 ex
1156 2951 1188 2972 ea
1205 2941 1322 2981 refaffl
1339 2941 1434 2982 efferit.
1459 2942 1549 2973 Prior
1568 2942 1659 2982 hujus
1678 2940 1800 2981 Capitis
1820 2951 1889 2981 pars
1908 2940 1973 2981 spe-

1105 2983 1167 3014 Ctat
1183 2984 1221 3013 ad
1240 2984 1327 3015 matae
1345 2983 1418 3014 fidei
1436 2983 1657 3023 possessorem:
1674 2983 1828 3023 posterior
1845 2982 1882 3013 ad
1901 2990 1974 3020 pos-

1104 3022 1249 3055 sessorem
1270 3025 1362 3056 bonae
1380 3024 1466 3056 fidei.
1490 3024 1636 3057 indolem
1658 3022 1859 3065 poffefforum
1883 3021 1971 3052 rnalae

1103 3064 1177 3096 fidei
1197 3065 1378 3097 describunt
1396 3066 1466 3097 haec
1482 3066 1615 3098 Senatus
1641 3066 1754 3097 verba:
1777 3063 1849 3094 Item
1863 3071 1905 3091 eos
1920 3065 1974 3101 qui

1102 3108 1175 3137 bona
1190 3106 1368 3148 irzvafiffent‚
1380 3117 1445 3138 cum
1454 3108 1576 3147 scirent,
1586 3108 1624 3138 ad
1633 3108 1667 3146 se
1680 3115 1735 3136 non
1747 3105 1898 3149 pertirzere.
1924 3103 1974 3134 ln-

1103 3148 1142 3179 de
1154 3147 1501 3189 Ulpianusl.25.§.3.d.
1513 3155 1534 3180 t.
1558 3147 1727 3182 Senatum,
1743 3144 1862 3184 inquit,
1881 3145 1971 3184 loqui

1102 3190 1143 3222 de
1159 3189 1384 3231 praedonibus,
1407 3191 1439 3222 id
1458 3189 1524 3230 est,
1548 3189 1589 3222 de
1608 3187 1656 3220 his
1673 3185 1727 3228 qui
1745 3194 1818 3219 cum
1835 3185 1969 3257 scirenui:Gi

1379 1034 1407 1076 §.
1429 1040 1473 1070 18.
1497 1035 1666 1076 Senatum,
1686 1048 1758 1070 cum
1773 1038 1884 1078 jubet,
1907 1049 1977 1080 pre-
2029 1054 2030 1061 .
