2036 3495
343 127 407 164 An
432 126 524 162 Lis.
549 121 680 161 XVIII,
714 123 816 160 T1·1·.
849 123 915 162 IV.
948 121 1000 159 De
1017 122 1188 160 hereditate
1201 125 1254 161 vel
1275 125 1392 162 afflone
1410 124 1546 161 vendita.

61 225 128 252 rem
152 216 312 259 pertinere
334 217 354 248 l.
375 226 420 250 10.
447 215 484 251 ὅ)
510 214 631 260 11.·D.
656 213 684 245 h.
702 218 723 244 t.
753 213 928 256 licebitque

60 259 139 294 rnihi
160 261 221 291 huc
239 266 387 290 revocare
414 259 475 289 hoc
492 255 576 289 Pauli
598 256 616 287 l.
644 265 691 294 14.
709 256 738 297 §.
762 265 788 287 1.
812 256 851 288 D.
869 259 926 288 eod.

59 305 95 336 Si·
119 302 258 333 hereditas
279 301 420 338 venierit,
444 299 576 330 venditor
602 306 646 327 res
664 299 852 328 hereditarias
868 305 926 329 tra-

61 347 124 376 dere
141 344 237 374 delier:
257 347 367 383 quanta
383 348 474 372 aittem
491 340 628 370 hereditas
652 336 709 384 est,
732 340 806 370 nibil
824 342 923 375 refert.

99 384 239 416 Tantum
262 384 301 413 de
318 382 515 423 stipulatione
540 388 703 418 emptoris.
747 380 829 423 Qua:
845 390 923 412 ven-

58 425 196 458 ditoris?
219 433 279 455 non
298 431 387 455 extat
402 422 548 454 formula.
573 421 682 452 licebit
704 429 809 453 tamen
829 423 923 454 talem

58 467 260 507 confingere:
285 466 435 507 Quantam
459 464 612 503 pecuniam
635 463 697 502 ejus
723 465 798 504 quod
817 464 922 503 defun-

57 508 118 540 &tis
133 509 250 546 debuit,
273 509 369 538 dedero
377 528 386 543 ,
403 504 530 543 solvero,
550 501 730 544 presbitero,
753 505 922 535 hereditario

56 551 196 586 nomine,
228 553 338 579 tantam
366 547 518 586 pecuniam
558 546 626 575 dare
651 548 785 586 spondes,
836 545 922 576 Huic

56 590 242 630 coiijecturae
267 586 478 618 testimonium
503 586 625 627 praebet
648 596 720 618 cum
744 587 884 628 julianus
901 588 921 618 l.

58 637 104 665 18.
124 632 150 662 h.
165 637 185 661 t.
209 637 274 661 turn
300 629 451 668 Ulpianus
475 629 493 659 l.
517 633 579 669 178-
605 626 633 668 §.
650 629 704 659 ult.
726 629 771 659 l).
790 630 822 659 de
837 630 917 659 verb.

48 672 155 714 fignif.
179 670 219 702 sic
242 669 394 701 scribens:
417 669 483 701 Hoc
497 671 633 706 verbum,
659 670 790 708 debuit,
815 679 923 700 omnem

56 708 167 745 omnino
181 711 319 742 astionem
340 712 569 752 comprehendere
591 710 786 751 intelligitur,
803 710 868 748 five
884 712 921 742 ci-

55 755 142 792 vilis,
158 752 222 792 five
245 753 420 791 honoraria,
436 751 501 791 five
516 751 722 792 ficleicommz'ffi
744 753 836 790 suerit
858 759 919 793 per-

44 797 166 836 secutio.
215 793 342 833 Ulpiani
369 793 494 825 sensus:
532 803 709 833 emptorem
736 794 922 824 hereditatis

51 838 292 878 promittentem
330 836 488 867 venditori
516 836 649 867 reddere
675 835 828 875 quidquid
857 835 921 873 eJ'us

54 880 141 918 quod
169 877 338 909 desunCtus
373 878 547 914 debuerit,
578 876 768 908 hereditario
796 878 923 907 nomine

52 919 199 957 solverit,
224 917 498 957 comprehendere
514 927 608 949 omne
624 917 765 949 defuncti
780 917 922 948 debitum

54 961 138 1000 quali
163 961 245 1001 quali
270 960 405 991 actione.
451 959 568 1000 Estque
593 959 657 990 hoc
680 960 827 990 rationis:
852 968 923 990 nam

53 1002 132 1034 sicut
150 1002 266 1032 lucrum
290 1010 385 1032 omne
404 1001 440 1032 ad
458 1008 635 1041 emptorem
654 999 837 1032 hereditatis
854 1009 922 1041 per-

54 1045 156 1081 tinet,
180 1044 219 1074 ita
236 1044 382 1073 damnum
399 1051 529 1083 quoque
547 1043 642 1073 debet
659 1042 696 1072 ad
714 1042 861 1073 eumdem
878 1051 923 1072 re-

54 1083 174 1124 spicere
191 1087 218 1116 d.
240 1084 249 1113 l
276 1093 291 1115 2
327 1084 354 1124 §.
373 1093 402 1119 9.
420 1084 445 1113 h*
465 1089 485 1114 t.
512 1083 607 1123 lgitur
631 1082 769 1122 speciant
786 1082 849 1113 huc
865 1083 920 1114 im-

56 1127 159 1166 peniae
184 1134 199 1156 a
226 1124 393 1155 venditore
418 1124 508 1156 faetae
525 1133 684 1164 tamquam
702 1125 740 1154 ab
757 1124 875 1155 herede
893 1125 922 1155 ὃ(

55 1167 247 1198 hereditario
271 1166 415 1198 nomine:
441 1173 473 1197 ut
500 1165 566 1196 sunt
589 1166 735 1206 exempla
760 1166 789 1196 in
806 1166 833 1195 d.
852 1165 871 1196 l.
892 1175 921 1197 2.

57 1208 85 1249 §.
111 1218 146 1239 10
177 1217 219 1239 12.
239 1207 274 1241 &³
296 1217 339 1246 ii.
365 1207 463 1238 modo
479 1206 636 1238 venditori
655 1207 773 1247 aliquid
788 1206 864 1237 absit
882 1216 922 1237 eo

57 1252 197 1280 nomine.
223 1257 391 1286 caeterum,
416 1248 435 1280 fi
462 1248 539 1279 nihil
557 1247 651 1285 absit,
676 1247 875 1288 consequens
892 1257 922 1278 e-

55 1293 96 1322 rit
114 1291 237 1326 dicere,
263 1300 325 1321 non
341 1297 527 1329 competere
543 1288 571 1320 ei
587 1288 742 1320 actionem
760 1290 787 1320 d.
806 1289 830 1334 l,
845 1299 872 1320 2.
892 1288 921 1329 §.

58 1340 104 1364 11.
130 1331 186 1362 llis
210 1330 358 1362 oneribus
381 1332 540 1361 accedunt
565 1330 730 1369 veeligalia
745 1330 870 1370 publica
892 1330 922 1361 &

51 1372 170 1403 tributa
187 1373 214 1403 cl.
233 1373 252 1403 l.
271 1381 298 1402 2.
316 1372 344 1413 §.
366 1375 411 1402 16.
435 1371 511 1402 item
529 1371 676 1411 impeni'ae
695 1371 813 1402 funeris
827 1370 855 1413 §.
875 1380 921 1411 17.

53 1422 114 1445 nec
138 1412 238 1444 minus
261 1422 302 1444 aes
328 1411 463 1444 alienum
493 1411 652 1443 defuncti:
678 1411 738 1443 five
765 1421 922 1443 extraneo

54 1454 219 1492 debuerit,
243 1454 303 1485 sive
327 1454 380 1491 ipsi
407 1453 532 1485 heredi:
555 1454 631 1484 licet
658 1453 708 1484 hic
733 1453 922 1485 confusione

54 1494 192 1526 creditor
210 1494 271 1526 csse
289 1494 431 1526 desierit:
454 1496 527 1535 quia
548 1494 752 1535 aequiffimum
776 1496 921 1534 videtur,

56 1542 236 1574 emptorem
261 1536 445 1566 hereditatis
473 1537 577 1566 vicem
603 1536 727 1567 heredis
757 1536 922 1575 obtinere,

57 1578 86 1608 ἂ
103 1576 222 1608 idcirco
250 1577 407 1607 venditori
436 1576 620 1608 hereditatis
637 1577 736 1608 teneri
755 1578 783 1610 d.
804 1578 822 1607 l.
844 1588 871 1609 2.
891 1578 920 1620 §.

60 1621 107 1651 18.
132 1617 293 1656 quomodo
324 1617 352 1648 δι
379 1617 544 1648 servitutes
571 1617 759 1650 confusione
782 1618 919 1658 amissas,

58 1657 220 1689 venditori
243 1656 404 1689 restituere
429 1659 526 1689 debet
550 1660 577 1689 d.
596 1660 614 1691 l.
636 1669 664 1691 2.
690 1659 716 1702 §.
740 1669 786 1697 19.
809 1660 870 1692 Sed
888 1670 921 1692 ut

56 1700 94 1730 ad
111 1709 150 1731 aes
166 1699 300 1730 alienum
325 1707 538 1739 revertamur,
562 1708 687 1731 tenetur
710 1702 773 1732 hoc
797 1710 922 1742 emptor

57 1739 215 1771 venditori
242 1739 426 1773 restituere:
449 1741 512 1772 fine
527 1741 722 1780 discrimine,
746 1750 849 1774 utrum
868 1744 919 1774 de-

53 1780 181 1813 funfflus
198 1782 228 1812 id
245 1781 388 1812 debuerit
405 1789 552 1822 tempore
565 1784 695 1820 mortis,
718 1793 755 1815 an
774 1785 804 1815 in
826 1785 920 1821 diem,

54 1831 107 1854 aut
124 1823 177 1853 sub
194 1821 399 1860 conditione,
425 1832 492 1864 quae
513 1824 616 1863 postea
632 1826 784 1857 extiterit.
808 1824 859 1857 illa
877 1825 922 1858 est

55 1863 263 1902 deliberatio,
294 1873 330 1895 an
356 1863 443 1903 poffit
469 1875 533 1904 ejus
563 1866 662 1897 debiti
683 1866 744 1898 ess'e
767 1866 848 1897 actio
871 1868 920 1898 ad-

53 1904 159 1936 versus
179 1905 348 1944 herede1n3
372 1915 411 1936 ne
429 1905 516 1937 foi-te
533 1912 626 1938 etiam
645 1916 684 1938 ex
701 1908 748 1939 his
765 1908 861 1939 causis
880 1918 920 1939 ex

53 1945 169 1986 quibus
185 1955 256 1977 cum
272 1946 390 1977 herede
411 1947 492 1978 nitio
510 1957 572 1980 non
598 1947 661 1988 est,
686 1957 758 1980 cum
776 1956 921 1991 emptore

53 1995 162 2028 agatur
178 1988 203 2017 d.
222 1987 239 2018 l.
258 1996 286 2018 2.
310 1987 339 2027 §.
365 1993 410 2022 18.

94 2027 146 2059 Est
164 2027 194 2058 ἀ
212 2028 269 2059 alia
286 2027 467 2061 observatio
483 2030 567 2062 circa
588 2040 628 2062 aes
644 2032 781 2064 alienum
797 2031 836 2063 ab
858 2041 920 2064 em-

54 2076 147 2110 ptore
165 2070 194 2100 in
221 2070 251 2100 se
275 2069 471 2109 susceptum3
496 2081 535 2103 ne
563 2073 587 2103 is
610 2082 627 2103 a
652 2072 861 2105 creditoribus
884 2083 925 2105 eo

55 2111 188 2141 nominc
212 2110 434 2143 conveniatur:
458 2122 527 2144 narn
555 2112 620 2144 hoc
641 2114 706 2154 juia
726 2124 787 2147 non
805 2113 923 2146 ferunt.

56 2159 118 2182 nec
142 2159 244 2181 tamen
272 2151 405 2193 ignoro,
435 2153 477 2185 fic
501 2154 671 2195 placuisse,
708 2155 884 2188 hereditate
908 2166 924 2187 a

55 2191 131 2223 fisco
152 2191 277 2223 vendita
293 2195 311 2224 l.
327 2203 351 2224 1.
373 2194 405 2224 C.
422 2196 449 2226 h.
470 2201 491 2225 t.
509 2206 620 2228 verum
639 2206 728 2237 aeque
745 2197 922 2236 scio,quod

56 2233 88 2264 in
123 2233 278 2264 honorem
302 2233 366 2265 fisci
390 2234 433 2266 est
457 2235 600 2277 singulari
623 2238 745 2270 ratione
771 2239 921 2270 constitu·

57 2282 144 2311 turn,
168 2276 205 2305 ad
223 2273 481 2315 consequentiam
507 2278 640 2316 produci
664 2288 728 2310 non
755 2288 923 2318 oportere:

54 2316 244 2354 explorato,
268 2316 465 2348 venditorem
493 2318 668 2350 hereditate
691 2320 816 2352 vendita
836 2321 924 2352 here·

53 2357 125 2388 dem
151 2366 295 2396 manere,
320 2367 424 2397 neque
442 2367 623 2399 emptorem
640 2360 681 2391 ob
701 2370 767 2392 earn
786 2369 924 2401 emptam

52 2397 204 2429 heredem
224 2398 283 2429 effe
300 2399 448 2439 incipere.
471 2402 513 2431 ita
535 2401 629 2432 liceat
648 2403 804 2442 emptori,
828 2403 923 2434 afflo-

53 2446 109 2470 nes
125 2439 227 2476 ultro,
251 2438 272 2471 si
286 2441 381 2478 velit,
398 2440 569 2481 suscipere:
592 2444 685 2474 detur
700 2442 794 2475 etiam
814 2445 923 2475 vendi·

55 2481 114 2510 tori
141 2481 292 2521 exceptio
317 2482 462 2513 adi-ersus
492 2484 688 2522 creditores,
712 2486 749 2516 ad
777 2494 847 2515 eum
878 2494 920 2515 re-

54 2528 234 2553 vertentes:
259 2524 312 2560 (ut
331 2521 366 2553 fit
384 2524 413 2554 in
432 2523 450 2554 l<
471 2534 498 2556 2.
518 2524 550 2556 C.
567 2527 599 2555 de
614 2524 717 2565 patris.
742 2535 783 2556 ex
800 2524 920 2566 profes-

54 2559 88 2590 so
106 2569 123 2590 a
139 2570 189 2591 me
205 2563 345 2601 exposita
368 2564 416 2596 lib.
433 2563 512 2605 fing.
540 2566 591 2597 Ad
616 2565 714 2597 Edi&
743 2568 775 2598 de
786 2565 865 2607 ραὲῗ.
886 2566 922 2601 &⁹

55 2601 194 2633 tramae.
221 2609 279 2643 cap.
307 2614 335 2635 2.
357 2612 426 2646 pag.
450 2608 542 2646 489.)
574 2617 637 2638 non
671 2607 796 2649 cogitur
815 2616 919 2639 tamen

53 2649 181 2675 emptor
204 2644 401 2688 cas-invitus
434 2646 597 2688 suscipere.
632 2650 706 2689 quid
738 2649 919 2682 haeremus?

53 2683 137 2714 clare
165 2684 340 2716 Antoninus
358 2685 505 2720 Floriano
530 2691 654 2721 cuidam
682 2690 721 2722 fic
739 2691 881 2722 rescribit
898 2691 917 2721 l.

54 2733 82 2754 2.
103 2724 135 2754 C.
155 2725 182 2754 b.
199 2732 219 2755 r.
249 2725 332 2756 Ratio
351 2727 428 2767 juris
449 2729 593 2769 pullulat,
619 2737 651 2763 ut
673 2734 857 2763 creditoribus
876 2733 921 2762 be·

52 2767 194 2796 redi‘turiis
214 2765 250 2800 ἐξ
265 2766 414 2812 legatariis
422 2769 473 2807 seu
484 2770 749 2814 fideicorizmi‘ffizriz's
770 2779 796 2803 te
822 2782 921 2803 conve-

52 2809 118 2836 nire
138 2808 299 2838 volentibus
317 2813 349 2838 tu
368 2812 546 2848 respondeas:
570 2813 606 2848 δέ)
623 2824 687 2845 curn
701 2824 729 2845 eo
748 2816 797 2845 cui
814 2816 920 2845 beredi-

51 2853 139 2878 tatem
154 2848 363 2888 venumdedisti
383 2856 415 2880 ῑιι
439 2854 593 2891 experiaris
605 2855 654 2894 suo
672 2857 777 2886 oraine.
805 2856 921 2893 Addit,

55 2887 202 2930 Quamvis
218 2899 250 2920 ea
273 2890 331 2931 lege
345 2893 461 2929 emerit,
484 2900 517 2923 ut
533 2890 718 2928 creditoribus
742 2898 922 2927 hereditariis

43 2930 234 2970 satisfaciat:
256 2933 381 2971 excipere
405 2938 499 2964 tamen
524 2935 645 2968 actiones
673 2939 860 2969 hereditarias
880 2940 921 2968 in-

51 2971 133 3001 vitus
150 2973 212 3013 cogi
228 2982 284 3003 non
298 2971 395 3013 pottft.
444 2975 621 3010 Antoninus
638 2978 808 3020 significat,
833 2980 921 3018 quod

53 3019 183 3052 emptor
207 3012 391 3045 hereditatis
418 3025 480 3047 non
508 3018 608 3057 potest
632 3020 707 3050 ideo
731 3022 818 3061 quod
846 3021 875 3051 in
893 3020 921 3050 se

52 3055 176 3094 recepit
199 3063 279 3086 onus
306 3056 372 3087 aeris
390 3056 502 3094 alieni,
526 3068 541 3088 a
560 3061 770 3094 creditoribus
787 3063 826 3092 ad
844 3061 920 3092 solu-

53 3094 175 3126 tionem
194 3095 266 3136 cogi
285 3097 461 3128 actionibus
479 3098 621 3139 directis,
645 3101 665 3133 (i
688 3104 770 3133 inter
787 3112 840 3132 eos
857 3103 923 3133 nul-

53 3134 83 3166 la
100 3138 270 3168 intervenit
296 3137 473 3177 stipulatio;
505 3149 608 3180 neque
633 3144 778 3181 utilibus,
803 3145 875 3183 quia
894 3142 924 3175 id

52 3186 206 3223 nusquam
239 3178 407 3217 proditum.
453 3179 526 3212 Nec
555 3192 603 3213 me
629 3194 754 3222 movet,
777 3186 864 3225 quod
888 3186 918 3216 in

50 3216 296 3254 fideicommiffis
322 3221 383 3253 tale
408 3222 483 3263 quid
501 3223 639 3257 obtinuit
660 3226 808 3260 adversus
828 3225 917 3261 fidei-

1778 137 1849 174 317·

971 213 1236 254 commissarium,
1261 214 1403 247 restituta
1429 215 1616 247 hereditate.
1640 222 1711 246 nani
1736 215 1768 247 id
1791 215 1844 249 Se·

969 256 1211 287 natusconsuito
1229 256 1437 288 Trebelliano
1462 255 1632 295 efficium,
1655 259 1695 288 ad
1718 267 1844 297 empto·

968 305 1035 327 rein
1055 297 1241 331 hereditatis
1269 298 1330 329 sine
1355 299 1441 330 simili
1459 299 1646 330 auctoritare
1663 301 1844 339 producen·

968 338 1042 368 duni
1061 347 1124 369 nou
1142 338 1197 369 est.

1009 379 1078 409 Alia
1097 378 1141 410 est
1155 387 1310 420 praeterea
1325 380 1508 412 observatio
1532 382 1562 412 in
1580 381 1599 412 l.
1623 386 1666 416 18.
1681 381 1708 413 lr.
1729 387 1751 413 t.
1776 382 1842 422 spe-

966 419 1032 450 cies
1057 421 1148 451 talis:
1179 419 1286 451 Titius
1309 421 1476 460 pecuniam
1502 422 1556 453 sub
1580 432 1672 462 poeiia
1696 424 1839 462 debens,

965 467 1111 491 mortuus
1141 461 1254 492 relietis
1283 463 1424 501 pluribus
1455 463 1634 496 heredibus.
1666 475 1743 496 tinus
1769 473 1843 496 ante

965 510 1059 541 quam
1077 503 1286 533 hereditatem
1303 505 1425 535 adirent
1449 506 1572 543 eaereri,
1595 515 1722 537 ornnem
1747 507 1842 538 solvit

965 542 1132 582 pecuniam
1157 545 1195 574 ab
1219 543 1395 576 hereditate
1423 544 1583 584 debitam,
1607 557 1741 586 eamque
1765 548 1805 579 fic
1821 557 1839 578 a

964 593 1058 624 poena
1076 585 1232 616 liberavit.
1256 585 1341 617 idem
1363 596 1439 617 mox
1458 586 1540 618 suam
1566 589 1705 619 vendidit
1723 588 1843 629 portio-

967 635 1049 656 nem.
1073 635 1137 656 non
1156 625 1200 657 est
1215 626 1364 666 dubium,
1390 629 1464 667 quin
1484 629 1597 659 habeat
1621 629 1777 662 actionem
1795 629 1841 661 fa-

967 666 1060 698 miliae
1079 667 1270 698 erciscundae
1289 670 1433 700 adversus
1451 669 1631 701 coheredes
1649 680 1707 709 pro
1723 672 1839 711 quibus

968 707 1091 739 necesse
1114 708 1224 739 habuit
1241 718 1395 750 integram
1415 711 1538 742 solvere
1556 712 1740 751 pecuniam,
1765 721 1839 744 cum

967 759 1032 781 non
1050 749 1152 787 posset
1176 750 1228 781 sibi
1255 752 1417 792 negotium
1434 761 1547 793 gerere
1569 753 1587 782 l.
1604 762 1653 791 25.
1672 752 1690 793 §
1726 762 1771 794 13-
1796 753 1839 784 D.

966 790 1067 822 Famis.
1086 793 1180 831 erczjsc.
1225 792 1305 823 Illud
1328 794 1495 833 quaeritur,
1520 793 1538 825 si
1556 803 1619 824 non
1639 794 1731 834 possit
1751 804 1768 825 a
1784 804 1841 826 co-

967 831 1157 869 heredibus,
1180 842 1312 873 propter
1336 845 1446 867 eorum
1469 834 1640 876 egestatem
1657 858 1666 874 ,
1697 835 1840 876 recipere

967 872 1058 903 soluti
1077 882 1215 913 partein:
1239 884 1276 905 an
1301 875 1327 904 ei
1343 876 1389 914 jus
1410 877 1461 915 iit,
1487 887 1526 907 eo
1545 879 1675 908 nomine
1692 877 1840 909 adversus

967 922 1147 954 emptorem
1170 915 1354 949 hereditatis
1377 918 1512 957 experiri
1536 918 1661 949 actione
1686 928 1725 949 ex
1744 918 1840 959 stipu-

967 955 1049 992 latu,
1073 954 1093 986 fi
1118 955 1278 996 stipulatio
1303 958 1528 995 intervenerit,
1552 960 1692 1000 alioquin
1714 969 1751 991 ex
1773 969 1839 992 em-

968 996 1052 1037 pto‘?
1077 997 1120 1027 ait
1136 998 1283 1036 Julianus.
1308 1008 1368 1039 qua
1386 1001 1529 1031 iatione‘?
1553 1001 1624 1041 quia
1640 1001 1731 1032 solvit
1751 1002 1841 1032 here-

968 1038 1083 1068 ditario
1107 1041 1254 1078 nomine,
1279 1048 1439 1080 tamquam
1464 1042 1598 1074 coheres
1620 1053 1626 1075 ;
1656 1043 1685 1074 ἃ
1709 1042 1842 1082 aequiffi-

968 1088 1053 1123 mum
1077 1078 1173 1111 visum
1198 1080 1266 1119 est,
1300 1090 1477 1122 emptorem
1506 1083 1690 1115 hereditatis
1714 1084 1841 1115 heredis

968 1129 1068 1152 vicem
1085 1122 1234 1152 obtinere
1250 1132 1313 1153 non
1332 1124 1362 1154 in
1380 1124 1560 1158 commodis
1578 1133 1717 1165 tantum,
1737 1126 1789 1157 sed
1807 1127 1841 1157 in

966 1161 1178 1195 incommodis
1195 1172 1334 1203 quoque.

1007 1201 1104 1242 Haec,
1138 1203 1157 1235 li
1185 1207 1334 1236 venditor
1352 1206 1414 1246 jam
1437 1206 1540 1247 aliqua
1566 1207 1667 1239 solvit.
1698 1208 1793 1248 quid,
1818 1207 1839 1239 si

967 1244 1070 1276 adhuc
1093 1245 1169 1277 nihil
1194 1248 1358 1287 erogavit:
1385 1256 1493 1278 verum
1513 1258 1647 1288 quoquo
1663 1251 1762 1280 modo
1781 1250 1839 1280 ob—

966 1286 1080 1327 ligatus
1106 1287 1140 1318 sit
1166 1297 1297 1327 propter
1315 1288 1556 1320 hereditatem?
1580 1291 1629 1320 vel
1655 1290 1718 1321 hoc
1736 1290 1840 1323 nomi·

966 1336 1006 1358 ne
1024 1337 1116 1369 agere
1133 1337 1204 1360 curn
1221 1338 1369 1369 emptore
1389 1330 1489 1370 potest
1505 1332 1532 1361 d.
1551 1331 1561 1360 l
1582 1330 1637 1372 2.§
1660 1341 1708 1362 20.
1723 1332 1803 1362 1).ὸό
1816 1338 1840 1363 ε,

1005 1369 1112 1400 Altera
1130 1369 1275 1402 Rubricae
1292 1380 1361 1411 pars
1382 1371 1427 1402 est
1444 1373 1484 1402 de
1502 1371 1628 1403 actione
1645 1373 1783 1403 vendita.
1806 1373 1840 1405 in

967 1419 1026 1450 qua
1045 1411 1107 1451 jam
1135 1421 1199 1443 non
1224 1421 1419 1451 quaeremus,
1444 1422 1481 1443 an
1507 1414 1601 1444 vendi
1625 1414 1717 1454 possit
1736 1414 1841 1447 actio:

966 1451 1027 1482 hoc
1043 1452 1127 1484 enim
1144 1453 1345 1485 tractavimus
1364 1454 1472 1493 supra;
1498 1454 1547 1485 sed
1566 1464 1636 1494 quae
1656 1456 1748 1495 poffit
1765 1465 1841 1487 ven·

966 1493 996 1524 di
1013 1493 1118 1532 actim
1141 1493 1216 1525 item
1236 1495 1312 1534 quid
1329 1504 1365 1525 ea
1382 1495 1568 1526 venditione
1583 1497 1841 1536 comprehenda-

967 1542 1036 1573 tur;
1063 1543 1128 1566 tum
1146 1537 1214 1576 quis
1232 1535 1266 1566 sit
1285 1535 1418 1567 effeetus
1437 1537 1573 1568 venditae
1597 1537 1741 1568 aetionis.
1777 1537 1841 1570 Pri-

966 1585 1052 1607 mum
1074 1575 1175 1608 dicam
1194 1576 1277 1615 poffe
1295 1579 1388 1608 vendi
1406 1577 1583 1616 actionem,
1607 1578 1661 1609 etsi
1684 1579 1840 1619 obligatio

964 1625 1006 1648 ex
1023 1626 1083 1657 qua
1103 1619 1153 1649 iila
1171 1618 1332 1657 nascatur,
1357 1617 1391 1649 fit
1410 1620 1440 1649 in
1459 1618 1562 1657 diem,
1587 1628 1640 1650 aut
1659 1621 1713 1650 sub
1729 1620 1841 1651 condi·

965 1659 1053 1690 tione
1080 1659 1097 1689 l.
1120 1668 1163 1699 17⁴
1193 1660 1235 1690 D.
1253 1661 1280 1690 h.
1298 1665 1319 1690 t.
1366 1659 1442 1691 Non
1466 1660 1562 1700 inagis
1589 1659 1708 1699 refert,
1733 1669 1839 1693 utrum

963 1699 998 1730 sit
1021 1701 1051 1731 in
1078 1700 1260 1740 perlonain,
1282 1710 1320 1732 an
1345 1701 1374 1732 in
1404 1711 1470 1733 rem
1488 1702 1505 1733 l.
1526 1702 1580 1733 ult.
1601 1702 1634 1733 C.
1658 1705 1685 1732 d.
1700 1708 1720 1733 ι.
1765 1702 1840 1734 Nec

966 1750 1046 1780 opus
1065 1741 1219 1773 debitoris
1239 1742 1407 1773 consensu:
1430 1743 1501 1782 quia
1518 1744 1619 1782 aCtio,
1636 1752 1705 1783 quae
1722 1744 1840 1775 aliena·

966 1790 1035 1822 tur,
1059 1792 1122 1815 non
1142 1783 1186 1814 est
1203 1784 1367 1816 debitoris.
1393 1785 1534 1815 creditor
1551 1792 1662 1816 contra
1679 1794 1748 1816 eain
1766 1786 1841 1816 alie<-

965 1825 1097 1865 natjuie
1113 1826 1262 1865 proprio:
1287 1827 1373 1865 cnjus
1398 1826 1461 1866 ipse
1487 1825 1533 1857 est
1558 1828 1762 1864 moderator3
1785 1827 1841 1858 de-

966 1865 1052 1896 bitor
1069 1876 1133 1897 non
1152 1868 1206 1897 eii.
1247 1867 1322 1898 Hoc
1340 1868 1423 1898 clare
1442 1868 1620 1899 Alexander
1635 1868 1655 1899 l.
1675 1878 1702 1908 3.
1726 1868 1758 1899 C.
1775 1868 1838 1900 eod.

966 1905 1090 1938 Verba:
1117 1908 1255 1939 Nominis
1271 1909 1399 1939 venditio
1416 1910 1502 1940 etiam
1520 1911 1672 1950 ignorante
1693 1909 1740 1939 vet
1761 1910 1841 1940 invi-

963 1954 991 1978 to
1000 1957 1040 1985 eo,
1052 1950 1187 1984 adversus
1196 1959 1277 1990 quem
1286 1949 1410 1980 afflone:
1419 1952 1608 1989 mandantur,
1617 1953 1748 1981 contrahi·
1761 1951 1841 1987 solen

964 1989 1106 2030 Sequens
1125 1992 1213 2022 locus
1232 1991 1294 2028 est,
1319 1993 1393 2031 quid
1415 1991 1473 2022 hac
1493 1993 1680 2023 venditione
1694 2001 1839 2032 compre⁴

969 2031 1136 2063 hendatur.
1162 2032 1202 2063 sic
1229 2041 1334 2063 autem
1361 2035 1497 2072 censeo,
1521 2033 1652 2065 actionis
1668 2042 1718 2064 aut
1737 2032 1840 2071 nomi-3

969 2072 1016 2104 nis
1037 2074 1254 2113 appellatione
1283 2083 1348 2105 non
1373 2074 1479 2105 venire
1509 2085 1572 2106 rem
1603 2075 1762 2113 debitam3
1785 2074 1839 2106 sed

965 2114 1013 2154 J'us
1039 2124 1108 2146 eam
1131 2114 1160 2145 in
1184 2115 1303 2154 judicio
1329 2115 1534 2156 persequendi
1553 2115 1579 2157 §.
1599 2127 1626 2148 2.
1646 2115 1715 2157 lrzfi.
1734 2118 1766 2146 de
1781 2117 1838 2147 reb.

967 2161 1042 2196 corp.
1067 2155 1104 2190 δ’
1126 2157 1233 2196 incorp.
1254 2164 1299 2197 pr.
1327 2154 1398 2197 [nst.
1424 2160 1456 2188 de
1478 2157 1611 2188 aaronita
1639 2158 1838 2197 proindeque

967 2197 1091 2228 actione
1114 2204 1167 2228 aut
1197 2200 1324 2229 nomine
1351 2199 1502 2238 vendito,
1528 2209 1591 2229 non
1614 2208 1680 2230 rem
1696 2199 1839 2230 debitam

966 2246 1019 2268 aut
1041 2238 1107 2277 ejus
1133 2240 1309 2271 dominium
1332 2240 1466 2280 intelligi
1495 2240 1684 2278 venditum3
1718 2240 1768 2272 sed
1789 2241 1838 2280 jus

966 2288 1034 2309 earn
1049 2281 1201 2319 petendi,
1224 2281 1497 2322 persequendiqiie
1513 2282 1530 2311 l.
1548 2285 1575 2315 8.
1597 2281 1629 2311 C.
1648 2282 1675 2311 h.
1692 2286 1712 2311 t.
1759 2281 1836 2312 Inde

967 2318 1123 2359 Ulpianus
1145 2322 1164 2351 l.
1183 2332 1212 2360 4.
1237 2323 1264 2353 h.
1290 2329 1311 2352 t.
1356 2323 1406 2360 Si,
1430 2321 1556 2362 inquit,
1594 2331 1711 2354 nomen
1736 2322 1771 2354 fit
1793 2323 1836 2354 di·

968 2361 1133 2400 straCtum,
1159 2362 1265 2393 Celsus
1294 2364 1345 2394 lib.
1365 2373 1394 2399 9.
1420 2362 1625 2404 Digestorum
1644 2364 1765 2400 scribit,
1790 2365 1836 2395 lo-

966 2403 1127 2441 cupletem
1145 2403 1207 2434 effe
1225 2404 1404 2436 debitorem
1418 2429 1425 2441 ,
1451 2415 1514 2435 non
1541 2405 1659 2436 debere
1677 2404 1840 2444 praestare:

968 2443 1146 2475 debitorem
1167 2453 1273 2476 autem
1299 2445 1377 2484 effe,
1403 2446 1566 2485 praellare‚
1591 2445 1642 2477 nisi
1660 2447 1741 2478 aliud
1761 2456 1840 2479 con·

966 2487 1064 2516 venit.
1109 2485 1231 2516 Sufficit
1255 2486 1349 2526 igitur
1378 2486 1555 2525 venditori,
1579 2486 1724 2528 praestare
1740 2488 1838 2520 actio-

967 2535 1058 2556 nem:
1082 2526 1111 2557 &
1134 2528 1241 2566 (quod
1259 2537 1297 2558 ex
1315 2528 1412 2560 Paulo
1429 2528 1586 2568 subjicitur
1601 2530 1619 2559 l.
1633 2529 1682 2569 5.)
1705 2530 1767 2561 fine
1783 2538 1836 2561 ex-

966 2569 1118 2607 ceptione
1143 2577 1295 2608 quoqne3
1327 2579 1396 2600 iiam
1421 2579 1493 2601 cum
1519 2573 1668 2610 exceptio
1692 2571 1727 2602 sit
1751 2570 1836 2612 quati

965 2610 1108 2648 quaedam
1137 2609 1277 2640 exclusio
1301 2610 1432 2642 actionis
1458 2612 1474 2642 lv
1493 2621 1521 2643 2.
1542 2611 1582 2643 D.
1608 2613 1641 2642 de
1657 2620 1764 2653 except,
1789 2611 1834 2642 nil

964 2650 1112 2688 interest,
1137 2651 1204 2689 ipso
1223 2652 1291 2691 jure
1309 2654 1379 2689 quis
1394 2653 1548 2684 actionem
1564 2662 1626 2684 non
1646 2653 1778 2687 habeat,
1794 2661 1835 2683 an

964 2699 1020 2730 pei·
1035 2700 1259 2731 exceptionem
1279 2693 1454 2725 infirmetur
1470 2695 1487 2724 l.
1503 2703 1568 2725 112.
1590 2696 1635 2725 D.
1647 2695 1680 2725 de
1696 2704 1753 2737 reg..
1766 2693 1833 2733 jur-

966 2731 1038 2763 lffloc
1056 2732 1097 2763 ita
1115 2733 1195 2770 esse,
1222 2736 1324 2774 inquit
1350 2735 1460 2767 Paulus
1482 2738 1510 2766 d.
1533 2736 1552 2766 l.
1573 2747 1600 2775 5.
1627 2737 1678 2767 nifi
1704 2735 1777 2772 quid
1800 2734 1833 2765 in

964 2782 1159 2805 contrarium
1185 2776 1288 2807 :icium
1314 2775 1358 2807 lit.
1380 2778 1408 2808 <St
1432 2777 1538 2815 addit,
1562 2777 1579 2807 si
1596 2785 1689 2807 certae
1706 2775 1832 2821 summa·

964 2815 1094 2845 debitor
1117 2816 1215 2848 distes
1232 2817 1285 2855 fit,
1310 2818 1339 2848 in
1357 2827 1422 2849 eam
1440 2817 1588 2849 summam
1608 2816 1705 2846 teneri
1727 2816 1836 2847 vendi-

965 2864 1084 2886 torem:
1108 2856 1126 2887 si
1149 2858 1295 2895 incertae,
1321 2860 1349 2890 δι
1373 2859 1449 2891 nihil
1483 2861 1622 2892 debeat,
1658 2864 1764 2894 quanti
1787 2858 1834 2888 in·

966 2896 1050 2928 tersit
1068 2901 1229 2937 emptoris⁴
1255 2898 1347 2931 Ordo
1366 2901 1454 2931 ducit
1470 2911 1520 2932 me
1538 2900 1574 2929 ad
1592 2896 1738 2942 effectum
1757 2906 1833 2929 ven-

966 2939 1041 2969 diiae
1058 2938 1199 2972 aetionis.
1224 2942 1248 2972 is
1262 2941 1330 2979 est,
1348 2950 1380 2972 ut
1398 2939 1726 2983 venditor,quidquid
1746 2947 1834 2971 com-

967 2981 1146 3019 penliitione
1174 2983 1222 3014 vel
1248 2983 1416 3014 exaflione
1441 2982 1535 3013 fuerit
1553 2980 1762 3016 consecutus,
1787 2981 1834 3011 in-

966 3029 1089 3061 tegrum
1108 3024 1247 3063 emptori
1272 3024 1435 3055 restituere
1460 3021 1669 3066 compellatur
1693 3020 1711 3050 l.
1730 3029 1778 3061 23.
1805 3020 1834 3064 §„

968 3071 992 3092 1.
1012 3062 1036 3092 h.
1056 3069 1075 3094 t.
1091 3065 1212 3103 quodsi
1229 3066 1305 3098 nihil
1322 3063 1461 3103 accepit:
1482 3063 1577 3091 debet
1594 3061 1723 3092 aetionis
1739 3071 1836 3101 quam

967 3104 1112 3136 adversus
1149 3115 1236 3139 reum
1275 3105 1478 3147 principalem
1510 3103 1630 3140 habet,
1662 3112 1759 3134 omne
1786 3105 1834 3143 jus

968 3146 1054 3184 quod
1068 3147 1116 3186 jus
1134 3149 1162 3178 ej
1178 3157 1217 3179 ex
1242 3158 1276 3179 ea
1295 3144 1382 3176 causa
1399 3152 1577 3183 competit,
1603 3152 1663 3174 tarn
1686 3147 1834 3177 adversus

965 3185 1063 3225 ipsum
1086 3198 1193 3227 reum,
1219 3197 1310 3229 quam
1333 3187 1480 3217 adverius
1505 3184 1725 3228 intercessores
1743 3185 1836 3226 hujus

960 3227 1059 3260 debiti
1085 3231 1224 3262 cedere:
1255 3227 1310 3261 nifi
1337 3227 1423 3259 aliud
1441 3225 1545 3259 actum
1567 3225 1612 3259 est
1634 3228 1664 3260 d.
1683 3227 1703 3259 t.
1719 3237 1767 3266 23.
1788 3236 1834 3267 pr.

1029 3268 1083 3300 Rr
1103 3279 1124 3311 3
1729 3269 1832 3301 debet
