2036 3495
82 93 112 127 A
123 102 143 126 n
157 91 204 126 Li
217 102 247 126 B.
259 88 368 124 XXlI.
383 87 417 123 T
427 99 439 124 1
449 98 482 123 T.
493 88 517 124 Ι.
527 86 578 122 De
593 98 611 121 u
628 87 693 121 uris
704 113 712 129 ‚
726 84 950 131 &frzic‘zibus,
962 83 1106 131 &causis
1117 109 1126 130 ‚
1137 84 1324 126 &munibus
1332 84 1546 134 accffonibus
1558 112 1568 129 ,
1585 84 1730 126 &morem
1751 98 1820 135 37r

41 183 121 214 nod.
137 180 156 212 l.
168 190 196 211 2.
213 187 278 210 tum
296 187 336 209 ex
356 177 453 209 Paulo
468 178 495 208 d.
513 176 531 206 l.
544 185 593 216 31.
613 174 652 220 D.
664 175 760 205 clereb.
779 176 851 206 cred.
869 174 905 221 fif?

39 225 57 254 l.
77 229 106 258 8.
126 221 165 252 D.
182 223 215 251 de
229 230 258 251 re
267 220 393 261 judicat.
416 218 458 250 Et
474 226 578 248 tamen
598 216 689 246 aliter
705 215 769 254 est,
787 216 808 247 fi
824 216 905 247 aCtio

40 265 132 296 stritsti
150 262 224 302 juris
241 260 391 301 procedat
406 260 444 291 ad
468 258 677 299 repetendum
713 258 797 297 quod
822 257 903 303 acto-

39 308 80 338 ris
96 303 264 345 aliquando
278 301 394 339 fuerit,
417 300 560 341 quamvis
577 306 663 343 nunc
677 307 742 328 non
759 296 855 328 sittut
872 307 904 328 in

37 347 171 378 indebiti
186 343 412 381 condietione,
437 342 465 372 δι
489 339 691 371 condictione
716 340 757 369 ob
782 338 904 370 causam

39 389 102 420 dati
132 386 218 418 causa
241 393 309 415 non
332 383 477 422 sequuta,
507 379 565 412 suis
583 380 662 410 locis
687 379 731 410 est
757 379 903 410 observa-

39 438 105 460 tum
133 437 172 459 ex
186 427 205 457 l.
227 424 299 466 ¹5-l·
321 423 402 464 65.§.
419 432 447 463 7.
465 421 507 452 D.
524 423 557 452 de
572 419 691 451 condier.
710 422 802 452 indeh.
820 421 857 455 &³
872 430 902 451 a·

37 470 94 501 liis.
125 469 240 508 Utique
258 465 402 506 promiss'a
424 462 499 494 mihi
525 461 728 507 stipulatione
748 472 799 501 re,
833 471 903 508 quae

38 520 108 541 mea
123 518 185 540 non
203 507 282 545 fuit,
306 515 355 537 me
372 503 492 536 sru6⁴ffls
507 502 616 534 officio
631 503 751 543 judicis
762 504 793 535 in
809 503 905 534 εόῒιοι

37 561 78 583 ne
93 560 132 581 ex
152 549 311 589 stipulatu,
333 552 461 586 propter
483 553 604 576 moram
616 568 625 583 ‚
643 544 811 585 consequi,
828 544 904 576 Pau-

36 594 86 625 lus
102 598 215 632 negat:
240 587 290 619 scd
306 586 326 618 ss
343 594 510 626 acceptum
527 586 560 617 fit
577 585 728 625 judicium
741 592 837 623 ,tunc
849 594 904 625 pu·

37 642 100 671 tat,
119 642 168 664 me
184 631 254 662 illos
273 628 443 659 secundum
460 625 607 658 Sabinum
625 626 800 659 &Caffium
809 635 848 658 ex
866 634 903 656 ω-

38 669 367 746 ςυέἑὲἑὲἀεᾶῖἓῐὲἓυέέὲ
375 668 628 750 {gcg'junffmlgi
644 674 816 748 g'ddidero,
831 717 901 750 pro-

669 791 1022 828 T1Tutus

948 175 1033 206 xime
1051 175 1168 207 dietum
1185 176 1224 207 de
1241 175 1346 214 causa,
1371 175 1401 207 &
1423 174 1594 215 fruffibus,
1610 184 1648 207 ac
1662 183 1773 216 partu,
1788 178 1821 209 in

949 216 1126 248 actionibus
1146 216 1239 248 stricii
1254 217 1331 257 juris
1346 216 1462 257 Judicis
1477 217 1584 249 officio
1608 217 1786 258 praestandis
1801 227 1819 249 a

948 265 1095 298 tempore
1112 257 1173 288 lit1s
1199 257 1405 297 contestatae,
1429 258 1467 289 ad
1493 259 1596 290 usuras
1619 267 1680 290 non
1698 258 1817 299 pertin-

946 306 1029 338 gere.
1056 297 1110 329 Est
1128 299 1159 329 id
1170 297 1447 338 verisfimum3nec
1459 299 1562 340 potest
1579 298 1711 331 fortiore
1726 299 1818 331 evin·

947 339 975 369 ci
993 347 1195 379 argumentO‚
1206 347 1299 378 quam
1311 340 1355 371 est
1372 340 1620 381 sequens;quod
1629 340 1745 380 usurae,
1761 340 1816 372 niss

946 378 1149 420 stipulatione
1166 379 1339 419 promissae,
1352 381 1421 419 jure
1430 381 1515 413 civili
1525 382 1616 413 fuere
1625 383 1818 424 incognitae:

947 421 1050 452 donec
1073 419 1308 452 Constitutione
1332 420 1407 452 Divi
1432 422 1478 453 Pii
1499 422 1609 454 officio
1632 423 1752 463 Judicis
1773 432 1817 455 ex

947 470 1036 493 mora
1053 461 1120 493 sunt
1138 462 1347 494 introductae:
1372 461 1422 493 sed
1441 463 1470 493 in
1488 463 1555 494 solis
1571 464 1667 495 bonae
1683 464 1757 497 fidei
1771 466 1820 506 Ju-

947 502 1044 534 diciis.
1061 504 1165 542 addo,
1180 503 1210 534 &
1231 503 1340 543 legatis
1356 511 1393 534 ac
1409 502 1674 544 fideicommiffis3
1697 515 1763 538 non
1781 507 1815 538 in

947 543 1014 575 aliis
1031 542 1106 575 item
1123 542 1245 584 judiciis
1262 544 1355 576 stricti
1370 544 1467 585 juris:
1483 545 1618 585 ideoque
1632 555 1697 578 non
1715 546 1814 578 solita:

947 585 977 615 in
995 585 1062 622 his,
1080 585 1275 616 fiantelitcm
1291 585 1495 617 contestatam
1514 596 1577 617 non
1588 596 1816 623 cucurrerunt,

946 625 1001 657 lite
1008 625 1182 657 contestata
1197 625 1336 666 incipere
1344 635 1475 658 currere.
1485 626 1544 657 Sed
1554 628 1592 658 de
1603 627 1649 658 his
1658 628 1703 660 lib.
1717 639 1747 661 2.
1763 630 1815 660 Dc

936 667 1051 706 soenore
1066 667 1103 702 ὅ)
1119 668 1216 707 usuris
1231 677 1256 698 c.
1274 671 1304 699 6.
1321 667 1390 703 &a
1405 667 1633 709 12.scrips1jam
1649 669 1721 700 talia
1736 670 1817 701 mul-

944 716 976 739 ta
984 731 995 748 ,
1005 717 1075 741 ante
1085 718 1150 741 non
1167 708 1293 751 vulgata
1304 711 1343 742 ab
1352 709 1429 742 aliis.
1447 717 1506 741 nec
1516 709 1568 740 hic
1580 709 1710 742 verbum
1720 711 1815 744 addo.

1087 784 1138 827 11.

756 859 807 896 De
825 861 945 894 nautico
951 858 1089 905 foenore.

81 966 99 989 n
125 956 188 988 hoc
202 953 317 987 Titulo
340 952 393 992 qui
414 950 458 983 est
478 949 639 990 superioris
665 947 792 991 portio,
816 958 900 990 quae-

40 959 80 1034 I
101 997 170 1030 darn
190 997 259 1029 sunt
277 993 439 1028 intellectu
463 992 621 1031 difficilia,
645 992 787 1031 quaedam
803 992 899 1022 etiam

40 1031 215 1081 corrupta3
244 1038 292 1071 sed
323 1045 357 1068 ea
387 1034 547 1068 emendavi
584 1034 614 1066 dt
646 1032 797 1065 illustravi
824 1041 898 1065 meo

942 948 1093 1024 moredljb.
1111 957 1140 981 2.
1159 949 1212 982 De
1225 949 1337 991 faenore
1355 949 1392 986 ὅ)
1408 950 1582 993 zafariam?
1598 960 1692 994 quam
1711 951 1815 992 reete,

944 998 977 1022 tu
989 999 1024 1032 Ju
1050 998 1108 1022 ica.

639 1107 989 1153 Tirutus
1045 1106 1128 1152 11'1'.

599 1191 651 1228 De
659 1193 886 1239 probationibus
903 1189 944 1231 δέ’
953 1190 1246 1239 praefizmptz'onihus.

127 1287 189 1319 atio
205 1284 295 1326 positi
314 1285 377 1316 hoc
399 1283 474 1316 loco
491 1281 612 1320 Tituli,
636 1280 688 1313 De
710 1280 900 1322 probationi·

43 1288 125 1364 R
148 1328 203 1359 bus
220 1327 249 1358 &
268 1325 581 1366 praesumptionibus,
605 1322 710 1363 potest
726 1323 795 1354 haec
812 1323 898 1354 vide-

43 1372 88 1403 ri:
111 1369 198 1410 quod
214 1367 283 1408 post
298 1366 478 1397 contractus
496 1374 667 1404 eorumque
683 1365 876 1396 acceffiones
888 1387 897 1402 ,

40 1413 81 1443 cle
96 1410 208 1451 quibus
224 1408 324 1439 actum
340 1407 370 1438 in
393 1405 623 1446 superioribus,
647 1406 742 1437 etiam
760 1404 896 1437 necessa-

38 1453 83 1483 ria
105 1451 166 1483 visa
189 1445 232 1481 est
256 1457 365 1480 eorum
389 1448 554 1488 probatio:
576 1455 747 1491 propterea
772 1448 857 1488 quod
881 1456 897 1478 a

39 1493 125 1525 facto
142 1492 337 1532 pendentes,
360 1489 414 1520 nisi
432 1489 627 1532 probentur,
650 1488 726 1520 nulli
743 1487 821 1519 sunt.

75 1533 130 1564 Est
146 1541 251 1563 autem
269 1530 435 1571 probatio,
451 1529 529 1560 fides
547 1529 687 1569 legitima
702 1538 795 1573 quam
813 1528 897 1568 Judi·

40 1573 69 1605 ci
84 1575 124 1605 de
140 1583 173 1604 re
196 1570 398 1603 controversa
420 1569 499 1601 facit
523 1570 548 1601 is
570 1570 623 1610 qui
650 1570 735 1601 dicit.
759 1569 896 1602 Primum

38 1615 137 1652 volo,
160 1613 380 1654 probationem
395 1610 456 1642 effe
474 1610 591 1642 fidem:
616 1610 643 1642 &
662 1619 790 1650 movet,
814 1612 897 1651 quod

38 1655 83 1688 est
99 1664 178 1686 unus
196 1651 387 1695 probationis
402 1652 490 1689 finis,
514 1651 718 1692 persuadere,
734 1653 765 1684 id
782 1653 844 1691 est,
862 1653 897 1684 fi-

38 1698 111 1730 dem
129 1695 246 1727 facere.
270 1694 344 1726 inde
363 1692 441 1725 fides
458 1692 755 1732 instrumentorum,
772 1694 801 1725 &
817 1693 897 1726 fides

38 1738 172 1769 testium.
217 1735 316 1767 Recte
333 1735 428 1776 igitur
444 1732 587 1766 definitio
604 1735 825 1775 probationem
843 1745 900 1767 vo-

37 1786 88 1810 cat
113 1778 229 1816 fidem,
259 1775 310 1808 sed
335 1775 523 1817 legitimam:
555 1776 719 1816 quomodo
745 1775 860 1807 Paulus
881 1776 901 1808 l.

36 1830 87 1860 25.
107 1821 154 1851 D·
173 1820 200 1851 h.
218 1824 240 1849 t.
257 1816 412 1858 legitimas
431 1817 508 1848 dicit
526 1817 751 1857 probationes:
773 1816 902 1849 arbitra·

36 1869 106 1899 tus,
122 1870 186 1892 non
202 1858 342 1891 sufficere
357 1858 464 1899 quales
482 1858 606 1897 quales:
629 1857 681 1890 sed
697 1857 818 1900 legibus
835 1867 900 1890 mo·

33 1900 185 1942 ribusque
202 1907 357 1941 receptas.
379 1898 536 1930 Praeterea
560 1899 602 1930 ait
635 1897 779 1931 definitio
796 1923 806 1939 ,
830 1909 901 1941 pro-

34 1943 195 1974 bationem
219 1940 364 1982 praestare
389 1939 485 1972 fidem
518 1940 563 1971 rei
588 1940 811 1973 controversae.
841 1950 902 1973 nec

35 1985 100 2015 hoc
121 1982 253 2014 frustra:
285 1991 356 2014 nam
380 1982 465 2021 quod
488 1981 571 2012 ultro
595 1982 712 2021 liquet,
736 1991 802 2022 non
827 1989 902 2024 eget

33 2025 234 2065 probatione.
276 2023 458 2055 Commode
483 2021 700 2065 Quintilianus
716 2023 762 2055 lib.
779 2034 808 2066 5.
828 2022 901 2064 Infi.

35 2072 106 2098 orac.
118 2076 142 2097 c.
163 2075 172 2096 ι
179 2076 207 2097 2.
222 2065 258 2096 In
273 2067 354 2095 rebus
370 2065 475 2103 apertis
490 2065 692 2104 argumentari
708 2070 767 2095 tam
776 2064 816 2102 fic
826 2062 901 2105 stul-

34 2111 113 2144 tum,
126 2117 212 2148 quam
229 2107 259 2136 in
275 2104 455 2146 clariffimzim
469 2105 551 2142 lolem
568 2106 685 2137 mortale
698 2105 794 2137 lumen
810 2107 900 2146 infer-

33 2158 72 2179 re.
107 2148 205 2180 Porro
231 2146 375 2180 definitio
390 2170 399 2181 ,
426 2146 538 2186 jubens
562 2156 628 2178 rem
660 2148 899 2179 controversam

31 2189 178 2229 probari,
189 2197 255 2219 eam
274 2186 423 2228 fignificat
438 2197 502 2218 rem
515 2188 554 2218 de
572 2197 632 2228 qua
644 2187 678 2218 lis
688 2187 747 2219 est:
761 2190 898 2221 maxime

33 2240 107 2262 cum
124 2229 168 2261 cst
184 2230 223 2261 de
240 2228 325 2260 satio
342 2229 361 2258 l.
384 2232 428 2259 16.
449 2228 480 2258 C.
498 2230 524 2259 b.
543 2235 564 2258 t.
590 2228 754 2270 Exempla·
770 2230 799 2261 in
823 2231 842 2260 l.
867 2233 897 2261 6.

34 2270 71 2306 δ”
92 2272 112 2302 l.
142 2281 190 2312 23.
208 2270 250 2301 D.
266 2271 292 2301 b.
311 2276 330 2301 t.
348 2269 522 2309 licebitque
548 2269 593 2301 his
614 2270 746 2310 jungere
767 2271 897 2310 sequen-

34 2321 97 2346 tem
114 2312 270 2343 Martialis
287 2311 543 2342 observationem
560 2320 600 2343 ex
614 2311 662 2341 lib.
681 2314 713 2342 6.
730 2311 834 2353 Epigr.
847 2321 894 2349 19.

113 2353 187 2385 Non
202 2355 235 2384 de
251 2354 300 2390 vi,
324 2361 413 2392 neque
426 2353 515 2390 ccede,
538 2361 589 2382 nec
602 2361 709 2392 ‘ueneno
718 2375 730 2392 ‚

109 2395 165 2426 Sed
179 2394 213 2425 lis
229 2392 266 2433 est
283 2394 353 2424 mibi
367 2394 400 2423 de
415 2394 508 2423 tribus
522 2392 646 2433 capellis.

114 2435 214 2467 Vicini
229 2444 330 2477 queror
346 2435 396 2465 bas
409 2432 496 2473 abeffe
498 2434 598 2474 furto.

114 2476 179 2507 Hoc
189 2479 283 2517 Judex
292 2474 348 2513 fibi
360 2473 485 2516 postulat
500 2476 624 2515 probari.

39 2515 140 2557 Quod
156 2519 193 2548 ad
210 2521 256 2557 jus
272 2516 404 2553 attinet,
429 2516 491 2547 hoc
515 2516 559 2548 est
582 2515 706 2548 finitum
725 2516 755 2548 ὅ(
772 2524 896 2549 certum

36 2557 55 2588 l.
72 2567 100 2589 2.
120 2557 160 2588 D.
179 2558 209 2587 de
220 2559 282 2597 Jur.
300 2557 336 2593 δέ)
344 2557 424 2597 fast.
441 2560 533 2599 ignor.
551 2559 594 2588 ita
610 2567 674 2589 non
691 2566 766 2599 eget
782 2559 897 2600 proba-

34 2598 140 2630 tione:
157 2599 231 2638 quin
249 2598 291 2629 est
308 2598 447 2631 officium
462 2598 600 2639 Judicis,
613 2598 803 2639 supplere,fi
820 2600 897 2640 quid

34 2638 112 2671 defit
128 2639 288 2678 advocatis
302 2639 359 2670 hac
377 2640 408 2671 in
424 2648 512 2680 parte
529 2640 549 2672 l.
570 2641 647 2671 unic.
658 2640 691 2671 C.
713 2639 757 2671 Ut
770 2650 835 2682 quae
849 2642 895 2672 de-

24 2681 101 2719 sunt
117 2681 272 2711 advocatis.
291 2678 455 2712 Esttamen
472 2682 630 2713 interdum
650 2681 679 2713 &
691 2682 740 2721 jus
757 2682 894 2721 proban-

34 2722 127 2759 dum,
152 2719 323 2760 praesertim
345 2720 514 2761 fingulare,
538 2731 572 2753 ut
598 2722 642 2754 est
666 2723 849 2764 exemplum
872 2723 892 2755 l.

31 2772 62 2802 5.
82 2763 129 2794 D.
146 2763 174 2792 b.
192 2768 213 2792 t.
234 2762 310 2792 item
325 2761 372 2801 {us
395 2771 458 2793 non
481 2762 647 2804 scriptum:
672 2772 741 2795 nam
766 2765 799 2795 id
816 2774 894 2796 con-

32 2803 92 2835 stat
112 2804 207 2834 tacita
230 2802 343 2842 Populi
369 2803 549 2843 voluntate,
573 2815 637 2837 non
663 2805 754 2836 aliter
779 2805 894 2836 intelli·

33 2844 158 2886 genda,
182 2852 274 2882 quam
292 2844 420 2875 demum
434 2844 569 2876 moribus
585 2846 737 2878 diuturnis
756 2846 786 2877 ἀ
806 2847 891 2877 astu-

32 2894 86 2917 um
104 2884 299 2925 frequentia:
322 2885 352 2915 id
370 2884 433 2923 est,
456 2895 496 2918 ex
511 2885 605 2919 facto.
629 2887 682 2919 sed
706 2889 746 2920 de
764 2888 827 2919 hoc
850 2887 895 2919 di·

33 2927 117 2958 ctum
136 2925 222 2964 supra
234 2926 283 2957 lib.
310 2935 334 2956 1.
356 2924 412 2957 Tic.
429 2936 459 2967 3.

74 2966 201 3007 Insuper
218 2966 260 2998 ait
270 2966 414 2998 definitio
425 2991 434 3005 ,
445 2969 662 3007 probationem
674 2970 860 3002 incumbere
869 2968 898 3000 ei

31 3008 85 3051 qui
101 3008 271 3047 dicit3n0n
291 3009 344 3048 qui
361 3016 464 3048 negat.
486 3010 581 3050 idque
599 3010 712 3042 Paulus
730 3009 900 3042 confirmat

29 3053 50 3084 1.
67 3061 95 3083 2.
114 3051 160 3081 D.
175 3050 202 3081 h.
214 3049 274 3080 t.&
291 3050 473 3089 exemplum
485 3051 614 3090 ponitin
632 3053 690 3091 l.5.
707 3053 763 3083 ὼε.
777 3052 827 3082 Ab
841 3061 896 3089 ea,

29 3091 194 3132 inquiens,
219 3098 308 3131 parte
328 3099 396 3129 quae
416 3090 510 3130 dicit,
529 3092 736 3124 adversarium
753 3093 839 3124 suum
857 3093 896 3124 ab

29 3132 207 3172 aliquojure
222 3131 398 3172 specialiter
407 3131 467 3163 effe
478 3133 669 3173 prohibitum
681 3135 749 3174 lege
758 3134 809 3164 vel
820 3143 897 3165 con·

30 3173 213 3246 1iitltitionJI,
238 3172 269 3207 id
286 3172 412 3215 probari
428 3181 565 3217 oportet.
589 3174 706 3209 Probat
724 3174 896 3218 igitur-fine

99 3223 151 3246 om.
210 3237 218 3247 .

943 1279 1041 1312 dubio
1057 1279 1159 1312 actor:
1182 1281 1255 1321 quia
1274 1278 1299 1314 is
1313 1281 1502 1323 plerumque
1525 1282 1621 1323 dicit,
1643 1284 1698 1317 sibi
1715 1285 1813 1317 debe·-

941 1323 964 1353 ri
978 1345 987 1361 ,
1005 1322 1133 1354 suumve
1149 1321 1210 1354 esse
1225 1324 1313 1364 quod
1322 1325 1418 1364 petit:
1434 1334 1504 1356 reus
1513 1333 1609 1366 negat
1623 1326 1641 1356 l.
1651 1335 1680 1357 2.
1698 1326 1730 1357 C.
1745 1327 1773 1357 h.
1790 1332 1814 1357 t.

942 1363 1051 1395 Potest
1067 1371 1173 1395 tamen
1190 1364 1342 1403 evenire,
1364 1372 1402 1397 ut
1417 1375 1488 1397 reus
1513 1365 1617 1399 dicat:
1641 1375 1747 1408 eoque
1762 1376 1814 1398 can

940 1404 972 1435 su
991 1412 1054 1436 tam
1072 1414 1164 1444 eum,
1176 1414 1270 1445 quam
1287 1405 1593 1446 astorem,probare
1603 1409 1689 1448 quod
1706 1409 1811 1440 inten—

940 1446 1007 1485 dit,
1030 1445 1165 1478 Severus
1181 1447 1211 1477 ὅ(
1227 1447 1408 1479 Antoninus
1422 1447 1592 1480 observant
1607 1450 1628 1480 l.
1647 1458 1673 1481 1.
1693 1449 1725 1480 C.
1742 1450 1769 1481 b.
1786 1454 1811 1480 t.

940 1486 988 1519 his
1002 1487 1124 1519 verbis:
1157 1482 1203 1518 Ut
1223 1487 1364 1519 creditor
1379 1490 1434 1528 qui
1458 1489 1626 1529 pecuniam
1651 1491 1733 1529 petit
1757 1499 1816 1522 nu-

940 1537 1111 1566 meratam,
1124 1528 1254 1569 implere
1264 1529 1461 1570 cogitur,ita
1477 1529 1596 1562 rursum
1612 1531 1741 1562 debitor
1757 1531 1814 1572 qui

939 1569 1070 1602 solutam
1089 1567 1242 1608 affirmat,
1265 1571 1332 1609 ejus
1350 1569 1394 1601 rei
1412 1570 1638 1611 probationem
1661 1570 1812 1613 praestare

939 1611 1048 1642 debet.
1072 1610 1222 1643 Similiter
1238 1609 1392 1651 Ulpianus
1406 1612 1425 1642 l.
1448 1620 1495 1649 ις).
1513 1612 1559 1644 D.
1575 1613 1604 1644 b.
1624 1617 1647 1644 t.
1664 1612 1700 1644 In
1717 1618 1813 1645 exce-'-

940 1652 1124 1693 ptionibus,
1146 1651 1268 1692 inquit,
1291 1652 1461 1697 dicendum
1479 1652 1542 1692 est,
1565 1661 1654 1686 reum
1668 1653 1812 1696 partibus

943 1692 1055 1726 actoris
1071 1693 1161 1735 fungi
1177 1701 1352 1734 oportere3
1380 1693 1547 1736 ipsumque
1562 1696 1815 1736 exceptionem,

944 1735 1033 1766 velut
1059 1735 1293 1774 intentionem,
1322 1735 1472 1776 implere:
1502 1736 1538 1767 ut
1561 1743 1655 1776 puta,
1684 1734 1705 1768 si
1726 1736 1815 1777 pacti

945 1776 1096 1808 conventi
1118 1775 1314 1817 exceptione
1336 1784 1462 1815 utatur,
1485 1777 1603 1809 docere
1617 1777 1733 1817 debet,
1757 1786 1814 1816 pa-

942 1816 1028 1849 ctum
1044 1825 1241 1850 conventum
1265 1816 1386 1850 factum
1409 1817 1479 1850 effe.
1501 1817 1573 1858 Sic,
1595 1817 1617 1851 fi
1641 1819 1718 1860 quid
1731 1817 1816 1851 affir-

942 1867 1011 1890 met
1024 1867 1105 1892 reus.
1125 1866 1156 1891 at
1173 1859 1192 1891 si
1208 1866 1325 1905 negat,
1348 1866 1384 1892 ut
1406 1859 1491 1899 dixi,
1516 1859 1631 1892 astoris
1656 1859 1811 1901 probatio

944 1898 1004 1931 est:
1026 1900 1070 1931 rei
1086 1909 1151 1932 non
1173 1900 1228 1932 est.
1252 1901 1348 1942 idque
1371 1901 1452 1934 adeo
1474 1910 1588 1934 verum
1608 1900 1673 1942 est3
1691 1909 1726 1933 ut
1744 1901 1776 1933 in
1790 1902 1815 1933 l.

943 1950 973 1980 4.
991 1940 1025 1972 C.
1043 1942 1076 1972 de
1093 1942 1197 1973 edendo
1213 1941 1437 1983 Epaphrodito
1454 1943 1578 1975 cuidam
1603 1942 1646 1975 fic
1661 1942 1814 1976 rescribat

944 1983 1140 2016 Antoninus:
1163 1983 1283 2015 Actore
1305 1992 1370 2016 non
1388 1984 1565 2025 probante,
1589 1984 1643 2026 qui
1659 1983 1815 2016 conveni-

944 2031 1015 2062 tur,
1037 2023 1092 2056 etfi
1111 2024 1190 2057 nihil
1214 2024 1277 2066 ipse
1318 2025 1437 2064 raestat,
1460 2025 1631 2061 obtinebit.
1654 2025 1818 2070 Et1Anto-

944 2065 1022 2096 nino
1039 2066 1271 2097 convenienter
1323 2067 1511 2099 iocletianus
1528 2076 1566 2099 ac
1577 2066 1813 2106 Maximianus,

942 2105 1061 2144 Actor,
1093 2105 1257 2147 inquiunt,
1288 2109 1377 2149 quod
1406 2108 1588 2147 adseverat,
1619 2108 1756 2149 probare
1780 2106 1814 2140 se

943 2156 1006 2178 non
1023 2146 1110 2188 poss'e
1120 2148 1422 2188 profitendo,reum
1438 2150 1621 2182 neceffitate
1638 2149 1814 2182 monstran-

942 2187 973 2218 di
994 2189 1189 2221 contrarium
1213 2199 1280 2221 non
1305 2190 1478 2233 adstringit.
1522 2190 1563 2222 Et
1586 2190 1751 2223 causantur
1766 2189 1813 2223 illi

941 2229 1168 2270 Imperatores:
1200 2231 1286 2270 quod
1309 2241 1365 2272 per
1395 2241 1499 2264 rerum
1524 2239 1666 2264 naturam
1689 2231 1812 2264 factum

940 2271 1083 2311 negantis
1098 2272 1248 2312 probatio
1265 2273 1349 2305 nulla
1359 2272 1414 2305 est.
1433 2272 1615 2305 Veriffime:
1655 2272 1707 2306 uid
1725 2272 1812 2305 enim

939 2310 985 2343 est
1007 2312 1160 2353 negatio?
1183 2313 1272 2345 nibil.
1303 2315 1391 2355 atqui
1410 2315 1498 2354 quod
1521 2323 1585 2346 non
1613 2324 1631 2345 e
1667 2315 1813 2356 ,proba-

938 2353 984 2392 ri,
1014 2354 1045 2385 id
1077 2353 1122 2385 est
1144 2354 1335 2393 monstrari,
1365 2355 1451 2387 nulla
1473 2355 1523 2386 via
1548 2355 1664 2396 potest.
1697 2363 1812 2389 contra

938 2395 1027 2467 {guod
1045 2394 1233 2434 affirmatur,
1256 2396 1290 2427 in
1305 2393 1392 2427 facto
1414 2396 1560 2437 ponitur,
1584 2397 1613 2429 &
1631 2403 1666 2429 ut
1683 2397 1810 2439 potest,

951 2444 982 2467 ic
999 2436 1118 2475 debet,
1149 2436 1284 2477 probari.
1318 2437 1370 2469 sed
1395 2437 1458 2468 hoc
1481 2438 1631 2471 traditum
1660 2439 1679 2469 l.
1702 2448 1750 2472 10.
1774 2439 1811 2471 C.

938 2477 972 2507 de
996 2486 1052 2508 non
1087 2484 1230 2509 numerat.
1256 2484 1360 2518 pecun.
1398 2478 1479 2510 Illud
1511 2478 1710 2520 praetermitti
1743 2490 1811 2513 non

939 2525 1088 2558 oportet,
1111 2519 1198 2559 quod
1221 2518 1387 2559 aliquando
1410 2529 1479 2560 quae
1504 2520 1604 2562 prima
1618 2519 1703 2553 facie
1720 2523 1812 2554 vide-

941 2565 992 2590 tur
1010 2559 1157 2600 negatio,
1182 2559 1313 2593 interius
1329 2559 1485 2602 spectata,
1509 2561 1693 2603 implicitam
1710 2562 1811 2595 haber:

940 2600 1200 2634 affirmationem:
1216 2601 1355 2643 ideoque
1372 2603 1494 2644 probari
1511 2603 1627 2643 debet,
1644 2604 1728 2645 quasi
1747 2613 1809 2645 pro

941 2641 1153 2673 affirmatione
1177 2643 1271 2674 cedat
1298 2646 1415 2684 magis,
1438 2653 1531 2685 quam
1548 2653 1608 2685 pro
1624 2645 1807 2686 negatione.

937 2683 988 2714 Ab
1005 2684 1063 2714 hac
1083 2684 1173 2718 causa
1191 2684 1353 2724 respondit
1363 2684 1473 2718 Paulus
1489 2685 1508 2717 l.
1518 2696 1547 2727 5.
1560 2681 1590 2728 §.
1604 2687 1684 2718 1.D.
1697 2686 1724 2716 h.
1736 2690 1758 2716 t.
1774 2684 1809 2715 Si

936 2725 1006 2764 quis
1024 2732 1138 2765 negat,
1162 2726 1452 2766 emancipationem
1475 2727 1562 2758 red‘te
1580 2726 1714 2764 faciam,
1737 2734 1809 2766 pro-

937 2765 1100 2796 bationem
1119 2765 1216 2805 ipsum
1226 2766 1372 2808 praestare
1385 2768 1513 2800 debere.
1523 2767 1607 2800 Nem
1634 2776 1651 2797 e
1666 2775 1808 2810 negans,

937 2806 1227 2846 emancipationem
1252 2808 1335 2840 recte
1358 2807 1488 2848 factam,
1518 2809 1549 2840 vi
1566 2808 1597 2847 ip
1612 2816 1629 2838 a
1651 2807 1748 2845 dicit,
1771 2807 1805 2839 in

936 2856 973 2878 ea
997 2846 1109 2879 vitium
1126 2847 1201 2880 esse.
1224 2848 1287 2881 hoc
1306 2849 1399 2891 igitur
1412 2851 1547 2891 probare
1564 2856 1655 2886 cum,
1679 2856 1808 2893 aequum

936 2888 991 2919 est.
1014 2887 1164 2921 Similiter
1193 2891 1236 2921 ait
1263 2891 1377 2923 Paulus
1401 2892 1420 2924 l.
1441 2897 1469 2926 8.
1492 2892 1536 2921 D.
1556 2890 1584 2919 d.
1610 2894 1633 2919 t.
1670 2887 1701 2919 Si
1719 2888 1804 2920 filius

940 2931 972 2961 in
997 2929 1154 2969 potestate
1170 2932 1265 2972 patris
1280 2931 1310 2963 se
1335 2931 1397 2964 esse
1420 2938 1535 2972 neget,
1558 2929 1728 2974 Praztorem
1749 2939 1809 2962 co-

941 2971 1110 3012 gnoscere,
1126 2980 1161 3003 ut
1177 2974 1261 3013 prior
1276 2973 1394 3005 doceat
1410 2971 1501 3003 filius.
1518 2970 1647 3014 duplice
1661 2971 1804 3003 ratione:

943 3022 1004 3043 una
1022 3008 1082 3044 est.
1101 3014 1174 3053 quia
1192 3023 1248 3055 pro
1265 3016 1383 3055 pietate
1393 3019 1486 3053 quam
1503 3014 1584 3051 patri
1607 3011 1724 3056 debet,
1742 3012 1808 3044 hoe

938 3052 1136 3086 statuendum
1152 3054 1212 3088 est:
1235 3053 1332 3087 altera
1356 3054 1417 3092 est,
1442 3052 1529 3092 quod
1548 3051 1577 3082 se
1596 3051 1730 3084 l1berum
1747 3053 1810 3086 ess'e

939 3096 1178 3135 quodammodo
1205 3096 1391 3131 contendit,
1413 3093 1444 3124 id
1471 3092 1535 3132 est,
1565 3092 1807 3130 quodammodo

938 3137 1124 3176 contendit,
1147 3137 1177 3169 se
1193 3139 1233 3169 de
1250 3137 1347 3176 patria
1363 3133 1519 3174 potestate
1535 3132 1597 3166 esse
1622 3133 1786 3168 demiffum
1797 3148 1807 3168 ε

938 3186 1010 3213 cum
1027 3179 1211 3253 naqtumliter
1229 3178 1264 3213 fit
1281 3176 1313 3213 in
1330 3176 1426 3217 patris
1444 3174 1612 3216 potestate.
1626 3177 1713 3211 addit
1728 3177 1807 3244 fau»

1085 3226 1128 3252 aa
1149 3230 1166 3252 2
1737 3227 1800 3250 fis:
