2036 3495
382 93 449 129 An
482 90 574 127 L113.
604 87 662 125 ΠΙ.
698 88 798 126 T1T.
826 87 884 123 Ill.
920 89 969 125 De
982 90 1230 136 procuratoribus
1247 89 1288 130 ἐξ
1304 86 1522 138 dffeiismilms.

43 184 178 220 ‘aetionis
194 185 323 217 nomine
340 183 368 215 ἃ
392 183 433 215 de
458 188 526 213 rato
547 188 677 219 caveat,
701 179 922 220 &judicatum

46 229 124 261 solvi
141 229 169 259 cl.
188 227 206 258 l.
224 236 274 267 39.
288 226 319 298 l§.
336 229 356 255 6
386 224 427 255 D.
445 224 472 255 h.
490 230 513 255 t.
553 222 637 254 Fac:
663 223 768 253 minor
784 222 922 261 postulat

45 269 164 303 restitui
187 269 284 299 adver
301 277 333 299 us
349 266 570 296 venditionem
589 274 605 294 a
624 263 653 294 se
675 261 789 294 fac‘tam
802 275 813 309 :-
833 264 921 304 quod

46 312 143 349 dicit,
168 310 197 341 se
214 309 276 341 effe
295 307 566 344 circumscriptum
586 305 710 336 lubrico
729 312 842 337 aetatis.
867 305 919 337 ab·

47 353 143 385 sentis
167 351 281 384 astoris
304 347 454 381 defensor
476 348 530 378 hic
553 348 596 378 rei
623 354 728 387 partes
747 345 919 386 sustinens,

46 395 173 427 satisdat
199 403 263 424 non
288 399 409 422 tantum
433 390 606 430 judicatum
631 387 729 426 solvi,
754 386 805 420 sed
825 389 919 420 etiam

47 439 88 468 de
101 445 191 473 rato,
209 441 379 474 propterea
397 432 483 471 quod
502 431 543 461 ita
559 429 709 461 facienda
727 428 772 460 est
791 439 820 462 in
838 431 918 461 inte-

44 487 137 519 grum
155 476 329 512 restitutio,
345 480 380 504 nt
397 472 613 512 unusquisque
630 472 788 513 integrum
806 473 917 511 recipi·

48 528 80 551 at
97 520 144 560 Jus
160 518 245 548 suum
262 517 280 547 l.
298 525 344 552 24.
361 514 390 555 §.
405 525 434 552 4.
455 512 496 544 D.
514 514 547 544 de
563 514 667 546 minor.
699 512 805 554 potest
823 514 918 554 igitur

44 560 133 599 fieri,
149 568 183 590 ut
202 558 271 599 post
287 555 518 587 restitutionem
539 556 671 586 minoris
690 555 832 587 reversus
852 565 916 586 em-

46 610 122 642 ptor
145 599 261 640 aliquid
286 607 302 628 a
323 599 446 629 minore
469 603 557 636 petat
578 598 666 636 quod
687 598 751 637 ejus
768 596 918 628 defensor

45 652 111 675 non
129 642 259 683 petitex
275 638 362 670 causa
374 639 556 678 emptionis.
582 639 716 678 proinde
736 646 769 670 ut
785 647 918 678 perom-

46 685 96 716 nia
118 691 218 715 ratum
243 680 279 713 fit
295 681 446 719 judicium
467 689 482 710 a
503 680 627 711 minore
647 681 824 712 exercituin
844 689 917 710 cum

47 724 213 757 defensore
230 721 361 760 aftoris;
378 722 474 753 ctiam
494 721 666 762 praestanda
684 723 797 754 minori
817 721 861 752 est
878 721 918 752 de

46 775 116 798 rato
132 765 248 796 cautio.

84 807 212 839 Deinde
228 806 270 836 ait
287 804 429 838 Praetor:
450 805 665 836 Procuratorem
681 806 719 836 ad
735 805 812 836 litem
825 804 916 843 susci-

40 850 178 890 piendum
196 849 295 877 datiam
311 854 363 886 pro
381 857 436 887 quo
453 848 642 883 consentiente
659 848 790 878 dominus
801 847 905 888 judica

47 897 110 922 tum
124 890 196 927 [alvi
211 889 360 928 exposuit,
380 890 525 930 judicium
541 890 666 928 accipere
689 898 796 929 cogam.
844 887 919 918 Hoc

47 932 161 972 Capite
174 931 293 962 indicat
307 930 427 961 Praetor
444 929 584 961 officium
603 931 818 969 procuratoris
830 938 844 959 a
863 938 918 959 reo

45 975 108 1004 dati
127 974 163 1004 ad
183 973 270 1002 litem
288 971 514 1010 suscipiendam
531 981 538 1002 :
562 981 634 1003 cum
651 981 710 1010 pro
730 980 770 1002 eo
790 969 918 1001 consen·

44 1016 148 1047 tiente
164 1014 312 1045 dominus
329 1012 564 1044 satisdationem
580 1013 754 1051 judicatum
770 1012 846 1043 solvi
864 1021 917 1043 ex·

46 1056 162 1097 posuit.
186 1056 229 1085 ait
240 1064 319 1085 vero
336 1054 476 1093 Praetor,
493 1055 522 1085 id
541 1053 682 1085 officium
702 1053 871 1084 consistere
888 1055 919 1083 in

46 1107 108 1136 eo,
123 1096 191 1128 utis
207 1103 396 1136 procurator
408 1096 471 1126 hoc
491 1094 642 1135 judicium
660 1095 813 1134 suscipiat.
825 1093 919 1134 'quod

45 1139 66 1171 fi
83 1138 180 1170 cesset
194 1137 315 1169 facere:
332 1137 642 1178 prornirtitPraetor,
659 1136 687 1167 se
705 1146 777 1168 eum
793 1135 918 1166 coactu-

45 1189 135 1218 rum,
158 1179 308 1220 judicium
328 1177 491 1218 suscipere.
517 1179 658 1216 loquitur
673 1187 779 1209 autem
798 1177 918 1208 Praetor

45 1222 236 1254 nominatim
261 1220 299 1251 de
325 1220 369 1250 rei
393 1220 619 1259 procuratore3
643 1228 707 1250 non
727 1220 766 1250 de
783 1219 847 1258 ejus
867 1218 918 1248 de-

47 1262 194 1294 fensore:
219 1263 248 1292 &
266 1261 340 1292 ideo
358 1261 446 1301 quod
470 1261 510 1291 de
528 1261 629 1291 altero
645 1260 778 1295 dicitur,
801 1260 917 1300 (quan

48 1313 114 1336 tum
134 1305 171 1334 ad
189 1303 285 1334 <rerba
301 1302 435 1333 attinet:
458 1310 528 1332 nam
546 1303 585 1332 de
603 1308 710 1332 mente
728 1300 837 1340 postea
857 1301 919 1331 dis-

48 1345 231 1387 putabitur)
255 1343 292 1373 ad
319 1342 451 1373 alterum
477 1343 607 1374 extendi
634 1352 700 1373 non
727 1350 873 1381 oportet.
899 1342 920 1372 i-

49 1389 120 1418 dem
136 1385 250 1417 censeo
269 1387 309 1415 de
327 1391 535 1424 procuratore
551 1384 686 1415 actoris:
703 1392 775 1415 nam
795 1384 835 1414 de
855 1383 919 1414 hoc

50 1436 180 1468 quoque
197 1426 263 1459 filet
283 1426 413 1457 Praetor.
454 1426 507 1455 Ait
524 1427 620 1466 igitur
637 1425 775 1462 Praetor,
799 1423 830 1455 se
846 1434 918 1455 coa-

51 1470 172 1501 &urum
203 1468 247 1499 rei
279 1475 547 1507 procuratorem,
577 1467 729 1506 judicium
754 1467 937 1505 acciperffi,

51 1520 123 1541 cum
147 1519 206 1550 pro
230 1518 271 1540 eo
296 1508 517 1539 consentiente
535 1509 683 1540 dominus
700 1508 861 1540 satisdedit
876 1508 921 1547 ju-

53 1552 192 1583 dicatum
204 1549 291 1580 solvi.
316 1550 441 1580 videtur
458 1558 564 1581 autem
581 1548 721 1588 Ulpiano
732 1557 922 1589 procurator

53 1592 251 1629 consentire3
274 1589 295 1621 s1
318 1591 464 1622 dominus
491 1591 553 1621 hoc
572 1591 670 1630 fecit,
696 1601 736 1622 eo
755 1590 874 1622 sciente
891 1591 922 1622 ἀ

53 1643 118 1665 non
137 1631 388 1663 contradicente.
421 1633 508 1671 quod
525 1631 545 1663 si
561 1632 652 1663 aliter
669 1632 772 1663 affirm
790 1631 854 1669 est,
878 1633 922 1663 ait

53 1673 227 1715 Ulpianus,
250 1672 379 1704 incivile
403 1673 530 1712 quidem
556 1673 617 1704 esse
633 1697 642 1712 ‚
667 1673 797 1705 inscium
821 1673 922 1705 teneri

55 1722 317 1755 procuratorem:
341 1713 393 1745 sed
409 1715 453 1745 ob
469 1723 535 1745 rem
553 1724 616 1745 non
636 1714 816 1754 defensam,
844 1714 921 1746 nihi-

53 1757 193 1789 iominus
205 1755 366 1788 committi
383 1754 618 1796 stipulationem
633 1757 653 1788 l.
667 1767 712 1797 15.
727 1756 765 1788 D.
774 1757 802 1788 h.
811 1764 832 1787 t.
854 1755 918 1788 De-

54 1798 166 1831 fiderat
185 1798 279 1839 igitur
295 1796 415 1828 Praetor
433 1795 694 1836 Procuratorem,
718 1798 770 1831 sed
786 1797 917 1830 consen-

56 1842 202 1871 tientem.
229 1839 267 1870 ad
292 1838 394 1877 quid?
418 1838 457 1870 de
481 1837 545 1870 hoc
569 1840 822 1872 deliberabimus.
845 1849 918 1872 nam

55 1882 129 1913 inde
145 1882 265 1920 pendet
279 1881 325 1911 vis
343 1880 371 1910 o&
386 1880 466 1910 ratio
482 1881 655 1912 eoaCtionis
675 1891 770 1922 quam
790 1881 922 1922 pollice·

57 1931 108 1954 tur
125 1923 258 1960 Praetor,
279 1921 326 1952 ‘est
343 1930 447 1953 autem
464 1921 527 1961 ejus
544 1921 678 1963 scopus,
702 1923 828 1964 utrique
846 1932 922 1955 con-

54 1963 172 2002 sulere,
194 1963 224 1994 &
249 1963 347 1994 astori
373 1963 403 1994 ἃ
427 1964 574 1995 domino:
598 1964 689 2003 huic,
713 1971 753 1997 ne
777 1965 923 1997 adversus

55 2014 127 2037 eum
137 2006 357 2036 committatur
365 2003 585 2043 autstipulatio
596 2014 650 2038 aut
658 2005 817 2038 satisdatio
830 2016 923 2047 quam

54 2055 113 2087 pro
131 2056 171 2077 eo
189 2045 409 2077 consentiente
426 2045 592 2085 exposuit:
616 2048 679 2087 illi,
699 2054 740 2079 ne
758 2049 823 2089 ejus
840 2048 923 2080 affio

55 2096 186 2125 pereat,
202 2096 283 2118 neve
300 2087 390 2118 aliter
407 2086 488 2117 ferat
507 2089 654 2121 damnum
672 2098 715 2121 ex
730 2090 838 2129 judicii
856 2099 923 2121 mo-

54 2136 87 2160 ra
105 2129 134 2160 &
153 2128 261 2160 tractu.
293 2137 463 2168 utrumque
487 2130 779 2169 provitlentiffiine:
803 2141 875 2162 cum
895 2141 924 2162 e·

57 2171 122 2202 nim
137 2170 236 2210 pass'us
253 2169 297 2200 est
314 2178 518 2209 procurator,
537 2180 595 2211 pro
612 2171 642 2204 se
660 2173 820 2205 adomino
838 2172 923 2204 satis-

57 2212 122 2243 dari
138 2212 309 2250 judicatum
325 2211 423 2242 solvi:
445 2211 632 2254 intelligitur
649 2214 678 2244 &
699 2223 772 2245 curn
789 2215 923 2246 domino

57 2253 87 2284 &
105 2261 177 2283 cum
193 2252 299 2283 a&ore
318 2251 379 2283 effe
397 2252 504 2291 paetus
518 2254 557 2284 de
575 2255 764 2294 accipiendo
779 2256 921 2295 judicio:

57 2294 272 2335 praeeuntibus
292 2293 337 2324 bis
353 2292 456 2324 Ediffi
475 2295 578 2326 verbis
589 2319 598 2334 ‚
616 2297 672 2327 Pro
683 2307 737 2338 quo
748 2298 922 2331 consentien-

57 2341 84 2366 te
99 2335 456 2373 dominussatz‘sdcitionem
471 2336 608 2376 exposuit.
640 2347 710 2369 narn
728 2338 924 2370 consentien-

55 2385 122 2408 tem
139 2377 312 2416 accipimus
325 2386 396 2407 eum
417 2377 469 2417 qui
488 2377 662 2417 consensit,
682 2387 717 2410 ut
731 2380 818 2411 litem
838 2379 926 2411 susci-

54 2420 138 2457 piat;
158 2418 188 2449 in
198 2427 331 2458 eamque
344 2427 408 2448 rem
427 2428 491 2449 non
504 2420 604 2451 minus
615 2430 685 2451 cum
696 2421 802 2452 atstore
812 2445 821 2458 ,
831 2430 926 2461 quam

56 2468 129 2490 cum
146 2460 278 2493 domino
295 2459 471 2490 consentit:
495 2469 565 2491 cum
590 2462 761 2501 praesertim
781 2464 819 2494 ad
837 2464 925 2494 litem

57 2498 280 2540 suscipiendam
304 2502 391 2532 datus
418 2511 615 2541 proponatur
649 2512 839 2544 procurator
857 2527 866 2542 ,
897 2504 926 2536 δέ

57 2542 185 2580 quidem
204 2551 219 2571 a
237 2551 310 2572 reo:
333 2551 364 2572 at
381 2544 451 2581 cui,
470 2543 522 2574 nisi
538 2543 656 2583 actori,
679 2555 696 2577 a
713 2555 777 2586 quo
796 2546 821 2576 is
839 2546 926 2586 cogi-

59 2589 110 2613 tur
130 2591 193 2613 rem
212 2581 374 2622 suscipere.
401 2584 442 2614 ita
458 2585 582 2616 necesse
600 2586 663 2624 est,
683 2595 926 2627 procuratorem

58 2622 91 2653 in
115 2631 183 2653 eam
206 2633 272 2654 rem
299 2623 477 2656 consentire
500 2634 562 2658 tam
590 2637 661 2659 cum
679 2628 807 2667 aftore,
832 2638 926 2668 quam

58 2672 131 2694 cum
149 2673 221 2701 re0‚
237 2665 268 2694 id
287 2664 331 2695 est
349 2666 500 2698 domino:
526 2677 597 2700 cum
616 2669 761 2708 constet,
776 2671 818 2701 ita
838 2679 925 2700 com-

59 2712 204 2743 paratum
216 2704 350 2743 eisejure
360 2706 445 2737 civili
455 2717 465 2745 ς
477 2716 510 2738 ut
521 2710 607 2748 quod
619 2710 700 2742 inter
709 2711 789 2743 alios
799 2711 926 2751 pactum

58 2754 254 2778 conventum
266 2745 328 2791 est,
344 2747 409 2778 aliis
423 2757 526 2789 neque
543 2750 659 2789 profit,
676 2761 782 2793 neque
798 2760 926 2784 noceat.

103 2787 262 2819 Caeterum
281 2795 324 2817 ait
347 2787 484 2826 Praetor,
508 2790 614 2831 Cogam
625 2794 771 2833 judicium
787 2795 923 2834 accipere.

57 2828 140 2861 Haec
157 2837 234 2860 vero
250 2828 346 2859 verba
363 2828 553 2869 ostendunt,
577 2841 819 2871 procuratorem
835 2845 851 2866 a
868 2844 925 2866 reo

59 2872 187 2908 datum,
211 2878 274 2900 non
293 2869 393 2908 ultra,
419 2879 511 2910 quam
530 2872 567 2903 ad
587 2873 738 2912 judicium
758 2875 925 2917 suscipien-

59 2913 134 2943 dum
152 2911 263 2942 teneri.
287 2910 437 2950 idemque
456 2912 557 2952 liquet
573 2913 591 2944 l.
609 2924 659 2955 43.
680 2916 709 2956 §.
727 2917 780 2948 ult.
799 2917 842 2948 D.
857 2918 886 2948 b.
904 2923 925 2948 t.

60 2953 197 2993 proinde
215 2953 290 2983 licet
308 2952 336 2982 ei
354 2951 527 2992 susceptam
543 2953 631 2986 litem
649 2956 810 2997 deserere,
833 2958 854 2990 si
875 2968 928 2989 ve-

59 2996 113 3026 lit:
136 3002 196 3025 nec
218 2993 364 3034 cogitur,
389 2993 408 3024 fi
435 2995 664 3028 condemnatus
680 2997 736 3036 fit,
757 3000 928 3040 appellare.

58 3036 194 3068 merito:
218 3037 290 3075 quia
307 3035 349 3065 nil
365 3034 494 3067 interest
511 3037 640 3067 actoris:
657 3039 709 3078 qui
728 3039 871 3080 suscepto
885 3041 931 3080 ju-

60 3077 144 3108 dicio
156 3100 165 3116 ,
181 3077 286 3118 potest
301 3077 472 3117 consequi,
496 3085 530 3107 ut
548 3078 701 3110 sententia
716 3081 862 3113 adversus
878 3083 931 3112 ab·

60 3118 182 3150 sentem
198 3117 319 3149 feratur
334 3117 378 3158 l.7
384 3129 411 3159 3.
428 3117 468 3150 D.
488 3119 521 3149 de
526 3119 656 3161 judiciis.
675 3130 864 3161 procurator
879 3132 931 3153 ve-

62 3158 131 3190 rofi
143 3168 206 3190 non
223 3159 363 3200 appellet
379 3169 395 3190 a
413 3160 474 3192 lata
489 3158 663 3202 sententia3
688 3163 784 3205 magis
802 3163 932 3206 prodest

60 3200 176 3238 actori,
199 3209 293 3241 quam
308 3209 418 3234 nocet.

1797 100 1840 139 ‚72

1007 180 1107 213 Porro
1123 189 1196 212 cum
1213 181 1256 212 ait
1275 181 1417 221 Praetor,
1443 183 1570 225 Cogam:
1593 183 1744 225 intelligit
1768 192 1844 215 coa—

966 223 1104 255 cuonem
1117 244 1128 258 ,
1145 222 1266 254 solitam
1288 223 1354 255 fieri
1368 226 1516 256 remediis
1534 226 1709 265 memoriis,
1726 226 1757 256 id
1777 226 1819 256 est
1832 245 1842 264 3

964 264 1088 296 mule'tae
1104 264 1245 297 diCtione
1261 265 1291 297 ἃ,
1310 267 1452 306 pignoris
1470 267 1642 307 captione3
1659 275 1694 298 ut
1710 276 1842 308 apparet

963 315 1004 337 ex
1025 307 1044 336 l.
1065 315 1111 346 15.
1139 307 1156 336 l.
1175 316 1224 347 43.
1248 306 1275 347 ὃ.
1292 307 1345 337 ult.
1371 307 1408 342 &⁹
1428 307 1445 338 l.
1463 318 1512 348 45.
1533 307 1573 338 D.
1593 309 1620 339 h.
1638 315 1659 340 ι.
1677 308 1758 341 Illud
1776 318 1842 340 non

964 346 1008 378 est
1018 349 1274 388 praetereundum
1286 373 1294 387 ‚
1307 350 1394 388 quod
1408 347 1562 390 Ulpianus
1573 349 1738 389 observat,
1755 349 1843 381 hunc

965 396 1209 430 procuratorem
1243 390 1281 420 ad
1311 389 1544 431 suscipiendum
1572 392 1724 431 judicium
1749 392 1842 433 cogi,

962 439 1027 461 non
1040 430 1139 461 modo
1152 431 1229 461 vivo
1238 430 1372 462 domino
1383 455 1392 469 ‚
1408 430 1457 463 sed
1475 440 1605 463 mortuo
1618 433 1776 474 quoquel.
1793 442 1841 473 15.

960 471 1002 503 D.
1022 472 1048 502 b.
1075 477 1094 502 t.
1120 471 1183 502 fine
1201 472 1320 508 dubio,
1349 473 1421 512 quia
1437 473 1559 504 domini
1583 475 1767 506 mandatum
1783 483 1841 515 pei·

957 514 1146 544 cautionem
1164 512 1254 544 defiit
1271 513 1333 544 effe
1350 514 1520 555 integrum.

1001 554 1101 597 ‘Igitur
1126 554 1190 586 hoc
1218 555 1317 586 inodo
1334 555 1462 596 cogitur
1482 563 1670 594 procurator
1688 558 1726 589 ad
1748 558 1841 589 susci-

962 597 1114 637 piendum
1139 596 1302 636 judicium.
1328 606 1365 628 an
1390 595 1595 629 indistincte?
1617 597 1705 629 forte
1729 599 1838 631 dices:

963 638 1125 674 causatus,
1148 639 1306 679 generalia
1323 637 1385 669 esse
1409 638 1557 670 Praetoris
1582 639 1698 678 verba3
1723 650 1763 671 ex
1789 641 1840 671 iis-

962 689 1025 719 que
1042 680 1259 718 conjecturam
1279 678 1347 711 fieri
1365 680 1404 711 de
1420 679 1595 718 sententia,
1614 688 1647 711 ut
1665 682 1696 712 in
1713 681 1732 711 l.
1748 686 1775 715 8.
1796 681 1837 712 1).

961 724 993 751 tte
1013 721 1122 752 Public,
1148 722 1178 751 in
1194 730 1252 751 rem
1268 720 1324 752 (ιὲῗ.
1353 720 1414 753 Sed
1433 722 1551 761 aequius
1568 721 1632 760 est,
1656 723 1764 762 (quod
1783 721 1842 754 Ul-

961 763 1072 802 pianus
1090 761 1194 793 scribit
1211 762 1230 793 l.
1254 771 1299 804 ¹3·
1319 761 1360 794 D.
1380 764 1408 795 b.
1426 763 1466 802 t.)
1482 763 1551 794 haec
1567 762 1629 794 ess'e
1648 772 1755 804 neque
1772 773 1841 804 pas-

960 803 1014 834 sim
1033 803 1248 841 admittenda,
1273 813 1379 844 neque
1402 804 1538 836 districte
1559 805 1764 845 deneganda;
1789 804 1843 836 sed

965 846 1170 883 temperanda
1188 854 1203 874 a
1223 844 1384 884 Praetore,
1407 845 1497 877 causa
1521 847 1667 887 cognita:
1692 854 1727 877 ut
1747 848 1775 877 ἂ
1794 846 1840 877 fa-

964 886 1048 917 ctum
1066 887 1096 917 in
1115 885 1233 917 Edifto
1251 887 1290 917 de
1309 887 1339 917 in
1357 888 1404 926 jus
1423 890 1574 919 vocando
1590 888 1610 918 l.
1633 896 1679 919 11.
1701 887 1742 919 D.
1761 889 1793 919 de
1809 889 1842 919 in

958 928 1010 968 jus
1028 936 1088 958 voc.
1106 936 1168 958 nec
1185 927 1229 959 est
1246 927 1381 959 obscura
1398 928 1487 969 hujus
1507 930 1779 970 interpretationis
1797 939 1842 960 ra-

964 969 1026 1000 tio:
1053 969 1141 1008 quod
1159 967 1319 999 satisdatio
1336 969 1511 1009 judicatum
1529 970 1607 1002 solvi
1627 971 1769 1003 creditur
1786 970 1842 1001 fie-

962 1011 985 1041 ri
1002 1010 1152 1041 arbitratu
1171 1009 1245 1040 boni
1267 1010 1343 1041 viri:
1359 1019 1422 1042 non
1434 1011 1531 1043 facile
1545 1012 1747 1050 arbitraturi,
1765 1021 1799 1042 ut
1817 1013 1843 1044 is

962 1052 1016 1091 qui
1033 1049 1137 1082 adfert
1150 1050 1260 1091 justam
1278 1052 1491 1084 excusationis
1514 1053 1657 1092 causam,
1679 1054 1842 1086 nibilomi-

966 1102 1025 1123 nus
1038 1101 1171 1133 cogatur
1182 1092 1369 1125 defendere.
1394 1093 1444 1125 Ex
1462 1093 1550 1125 causa
1569 1096 1736 1135 igiturnon
1754 1105 1843 1126 com·

962 1135 1101 1172 pelletur
1120 1141 1309 1174 procurator
1321 1135 1476 1175 judicium
1487 1135 1639 1176 suscipere
1649 1136 1844 1177 :pracsertim

960 1175 981 1206 fi
998 1174 1034 1206 fic
1052 1185 1153 1207 nova:
1181 1183 1214 1206 ut
1231 1176 1313 1206 bene
1330 1175 1445 1208 Paulus
1463 1178 1482 1208 l.
1505 1187 1552 1216 14.
1571 1177 1612 1208 D.
1630 1178 1657 1208 h.
1678 1184 1699 1208 t.
1719 1178 1748 1209 ὅ(
1772 1177 1844 1209 sunt

961 1217 1108 1256 exempla
1125 1217 1144 1247 l.
1165 1222 1191 1251 8.
1209 1216 1235 1258 §.
1254 1217 1307 1247 ult.
1334 1217 1370 1251 &¹
1396 1218 1505 1260 legibus
1519 1220 1701 1259 sequentibus
1719 1219 1758 1250 D.
1773 1220 1799 1250 h.
1817 1225 1841 1252 t.

1001 1257 1165 1289 Hastenus
1182 1259 1221 1289 de
1235 1258 1335 1290 Edisti
1353 1260 1474 1291 verbis:
1491 1260 1603 1298 restat,
1621 1268 1654 1290 ut
1671 1261 1735 1300 ejus
1752 1270 1842 1292 men-

966 1307 1030 1330 tem
1047 1299 1294 1331 confideremus.
1314 1309 1385 1332 nam
1404 1301 1521 1340 verba,
1538 1308 1573 1332 ut
1591 1299 1847 1334 demonstratum

965 1340 1027 1379 est,
1051 1341 1183 1380 volunt,
1208 1349 1452 1381 procuratorem
1473 1344 1517 1374 rei
1535 1351 1595 1383 pro
1612 1352 1677 1384 quo
1696 1344 1847 1374 dominus

964 1382 1113 1423 exposuit
1129 1383 1304 1423 judicatum
1331 1383 1409 1415 solvi
1428 1383 1688 1424 satisdationem,
1713 1385 1786 1426 cogi
1804 1384 1847 1416 ad

960 1424 1114 1463 judicium
1139 1423 1377 1464 suscipiendum.
1402 1435 1467 1457 non
1493 1426 1577 1457 idem
1596 1426 1708 1457 dicunt
1731 1428 1771 1458 de
1787 1426 1842 1457 de-

964 1465 1093 1496 fensore
1120 1467 1163 1496 rei
1191 1466 1244 1506 qui
1266 1466 1360 1498 talem
1380 1465 1617 1498 satisdationem
1644 1477 1704 1508 pro
1727 1466 1757 1498 se
1776 1467 1846 1508 ipse

965 1506 1135 1545 exposuit:
1158 1516 1220 1538 nec
1243 1508 1342 1548 magis
1366 1509 1543 1548 loquuntur
1566 1508 1605 1540 de
1631 1517 1848 1549 procuratore

966 1548 1099 1587 aCtori33
1122 1548 1163 1584 si,
1186 1559 1242 1580 reo
1267 1550 1398 1581 volente
1424 1559 1497 1581 eum
1522 1551 1755 1589 reconvenire,
1779 1549 1849 1590 ipse

965 1598 1025 1629 pro
1053 1588 1082 1620 se
1108 1588 1269 1621 satisdedit
1291 1591 1467 1630 judicatum
1484 1590 1572 1622 solvi.
1606 1591 1642 1623 lis
1659 1600 1794 1632 utraque
1810 1591 1850 1624 iu

965 1630 1071 1671 specie
1096 1630 1141 1662 est
1160 1632 1200 1661 de
1216 1631 1364 1663 Praetoris
1388 1632 1553 1664 sententia.
1577 1642 1644 1665 non
1661 1633 1746 1664 enim
1765 1639 1849 1665 con-

965 1673 1055 1705 venit
1071 1673 1154 1704 inter
1164 1672 1320 1713 Veteres3
1343 1673 1362 1705 fi
1379 1674 1554 1714 judicatum
1573 1674 1652 1706 solvi
1673 1673 1849 1707 satisdede-

964 1714 1005 1746 rit
1020 1723 1075 1745 aut
1091 1715 1207 1746 actoris
1219 1737 1229 1753 ,
1246 1723 1298 1746 aut
1317 1716 1361 1747 rei
1377 1715 1546 1755 defensor,
1564 1726 1603 1748 an
1619 1717 1772 1757 exemplo
1788 1716 1848 1748 hu-

961 1756 1010 1796 jus
1029 1755 1154 1795 Edisti,
1180 1756 1274 1797 poffit
1290 1765 1342 1788 aut
1366 1757 1440 1797 hic,
1465 1766 1518 1789 aut
1535 1758 1587 1790 ille
1603 1758 1775 1798 compelli,
1797 1758 1850 1798 J’u-

963 1798 1081 1829 dicium
1098 1797 1262 1838 suscipere.
1294 1799 1384 1839 hujus
1404 1799 1491 1831 sedes
1510 1799 1691 1841 quaestionis
1708 1800 1802 1831 estin
1826 1798 1857 1830 ῖς

965 1849 1016 1880 35.
1033 1838 1062 1880 §.
1079 1849 1108 1880 3.
1127 1839 1146 1870 l.
1163 1849 1213 1880 43.
1230 1839 1260 1881 §.
1276 1841 1329 1871 ult.
1347 1842 1424 1872 item
1442 1842 1462 1872 l.
1480 1851 1530 1881 44.
1549 1841 1586 1876 ὅ)
1601 1852 1652 1883 45.
1673 1841 1715 1873 D.
1731 1842 1759 1872 h.
1778 1847 1802 1873 t.

1010 1881 1140 1913 Initium
1157 1880 1273 1913 faciam
1291 1891 1307 1913 a
1328 1882 1348 1913 l.
1367 1893 1415 1924 35.
1435 1882 1463 1924 §.
1483 1892 1519 1924 3:
1543 1883 1596 1914 ubi
1614 1883 1686 1914 talia
1703 1881 1773 1915 sunt
1788 1881 1850 1915 Ui-

966 1923 1051 1964 piani
1070 1923 1176 1964 verba.
1199 1923 1537 1961 Prct‘tersatz‘sdationem
1549 1930 1720 1965 procurator
1735 1926 1778 1955 ita
1802 1926 1852 1956 de·

962 1965 1082 2006 fendere
1096 1965 1232 2003 videtur,
1251 1964 1279 2002 fi
1289 1965 1434 2006 judicium
1450 1967 1583 2007 accipiat.
1602 1967 1678 1997 uncie
1694 1964 1849 2008 quaesitum

967 2004 1006 2046 est
1022 2007 1100 2046 apud
1111 2005 1272 2046 Julianum
1282 2029 1291 2044 ,
1307 2016 1346 2037 an
1362 2008 1563 2047 compellatur:
1579 2017 1618 2039 an
1633 2016 1701 2038 vero
1716 2006 1847 2047 sufficiat

967 2050 1000 2078 ob
1018 2057 1075 2079 rem
1090 2058 1147 2078 vion
1163 2048 1307 2086 defensam
1319 2046 1539 2088 stipulationem
1555 2048 1719 2080 committi?
1732 2048 1769 2083 ὅ)
1786 2048 1849 2089 Ju-

967 2089 1065 2121 lianus
1077 2090 1178 2128 scribit
1196 2089 1267 2120 libro
1284 2090 1367 2120 tertio
1395 2088 1600 2132 Digestorum,
1624 2090 1848 2131 compellendum

967 2132 1091 2171 accipere
1104 2131 1270 2172 judicium:
1286 2130 1340 2169 mfi
1358 2130 1395 2165 ὅ)
1410 2134 1554 2173 agendum
1569 2131 1656 2172 causta
1674 2132 1789 2173 cognita
1806 2142 1850 2163 re-

968 2173 1128 2211 cusaverit,
1140 2172 1186 2202 vel
1202 2181 1239 2202 ex
1250 2170 1332 2212 justa
1348 2175 1433 2212 causa
1443 2180 1566 2204 remotus
1575 2171 1624 2211 fit.
1648 2166 1776 2213 Ulpiani
1787 2174 1852 2205 dis-

966 2215 1093 2254 putatio
1117 2213 1162 2243 est
1186 2214 1226 2244 de
1250 2223 1459 2253 procuratore
1483 2215 1596 2247 actoris
1620 2216 1673 2254 qui
1693 2214 1851 2254 postulata

966 2255 1089 2286 domini
1106 2255 1236 2286 nomine
1259 2255 1403 2294 actione,
1427 2265 1443 2287 a
1462 2266 1519 2288 reo
1543 2264 1779 2294 reconventus,
1803 2256 1852 2288 ess:

966 2304 1089 2336 paratus
1106 2295 1271 2328 dominum
1295 2296 1472 2329 defendere
1489 2321 1498 2337 ‚
1525 2307 1562 2328 ac
1592 2298 1654 2338 jam
1685 2296 1850 2331 satisdedit

965 2337 1139 2378 judicatum
1157 2336 1244 2368 solvi.
1262 2338 1356 2378 ponit
1373 2347 1480 2371 autem
1497 2348 1555 2380 pro
1572 2347 1664 2370 certo
1675 2339 1850 2379 Ulpianus,

969 2388 1041 2410 eum
1066 2387 1307 2418 procuratorem
1334 2381 1433 2411 videri
1453 2381 1496 2411 ita
1515 2379 1710 2420 defendere3
1733 2379 1851 2421 sijudi-

969 2421 1053 2451 cium
1072 2419 1237 2460 suscipiat}
1260 2430 1297 2452 ac
1320 2421 1341 2453 fi
1357 2421 1474 2460 ceffet3
1498 2421 1606 2461 poss‘e,
1629 2421 1674 2453 ob
1691 2431 1758 2453 rem
1778 2432 1855 2454 nonv

971 2460 1154 2500 defensam,
1178 2462 1301 2493 actione
1325 2473 1365 2494 ex
1392 2463 1540 2503 stipulatu
1563 2463 1729 2496 conveniri
1755 2464 1792 2495 ad
1814 2465 1850 2496 id

970 2503 1058 2540 quod
1074 2502 1204 2534 interest
1219 2503 1563 2545 advei·sarii,judicium
1580 2504 1641 2536 effe
1652 2503 1849 2545 susceptum?

969 2544 1023 2575 sed
1039 2543 1202 2584 quaesitum
1220 2544 1282 2576 ess‘e
1297 2547 1380 2585 apud
1396 2545 1569 2585 julianum,
1588 2546 1685 2577 finon
1702 2545 1849 2585 suscipiat:

968 2586 1142 2626 iudiciunu
1166 2593 1271 2618 utrum
1287 2587 1438 2626 compelli
1457 2586 1567 2627 possit,
1586 2588 1738 2628 judicium
1756 2587 1850 2621 susci-

971 2637 1067 2668 pere;
1083 2637 1122 2658 an
1139 2626 1288 2666 sufficiat,
1309 2626 1545 2666 stipulationem
1563 2631 1606 2660 ob
1624 2639 1692 2661 rem
1710 2639 1775 2661 non
1793 2630 1850 2662 de-

977 2668 1117 2707 fensam,
1141 2669 1327 2700 committi?
1351 2668 1385 2701 In
1409 2680 1445 2702 ea
1470 2669 1644 2711 quaestione
1669 2670 1712 2702 ait
1736 2670 1849 2711 Ulpia-

971 2719 1049 2749 nus,
1072 2709 1229 2748 Julianum
1250 2710 1403 2749 scribere,
1427 2712 1705 2752 compellendum,
1723 2714 1848 2751 accipca

971 2761 1005 2782 re
1018 2751 1187 2790 judicium:
1211 2751 1242 2781 id
1255 2750 1317 2790 est,
1334 2761 1368 2784 ut
1386 2753 1461 2784 mihi
1481 2754 1626 2793 videtur,
1643 2756 1739 2786 etiam
1756 2761 1847 2783 com-

968 2792 1169 2833 pellendum:
1186 2791 1293 2823 ufitata
1312 2794 1462 2833 loquendi
1478 2794 1582 2827 forma
1597 2804 1692 2835 qnam
1707 2796 1780 2825 alibi
1796 2794 1845 2824 in-

967 2833 1072 2864 dicavi
1088 2833 1238 2873 pluribus.
1257 2843 1441 2873 quaeautem
1454 2839 1592 2868 moverit
1602 2837 1757 2876 julianum
1771 2843 1844 2864 cau-

968 2874 1018 2911 sa,
1042 2884 1107 2905 non
1124 2874 1212 2906 addit
1231 2873 1391 2916 Ulpianus.
1418 2878 1471 2910 sed
1490 2879 1559 2909 haec
1576 2879 1656 2915 fuit,
1680 2876 1769 2916 quod
1787 2875 1843 2906 de-

971 2914 1097 2954 fensor,
1123 2924 1195 2948 curn
1218 2916 1396 2958 satisdedit‚
1420 2920 1465 2952 est
1493 2920 1614 2951 domini
1632 2918 1707 2949 loco
1724 2915 1847 2953 haben-

973 2957 1041 2988 dus.
1070 2966 1130 2988 nec
1155 2958 1286 2990 multum
1312 2961 1340 2991 ei
1364 2961 1563 3001 praestaturus
1589 2959 1633 2990 est
1656 2958 1794 2995 Praetor,
1820 2957 1844 2990 fi

975 3007 1047 3029 eum
1065 3007 1128 3030 non
1145 3001 1289 3040 coegerit
1302 3002 1455 3041 iudicium
1472 3003 1633 3040 accipere:
1658 3008 1729 3029 cum
1753 2999 1791 3030 ad
1808 2998 1844 3030 fi-

974 3038 1143 3079 dejuffores
1160 3042 1224 3081 ejus
1240 3042 1274 3073 iri
1296 3044 1408 3083 poffit,
1433 3045 1462 3074 ἃ
1480 3043 1510 3074 hi
1529 3040 1682 3081 quidquid
1693 3039 1845 3080 praestite-

973 3084 1055 3120 rint,
1077 3091 1093 3112 a
1110 3082 1277 3115 defensore
1294 3085 1493 3116 consecuturi
1510 3082 1576 3113 sint.
1608 3081 1649 3113 sic
1671 3081 1736 3122 ipse
1750 3081 1845 3122 Julia-

973 3131 1031 3153 nus
1046 3123 1123 3164 l.76.
1142 3123 1184 3155 D.
1202 3124 1230 3156 b.
1244 3133 1265 3156 t.
1285 3126 1385 3166 Igitur
1399 3127 1427 3157 ei
1445 3124 1580 3164 placuit,
1598 3131 1843 3163 procuratorem

973 3173 1037 3195 non
1057 3165 1157 3196 modo
1173 3169 1274 3198 teneri
1291 3168 1415 3199 actione
1433 3175 1471 3196 ex
1491 3164 1657 3204 stipulatu3
1675 3165 1726 3197 sed
1746 3166 1843 3197 etiam

973 3214 1062 3239 extra
1077 3208 1224 3241 ordinem
1238 3209 1410 3248 compelli,
1431 3206 1581 3246 judicium
1603 3209 1770 3249 accipere:
1789 3215 1845 3237 ex-

1779 3257 1845 3283 ems
