2036 3495
157 82 226 122 352

160 169 235 195 cum
257 168 322 193 non
346 156 440 199 poffit
461 152 610 186 constitui
633 151 697 184 fine
721 149 855 192 pei-sona
869 159 943 182 vera
958 158 1028 195 quae

161 202 294 235 fruatur.
313 207 389 238 ergo
404 203 575 234 antequam
590 192 801 228 constitutus,
820 190 882 235 sive
897 192 1029 222 traditus

160 244 216 283 fit,
241 241 379 272 validum
403 236 532 276 quidem
547 234 593 266 est
608 233 726 265 fastum
744 232 870 264 heredis
888 232 1027 262 deterio-

161 293 228 317 rem
244 279 390 313 facientis
407 275 652 308 usumfructum:
670 283 730 305 nec
746 282 852 312 tamen
869 271 913 304 est
930 274 1030 312 impu-

163 327 284 359 nitum:
299 321 372 363 quia
389 319 433 352 nil
449 317 560 351 debuit
569 315 677 348 facere
693 315 726 348 in
741 314 884 355 iiijiiriaiii'
893 312 1031 346 fructua-

847 419 1062 456 Carui-

751 63 1061 99 GERARDI
1108 59 1340 94 Noonr

1071 147 1126 180 rii:
1150 147 1199 178 cui
1215 147 1277 187 J'am
1294 156 1334 180 ex
1350 147 1402 179 die
1413 145 1559 179 cedentis
1575 146 1671 188 legati
1689 154 1732 178 ex
1740 148 1935 183 ‘testamento

1072 189 1250 229 debebatur
1265 188 1467 221 ususfructus.
1491 188 1628 228 proinde
1651 189 1791 230 pertinet
1805 191 1845 222 ad
1866 191 1936 224 reli·

1070 231 1202 271 gionem
1221 230 1339 270 Judicis
1357 253 1375 269 ,¹
1391 238 1426 262 ut
1448 229 1592 269 inspiciat
1609 253 1619 269 ‚
1650 228 1845 273 qualis-ante
1859 231 1938 270 iudi·-

1072 271 1158 303 cium
1176 279 1345 312 acceptum
1362 270 1480 305 fundus
1497 269 1605 304 fuerit.
1650 270 1715 303 Sed
1738 271 1779 303 de
1795 271 1892 305 domo
1909 272 1941 306 Gt

1075 312 1195 346 aedibus
1209 313 1262 346 vel
1278 313 1385 346 nimis.

1128 417 1243 456 XVI.

883 499 935 537 De
953 495 1217 546 ufitfrufluservi.

231 611 283 643 eni
299 610 339 643 ad
355 605 435 644 servi
450 601 686 641 usumfrustum.
712 604 819 645 placet
836 612 914 635 vero
931 598 1030 634 Vete-

160 611 226 686 V
251 652 360 690 ribus,
384 651 537 693 quidquid
555 649 608 680 ille
628 657 669 679 ex
685 647 792 686 operis
808 644 887 684 suis,
912 645 963 676 vel
989 652 1031 675 ex

159 705 194 730 re
203 693 363 727 fructuarii
374 693 537 733 adquirat,
554 687 730 720 fruCtuario
748 687 888 728 adquiri:
904 686 925 718 fi
941 693 1032 718 extra

159 746 213 769 eas
229 734 334 768 causas
352 735 428 776 quid
443 732 626 773 persecutus
640 729 696 766 sit,
717 729 756 760 ad
772 727 939 767 dominum
958 736 1031 768 pro-

159 777 305 820 prietatis
329 776 510 817 pertinere,
532 771 642 804 auctor
663 769 761 810 Gajus
785 770 805 801 l.
828 778 874 801 10.
892 768 922 811 §.
941 779 970 816 3.
988 768 1031 800 D.

160 821 196 852 de
211 819 385 860 adquirendo
401 824 498 848 rerum
512 813 646 845 dominio.
661 811 774 843 Paulus
791 820 919 852 quoque
935 811 983 842 ιώ.
999 820 1030 850 5.

161 860 290 892 Sentent.
310 859 347 890 tit
364 869 393 899 7.
411 857 440 899 §.
460 866 491 897 3.
509 855 553 886 ait
573 862 650 885 vero
667 852 823 892 Ulpianus
840 852 859 882 l.
877 861 927 884 21.
947 851 989 883 D.
999 852 1033 882 de

160 899 333 941 usufructu,
357 900 389 932 id
407 899 557 930 obtinere
572 896 603 927 in
621 894 750 935 primis,
766 893 788 925 fi
804 894 926 934 legatus
944 892 980 924 fit
999 902 1032 940 u-

162 940 335 974 susfruttus
358 940 447 972 servi.
477 937 530 970 sed
552 937 583 968 in
607 936 626 967 ἰ.
648 946 697 976 25.
722 935 752 977 §.
770 935 824 966 ult.
848 934 889 966 D.
906 936 968 981 eod.
983 940 1031 981 tit.

160 984 294 1024 quaerit,
309 991 346 1016 an
365 982 395 1014 &
412 989 488 1013 tuuc
504 980 611 1011 locum
630 978 763 1013 habeat,
781 976 802 1008 fi
819 985 873 1016 per
891 977 1033 1007 traditio-

159 1034 233 1057 nem
257 1023 308 1055 vel
334 1023 572 1064 stipulationem
600 1019 652 1050 vel
676 1018 771 1049 alium
796 1026 1034 1058 quemcumque

157 1068 289 1099 modum
312 1064 349 1097 sit
373 1060 592 1096 constitutus?
615 1059 739 1099 subjicit
759 1066 888 1096 autem,
909 1057 950 1089 Et
964 1068 1035 1089 vera

155 1106 196 1147 eft
224 1105 505 1149 Pegasisententia,
528 1112 617 1144 quam
641 1100 677 1135 δέ’
701 1099 847 1146 Julianus
871 1100 942 1131 libro
950 1099 1034 1140 sexto

156 1150 261 1182 decimo
276 1148 392 1183 secutus
409 1145 448 1188 est
459 1169 468 1184 ‚
484 1144 579 1177 omnia
590 1141 764 1183 frucftuarzo
781 1142 909 1182 adquiri.
934 1141 986 1173 Sic
1003 1151 1034 1172 e-

160 1184 341 1221 ditur.'sed
355 1189 418 1229 jam
443 1184 626 1219 observavit
643 1182 781 1223 jacobus
799 1182 964 1222 Cujacius,
987 1182 1034 1213 lib.

159 1240 213 1263 xi.
232 1230 355 1271 Observ.
371 1240 395 1261 c.
406 1232 456 1270 36.
475 1225 691 1262 scribendum,
711 1224 788 1254 omni
803 1223 969 1262 frasinaria
987 1225 1037 1254 ad·

159 1272 249 1313 quiri.
275 1280 340 1312 quo
358 1271 458 1302 modo
476 1268 583 1300 Graeci
598 1266 763 1306 legerunt,
776 1263 890 1303 Bafilic.
903 1265 950 1295 lib.
962 1273 1034 1296 xvi.

159 1315 208 1344 tri.
235 1323 262 1344 i.
287 1318 354 1343 tom.
378 1322 404 1343 2.
424 1318 494 1352 pag.
510 1312 580 1349 256.
607 1315 669 1338 nec
689 1313 794 1337 tamen
818 1305 1036 1344 dissimulabo,

161 1353 278 1386 servari
296 1352 384 1394 posse
400 1358 562 1391 receptam
579 1348 769 1384 rectionem,
793 1347 878 1378 nulla
897 1346 1037 1378 detrassa

161 1396 262 1428 linea:
285 1395 384 1426 modo
403 1393 602 1428 restituatur,
624 1390 700 1420 omni
716 1398 734 1419 a
750 1387 916 1426 frustuario
936 1389 1037 1428 adqui-

163 1438 202 1468 ri.
234 1438 322 1476 quod
346 1434 469 1467 curiose
491 1441 591 1473 nuper
615 1430 837 1460 animadvertit
855 1426 1037 1466 Gulielmus

157 1477 256 1516 Best,
282 1486 376 1518 quem
405 1473 537 1506 lionoris
563 1472 652 1502 causa
675 1470 727 1500 liic
748 1468 877 1509 appello
893 1491 903 1508 ,
934 1469 981 1499 lib.
1006 1470 1038 1500 de

161 1519 286 1552 Ration.
304 1516 474 1547 emendandi
489 1515 581 1554 leges,
599 1521 624 1557 q.
644 1519 672 1550 7.
693 1509 722 1551 §
739 1519 767 1550 7.
779 1517 849 1551 pag.
861 1515 910 1546 89.
930 1510 966 1544 ἐξ
974 1511 1037 1551 seq.

205 1558 345 1590 Primum
369 1558 465 1597 igitur
489 1553 666 1594 adquiritur
689 1550 864 1582 fructuario
890 1551 978 1591 quod
997 1559 1039 1583 ex

161 1599 243 1632 servi
261 1598 368 1639 operis
387 1596 574 1638 adquiritur.
608 1592 679 1624 sunt
696 1593 780 1624 enim
799 1601 906 1633 operae
923 1593 953 1623 in
973 1591 1037 1623 fru-

165 1642 216 1673 ctu
233 1639 332 1677 servi,
350 1638 378 1670 ἃ
394 1638 438 1670 ob
457 1644 571 1677 operas
588 1634 752 1667 mercedes
768 1634 786 1664 l.
798 1643 827 1674 3.
845 1633 881 1668 ὅ)
897 1644 926 1673 4.
943 1633 986 1665 D.
1006 1635 1039 1664 cle

162 1681 251 1723 operis
266 1685 422 1718 servorum.
445 1679 526 1711 solet
541 1683 630 1708 certe
651 1675 760 1706 haberi
779 1673 905 1714 servus,
928 1683 961 1705 ut
982 1673 1038 1706 ser-

155 1725 246 1755 viat:
270 1722 300 1753 δι
320 1731 337 1753 a
353 1721 417 1753 fine
433 1722 471 1752 ad
488 1727 583 1760 quem
599 1716 734 1748 habetur
753 1726 821 1754 res,
838 1716 902 1756 ejus
918 1714 1038 1747 fructus

154 1764 343 1796 .aestimatur.
368 1764 444 1794 dato
459 1762 556 1803 igitur
572 1758 649 1791 servi
667 1757 849 1803 usufructu,
866 1758 965 1789 debet
981 1757 1039 1788 ser-

154 1816 221 1837 .vus
237 1804 410 1838 fructuario
422 1827 433 1842 ,
445 1804 496 1835 vel
511 1802 539 1833 ei
553 1801 606 1832 cui
619 1800 644 1830 is
658 1799 897 1839 velit,operas:
914 1807 950 1829 ac
966 1797 985 1830 si
1002 1808 1037 1829 ο·

162 1847 263 1889 perari
276 1846 376 1884 nolit,
393 1845 465 1886 cogi
484 1841 617 1884 potestl.
629 1850 679 1886 ²3:
690 1840 718 1881 §.
734 1849 759 1871 1.
775 1840 815 1871 D.
826 1840 859 1870 cle
867 1836 1037 1880 usufruftu.

162 1888 292 1928 quando
319 1887 508 1927 intelligitur
530 1882 704 1915 fructuario
731 1881 936 1912 conceffione
955 1880 1037 1912 usus-

162 1930 284 1962 fruetus
298 1928 435 1960 concedi
452 1935 550 1959 omne
567 1924 631 1956 fine
648 1931 714 1963 quo
734 1923 877 1954 exerceri
896 1923 1020 1962 nequit.

203 1971 266 2002 Sed
292 1970 357 2001 hoc
383 1968 550 2009 procedit:
574 1966 650 1997 dum
674 1973 714 1995 ne
740 1962 845 1995 servus
871 1962 925 1995 sub
943 1973 1038 2004 poena

164 2019 290 2051 emptus
307 2010 363 2048 sit,
386 2008 563 2042 interdictis
581 2007 609 2037 ei
626 2005 721 2037 certis
740 2005 939 2045 quibusdam.
966 2015 1037 2037 nam

165 2054 334 2085 observare
352 2052 422 2083 haec
446 2050 544 2083 debet
560 2047 761 2079 fructuarius.
792 2046 931 2086 alioquin
950 2054 1015 2077 non
1027 2068 1037 2084 ,

165 2101 202 2126 ut
229 2094 346 2132 debet,
369 2094 471 2124 utitur
494 2092 523 2123 ἀ
548 2090 665 2120 fruitur
682 2087 758 2118 boui
776 2088 832 2118 viri
851 2087 1001 2118 arbitratu
1017 2087 1037 2118 l.

165 2144 215 2175 27.
232 2135 260 2176 §⁴
280 2135 332 2166 ult.
348 2134 386 2165 D.
399 2135 457 2165 eod.
478 2133 524 2164 tit.
548 2130 594 2162 Ea
611 2138 741 2170 quoque
757 2128 880 2159 ratione
895 2128 1037 2160 curabit:

164 2186 207 2208 ne
223 2176 301 2207 servi
318 2175 485 2207 artificium
504 2172 668 2205 contrariis
686 2171 716 2201 ὅ(
734 2168 884 2201 inusitatis
901 2168 1037 2200 ministe-

165 2218 219 2250 riis
235 2224 439 2256 corrumpat;
461 2224 542 2246 neve
560 2222 631 2245 eum
649 2211 850 2243 cicatricibus
865 2210 1037 2242 deformet.

164 2268 238 2291 nam
253 2258 304 2289 vel
321 2257 391 2289 liaec
409 2256 438 2288 ei
456 2255 596 2286 cavenda
612 2252 672 2284 effe
684 2275 693 2291 ‚
714 2251 868 2292 Ulpianus
885 2260 997 2283 monet
1016 2252 1037 2283 l.

171 2309 219 2340 17.
236 2299 265 2341 §.
289 2307 314 2330 1.
335 2298 379 2330 D.
395 2299 454 2329 eod.
473 2298 520 2327 tit.
539 2296 610 2335 quia
626 2303 660 2325 ut
676 2301 842 2333 competat
862 2293 890 2324 ei
908 2293 987 2324 servi
1008 2302 1039 2324 u-

166 2340 356 2373 susfrucius:
381 2348 445 2370 non
472 2345 575 2369 tamen
595 2336 623 2367 ei
640 2336 798 2375 competit
823 2334 941 2366 fructus
959 2334 1039 2366 liber

167 2390 264 2423 atque
280 2380 439 2413 infinitus:
457 2378 509 2410 sed
525 2377 642 2409 fructus
659 2377 708 2407 cui
726 2374 795 2406 usus
815 2375 894 2407 inest
910 2375 1038 2407 fruendi

166 2422 266 2455 causa.
283 2422 351 2453 usus
368 2430 474 2453 autem
492 2420 535 2451 rei
553 2419 618 2459 ejus
633 2418 823 2449 conditione
841 2415 965 2455 finitur,
984 2426 1039 2458 po-

169 2463 229 2495 test
246 2464 341 2504 igitur
356 2462 544 2494 fructuarius
564 2460 654 2491 servo
671 2459 716 2489 uti
736 2458 775 2489 ad
794 2458 859 2498 ejus
877 2459 1037 2489 conditio-

167 2506 267 2537 neml
300 2514 345 2544 15.
364 2504 392 2546 ᾗ.
414 2514 440 2535 1.
462 2503 501 2534 D.
520 2503 577 2533 eod.
595 2502 640 2531 tit.
661 2500 711 2531 sed
729 2508 770 2530 eo
788 2500 898 2537 abuti,
919 2500 949 2530 id
968 2498 1012 2530 est
1026 2522 1036 2537 ,

171 2546 339 2577 contrariis
366 2547 396 2577 ot
419 2543 570 2576 inusitatis
594 2540 772 2574 ministeriis
788 2541 853 2580 ejus
871 2539 1040 2572 artificium

168 2595 375 2623 corrumpere
401 2595 466 2617 non
483 2585 592 2616 debet.
624 2592 658 2614 ut
677 2582 699 2613 fi
726 2582 833 2621 (quod
851 2581 1040 2622 exemplum

168 2628 266 2660 habet
285 2626 437 2666 Ulpianus
455 2628 472 2656 d
500 2627 518 2656 l.
541 2635 586 2665 15.
603 2624 631 2667 §.
652 2624 699 2664 i.)
723 2623 892 2654 Librarium
906 2633 957 2653 rus
974 2625 1039 2653 mit-

171 2675 237 2708 tat,
262 2668 298 2702 δέ)
320 2667 438 2708 qualum
459 2677 492 2698 ac
507 2667 609 2698 calcem
621 2670 733 2706 portare
756 2670 847 2706 cogat.
879 2662 1039 2695 Librarius

171 2710 218 2742 est
234 2709 287 2749 qui
305 2709 427 2749 plenius
453 2707 561 2739 Scriba
581 2707 722 2739 librarius
740 2705 918 2746 appellatur
934 2706 964 2736 in
988 2714 1039 2735 ve-

172 2751 293 2783 teribus
320 2748 606 2788 Inscriptionibus:
636 2749 767 2789 eiusque
792 2745 934 2778 officium
958 2744 1041 2784 effe,

169 2794 254 2826 inter
269 2791 327 2822 alia
345 2789 444 2821 libros
460 2788 655 2828 describere,
671 2797 744 2820 cum
769 2797 810 2819 ex
833 2786 915 2828 Gajo
941 2788 1043 2827 liquet

170 2835 194 2867 l,
211 2843 260 2874 49.
278 2831 320 2867 D.
347 2832 380 2862 de
405 2830 494 2869 operis
518 2830 698 2868 libertorum,
722 2838 788 2861 tum
814 2839 853 2861 ex
881 2828 1042 2860 Cicerone

172 2877 222 2908 lib.
237 2882 309 2906 3111.
325 2872 375 2904 Aa
391 2871 542 2908 Atticum,
560 2869 650 2911 Epist.
663 2870 916 2911 39.&Suetonio
931 2871 962 2901 in
981 2869 1042 2901 Do·

172 2917 294 2951 mitiano
309 2924 333 2945 c.
354 2923 386 2945 x.
403 2918 515 2944 notum
535 2910 589 2942 est.
616 2911 754 2954 Qualum
771 2921 868 2952 porro
885 2910 994 2943 Festus
1010 2911 1042 2942 in

174 2956 342 2998 Canephora
359 2953 494 2994 exponit
510 2961 624 2983 canum
635 2975 644 2990 ‚
668 2952 720 2983 seu
737 2953 822 2984 cistae
836 2962 945 2994 genus.
987 2950 1042 2984 Est

176 3002 206 3033 &
230 2998 340 3040 qualus
358 2993 619 3028 vindemiatorius
637 3002 715 3023 exce
743 2995 907 3033 turiusque
923 2995 953 3025 in
974 3002 1040 3033 quo

174 3051 246 3073 uvae
269 3043 531 3077 comportantur:
554 3033 681 3065 auctore
733 3034 836 3071 lpiano
856 3036 875 3066 l.
893 3040 920 3069 8.
948 3034 988 3065 D.
1008 3035 1041 3066 de

176 3079 315 3122 instrum
330 3079 377 3111 vel
392 3075 578 3118 instrumento
593 3074 693 3116 legato.
717 3073 851 3105 Isidorus
868 3077 914 3107 lib.
933 3086 983 3108 20.
998 3075 1040 3107 O·

176 3125 311 3164 originum,
323 3122 355 3152 c.
370 3130 417 3159 14.
446 3120 671 3157 interpretatur
687 3115 818 3146 corbem
834 3118 968 3156 colaque
985 3126 1041 3156 per

174 3173 248 3207 quae
263 3158 401 3198 mustum
413 3159 496 3205 fluit.
517 3158 549 3203 §t
561 3158 605 3191 ita
619 3156 769 3202 Virgilius
784 3154 853 3189 usus
868 3155 931 3188 fuit
945 3158 992 3191 lib,
1011 3167 1040 3192 2.

1073 600 1207 641 Georgic.
1218 599 1291 640 veis.
1302 609 1383 647 241..
1396 601 1483 642 quod
1499 610 1614 643 praeter
1628 601 1791 645 Cujacium
1802 627 1812 644 ‚
1827 603 1875 636 lib.
1887 606 1941 638 xi.

1075 642 1197 687 Observ.
1221 650 1245 672 c.
1263 645 1313 681 36.
1325 683 1329 688 ι
1342 650 1437 673 etiam
1455 648 1618 677 annotavit
1635 646 1851 685 Pancirollus,
1869 645 1944 677 The-

1063 685 1148 724 Jaur.
1160 691 1225 728 var.
1236 682 1356 728 leci37lzh.
1371 693 1395 714 1.
1408 694 1431 714 c.
1444 688 1494 725 63.
1518 685 1628 718 Habes
1645 697 1742 726 unum
1758 688 1943 728 exemplum

1073 732 1223 756 contrarii
1242 723 1271 754 &
1290 722 1424 755 inusitati
1441 726 1613 759 ministerii.
1663 729 1809 760 Alterum
1827 729 1858 759 in
1876 730 1905 763 d.
1919 729 1941 759 l.

1077 775 1123 806 15.
1138 764 1174 810 ·§.
1196 773 1222 795 1.
1242 763 1307 811 esi,
1330 765 1363 795 Si
1377 763 1538 805 histrionem
1553 769 1743 800 balneatorem
1756 769 1872 808 faciat,
1893 767 1941 804 vel

1073 808 1107 838 de
1118 806 1288 847 symphoma
1309 807 1472 845 atriensem,
1500 809 1546 839 vel
1563 811 1596 840 de
1605 807 1946 851 paloeftrq'stercorandir

1073 849 1190 879 Iatrzm’s
1201 853 1354 892 preponac.
1387 846 1542 888 Ulpianus
1559 852 1592 881 de
1598 852 1773 892 symphonia
1788 851 1867 882 dixit
1884 860 1945 890 pro

1075 888 1328 933 symphoniaco:
1351 888 1380 919 &
1397 889 1430 919 de
1441 889 1575 930 palaestra
1592 900 1650 932 pro
1667 892 1844 932 palaestrita.
1864 901 1944 933 quo-

1075 932 1176 962 modo
1192 927 1327 968 justinus
1341 929 1390 960 lib.
1414 939 1439 961 1.
1455 940 1477 960 c.
1496 935 1524 963 6.
1552 932 1675 965 servum
1690 934 1724 964 de
1741 931 1883 974 ergastulo
1898 933 1945 964 di·

1076 973 1141 1003 xit:
1166 971 1196 1002 ἃ
1215 969 1330 1002 Cicero
1347 970 1395 1001 hh.
1410 981 1438 1002 2.
1464 971 1511 1002 De
1525 980 1632 1006 oratore
1648 985 1672 1005 c.
1688 985 1715 1014 7.
1734 974 1897 1006 bominem
1912 976 1946 1005 de

1067 1012 1180 1054 schola.
1206 1010 1247 1042 sic
1263 1012 1347 1052 apud
1364 1013 1532 1053 Apulejum
1549 1014 1587 1045 lib
1608 1024 1634 1047 1.
1654 1015 1875 1054 Metamorpbofi
1901 1017 1946 1046 A·

1077 1055 1148 1085 lium
1163 1054 1203 1084 de
1220 1051 1296 1084 foro
1306 1054 1419 1094 quidem
1430 1056 1504 1095 quod
1519 1058 1654 1096 advevyus
1668 1066 1730 1094 eam
1746 1053 1856 1096 loeutus
1866 1055 1948 1097 fft,

1075 1096 1108 1127 in
1122 1096 1239 1126 arietem
1253 1093 1435 1134 deformavit.
1461 1095 1612 1130 Atriensis
1630 1107 1742 1130 munus
1760 1097 1948 1139 attingitJa-

1077 1136 1180 1168 cobus
1199 1134 1347 1176 Cwujacius
1362 1135 1410 1166 lib.
1422 1145 1452 1168 x.
1464 1136 1585 1175 Observ.
1600 1149 1624 1171 c.
1636 1149 1685 1180 534.
1703 1138 1794 1170 fuisse
1811 1148 1884 1170 eum
1903 1140 1947 1171 in·

1079 1185 1128 1209 ter
1147 1177 1297 1208 lautiores
1321 1175 1446 1216 servos,
1470 1178 1611 1211 ostendit
1633 1180 1821 1213 Fredericus
1841 1179 1950 1211 Taub-

1079 1227 1229 1256 mannus,
1252 1218 1292 1248 ad
1317 1217 1483 1258 Plautum,
1508 1219 1621 1257 Afinar
1649 1232 1676 1253 2.
1699 1231 1723 1253 1.
1749 1221 1822 1261 versl
1842 1225 1889 1253 16.
1910 1220 1948 1256 ὃ)

1079 1258 1209 1300 Ρβῑαάοί.
1229 1268 1256 1289 2.
1276 1267 1303 1289 2.
1320 1260 1394 1299 vers.
1415 1269 1463 1300 15.
1497 1259 1600 1293 Porro
1624 1263 1750 1295 latrinas
1772 1262 1949 1294 stercorare

1080 1301 1145 1339 est,
1161 1299 1396 1345 exstercorare‚
1412 1307 1600 1343 extergere,
1617 1302 1729 1335 lavare.
1759 1305 1847 1343 quod
1865 1304 1950 1336 vilis-

1079 1342 1144 1374 simi
1161 1349 1309 1388 mancipii
1327 1340 1407 1380 ess'e,
1424 1351 1473 1374 res
1488 1344 1631 1384 loquitur
1642 1367 1652 1384 ,
1669 1344 1698 1376 ἃ
1709 1354 1748 1376 ex
1759 1344 1871 1376 Plauto
1887 1352 1950 1376 tra·

1078 1384 1128 1415 dit
1146 1382 1310 1423 CuJacius,
1331 1382 1359 1413 d.
1377 1392 1401 1413 c.
1416 1387 1466 1423 36.
1485 1384 1532 1416 lib.
1548 1394 1598 1416 xi.
1648 1385 1808 1417 Caeterum
1826 1394 1862 1417 ut
1881 1395 1950 1418 non

1081 1423 1187 1465 potest
1212 1422 1401 1456 fructuarius
1425 1425 1592 1457 artificium
1617 1425 1694 1459 servi
1719 1424 1808 1468 quod
1825 1435 1951 1459 certum

1080 1465 1117 1496 sit
1133 1488 1142 1503 ‚
1165 1473 1370 1503 corrumpere
1394 1467 1558 1497 contrariis
1583 1467 1613 1499 δι
1637 1467 1789 1500 inusitatis
1815 1468 1951 1499 ministe-

1081 1507 1154 1538 riis:
1171 1506 1214 1536 ita
1230 1512 1273 1535 ait
1295 1504 1447 1545 Ulpianus
1462 1507 1482 1539 l.
1500 1516 1548 1548 27.
1568 1507 1587 1549 ὃ
1616 1518 1643 1540 2.
1662 1508 1705 1539 D.
1724 1510 1757 1540 de
1771 1508 1950 1549 uschrufbu,

1081 1546 1287 1579 frustuarium
1312 1546 1436 1579 usurum
1458 1556 1525 1579 arte
1542 1550 1593 1581 vel
1609 1549 1722 1590 peritia
1741 1549 1841 1589 servi,
1866 1550 1954 1590 cujus

1082 1587 1166 1629 quasi
1191 1596 1294 1622 vacuo
1312 1587 1486 1620 ministerio
1503 1589 1636 1622 testator
1651 1591 1814 1622 utebatur:
1838 1590 1860 1623 fi
1877 1591 1954 1623 euin

1081 1628 1146 1671 ipse
1157 1628 1327 1669 disciplinis
1339 1629 1389 1660 vel
1399 1630 1652 1665 arteinslituerit.
1670 1629 1778 1664 Recte.
1795 1632 1846 1664 scd
1862 1633 1952 1672 quod

1081 1671 1127 1703 est
1144 1679 1279 1702 vacuum
1297 1669 1376 1702 servi
1393 1671 1618 1712 ministerium,
1639 1674 1724 1705 idem
1739 1676 1796 1705 arti
1814 1672 1843 1705 &
1861 1673 1952 1705 disci·
1998 1670 2005 1679 ⁸

1081 1713 1175 1754 pliuae
1203 1711 1411 1751 oppositum?
1434 1722 1567 1753 nempe,
1593 1715 1680 1755 quod
1705 1724 1768 1746 non
1788 1712 1832 1746 est
1851 1715 1902 1746 uni
1920 1713 1954 1746 δε
1973 1726 1976 1729 ’

1081 1762 1174 1785 certo
1185 1752 1296 1785 officio
1306 1761 1360 1785 aut
1376 1754 1433 1785 arti
1454 1754 1649 1797 designatum
1660 1779 1670 1795 ‚
1682 1756 1710 1788 ἃ
1730 1764 1842 1789 contra
1861 1757 1953 1788 omni

1081 1796 1171 1836 operi
1199 1804 1323 1826 vacans.
1355 1804 1421 1836 quo
1444 1795 1530 1827 sensu
1555 1797 1672 1829 dicitur
1699 1807 1816 1829 vacuus
1839 1797 1952 1836 locus,

1081 1844 1181 1868 vacua
1201 1836 1381 1876 hereditas,
1399 1838 1540 1869 vacantia
1557 1838 1659 1871 bona:
1684 1848 1782 1880 quum
1800 1848 1864 1870 non
1881 1838 1953 1870 sunt

1080 1885 1250 1918 occupata.
1275 1880 1361 1919 quod
1387 1877 1407 1909 fi
1433 1877 1494 1910 est:
1520 1879 1646 1912 videtur
1671 1879 1774 1912 servus
1792 1880 1881 1919 cujus
1898 1889 1953 1911 ve-

1080 1918 1137 1952 luti
1165 1928 1267 1950 vacuo
1293 1919 1463 1951 ministerio
1490 1922 1587 1952 utitur
1611 1921 1762 1961 testator,
1785 1920 1848 1953 effe
1864 1921 1953 1954 idem

1083 1960 1281 1993 mediastino.
1307 1961 1419 1992 nam&
1434 1962 1459 1992 is
1476 1961 1587 1994 artifici
1604 1964 1780 2003 opponitur
1795 1962 1815 1994 l.
1825 1966 1854 1994 6.
1868 1961 1908 1994 D.
1918 1960 1955 1993 de

1081 2005 1169 2043 operis
1192 2002 1359 2040 servorum,
1383 2002 1414 2033 <St
1440 2003 1600 2034 ordinario
1626 2005 1646 2035 l.
1668 2013 1712 2042 15.
1736 2004 1764 2045 §.
1783 2013 1833 2041 44.
1856 2003 1898 2034 D.
1913 2004 1949 2034 de

1080 2044 1219 2084 injuriis3
1238 2043 1362 2074 videtur
1378 2044 1491 2081 etiam,
1509 2044 1563 2085 (ut
1582 2044 1699 2076 dudum
1717 2046 1756 2076 ab
1773 2045 1839 2076 aliis
1858 2044 1952 2076 tradi-

1083 2085 1171 2124 tum)
1195 2083 1257 2115 dici
1283 2084 1503 2123 mediastinus,
1527 2086 1615 2125 quod
1637 2086 1668 2116 in
1685 2086 1795 2117 medio
1812 2085 1872 2117 stet
1890 2084 1951 2116 ser-

1082 2135 1139 2157 vus
1155 2123 1316 2165 expositus
1332 2125 1498 2164 omnibus,
1515 2135 1580 2157 non
1595 2127 1674 2157 certi
1693 2125 1810 2164 officii,
1829 2125 1881 2157 sed
1899 2135 1952 2157 va-

1083 2168 1119 2198 rii
1137 2166 1227 2205 usus,
1252 2166 1391 2206 ideoque
1409 2167 1568 2198 ordinario
1586 2166 1689 2199 vilior.
1722 2168 1830 2208 quales
1847 2167 1899 2207 qui
1915 2167 1949 2199 in

1082 2208 1202 2240 balneis
1220 2207 1417 2248 thermisque
1434 2206 1520 2239 sunt:
1545 2209 1617 2248 qui,
1641 2217 1676 2240 ut
1694 2207 1820 2240 Nonius
1838 2208 1949 2239 aussor

1082 2248 1144 2287 est,
1168 2248 1297 2290 proprie
1320 2248 1494 2280 mediastini
1517 2257 1691 2281 vocantur:
1715 2249 1772 2281 etsi
1794 2249 1948 2289 loquendi

1081 2290 1135 2322 usu
1159 2289 1316 2329 obtinuit,
1341 2295 1375 2321 ut
1393 2291 1445 2330 qui
1470 2291 1500 2322 in
1518 2291 1636 2323 aedibus
1655 2292 1743 2322 omni
1761 2299 1874 2322 vacant
1892 2291 1948 2322 rni-

1081 2331 1211 2363 nisterio
1223 2355 1232 2368 ‚
1257 2341 1298 2362 eo
1315 2332 1445 2363 nomine
1462 2333 1717 2364 continerentur.
1747 2333 1843 2373 igitur
1859 2330 1879 2364 fi
1897 2341 1948 2362 va-

1081 2382 1177 2404 cuum
1195 2372 1240 2404 est
1256 2371 1333 2403 servi
1351 2372 1574 2411 ministerium,
1588 2375 1659 2413 quia
1676 2383 1739 2405 non
1757 2373 1801 2404 est
1816 2382 1833 2404 a
1848 2373 1948 2404 domi-

1081 2424 1125 2446 no
1144 2414 1308 2454 affignatus
1326 2415 1377 2445 uni
1396 2415 1451 2445 arti
1468 2422 1521 2445 aut
1539 2413 1667 2447 officio:
1685 2415 1762 2446 nihil
1780 2414 1947 2455 prohibet,

1081 2465 1153 2487 eum
1171 2465 1186 2486 a
1204 2455 1377 2486 fructuario
1396 2456 1487 2486 alicui
1512 2455 1653 2487 adbiberi
1672 2458 1728 2487 arti
1745 2464 1798 2487 aut
1814 2455 1948 2495 discipli-

1081 2507 1149 2536 nae3
1172 2499 1312 2536 artisque
1328 2497 1393 2536 ejus
1412 2505 1449 2526 ac
1464 2497 1586 2536 peritiae
1603 2495 1739 2529 fruCtum
1757 2498 1796 2528 ad
1811 2496 1947 2529 fructua-
1992 2497 1993 2500 ’

1082 2539 1162 2570 rium
1189 2538 1360 2579 pertinere.
1392 2538 1481 2577 quod
1504 2536 1525 2569 fi
1550 2547 1743 2578 occupatum
1759 2539 1820 2579 jam
1837 2548 1854 2569 a
1874 2547 1946 2578 pro-

1083 2580 1234 2621 prietario
1253 2578 1288 2610 sit
1305 2580 1371 2619 ejus
1396 2578 1620 2613 ministerium:
1644 2579 1760 2611 deinde
1778 2579 1884 2611 resistit
1898 2579 1946 2619 ius

1082 2621 1306 2662 proprietatis,
1331 2620 1360 2651 &
1375 2619 1478 2651 forma
1496 2619 1705 2659 ususfructus,
1722 2630 1762 2652 ne
1778 2631 1794 2652 a
1811 2620 1947 2652 fructua-

1082 2663 1131 2694 rio
1157 2662 1324 2692 contrariis
1350 2661 1380 2692 δί
1403 2660 1555 2692 inusitatis
1581 2661 1758 2693 ministeriis
1782 2661 1848 2702 ejus
1865 2660 1943 2692 servi

1083 2702 1225 2736 officium
1243 2710 1474 2742 corrumpatur.
1493 2702 1592 2734 Addit
1604 2701 1756 2743 Ulpianus
1772 2705 1800 2734 d.
1816 2704 1835 2735 l.
1850 2711 1893 2742 17.
1912 2700 1944 2745 §-

1087 2754 1112 2776 1.
1133 2743 1174 2775 D.
1194 2744 1227 2774 de
1243 2742 1418 2783 usufrufflu,
1443 2753 1504 2775 nec
1527 2753 1680 2785 oportere
1695 2743 1816 2776 servum
1831 2745 1947 2775 cicatri-

1083 2787 1162 2816 cibus
1176 2786 1344 2824 deformare.
1367 2785 1533 2824 nimirum,
1549 2795 1589 2817 ne
1606 2785 1653 2818 his
1666 2794 1795 2826 quoque
1811 2785 1947 2817 deterior

1084 2825 1138 2858 fiat
1153 2826 1352 2867 proprietarii
1369 2826 1525 2858 conditio.
1555 2827 1704 2867 intelligit
1720 2835 1825 2858 autem
1840 2825 1947 2866 Ulpia·

1085 2877 1143 2900 nus
1158 2867 1322 2899 cicatrices
1339 2867 1368 2898 in
1386 2867 1493 2907 primis
1511 2867 1688 2908 stigmatum
1707 2877 1776 2909 quae
1793 2869 1822 2899 in
1843 2867 1946 2898 servo-

1084 2918 1154 2941 rum
1179 2909 1338 2940 frontibus
1361 2916 1414 2939 aut
1437 2909 1575 2941 vultibus
1601 2911 1645 2941 uri
1666 2916 1719 2940 aut
1738 2909 1825 2940 scribi
1845 2908 1946 2939 solent
1992 2932 1995 2937 .

1083 2950 1225 2992 pluribus
1243 2959 1309 2981 non
1334 2950 1433 2981 modo
1450 2950 1548 2982 literis
1564 2959 1617 2981 aut
1637 2950 1761 2988 verbis,
1783 2949 1833 2980 sed
1849 2950 1945 2993 etiam

1085 2991 1241 3029 versibus,
1266 2992 1294 3022 dt
1317 2993 1458 3030 crimen,
1481 2992 1511 3023 &
1535 2991 1655 3023 causam
1672 2990 1818 3031 stigmatis
1835 2988 1945 3028 indigi·

1085 3033 1244 3064 tantibus:
1268 3041 1327 3071 qua
1350 3033 1390 3064 dc
1411 3042 1446 3063 re
1470 3032 1601 3071 copiose
1626 3033 1656 3063 δι.
1680 3031 1800 3062 erudite
1825 3028 1861 3060 V.
1881 3029 1942 3060 CL.

1082 3075 1184 3114 justus
1203 3073 1324 3113 Lipsius
1340 3073 1385 3103 lz'h.
1405 3083 1434 3105 2.
1454 3073 1617 3105 EleFtorum
1631 3082 1653 3102 c.
1668 3081 1712 3111 15.
1735 3069 1854 3104 Eadem
1871 3078 1943 3100 cau-

1083 3115 1112 3146 sa
1130 3124 1196 3147 non
1208 3115 1305 3146 debet
1322 3114 1509 3146 fructuarius
1521 3115 1640 3145 servum
1658 3119 1805 3148 torquere
1819 3118 1871 3140 aut
1888 3109 1942 3141 fla-

1083 3157 1174 3200 gellis
1190 3157 1314 3190 caedere
1328 3156 1349 3189 l.
1368 3166 1415 3197 23.
1433 3156 1461 3199 ἓ.
1484 3165 1510 3189 i.
1526 3155 1570 3188 D.
1587 3155 1619 3185 de
1632 3149 1794 3195 usufrut'tu.
1825 3156 1944 3232 ιιιτιὲῑᾳ-

1907 3201 1944 3224 ue
