2052 3487
987 30 993 46 Ι

219 142 286 177 128

219 222 464 258 extraordinariis
489 216 715 258 cognitionibus,
746 214 844 246 etiam
867 221 960 246 vetus
975 211 1085 244 Inscri-

217 268 288 309 ptio
305 265 388 307 apud
407 262 581 294 Gruterum
601 265 630 299 p.
653 260 725 297 636.

508 309 532 332 ι)
545 309 564 331 ε
575 309 586 330 1
601 310 623 331 si
649 307 677 329 M
688 306 706 328 Α
718 305 760 328 Ni
772 307 803 330 n.

522 351 534 373 1
545 350 593 372 vL
605 349 614 371 1
627 349 667 370 AE.
692 348 723 378 o.
747 347 778 369 L.

550 391 563 412 s
575 390 595 412 A
606 391 624 412 B
639 390 647 411 i
660 390 682 412 N
692 389 723 410 AE

544 432 573 454 M
584 432 603 453 E
618 431 638 453 o
649 431 658 452 1
668 430 686 452 c
699 430 729 451 [Ε

415 476 450 507 Q·
476 473 598 497 1vL1v
611 469 879 495 s.AT1METvs

549 513 736 536 CONIVGI

485 556 503 578 n
515 557 534 578 E
547 557 570 578 N
582 556 600 578 Ε
609 555 637 577 Μ
649 555 668 577 Ε
681 555 701 576 R
712 554 732 576 E
743 554 765 576 N
775 552 796 574 T
809 552 820 574 1

221 588 291 626 Alsa
313 590 426 624 eadem
448 590 571 630 pagina.

557 638 586 660 M
597 637 607 659 1
618 637 639 659 N
647 637 668 657 v
678 636 695 657 c
707 637 718 658 1
728 636 744 657 Α

540 681 570 702 o.
586 678 625 701 t.
650 677 670 699 A
683 679 695 699 s
705 677 726 698 T
740 676 759 699 rt

567 720 596 743 M
608 719 626 741 E
640 719 662 740 r>
673 719 683 741 1
693 718 710 740 c
721 717 741 741 A

222 757 315 790 Item.

504 805 534 825 c.
556 800 803 825 CORNELIVS

474 842 742 867 MEL130EVS.
767 841 853 863 31n1

452 886 516 909 ET.
539 882 864 908 SENTiAE.EL1D1

560 927 587 949 M
599 927 618 949 E
631 926 651 948 n
665 926 675 948 1
687 926 705 946 c
717 923 736 947 Α

478 968 626 991 coNTu
641 965 835 989 eEnNALt

221 1000 321 1040 Igitur
338 999 378 1040 de
397 1000 527 1032 Medica
544 1000 585 1032 fic
601 1001 684 1031 idern
704 998 856 1037 Ulpianus
871 995 890 1027 l.
918 1003 947 1031 9.
972 993 1012 1025 D.
1037 993 1089 1024 Aci

224 1043 312 1081 legem
346 1042 508 1083 Aquiliam.
555 1042 627 1073 Item
643 1039 672 1079 fi
694 1039 828 1077 obstetrix
849 1037 1086 1069 medicamentum

224 1084 350 1119 dederit,
384 1082 420 1117 δέ)
437 1085 502 1114 inde
524 1084 625 1114 mulier
644 1083 780 1123 perierit,
804 1080 898 1111 Labeo
913 1076 1083 1119 distinguit,

223 1132 257 1154 ut
266 1123 295 1160 fi
309 1125 422 1164 quidem
429 1126 496 1165 suis
517 1125 649 1155 manitus
670 1123 831 1164 supposuit,
854 1121 990 1151 videatur
1012 1119 1085 1148 occi-

223 1166 307 1206 diffe:
330 1164 375 1202 lin
389 1175 458 1199 vero
473 1167 550 1198 dedit
559 1189 569 1206 ‚
592 1171 627 1198 ut
643 1163 702 1204 fibi
719 1163 820 1196 mulier
833 1161 951 1203 offerret
959 1185 970 1202 ,
993 1162 1025 1192 in
1031 1160 1085 1200 fci-

825 124 1131 160 GERARDI
1181 114 1411 157 Nooui-

1128 211 1207 243 &um
1228 210 1366 242 actionem
1388 209 1524 241 dandam.
1574 207 1648 252 Quae
1674 206 1820 244 sententia
1842 218 1911 241 vero
1941 208 1998 250 eft.-

1128 252 1221 294 magis
1249 254 1323 282 enim
1340 252 1460 291 causum
1475 251 1574 281 mortis
1587 248 1748 290 prestitit,
1773 259 1860 290 quam
1884 253 1994 283 occiuit.

1127 293 1252 325 Finiam
1282 293 1363 324 hanc
1386 291 1592 332 quaestionem
1612 315 1621 327 ,
1653 291 1673 322 fi
1700 291 1878 329 addidero,
1903 301 1996 332 appa-

1128 345 1198 367 rere
1227 345 1266 366 ex
1291 335 1337 366 his
1359 343 1429 374 quae
1456 334 1521 364 dixi
1538 356 1548 371 ,
1589 333 1724 364 Plinium
1752 341 1815 362 non
1842 332 1995 371 reipiccre

1129 377 1168 408 ad
1193 377 1295 416 legem
1324 375 1503 415 Aquiliam,
1537 383 1609 405 cum
1634 373 1675 405 fic
1700 373 1806 404 scribit
1829 374 1875 404 lib.
1901 383 1948 410 29.
1971 384 1995 406 c.

1132 427 1158 449 1.
1208 417 1305 449 Nulla
1316 423 1453 457 praeterea
1474 416 1539 453 lex,
1571 426 1633 456 quae
1654 416 1761 454 puniat
1785 416 1930 454 insciliam
1953 425 1998 446 ca·

1124 458 1264 500 pitalem,
1294 459 1408 488 nullum
1431 458 1590 497 exemplum
1613 455 1761 487 vindittoe.
1809 455 1935 495 Discum
1947 464 1996 496 pe-

1129 501 1230 531 riculis
1253 498 1374 539 nostris,
1406 498 1442 533 ὅ)
1465 499 1659 538 experimenta
1679 504 1731 537 per
1756 504 1858 527 mortes
1882 505 1995 539 agunt:

1129 540 1300 622 Medfioque
1315 546 1430 572 tantum
1449 540 1588 570 hominem
1604 538 1733 579 occiaz'ffe
1749 539 1995 579 irnpuizitui·jwiz=

1129 593 1177 614 rna
1193 592 1205 612 e
1234 605 1241 612 .

1168 623 1319 655 Proxima
1350 621 1516 662 imperitiae
1550 622 1679 653 videtur
1705 619 1889 653 infirmitas:
1922 629 1995 653 nem
2020 621 2023 626 '

1130 665 1160 696 δί
1189 664 1273 704 ipsa,
1295 663 1317 695 fi
1346 665 1408 695 sola
1430 662 1482 701 (it,
1508 673 1573 694 non
1599 664 1696 704 tnagis
1721 663 1825 702 potest
1849 662 1996 701 cuiquam

1128 706 1296 745 imputari,
1332 714 1425 745 quam
1451 704 1557 744 potest
1581 713 1676 736 coeco
1705 712 1757 734 aut
1780 703 1873 735 sui-do
1897 704 1996 742 impu-

1133 748 1191 778 tari
1216 748 1330 778 vitium
1356 746 1524 777 oculorum
1549 753 1603 776 aut
1628 747 1766 776 aurium:
1790 745 1820 776 ἅ
1848 754 1951 775 tamen
1975 744 1997 776 fi

1132 789 1203 828 quis
1227 787 1422 819 affectaverit
1453 787 1511 825 id,
1543 787 1574 818 iii
1605 796 1669 827 quo
1693 787 1743 816 vel
1776 786 1996 826 intelligebat,

1131 830 1182 860 vel
1207 828 1347 860 debebat
1377 828 1556 869 intelligere
1573 850 1582 866 ‚
1615 826 1829 859 infirmitatem
1856 827 1937 858 l‘uain
1956 831 1997 858 al-

1131 871 1190 902 teri
1222 868 1428 911 periculosam
1466 869 1635 905 futuram;
1681 878 1745 899 non
1784 870 1907 899 videtur
1938 870 1997 899 ini-

1132 921 1231 952 quum
1248 935 1258 950 ,
1289 911 1309 943 fi
1335 910 1499 942 infirmitas
1523 911 1623 950 culpae
1648 918 1889 941 annumeretur:
1915 919 1948 940 ut
1971 909 1993 941 fi

1131 953 1231 985 mulio
1248 976 1258 991 ,
1281 959 1414 994 propter
1440 951 1657 983 infirmitatem
1678 953 1759 982 luam
1777 975 1787 989 ‚
1811 960 1875 982 non
1901 950 1995 990 pollii:

1131 993 1279 1025 sustinere
1301 994 1456 1024 mularum
1482 1001 1657 1033 impetum,
1688 1001 1741 1023 aut
1764 992 1785 1023 si
1805 994 1873 1032 quis
1897 1001 1996 1032 unpe-

1133 1044 1200 1067 tum
1219 1035 1292 1075 equi
1311 1044 1376 1076 quo
1395 1034 1592 1071 xehebatur,
1616 1033 1971 1074 propter-infirmitatem
1984 1056 1995 1071 ,

1128 1086 1193 1151 {ion
1212 1077 1307 1118 poffit
1323 1076 1462 1109 retinere
1479 1075 1498 1107 l.
1518 1080 1545 1110 8,
1568 1074 1597 1116 §.
1623 1084 1649 1107 1.
1675 1074 1718 1106 D.
1742 1075 1993 1116 Adlegemsiqziz'-

1140 1129 1208 1151 lam.

933 1280 1147 1317 CAPUT
1199 1279 1282 1316 IX.

224 1390 367 1426 Occidere
386 1392 445 1426 clici
462 1401 550 1434 eum,
576 1392 626 1437 qui
651 1389 894 1435 qualemcumque
916 1385 1024 1421 ccedem
1047 1386 1081 1419 vi
1105 1381 1146 1424 55⁹
1176 1396 1268 1419 manu
1315 1387 1387 1420 acit.

269 1443 386 1487 prcebet
399 1454 409 1477 :
424 1439 483 1487 fid
502 1441 630 1480 alterum
646 1450 684 1472 ex
702 1439 734 1471 vi
751 1435 791 1476 ὃ)
808 1436 993 1482 proprietate
1010 1436 1114 1475 verbi,
1142 1434 1272 1468 alterum
1290 1445 1328 1467 ex
1355 1441 1453 1468 merite
1474 1434 1514 1474 ἐξ
1527 1434 1683 1481 sententia
1707 1438 1796 1483 legis.

1444 1387 1537 1420 etiam
1565 1396 1632 1421 eum
1650 1414 1659 1429 ,
1685 1389 1737 1433 qui
1758 1388 1850 1421 morti
1870 1386 1994 1429 causam

1851 1437 1993 1484 Occisum

272 1489 406 1535 intelligi
421 1501 488 1524 eum
506 1489 682 1536 quistatim
700 1485 890 1533 exspiravit,
915 1485 1007 1519 etium
1026 1495 1092 1519 elim
1110 1485 1158 1528 qui
1179 1494 1217 1518 ex
1234 1483 1397 1518 intervallo
1416 1494 1551 1518 mortuus
1568 1484 1622 1531 cst.

223 1593 404 1670 Sequitur
426 1594 456 1624 in
488 1593 560 1634 lege
585 1591 730 1632 Aquilia,
754 1590 818 1636 Qui
839 1592 950 1623 occidit.
996 1587 1083 1633 Quid

250 1660 253 1662 .
297 1635 375 1666 velit
396 1635 548 1673 verbum,
571 1636 692 1672 occidit,
727 1634 793 1674 ejus
817 1635 909 1674 origo
932 1631 1083 1663 ostendit.

225 1676 393 1708 Cornelius
425 1675 567 1714 Fronto,
599 1674 779 1713 Occidere,
810 1675 930 1715 inquit,
962 1674 1006 1705 ob
1029 1682 1088 1703 ςτε-

198 1754 201 1756 K
224 1719 298 1749 dem
317 1717 453 1753 dicitur3
480 1718 605 1749 caedere
624 1726 703 1747 vero
720 1716 766 1748 est
790 1724 979 1756 percutere;
1001 1715 1087 1745 occi-

222 1759 300 1790 dere
327 1759 419 1789 valde
442 1766 620 1799 percutere.
646 1759 728 1789 adeo
752 1765 846 1798 auget
875 1767 905 1787 oc
928 1757 959 1787 in
983 1757 1088 1786 occide¹

222 1809 252 1830 re
267 1823 276 1838 ,
300 1800 331 1831 ὅ(
347 1799 436 1831 verbi
455 1801 518 1832 vim
541 1799 690 1830 intendit.
732 1798 808 1829 Hoc
830 1808 846 1828 a
875 1798 1007 1829 Donato
1029 1797 1086 1827 ob-

221 1840 380 1873 servatum
400 1842 438 1872 ad
456 1841 532 1873 illud
550 1839 699 1871 Terentii
715 1840 747 1870 in
764 1839 900 1879 Adelphis
915 1848 945 1876 4.
969 1849 997 1869 Q.
1021 1837 1085 1868 Cte-

214 1881 295 1923 fipho
310 1892 352 1913 me
369 1884 480 1923 pugnis
502 1883 632 1922 miserum
655 1880 691 1915 ὅ)
707 1880 791 1921 istam
808 1881 974 1921 psalterium
995 1887 1085 1919 usque

222 1925 335 1955 occidit.
371 1924 473 1955 Porro
491 1926 563 1963 quia
580 1932 620 1954 ex
636 1920 807 1953 immodica
825 1931 934 1952 manus
951 1930 1004 1952 aut
1020 1919 1084 1950 fei·-

221 1965 247 1996 ri
272 1965 471 2004 percussione
488 1965 677 2004 plerumque
694 1962 834 2003 sequitur
851 1962 1029 1993 vulneratio
1053 1961 1083 1992 &

222 2015 311 2037 mors
333 2007 465 2046 percuffi
482 2005 638 2044 horninis3
661 2004 757 2036 facile
773 2003 825 2035 usu
844 2005 952 2041 venit,
977 2003 1081 2041 utqui

223 2047 392 2079 hominem
415 2048 544 2079 tolleret
562 2046 754 2078 vehemente
772 2045 989 2084 percuffione,
1014 2052 1087 2074 eum

222 2089 376 2120 occidere
404 2089 572 2120 diceretur.
622 2087 667 2119 Ea
691 2087 738 2118 vis
763 2087 792 2119 ἀ
818 2085 957 2127 potestas
985 2084 1085 2116 verbi.

224 2140 265 2161 ex
284 2139 343 2170 qua
353 2130 530 2161 dubitatum
548 2129 629 2168 fuit,
654 2129 674 2160 si
696 2130 766 2169 quis
786 2128 908 2159 servum
929 2134 1086 2168 aegrotum

222 2172 338 2202 leviter
357 2171 558 2210 percusserit,
585 2171 657 2202 &⁴is
674 2170 811 2207 obierit,
837 2179 874 2200 an
892 2169 943 2200 lex
962 2167 1087 2208 Aquilia

219 2213 333 2244 'locum
353 2212 504 2244 haberet:
529 2221 601 2243 nam
625 2213 677 2251 qui
699 2211 861 2242 hominem
883 2211 998 2241 leviter
1016 2218 1085 2248 pei·-

224 2254 333 2292 cuffit‚
358 2254 487 2293 proprie
511 2263 577 2284 non
596 2253 723 2284 videtui·
739 2262 811 2283 eum
831 2250 991 2282 occidisse.
1022 2250 1088 2281 Pia-

224 2297 294 2326 cuit
313 2303 420 2326 tamen
433 2293 591 2335 Ulpiano,
615 2295 719 2335 legem
737 2294 845 2325 locum
865 2292 982 2323 habere
993 2291 1086 2329 ideo,

223 2337 313 2376 quod
330 2336 413 2367 aliud
433 2337 483 2368 alii
501 2335 580 2367 solet
604 2335 806 2366 mortiferum
832 2333 894 2365 esse
909 2334 926 2363 l.
953 2343 980 2374 7.
1004 2332 1032 2374 §.
1056 2343 1085 2372 5.

225 2378 270 2409 D.
295 2378 345 2408 Acl
361 2378 447 2418 legem
462 2378 622 2417 Aquiliam.
665 2376 728 2408 Sed
752 2376 782 2407 &
808 2386 849 2407 eo
870 2377 947 2406 itum
965 2374 1028 2412 est,
1053 2380 1087 2404 ut

223 2420 279 2459 qui
298 2419 460 2450 hominem
478 2418 619 2450 adhibita
644 2418 694 2455 vi,
720 2418 749 2448 ἃ
768 2417 850 2458 quali
870 2426 963 2448 manu
980 2439 989 2454 ,
1014 2424 1087 2456 qua-

223 2461 299 2492 liter
317 2461 451 2500 qualiter
468 2460 686 2498 interimeret,
709 2468 782 2490 eurn
799 2459 949 2489 occidere
966 2458 1087 2488 dicere·

224 2509 296 2536 tur‚·
320 2501 375 2533 etfi
393 2511 497 2542 neque
516 2501 702 2532 verberibus
722 2508 879 2538 uteretur,
904 2508 1009 2538 neque
1023 2497 1085 2528 san-

222 2542 293 2582 guis
310 2564 319 2580 ,
359 2552 464 2582 neque
494 2542 611 2573 ferrum
629 2566 638 2581 ,
673 2549 852 2582 appareret.
904 2541 979 2571 Hoc
1016 2538 1087 2569 sane

225 2583 444 2624 Quintilianus
470 2583 599 2615 Declam.
624 2594 694 2624 350.
725 2582 909 2620 annotavit,
944 2590 977 2612 ut
1001 2581 1085 2611 vide-

224 2633 301 2661 tur,
326 2625 364 2655 ad
381 2625 483 2664 legem
504 2625 706 2661 Corneliarm
731 2624 782 2655 sed
799 2626 837 2654 zid
862 2625 963 2664 legem
989 2623 1086 2661 Aqui-

223 2666 300 2697 liam
325 2666 635 2697 transfereturrecte.
682 2666 786 2697 Verba
805 2664 1012 2708 Quintiliani:
1030 2663 1087 2694 Cae-

225 2708 274 2738 des
289 2707 406 2737 videtur
411 2705 578 2746 significare
592 2709 759 2747 lorzqziineni
776 2706 812 2740 ἐξ
822 2708 948 2746 ferrum.
974 2706 1006 2735 Si
1023 2706 1087 2745 quis

224 2749 281 2780 alio
295 2757 398 2789 genere
420 2748 496 2778 homo
511 2748 609 2786 fuerit
633 2749 755 2784 occisus,
786 2749 823 2779 ad
849 2748 927 2778 illam
942 2747 1029 2787 legem
1044 2754 1088 2776 re-

225 2794 387 2821 vertemur:
403 2787 431 2826 fi
452 2791 582 2819 inciderit
605 2790 635 2819 in
659 2789 781 2819 latrinas
797 2795 848 2820 citit
864 2791 894 2819 in
911 2797 1001 2830 aquas
1012 2794 1085 2825 prae-

225 2832 379 2868 cipitatzls,
395 2828 424 2868 fi
445 2831 475 2860 in
498 2830 625 2871 aliquam
648 2831 810 2866 z'rizmerzsam
837 2831 1019 2861 altitudinem
1041 2830 1088 2859 de-

221 2871 445 2915 jetlusfueri't,
476 2880 508 2901 ea
530 2871 589 2912 lege
613 2872 835 2908 vindicabitur,
859 2882 918 2912 qua
940 2871 987 2901 ille
1002 2893 1013 2908 ,
1036 2871 1087 2910 qui

223 2915 305 2954 ferro
317 2911 458 2953 percuffus
486 2910 534 2952 est.
581 2911 631 2942 Sic
657 2911 729 2942 ille:
766 2913 861 2943 etiarn
890 2912 1007 2943 Cicero
1030 2912 1087 2942 Pro

227 2956 355 2993 Scauro,
379 2962 452 2984 cuin
470 2953 549 2984 infit.
597 2953 734 2983 Libertus
753 2960 909 2993 patronum
937 2963 994 2983 uon
1016 2953 1086 2983 occi-

227 2998 289 3033 elit,
311 2997 358 3032 led
372 2996 479 3026 duobus
495 2994 625 3036 digitulis
638 2994 739 3032 gulam
756 2993 856 3030 oblifit.
891 2994 986 3032 Vult,
1010 3003 1085 3024 eum

226 3038 280 3077 qui
303 3035 524 3077 strangulavit,
548 3033 718 3073 occidiss'e,
743 3034 798 3065 eifi
823 3044 926 3073 neque
951 3035 1085 3073 vulnus,

227 3087 333 3117 neque
351 3077 470 3108 ferrum
487 3100 495 3115 ‚
521 3083 676 3116 arguatur.
722 3074 871 3106 Similiter
894 3074 1047 3113 Ulpianus
1065 3076 1084 3106 l.

226 3129 255 3158 7.
290 3119 318 3159 ἓ.
354 3128 379 3150 1.
414 3119 454 3149 D.
486 3118 537 3149 Aa
559 3119 645 3158 legem
671 3116 840 3156 Aquiliam,
866 3116 1016 3153 Occisum,
1040 3118 1085 3147 in-

228 3160 361 3199 quiens,
384 3162 508 3200 accipere
529 3160 675 3195 debemus,
694 3157 759 3195 sive
779 3158 895 3197 gladio,
911 3156 976 3193 five
998 3159 1084 3188 etium

219 3200 321 3240 susle,
343 3201 390 3229 vel
412 3202 466 3231 cilio
482 3201 551 3238 telo,
574 3201 619 3232 vel
642 3201 793 3236 manibus,
812 3198 839 3235 fi
854 3195 1080 3239 fortestrangie

226 3242 302 3274 lavit
316 3249 397 3279 etim,
422 3242 468 3272 vel
490 3243 565 3273 calce
582 3242 689 3283 petiit,
720 3241 766 3272 vel
788 3242 897 3282 capite,
920 3242 967 3276 vel
989 3240 1084 3280 quali-

1127 1596 1170 1622 ter
1194 1590 1327 1631 qualiter.
1374 1588 1416 1620 Et
1436 1589 1467 1620 in
1498 1588 1527 1630 ξ.
1552 1599 1581 1621 2.
1607 1590 1634 1620 d.
1659 1589 1669 1620 l
1703 1599 1731 1630 7.
1775 1589 1831 1620 Sed
1852 1589 1909 1629 (id
1927 1588 1993 1628 est,

1119 1632 1173 1672 secl
1189 1633 1250 1672 &J
1268 1629 1296 1668 fi
1310 1631 1375 1671 qttis
1388 1631 1452 1671 plici
1467 1629 1545 1672 justo
1562 1640 1695 1662 onerariis
1713 1641 1781 1662 omis
1794 1638 1924 1671 ‹ie-Jererzt
1936 1656 1943 1666 ,
1956 1631 1993 1664 ζῇ*

1120 1677 1243 1714 servum
1260 1674 1411 1719 occulerit,
1435 1672 1559 1713 Aquilia
1583 1676 1673 1703 locum
1690 1674 1770 1703 halec
1831 1673 1917 1704 hiem
1938 1672 1995 1703 Ul-

1131 1715 1241 1755 pianus
1264 1721 1415 1754 praeterea
1435 1716 1618 1753 exemplum
1643 1715 1734 1753 ponit
1753 1723 1782 1744 in
1800 1713 1995 1751 obstetrice,

1131 1765 1201 1796 quae
1225 1755 1347 1786 mulieri
1376 1754 1518 1785 manibus
1540 1755 1597 1784 iuis
1624 1753 1804 1794 iupposuit,
1829 1756 1879 1785 vel
1902 1756 1994 1785 dedit

1130 1796 1400 1827 medicamentum
1433 1804 1471 1826 ex
1495 1804 1560 1835 quo
1586 1796 1636 1826 illa
1669 1796 1761 1835 periit
1784 1799 1802 1826 ι.
1830 1807 1850 1832 9
1877 1802 1924 1835 pr.
1949 1795 1993 1827 D.

1128 1838 1179 1869 Ad
1202 1837 1289 1878 legem
1314 1837 1485 1877 Aquiliam3
1507 1844 1584 1867 item
1610 1837 1641 1867 in
1666 1846 1706 1867 eo
1739 1837 1790 1874 qui
1816 1838 1905 1868 alicui
1936 1846 1992 1875 pei·

1128 1880 1192 1909 vim
1210 1886 1264 1908 aut
1288 1876 1404 1908 sualum
1431 1877 1700 1909 medicamentum
1725 1877 1842 1909 infudit
1869 1880 1918 1909 vel
1934 1887 1992 1909 ore

1127 1920 1179 1951 vel
1195 1919 1351 1960 clystere,
1376 1919 1427 1950 vel
1445 1917 1465 1949 fi
1487 1928 1559 1950 eum
1579 1921 1667 1950 unxit
1686 1919 1770 1950 malo
1780 1920 1941 1951 venenat
1961 1930 1993 1955 9-

1126 1959 1154 2001 §.
1182 1970 1207 1992 1.
1234 1960 1274 1991 D.
1299 1961 1356 1991 eod.
1383 1962 1427 1990 tit.
1453 1960 1530 1992 item
1550 1960 1602 2001 qui
1620 1960 1757 2001 aliquem
1775 1963 1814 1992 <ie
1835 1969 1935 2001 ponte
1959 1961 1992 1993 in

1126 2002 1244 2033 flumen
1269 2001 1500 2042 praecipitavit:
1525 2011 1595 2032 nain
1611 2001 1631 2032 fi
1650 2011 1788 2042 corpore
1815 2001 1868 2033 suo
1892 2003 1992 2040 fecit,

1132 2043 1203 2084 lege
1238 2043 1363 2084 Aquilia
1398 2050 1549 2080 tenetur,
1586 2044 1856 2083 quemadmodum
1877 2043 1898 2075 fi
1922 2044 1993 2084 quis

1131 2092 1264 2124 puerum
1287 2083 1362 2114 saxo
1380 2083 1504 2114 illifisset
1522 2085 1548 2114 d.
1573 2085 1591 2114 l.
1617 2094 1643 2124 7.
1668 2084 1694 2126 §⁴
1721 2095 1747 2125 7.

1172 2125 1280 2167 Quid,
1313 2123 1334 2155 fi
1359 2133 1431 2155 eum
1461 2134 1525 2155 non
1553 2127 1790 2166 praecipitavit,
1821 2125 1873 2158 sed
1904 2135 1991 2165 equo

1130 2168 1295 2198 concitato
1313 2166 1501 2204 praecipitari
1519 2164 1626 2197 fecit?
1650 2168 1743 2206 quid,
1767 2167 1789 2199 fi
1813 2169 1907 2199 alium
1925 2177 1994 2199 non

1129 2207 1203 2246 suo,
1226 2206 1278 2239 sed
1296 2207 1443 2244 alterius,
1475 2205 1607 2247 impulsu
1634 2209 1819 2240 occiderit?
1841 2210 1946 2249 {quid,
1970 2208 1992 2240 fi

1130 2250 1181 2280 alii
1203 2249 1470 2280 medicamentum
1492 2258 1554 2279 non
1577 2258 1669 2280 manu
1695 2249 1743 2281 sua
1759 2249 1824 2281 five
1850 2249 1991 2287 infudit,

1130 2290 1192 2322 five
1216 2288 1389 2330 imposuit,
1419 2288 1471 2320 sed
1496 2291 1524 2321 ei
1552 2290 1640 2321 dedit
1657 2314 1665 2328 ‚
1691 2299 1725 2322 ut
1748 2291 1802 2322 sibi
1828 2291 1991 2323 offerret?

1131 2333 1226 2372 quid,
1251 2332 1271 2362 ii
1291 2340 1354 2375 non
1379 2339 1491 2368 manu,
1524 2331 1575 2362 sed
1600 2331 1687 2363 fame
1710 2333 1873 2364 hominem
1899 2342 1991 2363 neca-

1130 2381 1213 2404 verit
1240 2373 1391 2404 incluium
1424 2373 1516 2402 alicui
1540 2372 1615 2403 loco
1632 2373 1649 2404 t>
1681 2374 1812 2413 quaestio
1835 2384 1871 2406 ea
1895 2374 1992 2405 verti-

1131 2421 1199 2452 tur,
1223 2424 1260 2445 an
1278 2415 1332 2454 qui
1352 2422 1417 2444 non
1436 2413 1500 2453 ipre
1518 2415 1659 2452 occidit,
1683 2415 1734 2446 sed
1751 2416 1885 2456 praebuit
1905 2425 1990 2446 mor-

1131 2457 1152 2487 ti
1178 2454 1319 2492 caussam,
1343 2455 1404 2495 legi
1431 2455 1562 2494 Aquilia:
1585 2457 1772 2496 obligetur?
1806 2457 1834 2488 dt
1859 2458 1990 2497 quidem

1130 2500 1160 2530 in
1178 2498 1248 2537 lege
1267 2497 1417 2527 Cornelia
1430 2497 1469 2527 de
1489 2495 1600 2527 ficariis
1619 2498 1696 2529 nihil
1713 2499 1862 2537 interest,
1886 2506 1992 2529 utrum

1131 2544 1258 2571 occidat
1288 2539 1380 2576 quis,
1417 2546 1455 2568 an
1485 2538 1580 2568 morti
1611 2541 1730 2570 caulam
1768 2541 1931 2578 praebeat:
1957 2547 1992 2569 ut

1130 2588 1244 2622 praeter
1266 2577 1435 2617 Ulpianum
1461 2579 1470 2608 l
1509 2588 1552 2618 15>
1581 2578 1621 2609 D.
1652 2581 1699 2610 Ai
1720 2582 1804 2621 legem
1830 2583 1992 2611 Cornelium

1130 2621 1302 2660 desiturus,
1326 2621 1421 2650 etiam
1448 2618 1605 2650 Lucianus
1625 2621 1736 2652 definit
1760 2624 1791 2651 in
1817 2621 1991 2662 'Pyrenaici-

1131 2668 1168 2695 Aa
1185 2662 1232 2693 liis
1251 2662 1364 2692 verbis.
1408 2661 1551 2701 Equidem
1567 2659 1602 2694 ἐπ”
1621 2663 1693 2692 illm
1709 2665 1825 2693 memini
1842 2662 1930 2702 ‹iiffri
1956 2664 1989 2693 in

1131 2706 1255 2747 legibus,
1285 2708 1398 2738 caulam
1423 2703 1520 2732 mortis
1546 2702 1597 2742 effe
1620 2704 1777 2744 auplicem,
1794 2703 1822 2741 fi
1845 2706 1908 2744 quis
1933 2703 1990 2744 ipse

1131 2748 1260 2782 occidat,
1283 2742 1374 2781 (izitfi
1389 2753 1446 2774 non
1461 2745 1517 2783 ipse
1540 2745 1654 2784 quidem
1676 2747 1795 2784 occidit,
1819 2755 1907 2786 neque
1929 2756 1991 2775 mu—

1129 2798 1170 2819 rzu
1186 2787 1310 2827 fiicinus
1335 2787 1461 2826 peregit,
1492 2794 1594 2815 verum
1623 2788 1783 2824 compulit,
1814 2794 1864 2818 aut
1894 2788 1992 2817 mortis

1129 2836 1244 2867 causam
1261 2828 1389 2867 prebuit.
1435 2826 1486 2857 Ex
1500 2836 1576 2867 usquo
1593 2826 1629 2861 ἐπ’)
1651 2828 1726 2858 hunc
1740 2838 1851 2869 quoque
1867 2829 1911 2858 let
1928 2838 1990 2859 cen-

1119 2869 1318 2910 setszlppllcz'o
1335 2866 1413 2907 affici
1427 2874 1559 2907 oportere.
1607 2869 1651 2900 lta
1678 2879 1707 2899 in
1733 2870 1803 2909 lege
1822 2869 2005 2901 Cornelia&

1129 2912 1228 2944 sedin
1246 2909 1372 2948 Aquilia
1390 2918 1503 2940 contra
1524 2909 1585 2940 eii:
1610 2911 1638 2940 ἃ
1666 2910 1855 2942 differentiae
1878 2909 1988 2948 eausa,

1129 2952 1215 2989 guod
1244 2952 1295 2981 lex
1323 2949 1472 2982 Cornelia
1494 2952 1638 2982 meminit
1665 2962 1727 2982 non
1755 2960 1874 2982 tuntum
1896 2951 1989 2991 hujus

1129 2996 1180 3033 qui
1199 2993 1336 3030 occidit,
1362 2991 1414 3022 sed
1438 2992 1502 3031 ejus
1527 3001 1656 3032 quoque
1672 2993 1757 3033 cujus
1777 2994 1807 3024 id
1825 2993 1901 3023 dolo
1925 3001 1988 3022 ma—

1129 3038 1162 3068 lo
1186 3035 1339 3073 contigi13
1364 3042 1398 3064 ut
1418 3043 1457 3064 ex
1478 3032 1614 3074 Ulpiano
1638 3037 1761 3065 constat
1788 3032 1846 3063 Tit.
1874 3042 1898 3064 1.
1926 3034 1987 3064 Col-

1128 3079 1244 3109 lationz's
1269 3075 1380 3116 Legum
1410 3075 1608 3114 Mosaicarzim
1638 3075 1674 3109 ἐξ
1707 3075 1922 3106 Romanarum:
1955 3083 1988 3105 at

1129 3120 1180 3150 lex
1211 3116 1334 3159 Aquilia
1364 3124 1486 3148 tanturn
1514 3118 1603 3155 punit
1624 3117 1711 3148 illum
1741 3116 1793 3154 qui
1822 3116 1987 3147 hominem

1129 3162 1268 3199 occidit3
1292 3169 1356 3190 non
1376 3159 1470 3189 etiam
1489 3158 1573 3189 hunc
1591 3158 1642 3196 qui
1661 3157 1692 3187 id
1713 3155 1809 3194 fecit,
1834 3165 1869 3188 ut
1889 3158 1987 3188 homo

1128 3203 1340 3233 occideretur.
1386 3199 1425 3229 Et
1454 3200 1517 3229 lioc
1548 3201 1631 3229 clai-e
1654 3197 1792 3237 Julianus
1825 3198 1835 3228 l
1867 3209 1916 3239 51.
1949 3198 1986 3229 Ῑ).

1127 3243 1178 3273 Ad
1207 3244 1295 3283 legem
1327 3241 1507 3281 qucz‘liam3
1549 3248 1622 3271 cum
1645 3239 1735 3278 infit,
1764 3240 1843 3281 Lege
1865 3241 1986 3281 Aquilia

1925 3290 1988 3312 «um
