<?xml version="1.0" encoding="UTF-8"?>
<!DOCTYPE html PUBLIC "-//W3C//DTD XHTML 1.0 Transitional//EN"
    "http://www.w3.org/TR/xhtml1/DTD/xhtml1-transitional.dtd">
<html xmlns="http://www.w3.org/1999/xhtml" xml:lang="en" lang="en">
 <head>
  <title>
</title>
<meta http-equiv="Content-Type" content="text/html;charset=utf-8" />
  <meta name='ocr-system' content='tesseract 3.04.00' />
  <meta name='ocr-capabilities' content='ocr_page ocr_carea ocr_par ocr_line ocrx_word'/>
</head>
<body>
  <div class='ocr_page' id='page_1' title='image "./gerardinoodtnovi00nood_0764.png"; bbox 0 0 2036 3495; ppageno 0'>
   <div class='ocr_carea' id='block_1_1' title="bbox 152 96 219 134">
    <p class='ocr_par' dir='ltr' id='par_1_1' title="bbox 152 96 219 134">
     <span class='ocr_line' id='line_1_1' title="bbox 152 96 219 134; baseline -0.015 -4"><span class='ocrx_word' id='word_1_1' title='bbox 152 96 219 134; x_wconf 71' lang='lat'>182</span> 
     </span>
    </p>
   </div>
   <div class='ocr_carea' id='block_1_2' title="bbox 146 169 1035 2411">
    <p class='ocr_par' dir='ltr' id='par_1_2' title="bbox 149 169 1031 665">
     <span class='ocr_line' id='line_1_2' title="bbox 155 169 1026 214; baseline -0.017 1"><span class='ocrx_word' id='word_1_2' title='bbox 155 182 186 214; x_wconf 68' lang='grc' dir='ltr'>ἃ</span> <span class='ocrx_word' id='word_1_3' title='bbox 204 182 300 214; x_wconf 86' lang='lat' dir='ltr'>fuerit</span> <span class='ocrx_word' id='word_1_4' title='bbox 317 175 449 212; x_wconf 65' lang='lat' dir='ltr'>effecius</span> <span class='ocrx_word' id='word_1_5' title='bbox 467 174 660 211; x_wconf 73' lang='lat' dir='ltr'>deditionis,</span> <span class='ocrx_word' id='word_1_6' title='bbox 685 180 781 212; x_wconf 90' lang='lat' dir='ltr'>quem</span> <span class='ocrx_word' id='word_1_7' title='bbox 797 171 918 203; x_wconf 83' lang='lat' dir='ltr'>indicat</span> <span class='ocrx_word' id='word_1_8' title='bbox 936 169 1026 209; x_wconf 73' lang='lat' dir='ltr'>justi-</span> 
     </span>
     <span class='ocr_line' id='line_1_3' title="bbox 151 211 1027 263; baseline -0.015 -8"><span class='ocrx_word' id='word_1_9' title='bbox 151 227 261 256; x_wconf 83' lang='lat' dir='ltr'>nianus</span> <span class='ocrx_word' id='word_1_10' title='bbox 278 222 306 263; x_wconf 83' lang='lat'>§.</span> <span class='ocrx_word' id='word_1_11' title='bbox 325 232 353 262; x_wconf 84' lang='lat'>3.</span> <span class='ocrx_word' id='word_1_12' title='bbox 374 217 446 257; x_wconf 69' lang='lat' dir='ltr'>lust.</span> <span class='ocrx_word' id='word_1_13' title='bbox 463 218 491 247; x_wconf 83' lang='lat' dir='ltr'>h.</span> <span class='ocrx_word' id='word_1_14' title='bbox 509 222 531 246; x_wconf 81' lang='lat' dir='ltr'>t.</span> <span class='ocrx_word' id='word_1_15' title='bbox 558 224 592 246; x_wconf 84' lang='lat' dir='ltr'>ut</span> <span class='ocrx_word' id='word_1_16' title='bbox 617 215 767 245; x_wconf 88' lang='lat' dir='ltr'>dominus</span> <span class='ocrx_word' id='word_1_17' title='bbox 783 212 889 243; x_wconf 87' lang='lat' dir='ltr'>noxali</span> <span class='ocrx_word' id='word_1_18' title='bbox 906 211 1027 252; x_wconf 85' lang='lat' dir='ltr'>judicio</span> 
     </span>
     <span class='ocr_line' id='line_1_4' title="bbox 152 251 1028 298; baseline -0.016 -1"><span class='ocrx_word' id='word_1_19' title='bbox 152 272 352 298; x_wconf 81' lang='lat' dir='ltr'>conventus,</span> <span class='ocrx_word' id='word_1_20' title='bbox 378 260 498 290; x_wconf 84' lang='lat' dir='ltr'>servum</span> <span class='ocrx_word' id='word_1_21' title='bbox 517 257 612 287; x_wconf 69' lang='lat' dir='ltr'>actori</span> <span class='ocrx_word' id='word_1_22' title='bbox 627 264 719 286; x_wconf 79' lang='lat' dir='ltr'>noxae</span> <span class='ocrx_word' id='word_1_23' title='bbox 736 254 886 285; x_wconf 88' lang='lat' dir='ltr'>dedendo</span> <span class='ocrx_word' id='word_1_24' title='bbox 902 251 968 293; x_wconf 90' lang='lat' dir='ltr'>ipso</span> <span class='ocrx_word' id='word_1_25' title='bbox 983 253 1028 292; x_wconf 83' lang='lat' dir='ltr'>ju-</span> 
     </span>
     <span class='ocr_line' id='line_1_5' title="bbox 152 295 1027 338; baseline -0.015 -1"><span class='ocrx_word' id='word_1_26' title='bbox 152 316 188 338; x_wconf 84' lang='lat' dir='ltr'>re</span> <span class='ocrx_word' id='word_1_27' title='bbox 202 306 368 336; x_wconf 78' lang='lat' dir='ltr'>liberetur:</span> <span class='ocrx_word' id='word_1_28' title='bbox 385 308 444 330; x_wconf 85' lang='lat' dir='ltr'>nec</span> <span class='ocrx_word' id='word_1_29' title='bbox 461 298 564 329; x_wconf 85' lang='lat' dir='ltr'>minus</span> <span class='ocrx_word' id='word_1_30' title='bbox 582 297 646 336; x_wconf 86' lang='lat' dir='ltr'>ejus</span> <span class='ocrx_word' id='word_1_31' title='bbox 657 296 735 327; x_wconf 81' lang='lat' dir='ltr'>servi</span> <span class='ocrx_word' id='word_1_32' title='bbox 756 296 933 326; x_wconf 83' lang='lat' dir='ltr'>dominium</span> <span class='ocrx_word' id='word_1_33' title='bbox 946 295 1027 325; x_wconf 89' lang='lat' dir='ltr'>ado-</span> 
     </span>
     <span class='ocr_line' id='line_1_6' title="bbox 151 336 1028 379; baseline -0.011 -1"><span class='ocrx_word' id='word_1_34' title='bbox 151 347 241 379; x_wconf 81' lang='lat' dir='ltr'>mino</span> <span class='ocrx_word' id='word_1_35' title='bbox 257 346 287 374; x_wconf 90' lang='lat' dir='ltr'>in</span> <span class='ocrx_word' id='word_1_36' title='bbox 302 343 440 373; x_wconf 69' lang='lat' dir='ltr'>actor-cm</span> <span class='ocrx_word' id='word_1_37' title='bbox 456 338 656 370; x_wconf 80' lang='lat' dir='ltr'>tranferatur.</span> <span class='ocrx_word' id='word_1_38' title='bbox 675 336 741 368; x_wconf 87' lang='lat' dir='ltr'>acfi</span> <span class='ocrx_word' id='word_1_39' title='bbox 756 337 862 368; x_wconf 89' lang='lat' dir='ltr'>servus</span> <span class='ocrx_word' id='word_1_40' title='bbox 878 337 1028 368; x_wconf 85' lang='lat' dir='ltr'>damnum</span> 
     </span>
     <span class='ocr_line' id='line_1_7' title="bbox 152 376 1028 419; baseline -0.011 -2"><span class='ocrx_word' id='word_1_41' title='bbox 152 387 183 418; x_wconf 85' lang='lat' dir='ltr'>ei</span> <span class='ocrx_word' id='word_1_42' title='bbox 207 385 257 416; x_wconf 87' lang='lat' dir='ltr'>cui</span> <span class='ocrx_word' id='word_1_43' title='bbox 276 385 401 414; x_wconf 86' lang='lat' dir='ltr'>deditus</span> <span class='ocrx_word' id='word_1_44' title='bbox 418 379 482 418; x_wconf 84' lang='lat' dir='ltr'>est,</span> <span class='ocrx_word' id='word_1_45' title='bbox 505 379 699 417; x_wconf 83' lang='lat' dir='ltr'>resarcierit,</span> <span class='ocrx_word' id='word_1_46' title='bbox 725 376 850 419; x_wconf 82' lang='lat' dir='ltr'>quaefita</span> <span class='ocrx_word' id='word_1_47' title='bbox 873 376 1028 417; x_wconf 85' lang='lat' dir='ltr'>pecunia,</span> 
     </span>
     <span class='ocr_line' id='line_1_8' title="bbox 150 418 1030 459; baseline -0.011 -1"><span class='ocrx_word' id='word_1_48' title='bbox 150 425 271 458; x_wconf 81' lang='lat' dir='ltr'>auxilio</span> <span class='ocrx_word' id='word_1_49' title='bbox 289 423 437 455; x_wconf 80' lang='lat' dir='ltr'>Praetoris</span> <span class='ocrx_word' id='word_1_50' title='bbox 454 422 704 453; x_wconf 83' lang='lat' dir='ltr'>manumittatur.</span> <span class='ocrx_word' id='word_1_51' title='bbox 747 418 932 459; x_wconf 70' lang='lat' dir='ltr'>justissime:</span> <span class='ocrx_word' id='word_1_52' title='bbox 956 420 1030 458; x_wconf 85' lang='lat' dir='ltr'>quia</span> 
     </span>
     <span class='ocr_line' id='line_1_9' title="bbox 150 461 1028 502; baseline -0.011 -2"><span class='ocrx_word' id='word_1_53' title='bbox 150 469 193 500; x_wconf 88' lang='lat' dir='ltr'>fic</span> <span class='ocrx_word' id='word_1_54' title='bbox 217 466 319 498; x_wconf 83' lang='lat' dir='ltr'>neutri</span> <span class='ocrx_word' id='word_1_55' title='bbox 347 465 482 496; x_wconf 88' lang='lat' dir='ltr'>domino</span> <span class='ocrx_word' id='word_1_56' title='bbox 508 463 544 494; x_wconf 85' lang='lat' dir='ltr'>fit</span> <span class='ocrx_word' id='word_1_57' title='bbox 567 463 694 502; x_wconf 87' lang='lat' dir='ltr'>injuria:</span> <span class='ocrx_word' id='word_1_58' title='bbox 716 470 782 492; x_wconf 86' lang='lat' dir='ltr'>non</span> <span class='ocrx_word' id='word_1_59' title='bbox 805 461 903 500; x_wconf 80' lang='lat' dir='ltr'>priori</span> <span class='ocrx_word' id='word_1_60' title='bbox 923 470 932 499; x_wconf 88' lang='grc'>;</span> <span class='ocrx_word' id='word_1_61' title='bbox 957 469 1028 491; x_wconf 89' lang='lat' dir='ltr'>narn</span> 
     </span>
     <span class='ocr_line' id='line_1_10' title="bbox 149 500 1029 543; baseline -0.009 -3"><span class='ocrx_word' id='word_1_62' title='bbox 149 508 276 540; x_wconf 85' lang='lat' dir='ltr'>servum</span> <span class='ocrx_word' id='word_1_63' title='bbox 294 505 345 537; x_wconf 86' lang='lat' dir='ltr'>sua</span> <span class='ocrx_word' id='word_1_64' title='bbox 361 506 526 537; x_wconf 88' lang='lat' dir='ltr'>voluntate</span> <span class='ocrx_word' id='word_1_65' title='bbox 544 503 733 543; x_wconf 78' lang='lat' dir='ltr'>dereliquit:</span> <span class='ocrx_word' id='word_1_66' title='bbox 758 511 823 533; x_wconf 90' lang='lat' dir='ltr'>non</span> <span class='ocrx_word' id='word_1_67' title='bbox 842 500 1029 542; x_wconf 79' lang='lat' dir='ltr'>posteriori3</span> 
     </span>
     <span class='ocr_line' id='line_1_11' title="bbox 152 542 1030 590; baseline -0.009 -10"><span class='ocrx_word' id='word_1_68' title='bbox 152 551 227 590; x_wconf 87' lang='lat' dir='ltr'>quia</span> <span class='ocrx_word' id='word_1_69' title='bbox 243 555 389 589; x_wconf 84' lang='lat' dir='ltr'>reparato</span> <span class='ocrx_word' id='word_1_70' title='bbox 402 548 430 578; x_wconf 89' lang='lat' dir='ltr'>ei</span> <span class='ocrx_word' id='word_1_71' title='bbox 448 548 583 582; x_wconf 78' lang='lat' dir='ltr'>damnO,</span> <span class='ocrx_word' id='word_1_72' title='bbox 600 545 641 575; x_wconf 89' lang='lat' dir='ltr'>nil</span> <span class='ocrx_word' id='word_1_73' title='bbox 659 545 738 575; x_wconf 85' lang='lat' dir='ltr'>ultra</span> <span class='ocrx_word' id='word_1_74' title='bbox 756 542 921 574; x_wconf 84' lang='lat' dir='ltr'>desideret.</span> <span class='ocrx_word' id='word_1_75' title='bbox 946 543 1030 572; x_wconf 85' lang='lat' dir='ltr'>dam·</span> 
     </span>
     <span class='ocr_line' id='line_1_12' title="bbox 151 583 1031 624; baseline -0.009 -2"><span class='ocrx_word' id='word_1_76' title='bbox 151 600 227 623; x_wconf 91' lang='lat' dir='ltr'>num</span> <span class='ocrx_word' id='word_1_77' title='bbox 244 589 315 621; x_wconf 79' lang='lat' dir='ltr'>sane</span> <span class='ocrx_word' id='word_1_78' title='bbox 332 596 398 620; x_wconf 88' lang='lat' dir='ltr'>erat</span> <span class='ocrx_word' id='word_1_79' title='bbox 416 587 504 619; x_wconf 88' lang='lat' dir='ltr'>causa</span> <span class='ocrx_word' id='word_1_80' title='bbox 520 587 668 618; x_wconf 89' lang='lat' dir='ltr'>dedendi.</span> <span class='ocrx_word' id='word_1_81' title='bbox 691 595 728 617; x_wconf 87' lang='lat' dir='ltr'>ea</span> <span class='ocrx_word' id='word_1_82' title='bbox 744 585 796 616; x_wconf 86' lang='lat' dir='ltr'>ubi</span> <span class='ocrx_word' id='word_1_83' title='bbox 814 583 931 622; x_wconf 72' lang='lat' dir='ltr'>cessat,</span> <span class='ocrx_word' id='word_1_84' title='bbox 954 583 1031 624; x_wconf 90' lang='lat' dir='ltr'>quid</span> 
     </span>
     <span class='ocr_line' id='line_1_13' title="bbox 150 629 830 665; baseline -0.013 -1"><span class='ocrx_word' id='word_1_85' title='bbox 150 632 183 664; x_wconf 86' lang='lat' dir='ltr'>ni</span> <span class='ocrx_word' id='word_1_86' title='bbox 202 631 299 663; x_wconf 86' lang='lat' dir='ltr'>cesset</span> <span class='ocrx_word' id='word_1_87' title='bbox 317 629 459 662; x_wconf 70' lang='lat' dir='ltr'>effectus.</span> <span class='ocrx_word' id='word_1_88' title='bbox 827 656 830 665; x_wconf 25' lang='lat'>¹</span> 
     </span>
    </p>

    <p class='ocr_par' dir='ltr' id='par_1_3' title="bbox 146 665 1031 1291">
     <span class='ocr_line' id='line_1_14' title="bbox 193 665 1028 717; baseline -0.01 -13"><span class='ocrx_word' id='word_1_89' title='bbox 193 672 292 717; x_wconf 91' lang='lat' dir='ltr'>Quod</span> <span class='ocrx_word' id='word_1_90' title='bbox 309 672 372 704; x_wconf 89' lang='lat' dir='ltr'>dixi</span> <span class='ocrx_word' id='word_1_91' title='bbox 388 673 434 710; x_wconf 87' lang='lat' dir='ltr'>jus</span> <span class='ocrx_word' id='word_1_92' title='bbox 450 670 513 709; x_wconf 88' lang='lat' dir='ltr'>est,</span> <span class='ocrx_word' id='word_1_93' title='bbox 539 669 560 701; x_wconf 86' lang='lat' dir='ltr'>si</span> <span class='ocrx_word' id='word_1_94' title='bbox 576 669 681 701; x_wconf 81' lang='lat' dir='ltr'>servus</span> <span class='ocrx_word' id='word_1_95' title='bbox 699 666 780 700; x_wconf 84' lang='lat' dir='ltr'>sitin</span> <span class='ocrx_word' id='word_1_96' title='bbox 798 665 917 698; x_wconf 85' lang='lat' dir='ltr'>domini</span> <span class='ocrx_word' id='word_1_97' title='bbox 936 671 1028 705; x_wconf 84' lang='lat' dir='ltr'>pote-</span> 
     </span>
     <span class='ocr_line' id='line_1_15' title="bbox 151 707 1030 753; baseline -0.01 -6"><span class='ocrx_word' id='word_1_98' title='bbox 151 715 242 747; x_wconf 88' lang='lat' dir='ltr'>state.</span> <span class='ocrx_word' id='word_1_99' title='bbox 260 714 355 753; x_wconf 91' lang='lat' dir='ltr'>quid,</span> <span class='ocrx_word' id='word_1_100' title='bbox 371 713 391 744; x_wconf 88' lang='lat' dir='ltr'>fi</span> <span class='ocrx_word' id='word_1_101' title='bbox 404 712 481 743; x_wconf 84' lang='lat' dir='ltr'>sitin</span> <span class='ocrx_word' id='word_1_102' title='bbox 500 711 659 752; x_wconf 83' lang='lat' dir='ltr'>potestate</span> <span class='ocrx_word' id='word_1_103' title='bbox 676 712 768 741; x_wconf 81' lang='lat' dir='ltr'>bonae</span> <span class='ocrx_word' id='word_1_104' title='bbox 787 708 860 740; x_wconf 89' lang='lat' dir='ltr'>fidei</span> <span class='ocrx_word' id='word_1_105' title='bbox 879 707 1030 748; x_wconf 74' lang='lat' dir='ltr'>possesso-</span> 
     </span>
     <span class='ocr_line' id='line_1_16' title="bbox 155 748 1031 792; baseline -0.01 -4"><span class='ocrx_word' id='word_1_106' title='bbox 155 756 225 789; x_wconf 78' lang='lat' dir='ltr'>ris?</span> <span class='ocrx_word' id='word_1_107' title='bbox 249 755 404 792; x_wconf 80' lang='lat' dir='ltr'>Ulpianus</span> <span class='ocrx_word' id='word_1_108' title='bbox 421 755 441 785; x_wconf 85' lang='lat' dir='ltr'>l.</span> <span class='ocrx_word' id='word_1_109' title='bbox 462 763 507 785; x_wconf 92' lang='lat'>11.</span> <span class='ocrx_word' id='word_1_110' title='bbox 527 752 567 783; x_wconf 91' lang='lat' dir='ltr'>D.</span> <span class='ocrx_word' id='word_1_111' title='bbox 587 753 613 784; x_wconf 82' lang='lat' dir='ltr'>b.</span> <span class='ocrx_word' id='word_1_112' title='bbox 632 758 652 783; x_wconf 79' lang='lat' dir='ltr'>t.</span> <span class='ocrx_word' id='word_1_113' title='bbox 670 750 711 782; x_wconf 84' lang='lat' dir='ltr'>fic</span> <span class='ocrx_word' id='word_1_114' title='bbox 731 751 854 781; x_wconf 86' lang='lat' dir='ltr'>scribit:</span> <span class='ocrx_word' id='word_1_115' title='bbox 877 750 959 780; x_wconf 78' lang='lat' dir='ltr'>Bona</span> <span class='ocrx_word' id='word_1_116' title='bbox 969 748 1031 789; x_wconf 83' lang='lat' dir='ltr'>fide</span> 
     </span>
     <span class='ocr_line' id='line_1_17' title="bbox 146 792 1029 840; baseline -0.01 -11"><span class='ocrx_word' id='word_1_117' title='bbox 146 798 230 840; x_wconf 59' lang='lat' dir='ltr'>servi</span> <span class='ocrx_word' id='word_1_118' title='bbox 243 796 372 838; x_wconf 73' lang='lat' dir='ltr'>poffeffor</span> <span class='ocrx_word' id='word_1_119' title='bbox 383 819 392 835; x_wconf 89' lang='lat'>,</span> <span class='ocrx_word' id='word_1_120' title='bbox 414 795 477 837; x_wconf 78' lang='lat' dir='ltr'>ejus</span> <span class='ocrx_word' id='word_1_121' title='bbox 492 794 604 825; x_wconf 81' lang='lat' dir='ltr'>nomine</span> <span class='ocrx_word' id='word_1_122' title='bbox 615 816 624 831; x_wconf 92' lang='lat'>,</span> <span class='ocrx_word' id='word_1_123' title='bbox 639 793 725 833; x_wconf 76' lang='lat' dir='ltr'>furti</span> <span class='ocrx_word' id='word_1_124' title='bbox 740 792 850 823; x_wconf 68' lang='lat' dir='ltr'>afflone</span> <span class='ocrx_word' id='word_1_125' title='bbox 867 792 1029 821; x_wconf 75' lang='lat' dir='ltr'>tenebitur.-</span> 
     </span>
     <span class='ocr_line' id='line_1_18' title="bbox 154 831 1028 873; baseline -0.009 -3"><span class='ocrx_word' id='word_1_126' title='bbox 154 841 288 870; x_wconf 81' lang='lat' dir='ltr'>dominus</span> <span class='ocrx_word' id='word_1_127' title='bbox 306 847 362 869; x_wconf 82' lang='lat' dir='ltr'>non</span> <span class='ocrx_word' id='word_1_128' title='bbox 379 843 499 868; x_wconf 77' lang='lat' dir='ltr'>tenetur.</span> <span class='ocrx_word' id='word_1_129' title='bbox 520 836 566 870; x_wconf 81' lang='lat' dir='ltr'>sed</span> <span class='ocrx_word' id='word_1_130' title='bbox 582 844 666 866; x_wconf 81' lang='lat' dir='ltr'>noxae</span> <span class='ocrx_word' id='word_1_131' title='bbox 681 835 804 865; x_wconf 78' lang='lat' dir='ltr'>dedendo</span> <span class='ocrx_word' id='word_1_132' title='bbox 821 833 934 873; x_wconf 81' lang='lat' dir='ltr'>(bonae</span> <span class='ocrx_word' id='word_1_133' title='bbox 951 831 1028 863; x_wconf 90' lang='lat' dir='ltr'>fidei</span> 
     </span>
     <span class='ocr_line' id='line_1_19' title="bbox 152 874 1029 922; baseline -0.01 -10"><span class='ocrx_word' id='word_1_134' title='bbox 152 880 326 922; x_wconf 76' lang='lat' dir='ltr'>poffeffor.</span> <span class='ocrx_word' id='word_1_135' title='bbox 350 878 422 918; x_wconf 85' lang='lat' dir='ltr'>quia</span> <span class='ocrx_word' id='word_1_136' title='bbox 444 887 509 908; x_wconf 82' lang='lat' dir='ltr'>non</span> <span class='ocrx_word' id='word_1_137' title='bbox 536 876 580 908; x_wconf 88' lang='lat' dir='ltr'>est</span> <span class='ocrx_word' id='word_1_138' title='bbox 604 876 684 907; x_wconf 89' lang='lat' dir='ltr'>servi</span> <span class='ocrx_word' id='word_1_139' title='bbox 701 875 868 914; x_wconf 82' lang='lat' dir='ltr'>dominus)</span> <span class='ocrx_word' id='word_1_140' title='bbox 883 874 1029 913; x_wconf 73' lang='lat' dir='ltr'>nonfacic</span> 
     </span>
     <span class='ocr_line' id='line_1_20' title="bbox 155 914 1029 963; baseline -0.01 -10"><span class='ocrx_word' id='word_1_141' title='bbox 155 923 270 963; x_wconf 74' lang='lat' dir='ltr'>quidem</span> <span class='ocrx_word' id='word_1_142' title='bbox 286 921 409 951; x_wconf 59' lang='lat' dir='ltr'>abieris.-</span> <span class='ocrx_word' id='word_1_143' title='bbox 432 929 496 950; x_wconf 84' lang='lat' dir='ltr'>cum</span> <span class='ocrx_word' id='word_1_144' title='bbox 511 924 608 949; x_wconf 78' lang='lat' dir='ltr'>aulem</span> <span class='ocrx_word' id='word_1_145' title='bbox 623 918 735 957; x_wconf 70' lang='lat' dir='ltr'>coeperit</span> <span class='ocrx_word' id='word_1_146' title='bbox 748 914 834 957; x_wconf 67' lang='lat' dir='ltr'>istum</span> <span class='ocrx_word' id='word_1_147' title='bbox 848 919 964 954; x_wconf 77' lang='lat' dir='ltr'>servum</span> <span class='ocrx_word' id='word_1_148' title='bbox 981 916 1029 945; x_wconf 81' lang='lat' dir='ltr'>do-</span> 
     </span>
     <span class='ocr_line' id='line_1_21' title="bbox 153 956 1028 999; baseline -0.01 -4"><span class='ocrx_word' id='word_1_149' title='bbox 153 965 252 995; x_wconf 73' lang='lat' dir='ltr'>minus</span> <span class='ocrx_word' id='word_1_150' title='bbox 268 963 438 999; x_wconf 76' lang='lat' dir='ltr'>vindicare,</span> <span class='ocrx_word' id='word_1_151' title='bbox 461 960 517 991; x_wconf 79' lang='lat' dir='ltr'>doli</span> <span class='ocrx_word' id='word_1_152' title='bbox 533 961 695 999; x_wconf 68' lang='lat' dir='ltr'>exceptione</span> <span class='ocrx_word' id='word_1_153' title='bbox 706 958 958 998; x_wconf 71' lang='lat' dir='ltr'>summovebitm·;</span> <span class='ocrx_word' id='word_1_154' title='bbox 980 956 1028 986; x_wconf 80' lang='lat' dir='ltr'>vel</span> 
     </span>
     <span class='ocr_line' id='line_1_22' title="bbox 157 996 1028 1046; baseline -0.01 -10"><span class='ocrx_word' id='word_1_155' title='bbox 157 1003 251 1046; x_wconf 82' lang='lat' dir='ltr'>officio</span> <span class='ocrx_word' id='word_1_156' title='bbox 269 1004 389 1044; x_wconf 77' lang='lat' dir='ltr'>Judicis</span> <span class='ocrx_word' id='word_1_157' title='bbox 406 1004 607 1043; x_wconf 73' lang='lat' dir='ltr'>consequetur,</span> <span class='ocrx_word' id='word_1_158' title='bbox 631 1001 682 1040; x_wconf 82' lang='lat' dir='ltr'>(is</span> <span class='ocrx_word' id='word_1_159' title='bbox 699 1001 749 1030; x_wconf 82' lang='lat' dir='ltr'>cui</span> <span class='ocrx_word' id='word_1_160' title='bbox 768 999 893 1029; x_wconf 80' lang='lat' dir='ltr'>deditus</span> <span class='ocrx_word' id='word_1_161' title='bbox 910 996 955 1028; x_wconf 88' lang='lat' dir='ltr'>est</span> <span class='ocrx_word' id='word_1_162' title='bbox 971 996 1028 1028; x_wconf 89' lang='lat' dir='ltr'>ser-</span> 
     </span>
     <span class='ocr_line' id='line_1_23' title="bbox 151 1037 1026 1085; baseline -0.01 -8"><span class='ocrx_word' id='word_1_163' title='bbox 151 1046 233 1085; x_wconf 85' lang='lat' dir='ltr'>vus)</span> <span class='ocrx_word' id='word_1_164' title='bbox 257 1051 290 1076; x_wconf 74' lang='lat' dir='ltr'>ut</span> <span class='ocrx_word' id='word_1_165' title='bbox 313 1045 453 1076; x_wconf 79' lang='lat' dir='ltr'>indemnis</span> <span class='ocrx_word' id='word_1_166' title='bbox 477 1047 601 1074; x_wconf 74' lang='lat' dir='ltr'>maneat.</span> <span class='ocrx_word' id='word_1_167' title='bbox 633 1042 684 1073; x_wconf 77' lang='lat' dir='ltr'>Sic</span> <span class='ocrx_word' id='word_1_168' title='bbox 701 1040 841 1072; x_wconf 83' lang='lat' dir='ltr'>breviter</span> <span class='ocrx_word' id='word_1_169' title='bbox 859 1037 1026 1078; x_wconf 80' lang='lat' dir='ltr'>Ulpianus.</span> 
     </span>
     <span class='ocr_line' id='line_1_24' title="bbox 152 1080 1028 1129; baseline -0.011 -10"><span class='ocrx_word' id='word_1_170' title='bbox 152 1086 278 1129; x_wconf 82' lang='lat' dir='ltr'>plenius</span> <span class='ocrx_word' id='word_1_171' title='bbox 299 1086 466 1118; x_wconf 87' lang='lat' dir='ltr'>Africanus</span> <span class='ocrx_word' id='word_1_172' title='bbox 482 1084 499 1115; x_wconf 79' lang='lat' dir='ltr'>l.</span> <span class='ocrx_word' id='word_1_173' title='bbox 517 1089 564 1118; x_wconf 80' lang='lat'>28.</span> <span class='ocrx_word' id='word_1_174' title='bbox 582 1085 609 1114; x_wconf 78' lang='lat' dir='ltr'>b.</span> <span class='ocrx_word' id='word_1_175' title='bbox 629 1089 649 1114; x_wconf 80' lang='lat' dir='ltr'>t.</span> <span class='ocrx_word' id='word_1_176' title='bbox 676 1083 705 1113; x_wconf 84' lang='lat'>&amp;</span> <span class='ocrx_word' id='word_1_177' title='bbox 730 1083 768 1113; x_wconf 85' lang='lat' dir='ltr'>ad</span> <span class='ocrx_word' id='word_1_178' title='bbox 785 1090 856 1112; x_wconf 89' lang='lat' dir='ltr'>eum</span> <span class='ocrx_word' id='word_1_179' title='bbox 882 1080 1028 1118; x_wconf 83' lang='lat' dir='ltr'>Cujacius</span> 
     </span>
     <span class='ocr_line' id='line_1_25' title="bbox 154 1122 1030 1166; baseline -0.011 -6"><span class='ocrx_word' id='word_1_180' title='bbox 154 1128 283 1160; x_wconf 53' lang='lat' dir='ltr'>aratiam</span> <span class='ocrx_word' id='word_1_181' title='bbox 293 1132 322 1159; x_wconf 84' lang='lat'>6.</span> <span class='ocrx_word' id='word_1_182' title='bbox 341 1127 432 1160; x_wconf 88' lang='lat' dir='ltr'>Hoc:</span> <span class='ocrx_word' id='word_1_183' title='bbox 455 1125 475 1158; x_wconf 88' lang='lat' dir='ltr'>fi</span> <span class='ocrx_word' id='word_1_184' title='bbox 487 1127 557 1166; x_wconf 85' lang='lat' dir='ltr'>quis</span> <span class='ocrx_word' id='word_1_185' title='bbox 575 1125 613 1156; x_wconf 85' lang='lat' dir='ltr'>ab</span> <span class='ocrx_word' id='word_1_186' title='bbox 630 1133 693 1155; x_wconf 85' lang='lat' dir='ltr'>uno</span> <span class='ocrx_word' id='word_1_187' title='bbox 705 1122 917 1154; x_wconf 82' lang='lat' dir='ltr'>conveniatur</span> <span class='ocrx_word' id='word_1_188' title='bbox 933 1130 1030 1152; x_wconf 87' lang='lat' dir='ltr'>noxa-</span> 
     </span>
     <span class='ocr_line' id='line_1_26' title="bbox 152 1160 1029 1210; baseline -0.01 -8"><span class='ocrx_word' id='word_1_189' title='bbox 152 1171 175 1202; x_wconf 86' lang='lat' dir='ltr'>li</span> <span class='ocrx_word' id='word_1_190' title='bbox 191 1170 325 1203; x_wconf 75' lang='lat' dir='ltr'>afflone.</span> <span class='ocrx_word' id='word_1_191' title='bbox 349 1168 444 1210; x_wconf 87' lang='lat' dir='ltr'>quid,</span> <span class='ocrx_word' id='word_1_192' title='bbox 459 1167 479 1199; x_wconf 87' lang='lat' dir='ltr'>fi</span> <span class='ocrx_word' id='word_1_193' title='bbox 499 1177 516 1197; x_wconf 90' lang='lat' dir='ltr'>a</span> <span class='ocrx_word' id='word_1_194' title='bbox 532 1166 673 1207; x_wconf 81' lang='lat' dir='ltr'>pluribus</span> <span class='ocrx_word' id='word_1_195' title='bbox 691 1160 900 1195; x_wconf 77' lang='lat' dir='ltr'>conveniatur</span> <span class='ocrx_word' id='word_1_196' title='bbox 914 1162 991 1204; x_wconf 52' lang='lat' dir='ltr'>„vel</span> <span class='ocrx_word' id='word_1_197' title='bbox 1007 1161 1029 1193; x_wconf 86' lang='lat' dir='ltr'>fi</span> 
     </span>
     <span class='ocr_line' id='line_1_27' title="bbox 153 1202 1028 1251; baseline -0.011 -8"><span class='ocrx_word' id='word_1_198' title='bbox 153 1212 193 1243; x_wconf 86' lang='lat' dir='ltr'>ab</span> <span class='ocrx_word' id='word_1_199' title='bbox 215 1221 301 1250; x_wconf 88' lang='lat' dir='ltr'>uno,</span> <span class='ocrx_word' id='word_1_200' title='bbox 325 1221 366 1243; x_wconf 82' lang='lat' dir='ltr'>ex</span> <span class='ocrx_word' id='word_1_201' title='bbox 384 1210 525 1251; x_wconf 87' lang='lat' dir='ltr'>pluribus</span> <span class='ocrx_word' id='word_1_202' title='bbox 542 1215 648 1240; x_wconf 86' lang='lat' dir='ltr'>tamen</span> <span class='ocrx_word' id='word_1_203' title='bbox 667 1205 814 1238; x_wconf 62' lang='lat' dir='ltr'>delictis?</span> <span class='ocrx_word' id='word_1_204' title='bbox 837 1205 899 1236; x_wconf 83' lang='lat' dir='ltr'>late</span> <span class='ocrx_word' id='word_1_205' title='bbox 918 1202 1028 1244; x_wconf 91' lang='lat' dir='ltr'>Ulpia-</span> 
     </span>
     <span class='ocr_line' id='line_1_28' title="bbox 153 1253 469 1291; baseline -0.013 -6"><span class='ocrx_word' id='word_1_206' title='bbox 153 1262 213 1285; x_wconf 79' lang='lat' dir='ltr'>nus</span> <span class='ocrx_word' id='word_1_207' title='bbox 228 1253 247 1284; x_wconf 88' lang='lat' dir='ltr'>l.</span> <span class='ocrx_word' id='word_1_208' title='bbox 268 1262 315 1291; x_wconf 80' lang='lat'>14.</span> <span class='ocrx_word' id='word_1_209' title='bbox 334 1253 381 1283; x_wconf 92' lang='lat' dir='ltr'>D.</span> <span class='ocrx_word' id='word_1_210' title='bbox 400 1253 428 1283; x_wconf 86' lang='lat' dir='ltr'>h.</span> <span class='ocrx_word' id='word_1_211' title='bbox 448 1256 469 1282; x_wconf 81' lang='lat' dir='ltr'>t.</span> 
     </span>
    </p>

    <p class='ocr_par' dir='ltr' id='par_1_4' title="bbox 152 1287 1032 1866">
     <span class='ocr_line' id='line_1_29' title="bbox 198 1287 1029 1331; baseline -0.011 -6"><span class='ocrx_word' id='word_1_212' title='bbox 198 1294 326 1326; x_wconf 82' lang='lat' dir='ltr'>Deinde</span> <span class='ocrx_word' id='word_1_213' title='bbox 349 1295 392 1324; x_wconf 88' lang='lat' dir='ltr'>ait</span> <span class='ocrx_word' id='word_1_214' title='bbox 417 1292 555 1324; x_wconf 78' lang='lat' dir='ltr'>Praetor:</span> <span class='ocrx_word' id='word_1_215' title='bbox 579 1291 612 1323; x_wconf 86' lang='lat' dir='ltr'>Si</span> <span class='ocrx_word' id='word_1_216' title='bbox 621 1291 727 1331; x_wconf 73' lang='lat' dir='ltr'>firvus</span> <span class='ocrx_word' id='word_1_217' title='bbox 740 1290 843 1325; x_wconf 77' lang='lat' dir='ltr'>sciente</span> <span class='ocrx_word' id='word_1_218' title='bbox 860 1287 971 1319; x_wconf 79' lang='lat' dir='ltr'>domino</span> <span class='ocrx_word' id='word_1_219' title='bbox 985 1287 1029 1325; x_wconf 80' lang='lat' dir='ltr'>fe-</span> 
     </span>
     <span class='ocr_line' id='line_1_30' title="bbox 157 1330 1028 1376; baseline -0.01 -9"><span class='ocrx_word' id='word_1_220' title='bbox 157 1336 222 1376; x_wconf 79' lang='lat' dir='ltr'>ciffe</span> <span class='ocrx_word' id='word_1_221' title='bbox 239 1337 351 1366; x_wconf 71' lang='lat' dir='ltr'>dicetur</span> <span class='ocrx_word' id='word_1_222' title='bbox 362 1358 371 1372; x_wconf 85' lang='lat'>,</span> <span class='ocrx_word' id='word_1_223' title='bbox 385 1335 530 1376; x_wconf 79' lang='lat' dir='ltr'>judicium</span> <span class='ocrx_word' id='word_1_224' title='bbox 543 1335 612 1364; x_wconf 79' lang='lat' dir='ltr'>dabo</span> <span class='ocrx_word' id='word_1_225' title='bbox 623 1356 631 1369; x_wconf 86' lang='lat'>,</span> <span class='ocrx_word' id='word_1_226' title='bbox 646 1331 772 1362; x_wconf 63' lang='lat' dir='ltr'>detracta</span> <span class='ocrx_word' id='word_1_227' title='bbox 788 1340 872 1362; x_wconf 70' lang='lat' dir='ltr'>rzoxae</span> <span class='ocrx_word' id='word_1_228' title='bbox 882 1330 1028 1360; x_wconf 69' lang='lat' dir='ltr'>(reditione.</span> 
     </span>
     <span class='ocr_line' id='line_1_31' title="bbox 157 1369 1030 1417; baseline -0.009 -9"><span class='ocrx_word' id='word_1_229' title='bbox 157 1377 298 1408; x_wconf 86' lang='lat' dir='ltr'>Scientia</span> <span class='ocrx_word' id='word_1_230' title='bbox 315 1378 392 1417; x_wconf 85' lang='lat' dir='ltr'>quid</span> <span class='ocrx_word' id='word_1_231' title='bbox 409 1374 563 1416; x_wconf 80' lang='lat' dir='ltr'>significet</span> <span class='ocrx_word' id='word_1_232' title='bbox 580 1376 609 1405; x_wconf 91' lang='lat' dir='ltr'>in</span> <span class='ocrx_word' id='word_1_233' title='bbox 627 1374 690 1404; x_wconf 82' lang='lat' dir='ltr'>hoc</span> <span class='ocrx_word' id='word_1_234' title='bbox 708 1372 841 1410; x_wconf 74' lang='lat' dir='ltr'>Edicto,</span> <span class='ocrx_word' id='word_1_235' title='bbox 863 1372 923 1411; x_wconf 84' lang='lat' dir='ltr'>J&#39;am</span> <span class='ocrx_word' id='word_1_236' title='bbox 941 1369 1030 1409; x_wconf 83' lang='lat' dir='ltr'>supra</span> 
     </span>
     <span class='ocr_line' id='line_1_32' title="bbox 156 1412 1030 1458; baseline -0.011 -7"><span class='ocrx_word' id='word_1_237' title='bbox 156 1418 335 1458; x_wconf 77' lang='lat' dir='ltr'>expositum</span> <span class='ocrx_word' id='word_1_238' title='bbox 353 1427 392 1449; x_wconf 86' lang='lat' dir='ltr'>ex</span> <span class='ocrx_word' id='word_1_239' title='bbox 404 1417 421 1447; x_wconf 91' lang='lat' dir='ltr'>l.</span> <span class='ocrx_word' id='word_1_240' title='bbox 433 1427 460 1455; x_wconf 70' lang='lat'>4.</span> <span class='ocrx_word' id='word_1_241' title='bbox 475 1416 502 1447; x_wconf 82' lang='lat' dir='ltr'>b.</span> <span class='ocrx_word' id='word_1_242' title='bbox 520 1422 541 1445; x_wconf 81' lang='lat' dir='ltr'>t.</span> <span class='ocrx_word' id='word_1_243' title='bbox 563 1414 739 1446; x_wconf 90' lang='lat' dir='ltr'>Dominum</span> <span class='ocrx_word' id='word_1_244' title='bbox 758 1422 841 1444; x_wconf 86' lang='lat' dir='ltr'>nunc</span> <span class='ocrx_word' id='word_1_245' title='bbox 858 1412 1030 1452; x_wconf 82' lang='lat' dir='ltr'>accipimus</span> 
     </span>
     <span class='ocr_line' id='line_1_33' title="bbox 156 1452 1029 1500; baseline -0.009 -9"><span class='ocrx_word' id='word_1_246' title='bbox 156 1461 212 1500; x_wconf 87' lang='lat' dir='ltr'>qui</span> <span class='ocrx_word' id='word_1_247' title='bbox 235 1467 382 1499; x_wconf 87' lang='lat' dir='ltr'>tempore</span> <span class='ocrx_word' id='word_1_248' title='bbox 407 1456 579 1488; x_wconf 76' lang='lat' dir='ltr'>commissae</span> <span class='ocrx_word' id='word_1_249' title='bbox 604 1456 707 1486; x_wconf 77' lang='lat' dir='ltr'>noxiae</span> <span class='ocrx_word' id='word_1_250' title='bbox 731 1455 877 1486; x_wconf 81' lang='lat' dir='ltr'>dominus</span> <span class='ocrx_word' id='word_1_251' title='bbox 896 1454 974 1484; x_wconf 83' lang='lat' dir='ltr'>fuit:</span> <span class='ocrx_word' id='word_1_252' title='bbox 1000 1452 1029 1483; x_wconf 69' lang='grc' dir='ltr'>ἃ</span> 
     </span>
     <span class='ocr_line' id='line_1_34' title="bbox 155 1494 1030 1540; baseline -0.01 -7"><span class='ocrx_word' id='word_1_253' title='bbox 155 1501 220 1533; x_wconf 89' lang='lat' dir='ltr'>huc</span> <span class='ocrx_word' id='word_1_254' title='bbox 235 1500 343 1532; x_wconf 87' lang='lat' dir='ltr'>referri</span> <span class='ocrx_word' id='word_1_255' title='bbox 362 1499 466 1536; x_wconf 78' lang='lat' dir='ltr'>potest</span> <span class='ocrx_word' id='word_1_256' title='bbox 483 1497 615 1540; x_wconf 78' lang='lat' dir='ltr'>d.l.4.§.</span> <span class='ocrx_word' id='word_1_257' title='bbox 632 1506 656 1528; x_wconf 86' lang='lat'>1.</span> <span class='ocrx_word' id='word_1_258' title='bbox 681 1496 729 1527; x_wconf 83' lang='lat' dir='ltr'>Ad</span> <span class='ocrx_word' id='word_1_259' title='bbox 748 1496 938 1536; x_wconf 81' lang='lat' dir='ltr'>postremam</span> <span class='ocrx_word' id='word_1_260' title='bbox 949 1494 1030 1524; x_wconf 86' lang='lat' dir='ltr'>clau·</span> 
     </span>
     <span class='ocr_line' id='line_1_35' title="bbox 155 1536 1029 1582; baseline -0.011 -8"><span class='ocrx_word' id='word_1_261' title='bbox 155 1542 227 1574; x_wconf 71' lang='lat' dir='ltr'>sulze</span> <span class='ocrx_word' id='word_1_262' title='bbox 245 1549 384 1582; x_wconf 78' lang='lat' dir='ltr'>partem,</span> <span class='ocrx_word' id='word_1_263' title='bbox 401 1540 550 1580; x_wconf 79' lang='lat' dir='ltr'>judicium</span> <span class='ocrx_word' id='word_1_264' title='bbox 566 1539 635 1580; x_wconf 57' lang='lat' dir='ltr'>delio</span> <span class='ocrx_word' id='word_1_265' title='bbox 647 1561 656 1576; x_wconf 95' lang='lat'>,</span> <span class='ocrx_word' id='word_1_266' title='bbox 672 1536 798 1568; x_wconf 61' lang='lat' dir='ltr'>deiratio</span> <span class='ocrx_word' id='word_1_267' title='bbox 812 1546 896 1568; x_wconf 78' lang='lat' dir='ltr'>noxae</span> <span class='ocrx_word' id='word_1_268' title='bbox 912 1537 1029 1566; x_wconf 71' lang='lat' dir='ltr'>deditio-</span> 
     </span>
     <span class='ocr_line' id='line_1_36' title="bbox 156 1575 1031 1622; baseline -0.009 -8"><span class='ocrx_word' id='word_1_269' title='bbox 156 1593 213 1622; x_wconf 81' lang='lat' dir='ltr'>ne,</span> <span class='ocrx_word' id='word_1_270' title='bbox 237 1581 343 1622; x_wconf 84' lang='lat' dir='ltr'>potest</span> <span class='ocrx_word' id='word_1_271' title='bbox 361 1581 471 1613; x_wconf 88' lang='lat' dir='ltr'>referri</span> <span class='ocrx_word' id='word_1_272' title='bbox 489 1582 516 1611; x_wconf 84' lang='lat' dir='ltr'>d.</span> <span class='ocrx_word' id='word_1_273' title='bbox 535 1580 552 1610; x_wconf 90' lang='lat' dir='ltr'>l.</span> <span class='ocrx_word' id='word_1_274' title='bbox 563 1590 591 1619; x_wconf 86' lang='lat'>4.</span> <span class='ocrx_word' id='word_1_275' title='bbox 601 1579 629 1620; x_wconf 48' lang='lat' dir='ltr'>§t</span> <span class='ocrx_word' id='word_1_276' title='bbox 644 1589 673 1620; x_wconf 80' lang='lat'>3.</span> <span class='ocrx_word' id='word_1_277' title='bbox 695 1578 732 1612; x_wconf 60' lang='grc' dir='ltr'>ὅ)</span> <span class='ocrx_word' id='word_1_278' title='bbox 748 1579 767 1609; x_wconf 80' lang='lat' dir='ltr'>l.</span> <span class='ocrx_word' id='word_1_279' title='bbox 785 1588 814 1618; x_wconf 81' lang='lat'>5.</span> <span class='ocrx_word' id='word_1_280' title='bbox 832 1580 860 1608; x_wconf 76' lang='lat' dir='ltr'>b.</span> <span class='ocrx_word' id='word_1_281' title='bbox 880 1584 901 1608; x_wconf 75' lang='lat' dir='ltr'>c.</span> <span class='ocrx_word' id='word_1_282' title='bbox 920 1575 1031 1608; x_wconf 76' lang='lat' dir='ltr'>Sensus</span> 
     </span>
     <span class='ocr_line' id='line_1_37' title="bbox 156 1619 1031 1661; baseline -0.009 -5"><span class='ocrx_word' id='word_1_283' title='bbox 156 1624 298 1656; x_wconf 85' lang='lat' dir='ltr'>clausulae</span> <span class='ocrx_word' id='word_1_284' title='bbox 317 1623 380 1655; x_wconf 90' lang='lat' dir='ltr'>est:</span> <span class='ocrx_word' id='word_1_285' title='bbox 403 1630 457 1661; x_wconf 85' lang='lat' dir='ltr'>ut,</span> <span class='ocrx_word' id='word_1_286' title='bbox 476 1621 496 1653; x_wconf 87' lang='lat' dir='ltr'>fi</span> <span class='ocrx_word' id='word_1_287' title='bbox 513 1621 636 1659; x_wconf 88' lang='lat' dir='ltr'>servus,</span> <span class='ocrx_word' id='word_1_288' title='bbox 662 1620 782 1651; x_wconf 86' lang='lat' dir='ltr'>sciente</span> <span class='ocrx_word' id='word_1_289' title='bbox 799 1619 951 1656; x_wconf 84' lang='lat' dir='ltr'>domino,</span> <span class='ocrx_word' id='word_1_290' title='bbox 974 1627 1031 1648; x_wconf 89' lang='lat' dir='ltr'>no-</span> 
     </span>
     <span class='ocr_line' id='line_1_38' title="bbox 153 1660 1031 1703; baseline -0.011 -5"><span class='ocrx_word' id='word_1_291' title='bbox 153 1667 239 1699; x_wconf 78' lang='lat' dir='ltr'>xiam</span> <span class='ocrx_word' id='word_1_292' title='bbox 256 1665 473 1703; x_wconf 80' lang='lat' dir='ltr'>commiserit3</span> <span class='ocrx_word' id='word_1_293' title='bbox 499 1662 645 1695; x_wconf 88' lang='lat' dir='ltr'>dominus</span> <span class='ocrx_word' id='word_1_294' title='bbox 661 1662 691 1692; x_wconf 91' lang='lat' dir='ltr'>in</span> <span class='ocrx_word' id='word_1_295' title='bbox 710 1660 845 1692; x_wconf 88' lang='lat' dir='ltr'>solidum</span> <span class='ocrx_word' id='word_1_296' title='bbox 867 1666 1031 1696; x_wconf 83' lang='lat' dir='ltr'>teneatur3</span> 
     </span>
     <span class='ocr_line' id='line_1_39' title="bbox 154 1700 1032 1748; baseline -0.01 -9"><span class='ocrx_word' id='word_1_297' title='bbox 154 1716 216 1740; x_wconf 87' lang='lat' dir='ltr'>nec</span> <span class='ocrx_word' id='word_1_298' title='bbox 233 1706 329 1748; x_wconf 77' lang='lat' dir='ltr'>poffic</span> <span class='ocrx_word' id='word_1_299' title='bbox 345 1705 477 1746; x_wconf 83' lang='lat' dir='ltr'>defungi</span> <span class='ocrx_word' id='word_1_300' title='bbox 494 1713 588 1735; x_wconf 80' lang='lat' dir='ltr'>noxae</span> <span class='ocrx_word' id='word_1_301' title='bbox 599 1702 765 1734; x_wconf 86' lang='lat' dir='ltr'>deditione</span> <span class='ocrx_word' id='word_1_302' title='bbox 780 1703 798 1733; x_wconf 85' lang='lat' dir='ltr'>l.</span> <span class='ocrx_word' id='word_1_303' title='bbox 814 1713 842 1734; x_wconf 83' lang='lat'>2.</span> <span class='ocrx_word' id='word_1_304' title='bbox 861 1701 889 1732; x_wconf 83' lang='lat' dir='ltr'>h.</span> <span class='ocrx_word' id='word_1_305' title='bbox 906 1707 926 1731; x_wconf 78' lang='lat' dir='ltr'>t.</span> <span class='ocrx_word' id='word_1_306' title='bbox 943 1700 1032 1742; x_wconf 85' lang='lat' dir='ltr'>Quid</span> 
     </span>
     <span class='ocr_line' id='line_1_40' title="bbox 152 1743 1032 1789; baseline -0.01 -8"><span class='ocrx_word' id='word_1_307' title='bbox 152 1749 176 1782; x_wconf 89' lang='lat' dir='ltr'>fi</span> <span class='ocrx_word' id='word_1_308' title='bbox 192 1749 328 1789; x_wconf 87' lang='lat' dir='ltr'>plurium</span> <span class='ocrx_word' id='word_1_309' title='bbox 346 1747 453 1779; x_wconf 91' lang='lat' dir='ltr'>servus</span> <span class='ocrx_word' id='word_1_310' title='bbox 468 1745 655 1786; x_wconf 78' lang='lat' dir='ltr'>deliquerit,</span> <span class='ocrx_word' id='word_1_311' title='bbox 668 1744 817 1775; x_wconf 84' lang='lat' dir='ltr'>omnibus</span> <span class='ocrx_word' id='word_1_312' title='bbox 835 1743 886 1774; x_wconf 81' lang='lat' dir='ltr'>vel</span> <span class='ocrx_word' id='word_1_313' title='bbox 903 1743 1032 1782; x_wconf 82' lang='lat' dir='ltr'>quibus-</span> 
     </span>
     <span class='ocr_line' id='line_1_41' title="bbox 153 1784 1030 1866; baseline -0.009 -44"><span class='ocrx_word' id='word_1_314' title='bbox 153 1788 416 1866; x_wconf 44' lang='lat' dir='ltr'>damsssncientihbus</span> <span class='ocrx_word' id='word_1_315' title='bbox 436 1794 490 1820; x_wconf 89' lang='lat' dir='ltr'>aut</span> <span class='ocrx_word' id='word_1_316' title='bbox 513 1786 757 1829; x_wconf 78' lang='lat' dir='ltr'>ignorantibus?</span> <span class='ocrx_word' id='word_1_317' title='bbox 781 1786 820 1818; x_wconf 88' lang='lat' dir='ltr'>de</span> <span class='ocrx_word' id='word_1_318' title='bbox 838 1784 902 1815; x_wconf 88' lang='lat' dir='ltr'>hoc</span> <span class='ocrx_word' id='word_1_319' title='bbox 919 1784 939 1815; x_wconf 72' lang='lat' dir='ltr'>l.</span> <span class='ocrx_word' id='word_1_320' title='bbox 954 1795 983 1824; x_wconf 86' lang='lat'>5.</span> <span class='ocrx_word' id='word_1_321' title='bbox 1000 1792 1030 1820; x_wconf 87' lang='lat'>9.</span> 
     </span>
     <span class='ocr_line' id='line_1_42' title="bbox 158 1836 416 1865; baseline -0.012 0"><span class='ocrx_word' id='word_1_322' title='bbox 158 1840 209 1865; x_wconf 85' lang='lat'>10.</span> <span class='ocrx_word' id='word_1_323' title='bbox 284 1840 296 1862; x_wconf 90' lang='grc' dir='ltr'>Ι</span> <span class='ocrx_word' id='word_1_324' title='bbox 324 1854 331 1862; x_wconf 94' lang='grc'><strong><em>.</em></strong></span> <span class='ocrx_word' id='word_1_325' title='bbox 370 1854 377 1861; x_wconf 91' lang='grc'><strong><em>.</em></strong></span> <span class='ocrx_word' id='word_1_326' title='bbox 394 1836 416 1862; x_wconf 81' lang='lat' dir='ltr'>t.</span> 
     </span>
    </p>

    <p class='ocr_par' dir='ltr' id='par_1_5' title="bbox 154 1840 1035 2411">
     <span class='ocr_line' id='line_1_43' title="bbox 195 1840 1031 1913; baseline -0.01 -8"><span class='ocrx_word' id='word_1_327' title='bbox 195 1872 246 1905; x_wconf 83' lang='lat' dir='ltr'>Ex</span> <span class='ocrx_word' id='word_1_328' title='bbox 258 1840 477 1913; x_wconf 70' lang='lat' dir='ltr'>·his72pparet‚</span> <span class='ocrx_word' id='word_1_329' title='bbox 500 1870 664 1902; x_wconf 88' lang='lat' dir='ltr'>dominum</span> <span class='ocrx_word' id='word_1_330' title='bbox 678 1893 688 1909; x_wconf 95' lang='lat'>‚</span> <span class='ocrx_word' id='word_1_331' title='bbox 709 1869 753 1900; x_wconf 88' lang='lat' dir='ltr'>ob</span> <span class='ocrx_word' id='word_1_332' title='bbox 772 1866 953 1906; x_wconf 87' lang='lat' dir='ltr'>scientiam,</span> <span class='ocrx_word' id='word_1_333' title='bbox 977 1865 1031 1897; x_wconf 89' lang='lat' dir='ltr'>suo</span> 
     </span>
     <span class='ocr_line' id='line_1_44' title="bbox 154 1907 1032 1948; baseline -0.01 -1"><span class='ocrx_word' id='word_1_334' title='bbox 154 1915 288 1948; x_wconf 82' lang='lat' dir='ltr'>nomine</span> <span class='ocrx_word' id='word_1_335' title='bbox 316 1914 417 1945; x_wconf 88' lang='lat' dir='ltr'>teneri</span> <span class='ocrx_word' id='word_1_336' title='bbox 442 1914 472 1944; x_wconf 93' lang='lat' dir='ltr'>in</span> <span class='ocrx_word' id='word_1_337' title='bbox 496 1912 639 1944; x_wconf 91' lang='lat' dir='ltr'>solidum.</span> <span class='ocrx_word' id='word_1_338' title='bbox 662 1921 700 1942; x_wconf 88' lang='lat' dir='ltr'>an</span> <span class='ocrx_word' id='word_1_339' title='bbox 725 1911 755 1941; x_wconf 84' lang='lat'>&amp;</span> <span class='ocrx_word' id='word_1_340' title='bbox 772 1908 851 1940; x_wconf 84' lang='lat' dir='ltr'>servi</span> <span class='ocrx_word' id='word_1_341' title='bbox 875 1907 1032 1940; x_wconf 74' lang='lat' dir='ltr'>nomine?</span> 
     </span>
     <span class='ocr_line' id='line_1_45' title="bbox 154 1949 1034 1997; baseline -0.009 -9"><span class='ocrx_word' id='word_1_342' title='bbox 154 1957 271 1990; x_wconf 81' lang='lat' dir='ltr'>Paulus</span> <span class='ocrx_word' id='word_1_343' title='bbox 289 1956 308 1986; x_wconf 83' lang='lat' dir='ltr'>l.</span> <span class='ocrx_word' id='word_1_344' title='bbox 321 1955 389 1997; x_wconf 82' lang='lat'>4.§.</span> <span class='ocrx_word' id='word_1_345' title='bbox 403 1965 430 1986; x_wconf 90' lang='grc'><strong><em>2.</em></strong></span> <span class='ocrx_word' id='word_1_346' title='bbox 442 1955 469 1986; x_wconf 76' lang='lat' dir='ltr'>h.</span> <span class='ocrx_word' id='word_1_347' title='bbox 481 1959 502 1985; x_wconf 83' lang='lat' dir='ltr'>t.</span> <span class='ocrx_word' id='word_1_348' title='bbox 524 1953 565 1985; x_wconf 83' lang='lat' dir='ltr'>sic</span> <span class='ocrx_word' id='word_1_349' title='bbox 581 1953 703 1984; x_wconf 90' lang='lat' dir='ltr'>scribit:</span> <span class='ocrx_word' id='word_1_350' title='bbox 727 1951 809 1983; x_wconf 88' lang='lat' dir='ltr'>Cum</span> <span class='ocrx_word' id='word_1_351' title='bbox 826 1951 974 1982; x_wconf 81' lang='lat' dir='ltr'>dominus</span> <span class='ocrx_word' id='word_1_352' title='bbox 989 1949 1034 1980; x_wconf 91' lang='lat' dir='ltr'>ob</span> 
     </span>
     <span class='ocr_line' id='line_1_46' title="bbox 154 1992 1033 2034; baseline -0.008 -5"><span class='ocrx_word' id='word_1_353' title='bbox 154 1997 319 2030; x_wconf 84' lang='lat' dir='ltr'>:scientiam</span> <span class='ocrx_word' id='word_1_354' title='bbox 339 2003 502 2034; x_wconf 88' lang='lat' dir='ltr'>teneatur,</span> <span class='ocrx_word' id='word_1_355' title='bbox 518 2004 555 2026; x_wconf 84' lang='lat' dir='ltr'>an</span> <span class='ocrx_word' id='word_1_356' title='bbox 568 1993 646 2026; x_wconf 83' lang='lat' dir='ltr'>servi</span> <span class='ocrx_word' id='word_1_357' title='bbox 664 2002 795 2034; x_wconf 88' lang='lat' dir='ltr'>quoque</span> <span class='ocrx_word' id='word_1_358' title='bbox 812 1993 943 2024; x_wconf 87' lang='lat' dir='ltr'>nomine</span> <span class='ocrx_word' id='word_1_359' title='bbox 961 1992 1033 2022; x_wconf 89' lang='lat' dir='ltr'>dan-</span> 
     </span>
     <span class='ocr_line' id='line_1_47' title="bbox 155 2033 1033 2076; baseline -0.01 -5"><span class='ocrx_word' id='word_1_360' title='bbox 155 2040 197 2071; x_wconf 84' lang='lat' dir='ltr'>da</span> <span class='ocrx_word' id='word_1_361' title='bbox 214 2038 251 2071; x_wconf 88' lang='lat' dir='ltr'>fit</span> <span class='ocrx_word' id='word_1_362' title='bbox 266 2038 368 2076; x_wconf 65' lang='lat' dir='ltr'>aetio,</span> <span class='ocrx_word' id='word_1_363' title='bbox 392 2037 566 2069; x_wconf 83' lang='lat' dir='ltr'>videndum</span> <span class='ocrx_word' id='word_1_364' title='bbox 593 2035 648 2067; x_wconf 87' lang='lat' dir='ltr'>est.</span> <span class='ocrx_word' id='word_1_365' title='bbox 674 2033 729 2066; x_wconf 81' lang='lat' dir='ltr'>nisi</span> <span class='ocrx_word' id='word_1_366' title='bbox 751 2034 838 2065; x_wconf 89' lang='lat' dir='ltr'>forte</span> <span class='ocrx_word' id='word_1_367' title='bbox 857 2034 978 2065; x_wconf 79' lang='lat' dir='ltr'>Praetor</span> <span class='ocrx_word' id='word_1_368' title='bbox 1000 2041 1033 2062; x_wconf 88' lang='lat' dir='ltr'>u-</span> 
     </span>
     <span class='ocr_line' id='line_1_48' title="bbox 154 2074 1033 2120; baseline -0.01 -7"><span class='ocrx_word' id='word_1_369' title='bbox 154 2089 227 2113; x_wconf 89' lang='lat' dir='ltr'>nam</span> <span class='ocrx_word' id='word_1_370' title='bbox 251 2088 375 2120; x_wconf 82' lang='lat' dir='ltr'>poenam</span> <span class='ocrx_word' id='word_1_371' title='bbox 393 2089 409 2110; x_wconf 89' lang='lat' dir='ltr'>a</span> <span class='ocrx_word' id='word_1_372' title='bbox 433 2079 566 2110; x_wconf 88' lang='lat' dir='ltr'>domino</span> <span class='ocrx_word' id='word_1_373' title='bbox 589 2077 673 2118; x_wconf 80' lang='lat' dir='ltr'>exigi</span> <span class='ocrx_word' id='word_1_374' title='bbox 697 2076 810 2107; x_wconf 87' lang='lat' dir='ltr'>voluit.</span> <span class='ocrx_word' id='word_1_375' title='bbox 835 2085 913 2116; x_wconf 88' lang='lat' dir='ltr'>ergo</span> <span class='ocrx_word' id='word_1_376' title='bbox 939 2074 1033 2106; x_wconf 86' lang='lat' dir='ltr'>dolus</span> 
     </span>
     <span class='ocr_line' id='line_1_49' title="bbox 154 2117 1033 2161; baseline -0.008 -8"><span class='ocrx_word' id='word_1_377' title='bbox 154 2121 238 2153; x_wconf 86' lang='lat' dir='ltr'>servi</span> <span class='ocrx_word' id='word_1_378' title='bbox 262 2122 437 2161; x_wconf 83' lang='lat' dir='ltr'>impunitus</span> <span class='ocrx_word' id='word_1_379' title='bbox 454 2120 530 2151; x_wconf 88' lang='lat' dir='ltr'>erit:</span> <span class='ocrx_word' id='word_1_380' title='bbox 555 2120 643 2160; x_wconf 89' lang='lat' dir='ltr'>quod</span> <span class='ocrx_word' id='word_1_381' title='bbox 660 2117 704 2149; x_wconf 88' lang='lat' dir='ltr'>est</span> <span class='ocrx_word' id='word_1_382' title='bbox 722 2118 891 2157; x_wconf 74' lang='lat' dir='ltr'>iniquum?</span> <span class='ocrx_word' id='word_1_383' title='bbox 914 2120 980 2147; x_wconf 84' lang='lat' dir='ltr'>imo</span> <span class='ocrx_word' id='word_1_384' title='bbox 999 2124 1033 2146; x_wconf 91' lang='lat' dir='ltr'>u·</span> 
     </span>
     <span class='ocr_line' id='line_1_50' title="bbox 155 2159 1034 2204; baseline -0.009 -9"><span class='ocrx_word' id='word_1_385' title='bbox 155 2171 275 2204; x_wconf 87' lang='lat' dir='ltr'>troque</span> <span class='ocrx_word' id='word_1_386' title='bbox 290 2163 390 2194; x_wconf 84' lang='lat' dir='ltr'>modo</span> <span class='ocrx_word' id='word_1_387' title='bbox 406 2163 553 2193; x_wconf 88' lang='lat' dir='ltr'>dominus</span> <span class='ocrx_word' id='word_1_388' title='bbox 571 2159 750 2192; x_wconf 88' lang='lat' dir='ltr'>tenebitur:</span> <span class='ocrx_word' id='word_1_389' title='bbox 766 2168 826 2190; x_wconf 88' lang='lat' dir='ltr'>una</span> <span class='ocrx_word' id='word_1_390' title='bbox 843 2165 947 2189; x_wconf 88' lang='lat' dir='ltr'>autem</span> <span class='ocrx_word' id='word_1_391' title='bbox 965 2166 1034 2196; x_wconf 88' lang='lat' dir='ltr'>poe-</span> 
     </span>
     <span class='ocr_line' id='line_1_51' title="bbox 155 2198 1034 2244; baseline -0.008 -8"><span class='ocrx_word' id='word_1_392' title='bbox 155 2214 198 2236; x_wconf 87' lang='lat' dir='ltr'>na</span> <span class='ocrx_word' id='word_1_393' title='bbox 222 2204 352 2242; x_wconf 68' lang='lat' dir='ltr'>exacta,</span> <span class='ocrx_word' id='word_1_394' title='bbox 376 2212 469 2244; x_wconf 88' lang='lat' dir='ltr'>quam</span> <span class='ocrx_word' id='word_1_395' title='bbox 492 2202 580 2234; x_wconf 63' lang='lat' dir='ltr'>actor</span> <span class='ocrx_word' id='word_1_396' title='bbox 607 2202 762 2242; x_wconf 85' lang='lat' dir='ltr'>elegerit,</span> <span class='ocrx_word' id='word_1_397' title='bbox 786 2200 883 2231; x_wconf 89' lang='lat' dir='ltr'>altera</span> <span class='ocrx_word' id='word_1_398' title='bbox 900 2198 1034 2231; x_wconf 88' lang='lat' dir='ltr'>tollitur.</span> 
     </span>
     <span class='ocr_line' id='line_1_52' title="bbox 156 2240 1032 2284; baseline -0.009 -6"><span class='ocrx_word' id='word_1_399' title='bbox 156 2246 210 2278; x_wconf 91' lang='lat' dir='ltr'>Sic</span> <span class='ocrx_word' id='word_1_400' title='bbox 234 2246 375 2277; x_wconf 88' lang='lat' dir='ltr'>breviter</span> <span class='ocrx_word' id='word_1_401' title='bbox 392 2245 514 2277; x_wconf 87' lang='lat' dir='ltr'>Paulus.</span> <span class='ocrx_word' id='word_1_402' title='bbox 540 2243 680 2284; x_wconf 82' lang='lat' dir='ltr'>pluribus</span> <span class='ocrx_word' id='word_1_403' title='bbox 699 2241 854 2282; x_wconf 79' lang='lat' dir='ltr'>Ulpianus</span> <span class='ocrx_word' id='word_1_404' title='bbox 871 2242 889 2273; x_wconf 87' lang='lat' dir='ltr'>l.</span> <span class='ocrx_word' id='word_1_405' title='bbox 908 2251 936 2272; x_wconf 88' lang='lat'>2.</span> <span class='ocrx_word' id='word_1_406' title='bbox 954 2240 983 2282; x_wconf 86' lang='lat'>§.</span> <span class='ocrx_word' id='word_1_407' title='bbox 1007 2248 1032 2270; x_wconf 90' lang='lat'>1.</span> 
     </span>
     <span class='ocr_line' id='line_1_53' title="bbox 156 2281 1032 2326; baseline -0.009 -7"><span class='ocrx_word' id='word_1_408' title='bbox 156 2289 186 2319; x_wconf 84' lang='lat' dir='ltr'>d.</span> <span class='ocrx_word' id='word_1_409' title='bbox 204 2293 227 2318; x_wconf 77' lang='lat' dir='ltr'>t.</span> <span class='ocrx_word' id='word_1_410' title='bbox 249 2287 278 2319; x_wconf 86' lang='lat'>&amp;</span> <span class='ocrx_word' id='word_1_411' title='bbox 301 2287 339 2318; x_wconf 92' lang='lat' dir='ltr'>ad</span> <span class='ocrx_word' id='word_1_412' title='bbox 358 2294 528 2326; x_wconf 88' lang='lat' dir='ltr'>utrumque</span> <span class='ocrx_word' id='word_1_413' title='bbox 549 2286 654 2316; x_wconf 88' lang='lat' dir='ltr'>locum</span> <span class='ocrx_word' id='word_1_414' title='bbox 673 2293 734 2324; x_wconf 84' lang='lat' dir='ltr'>ego</span> <span class='ocrx_word' id='word_1_415' title='bbox 755 2281 891 2323; x_wconf 80' lang='lat' dir='ltr'>lz‘b.fing.</span> <span class='ocrx_word' id='word_1_416' title='bbox 909 2283 957 2313; x_wconf 71' lang='lat' dir='ltr'>Aa</span> <span class='ocrx_word' id='word_1_417' title='bbox 977 2281 1032 2322; x_wconf 83' lang='lat' dir='ltr'>leg.</span> 
     </span>
     <span class='ocr_line' id='line_1_54' title="bbox 154 2322 1035 2370; baseline -0.007 -11"><span class='ocrx_word' id='word_1_418' title='bbox 154 2328 261 2370; x_wconf 82' lang='lat' dir='ltr'>Aquil.</span> <span class='ocrx_word' id='word_1_419' title='bbox 282 2339 306 2360; x_wconf 88' lang='lat' dir='ltr'>c.</span> <span class='ocrx_word' id='word_1_420' title='bbox 330 2338 375 2360; x_wconf 90' lang='lat'>10.</span> <span class='ocrx_word' id='word_1_421' title='bbox 408 2327 493 2360; x_wconf 86' lang='lat' dir='ltr'>Dedi</span> <span class='ocrx_word' id='word_1_422' title='bbox 523 2326 642 2358; x_wconf 87' lang='lat' dir='ltr'>sensum</span> <span class='ocrx_word' id='word_1_423' title='bbox 667 2325 780 2365; x_wconf 87' lang='lat' dir='ltr'>prioris</span> <span class='ocrx_word' id='word_1_424' title='bbox 804 2325 833 2355; x_wconf 74' lang='lat' dir='ltr'>&lt;St</span> <span class='ocrx_word' id='word_1_425' title='bbox 851 2322 1035 2364; x_wconf 88' lang='lat' dir='ltr'>posterioris</span> 
     </span>
     <span class='ocr_line' id='line_1_55' title="bbox 160 2364 1035 2411; baseline -0.007 -10"><span class='ocrx_word' id='word_1_426' title='bbox 160 2370 258 2411; x_wconf 85' lang='lat' dir='ltr'>partis</span> <span class='ocrx_word' id='word_1_427' title='bbox 276 2370 366 2411; x_wconf 81' lang='lat' dir='ltr'>hujus</span> <span class='ocrx_word' id='word_1_428' title='bbox 375 2369 488 2403; x_wconf 70' lang='lat' dir='ltr'>Edrei.</span> <span class='ocrx_word' id='word_1_429' title='bbox 512 2367 650 2410; x_wconf 88' lang='lat' dir='ltr'>superest</span> <span class='ocrx_word' id='word_1_430' title='bbox 666 2367 830 2408; x_wconf 85' lang='lat' dir='ltr'>utriusque</span> <span class='ocrx_word' id='word_1_431' title='bbox 847 2364 1035 2397; x_wconf 87' lang='lat' dir='ltr'>differentia.</span> 
     </span>
    </p>
   </div>
   <div class='ocr_carea' id='block_1_3' title="bbox 220 2480 235 2489">
    <p class='ocr_par' dir='ltr' id='par_1_6' title="bbox 220 2480 235 2489">
     <span class='ocr_line' id='line_1_56' title="bbox 220 2480 235 2489; baseline 0 0"><span class='ocrx_word' id='word_1_432' title='bbox 220 2480 235 2489; x_wconf 66' lang='lat' dir='ltr'>,a</span> 
     </span>
    </p>
   </div>
   <div class='ocr_carea' id='block_1_4' title="bbox 581 72 1532 123">
    <p class='ocr_par' dir='ltr' id='par_1_7' title="bbox 581 72 1532 123">
     <span class='ocr_line' id='line_1_57' title="bbox 581 72 1532 123; baseline -0.007 0"><span class='ocrx_word' id='word_1_433' title='bbox 581 83 614 123; x_wconf 88' lang='lat' dir='ltr'>G</span> <span class='ocrx_word' id='word_1_434' title='bbox 649 92 725 121; x_wconf 63' lang='lat' dir='ltr'>en</span> <span class='ocrx_word' id='word_1_435' title='bbox 758 72 1035 119; x_wconf 58' lang='lat' dir='ltr'>an121·N</span> <span class='ocrx_word' id='word_1_436' title='bbox 1068 83 1259 116; x_wconf 71' lang='lat' dir='ltr'>oo·nr</span> <span class='ocrx_word' id='word_1_437' title='bbox 1317 77 1459 116; x_wconf 63' lang='lat' dir='ltr'>elon</span> <span class='ocrx_word' id='word_1_438' title='bbox 1492 85 1532 117; x_wconf 59' lang='lat' dir='ltr'>m</span> 
     </span>
    </p>
   </div>
   <div class='ocr_carea' id='block_1_5' title="bbox 1068 166 1953 2362">
    <p class='ocr_par' dir='ltr' id='par_1_8' title="bbox 1069 166 1867 212">
     <span class='ocr_line' id='line_1_58' title="bbox 1069 166 1867 212; baseline -0.005 -11"><span class='ocrx_word' id='word_1_439' title='bbox 1069 170 1239 203; x_wconf 79' lang='lat' dir='ltr'>hanc-dedi</span> <span class='ocrx_word' id='word_1_440' title='bbox 1255 170 1275 202; x_wconf 82' lang='lat' dir='ltr'>l.</span> <span class='ocrx_word' id='word_1_441' title='bbox 1295 181 1325 212; x_wconf 86' lang='lat'>5.</span> <span class='ocrx_word' id='word_1_442' title='bbox 1339 169 1368 212; x_wconf 84' lang='lat'>§.</span> <span class='ocrx_word' id='word_1_443' title='bbox 1388 179 1415 202; x_wconf 89' lang='lat'>1.</span> <span class='ocrx_word' id='word_1_444' title='bbox 1433 170 1452 200; x_wconf 88' lang='lat' dir='ltr'>l.</span> <span class='ocrx_word' id='word_1_445' title='bbox 1467 172 1498 200; x_wconf 92' lang='lat'>6.</span> <span class='ocrx_word' id='word_1_446' title='bbox 1515 166 1552 203; x_wconf 52' lang='grc' dir='ltr'>ἐξ</span> <span class='ocrx_word' id='word_1_447' title='bbox 1568 175 1596 209; x_wconf 88' lang='lat'>7.</span> <span class='ocrx_word' id='word_1_448' title='bbox 1613 169 1638 200; x_wconf 78' lang='lat' dir='ltr'>h.</span> <span class='ocrx_word' id='word_1_449' title='bbox 1657 173 1680 199; x_wconf 81' lang='lat' dir='ltr'>t.</span> <span class='ocrx_word' id='word_1_450' title='bbox 1865 202 1867 206; x_wconf 12' lang='grc' dir='ltr'><strong>λ</strong></span> 
     </span>
    </p>

    <p class='ocr_par' dir='ltr' id='par_1_9' title="bbox 1070 206 1943 418">
     <span class='ocr_line' id='line_1_59' title="bbox 1110 206 1943 253; baseline 0 -9"><span class='ocrx_word' id='word_1_451' title='bbox 1110 212 1253 252; x_wconf 87' lang='lat' dir='ltr'>Sequens</span> <span class='ocrx_word' id='word_1_452' title='bbox 1267 221 1366 253; x_wconf 85' lang='lat' dir='ltr'>caput</span> <span class='ocrx_word' id='word_1_453' title='bbox 1384 211 1425 243; x_wconf 84' lang='lat' dir='ltr'>fic</span> <span class='ocrx_word' id='word_1_454' title='bbox 1440 210 1610 251; x_wconf 88' lang='lat' dir='ltr'>concipio:</span> <span class='ocrx_word' id='word_1_455' title='bbox 1636 208 1667 241; x_wconf 91' lang='lat' dir='ltr'>Si</span> <span class='ocrx_word' id='word_1_456' title='bbox 1681 209 1707 240; x_wconf 87' lang='lat' dir='ltr'>is</span> <span class='ocrx_word' id='word_1_457' title='bbox 1725 209 1777 250; x_wconf 91' lang='lat' dir='ltr'>qui</span> <span class='ocrx_word' id='word_1_458' title='bbox 1793 209 1823 241; x_wconf 87' lang='lat' dir='ltr'>in</span> <span class='ocrx_word' id='word_1_459' title='bbox 1840 206 1943 244; x_wconf 57' lang='lat' dir='ltr'>aliene</span> 
     </span>
     <span class='ocr_line' id='line_1_60' title="bbox 1070 249 1941 294; baseline -0.003 -11"><span class='ocrx_word' id='word_1_460' title='bbox 1070 252 1229 294; x_wconf 86' lang='lat' dir='ltr'>potestate</span> <span class='ocrx_word' id='word_1_461' title='bbox 1240 253 1284 285; x_wconf 90' lang='lat' dir='ltr'>est</span> <span class='ocrx_word' id='word_1_462' title='bbox 1294 278 1303 293; x_wconf 90' lang='lat'>,</span> <span class='ocrx_word' id='word_1_463' title='bbox 1315 252 1443 285; x_wconf 83' lang='lat' dir='ltr'>noxiam</span> <span class='ocrx_word' id='word_1_464' title='bbox 1453 250 1640 283; x_wconf 81' lang='lat' dir='ltr'>commisisse</span> <span class='ocrx_word' id='word_1_465' title='bbox 1656 249 1793 289; x_wconf 90' lang='lat' dir='ltr'>dicatur,</span> <span class='ocrx_word' id='word_1_466' title='bbox 1805 260 1876 284; x_wconf 89' lang='lat' dir='ltr'>eum</span> <span class='ocrx_word' id='word_1_467' title='bbox 1886 253 1941 284; x_wconf 87' lang='lat' dir='ltr'>do.</span> 
     </span>
     <span class='ocr_line' id='line_1_61' title="bbox 1070 292 1943 334; baseline -0.002 -8"><span class='ocrx_word' id='word_1_468' title='bbox 1070 296 1192 334; x_wconf 87' lang='lat' dir='ltr'>minus,</span> <span class='ocrx_word' id='word_1_469' title='bbox 1210 304 1282 326; x_wconf 88' lang='lat' dir='ltr'>cum</span> <span class='ocrx_word' id='word_1_470' title='bbox 1294 295 1337 327; x_wconf 88' lang='lat' dir='ltr'>cst</span> <span class='ocrx_word' id='word_1_471' title='bbox 1348 294 1500 334; x_wconf 83' lang='lat' dir='ltr'>praesens,</span> <span class='ocrx_word' id='word_1_472' title='bbox 1517 292 1711 330; x_wconf 85' lang='lat' dir='ltr'>defendere,</span> <span class='ocrx_word' id='word_1_473' title='bbox 1728 292 1866 332; x_wconf 88' lang='lat' dir='ltr'>alioquin</span> <span class='ocrx_word' id='word_1_474' title='bbox 1885 302 1943 324; x_wconf 86' lang='lat' dir='ltr'>tra-</span> 
     </span>
     <span class='ocr_line' id='line_1_62' title="bbox 1071 333 1940 375; baseline 0.001 -10"><span class='ocrx_word' id='word_1_475' title='bbox 1071 336 1166 374; x_wconf 88' lang='lat' dir='ltr'>dere,</span> <span class='ocrx_word' id='word_1_476' title='bbox 1191 337 1219 368; x_wconf 83' lang='lat'>&amp;</span> <span class='ocrx_word' id='word_1_477' title='bbox 1243 337 1282 368; x_wconf 91' lang='lat' dir='ltr'>de</span> <span class='ocrx_word' id='word_1_478' title='bbox 1302 337 1385 368; x_wconf 93' lang='lat' dir='ltr'>dolo·</span> <span class='ocrx_word' id='word_1_479' title='bbox 1395 336 1481 368; x_wconf 83' lang='lat' dir='ltr'>malo</span> <span class='ocrx_word' id='word_1_480' title='bbox 1499 334 1727 375; x_wconf 83' lang='lat' dir='ltr'>repromittere</span> <span class='ocrx_word' id='word_1_481' title='bbox 1745 333 1850 365; x_wconf 66' lang='lat' dir='ltr'>debet⁴</span> <span class='ocrx_word' id='word_1_482' title='bbox 1893 334 1940 366; x_wconf 88' lang='lat' dir='ltr'>Ita</span> 
     </span>
     <span class='ocr_line' id='line_1_63' title="bbox 1071 368 1535 418; baseline 0 -11"><span class='ocrx_word' id='word_1_483' title='bbox 1071 368 1535 418; x_wconf 38' lang='lat' dir='ltr'>stoeCfflmffimmsszaa</span> 
     </span>
    </p>

    <p class='ocr_par' dir='ltr' id='par_1_10' title="bbox 1072 415 1943 626">
     <span class='ocr_line' id='line_1_64' title="bbox 1111 415 1942 458; baseline -0.001 -10"><span class='ocrx_word' id='word_1_484' title='bbox 1111 417 1213 450; x_wconf 85' lang='lat' dir='ltr'>Porro</span> <span class='ocrx_word' id='word_1_485' title='bbox 1229 419 1418 450; x_wconf 86' lang='lat' dir='ltr'>aitPraetor:</span> <span class='ocrx_word' id='word_1_486' title='bbox 1438 417 1600 454; x_wconf 82' lang='lat' dir='ltr'>Domino,</span> <span class='ocrx_word' id='word_1_487' title='bbox 1616 415 1732 447; x_wconf 86' lang='lat' dir='ltr'>sibona</span> <span class='ocrx_word' id='word_1_488' title='bbox 1743 415 1806 447; x_wconf 81' lang='lat' dir='ltr'>fide</span> <span class='ocrx_word' id='word_1_489' title='bbox 1822 415 1942 458; x_wconf 65' lang='lat' dir='ltr'>abfuit,</span> 
     </span>
     <span class='ocr_line' id='line_1_65' title="bbox 1072 457 1942 500; baseline -0.001 -10"><span class='ocrx_word' id='word_1_490' title='bbox 1072 459 1149 490; x_wconf 83' lang='lat' dir='ltr'>item</span> <span class='ocrx_word' id='word_1_491' title='bbox 1165 459 1185 491; x_wconf 87' lang='lat' dir='ltr'>fi</span> <span class='ocrx_word' id='word_1_492' title='bbox 1201 461 1346 500; x_wconf 78' lang='lat' dir='ltr'>quisjus,</span> <span class='ocrx_word' id='word_1_493' title='bbox 1369 460 1456 500; x_wconf 84' lang='lat' dir='ltr'>quod</span> <span class='ocrx_word' id='word_1_494' title='bbox 1472 460 1504 490; x_wconf 88' lang='lat' dir='ltr'>in</span> <span class='ocrx_word' id='word_1_495' title='bbox 1522 458 1614 489; x_wconf 79' lang='lat' dir='ltr'>servo</span> <span class='ocrx_word' id='word_1_496' title='bbox 1631 457 1727 488; x_wconf 84' lang='lat' dir='ltr'>habet</span> <span class='ocrx_word' id='word_1_497' title='bbox 1739 481 1748 495; x_wconf 93' lang='lat'>‚</span> <span class='ocrx_word' id='word_1_498' title='bbox 1771 465 1894 497; x_wconf 85' lang='lat' dir='ltr'>paratus</span> <span class='ocrx_word' id='word_1_499' title='bbox 1906 457 1942 489; x_wconf 80' lang='lat' dir='ltr'>fit</span> 
     </span>
     <span class='ocr_line' id='line_1_66' title="bbox 1073 497 1943 542; baseline -0.001 -11"><span class='ocrx_word' id='word_1_500' title='bbox 1073 499 1267 538; x_wconf 81' lang='lat' dir='ltr'>defendere,</span> <span class='ocrx_word' id='word_1_501' title='bbox 1278 501 1367 532; x_wconf 83' lang='lat' dir='ltr'>causa</span> <span class='ocrx_word' id='word_1_502' title='bbox 1376 501 1514 542; x_wconf 78' lang='lat' dir='ltr'>cognita,</span> <span class='ocrx_word' id='word_1_503' title='bbox 1527 498 1716 539; x_wconf 86' lang='lat' dir='ltr'>potestatem</span> <span class='ocrx_word' id='word_1_504' title='bbox 1728 498 1852 529; x_wconf 81' lang='lat' dir='ltr'>faciam.</span> <span class='ocrx_word' id='word_1_505' title='bbox 1865 497 1943 530; x_wconf 87' lang='lat' dir='ltr'>Haeo</span> 
     </span>
     <span class='ocr_line' id='line_1_67' title="bbox 1074 539 1942 582; baseline -0.001 -10"><span class='ocrx_word' id='word_1_506' title='bbox 1074 551 1114 572; x_wconf 89' lang='lat' dir='ltr'>ex</span> <span class='ocrx_word' id='word_1_507' title='bbox 1129 541 1148 571; x_wconf 78' lang='lat' dir='ltr'>l.</span> <span class='ocrx_word' id='word_1_508' title='bbox 1167 551 1195 571; x_wconf 87' lang='lat'>2.</span> <span class='ocrx_word' id='word_1_509' title='bbox 1213 540 1242 581; x_wconf 56' lang='grc' dir='ltr'><strong><em>ᾗ.</em></strong></span> <span class='ocrx_word' id='word_1_510' title='bbox 1265 550 1290 572; x_wconf 95' lang='lat'>1.</span> <span class='ocrx_word' id='word_1_511' title='bbox 1309 542 1348 572; x_wconf 91' lang='lat' dir='ltr'>D.</span> <span class='ocrx_word' id='word_1_512' title='bbox 1371 543 1403 573; x_wconf 85' lang='lat' dir='ltr'>Si</span> <span class='ocrx_word' id='word_1_513' title='bbox 1426 552 1462 573; x_wconf 77' lang='lat' dir='ltr'>ex</span> <span class='ocrx_word' id='word_1_514' title='bbox 1485 542 1581 573; x_wconf 81' lang='lat' dir='ltr'>noxal.</span> <span class='ocrx_word' id='word_1_515' title='bbox 1599 541 1677 580; x_wconf 78' lang='lat' dir='ltr'>caus.</span> <span class='ocrx_word' id='word_1_516' title='bbox 1692 549 1740 582; x_wconf 81' lang='lat' dir='ltr'>ag.</span> <span class='ocrx_word' id='word_1_517' title='bbox 1757 539 1775 570; x_wconf 89' lang='lat' dir='ltr'>l.</span> <span class='ocrx_word' id='word_1_518' title='bbox 1792 549 1841 580; x_wconf 74' lang='lat'>30.</span> <span class='ocrx_word' id='word_1_519' title='bbox 1859 540 1877 570; x_wconf 85' lang='lat' dir='ltr'>l.</span> <span class='ocrx_word' id='word_1_520' title='bbox 1894 544 1942 571; x_wconf 86' lang='lat'>26.</span> 
     </span>
     <span class='ocr_line' id='line_1_68' title="bbox 1072 581 1478 626; baseline 0 -12"><span class='ocrx_word' id='word_1_521' title='bbox 1072 582 1102 623; x_wconf 82' lang='lat'>§.</span> <span class='ocrx_word' id='word_1_522' title='bbox 1120 582 1174 626; x_wconf 60' lang='lat' dir='ltr'>ult.</span> <span class='ocrx_word' id='word_1_523' title='bbox 1191 581 1227 616; x_wconf 57' lang='grc' dir='ltr'>δ’</span> <span class='ocrx_word' id='word_1_524' title='bbox 1246 581 1266 612; x_wconf 87' lang='lat' dir='ltr'>l.</span> <span class='ocrx_word' id='word_1_525' title='bbox 1285 592 1333 622; x_wconf 84' lang='lat'>27.</span> <span class='ocrx_word' id='word_1_526' title='bbox 1353 582 1395 614; x_wconf 86' lang='lat' dir='ltr'>D.</span> <span class='ocrx_word' id='word_1_527' title='bbox 1412 584 1438 614; x_wconf 75' lang='lat' dir='ltr'>h.</span> <span class='ocrx_word' id='word_1_528' title='bbox 1456 589 1478 615; x_wconf 81' lang='lat' dir='ltr'>t.</span> 
     </span>
    </p>

    <p class='ocr_par' dir='ltr' id='par_1_11' title="bbox 1068 621 1948 1203">
     <span class='ocr_line' id='line_1_69' title="bbox 1111 621 1943 669; baseline -0.001 -14"><span class='ocrx_word' id='word_1_529' title='bbox 1111 623 1207 655; x_wconf 83' lang='lat' dir='ltr'>Aliud</span> <span class='ocrx_word' id='word_1_530' title='bbox 1229 623 1332 669; x_wconf 74' lang='lat' dir='ltr'>rursus</span> <span class='ocrx_word' id='word_1_531' title='bbox 1355 623 1460 656; x_wconf 68' lang='lat' dir='ltr'>Edioi</span> <span class='ocrx_word' id='word_1_532' title='bbox 1484 633 1579 666; x_wconf 84' lang='lat' dir='ltr'>caput</span> <span class='ocrx_word' id='word_1_533' title='bbox 1596 624 1634 655; x_wconf 86' lang='lat' dir='ltr'>ab</span> <span class='ocrx_word' id='word_1_534' title='bbox 1653 623 1792 665; x_wconf 79' lang='lat' dir='ltr'>Ulpiano</span> <span class='ocrx_word' id='word_1_535' title='bbox 1810 623 1838 654; x_wconf 85' lang='lat' dir='ltr'>in</span> <span class='ocrx_word' id='word_1_536' title='bbox 1855 621 1875 652; x_wconf 87' lang='lat' dir='ltr'>l.</span> <span class='ocrx_word' id='word_1_537' title='bbox 1893 630 1943 654; x_wconf 79' lang='lat'>21.</span> 
     </span>
     <span class='ocr_line' id='line_1_70' title="bbox 1072 663 1944 712; baseline 0 -17"><span class='ocrx_word' id='word_1_538' title='bbox 1072 665 1139 710; x_wconf 32' lang='lat'>§.⁴2</span> <span class='ocrx_word' id='word_1_539' title='bbox 1151 666 1207 713; x_wconf 37' lang='lat' dir='ltr'><em>Luc..</em></span> <span class='ocrx_word' id='word_1_540' title='bbox 1227 672 1270 695; x_wconf 82' lang='lat' dir='ltr'>ita</span> <span class='ocrx_word' id='word_1_541' title='bbox 1281 665 1434 705; x_wconf 86' lang='lat' dir='ltr'>proditur.</span> <span class='ocrx_word' id='word_1_542' title='bbox 1456 667 1489 697; x_wconf 84' lang='lat' dir='ltr'>Si</span> <span class='ocrx_word' id='word_1_543' title='bbox 1499 668 1523 697; x_wconf 80' lang='lat' dir='ltr'>is</span> <span class='ocrx_word' id='word_1_544' title='bbox 1544 669 1576 698; x_wconf 77' lang='lat' dir='ltr'>in</span> <span class='ocrx_word' id='word_1_545' title='bbox 1593 667 1676 708; x_wconf 80' lang='lat' dir='ltr'>cujus</span> <span class='ocrx_word' id='word_1_546' title='bbox 1688 663 1823 706; x_wconf 63' lang='lat' dir='ltr'>potestate</span> <span class='ocrx_word' id='word_1_547' title='bbox 1841 665 1944 695; x_wconf 83' lang='lat' dir='ltr'>lervus</span> 
     </span>
     <span class='ocr_line' id='line_1_71' title="bbox 1073 705 1944 748; baseline -0.002 -11"><span class='ocrx_word' id='word_1_548' title='bbox 1073 706 1124 746; x_wconf 71' lang='lat' dir='ltr'>este</span> <span class='ocrx_word' id='word_1_549' title='bbox 1141 708 1248 737; x_wconf 71' lang='lat' dir='ltr'>dieitur</span> <span class='ocrx_word' id='word_1_550' title='bbox 1259 729 1268 745; x_wconf 90' lang='lat'>,</span> <span class='ocrx_word' id='word_1_551' title='bbox 1293 709 1412 748; x_wconf 73' lang='lat' dir='ltr'>negavit</span> <span class='ocrx_word' id='word_1_552' title='bbox 1418 709 1453 745; x_wconf 83' lang='lat' dir='ltr'>se</span> <span class='ocrx_word' id='word_1_553' title='bbox 1468 709 1499 738; x_wconf 79' lang='lat' dir='ltr'>in</span> <span class='ocrx_word' id='word_1_554' title='bbox 1507 709 1566 747; x_wconf 80' lang='lat' dir='ltr'>sua</span> <span class='ocrx_word' id='word_1_555' title='bbox 1581 705 1716 747; x_wconf 75' lang='lat' dir='ltr'>potestate</span> <span class='ocrx_word' id='word_1_556' title='bbox 1725 714 1847 745; x_wconf 73' lang='lat' dir='ltr'>servum</span> <span class='ocrx_word' id='word_1_557' title='bbox 1863 706 1944 735; x_wconf 78' lang='lat' dir='ltr'>habe-</span> 
     </span>
     <span class='ocr_line' id='line_1_72' title="bbox 1072 745 1947 790; baseline -0.003 -11"><span class='ocrx_word' id='word_1_558' title='bbox 1072 758 1119 779; x_wconf 79' lang='lat' dir='ltr'>re:</span> <span class='ocrx_word' id='word_1_559' title='bbox 1143 754 1243 778; x_wconf 73' lang='lat' dir='ltr'>utrum</span> <span class='ocrx_word' id='word_1_560' title='bbox 1262 746 1340 778; x_wconf 69' lang='grc' dir='ltr'>αὲἶον</span> <span class='ocrx_word' id='word_1_561' title='bbox 1352 748 1444 786; x_wconf 73' lang='lat' dir='ltr'>volet,</span> <span class='ocrx_word' id='word_1_562' title='bbox 1462 749 1509 779; x_wconf 73' lang='lat' dir='ltr'>‘uel</span> <span class='ocrx_word' id='word_1_563' title='bbox 1524 749 1650 790; x_wconf 74' lang='lat' dir='ltr'>dejerare</span> <span class='ocrx_word' id='word_1_564' title='bbox 1659 749 1761 789; x_wconf 73' lang='lat' dir='ltr'>jubebo</span> <span class='ocrx_word' id='word_1_565' title='bbox 1778 750 1808 778; x_wconf 76' lang='lat' dir='ltr'>in</span> <span class='ocrx_word' id='word_1_566' title='bbox 1824 745 1947 787; x_wconf 70' lang='lat' dir='ltr'>potesta-z</span> 
     </span>
     <span class='ocr_line' id='line_1_73' title="bbox 1073 788 1945 836; baseline -0.002 -16"><span class='ocrx_word' id='word_1_567' title='bbox 1073 794 1099 820; x_wconf 85' lang='lat' dir='ltr'>te</span> <span class='ocrx_word' id='word_1_568' title='bbox 1119 789 1170 824; x_wconf 82' lang='lat' dir='ltr'>sua</span> <span class='ocrx_word' id='word_1_569' title='bbox 1186 798 1244 836; x_wconf 53' lang='lat' dir='ltr'>nori</span> <span class='ocrx_word' id='word_1_570' title='bbox 1258 788 1327 829; x_wconf 83' lang='lat' dir='ltr'>effe,</span> <span class='ocrx_word' id='word_1_571' title='bbox 1343 798 1434 830; x_wconf 76' lang='lat' dir='ltr'>neque</span> <span class='ocrx_word' id='word_1_572' title='bbox 1444 788 1476 829; x_wconf 74' lang='lat' dir='ltr'>se}</span> <span class='ocrx_word' id='word_1_573' title='bbox 1491 790 1551 821; x_wconf 82' lang='lat' dir='ltr'>dolo</span> <span class='ocrx_word' id='word_1_574' title='bbox 1567 791 1638 821; x_wconf 74' lang='lat' dir='ltr'>molo</span> <span class='ocrx_word' id='word_1_575' title='bbox 1647 789 1764 829; x_wconf 60' lang='lat' dir='ltr'>feczjffe,</span> <span class='ocrx_word' id='word_1_576' title='bbox 1780 799 1834 830; x_wconf 79' lang='lat' dir='ltr'>quo</span> <span class='ocrx_word' id='word_1_577' title='bbox 1850 791 1945 819; x_wconf 75' lang='lat' dir='ltr'>minus</span> 
     </span>
     <span class='ocr_line' id='line_1_74' title="bbox 1071 829 1946 876; baseline 0.001 -16"><span class='ocrx_word' id='word_1_578' title='bbox 1071 830 1153 876; x_wconf 53' lang='lat' dir='ltr'>effer,</span> <span class='ocrx_word' id='word_1_579' title='bbox 1169 830 1216 861; x_wconf 82' lang='lat' dir='ltr'>vel</span> <span class='ocrx_word' id='word_1_580' title='bbox 1218 831 1366 871; x_wconf 74' lang='lat' dir='ltr'>judicium.</span> <span class='ocrx_word' id='word_1_581' title='bbox 1376 832 1445 861; x_wconf 81' lang='lat' dir='ltr'>dabo</span> <span class='ocrx_word' id='word_1_582' title='bbox 1452 829 1512 868; x_wconf 79' lang='lat' dir='ltr'>fine</span> <span class='ocrx_word' id='word_1_583' title='bbox 1523 840 1606 862; x_wconf 79' lang='lat' dir='ltr'>noxae</span> <span class='ocrx_word' id='word_1_584' title='bbox 1614 833 1761 861; x_wconf 73' lang='lat' dir='ltr'>deditione.</span> <span class='ocrx_word' id='word_1_585' title='bbox 1787 832 1946 861; x_wconf 62' lang='lat' dir='ltr'>summam</span> 
     </span>
     <span class='ocr_line' id='line_1_75' title="bbox 1072 870 1948 918; baseline -0.001 -16"><span class='ocrx_word' id='word_1_586' title='bbox 1072 873 1186 918; x_wconf 82' lang='lat' dir='ltr'>capitis</span> <span class='ocrx_word' id='word_1_587' title='bbox 1206 871 1288 903; x_wconf 79' lang='lat' dir='ltr'>hanc</span> <span class='ocrx_word' id='word_1_588' title='bbox 1305 873 1358 903; x_wconf 87' lang='lat' dir='ltr'>dat</span> <span class='ocrx_word' id='word_1_589' title='bbox 1374 870 1526 912; x_wconf 85' lang='lat' dir='ltr'>Ulpianus</span> <span class='ocrx_word' id='word_1_590' title='bbox 1536 872 1553 904; x_wconf 81' lang='lat' dir='ltr'>l.</span> <span class='ocrx_word' id='word_1_591' title='bbox 1565 882 1613 903; x_wconf 84' lang='grc'><strong><em>22.</em></strong></span> <span class='ocrx_word' id='word_1_592' title='bbox 1630 872 1659 913; x_wconf 84' lang='lat'>§.</span> <span class='ocrx_word' id='word_1_593' title='bbox 1676 872 1730 903; x_wconf 75' lang='lat' dir='ltr'>ult.</span> <span class='ocrx_word' id='word_1_594' title='bbox 1748 872 1773 902; x_wconf 77' lang='lat' dir='ltr'>h.</span> <span class='ocrx_word' id='word_1_595' title='bbox 1790 877 1811 902; x_wconf 79' lang='lat' dir='ltr'>t.</span> <span class='ocrx_word' id='word_1_596' title='bbox 1833 871 1883 910; x_wconf 86' lang='lat' dir='ltr'>Si,</span> <span class='ocrx_word' id='word_1_597' title='bbox 1901 870 1948 901; x_wconf 86' lang='lat' dir='ltr'>in-</span> 
     </span>
     <span class='ocr_line' id='line_1_76' title="bbox 1073 912 1946 954; baseline -0.002 -10"><span class='ocrx_word' id='word_1_598' title='bbox 1073 922 1204 953; x_wconf 84' lang='lat' dir='ltr'>quiens,</span> <span class='ocrx_word' id='word_1_599' title='bbox 1225 913 1354 954; x_wconf 82' lang='lat' dir='ltr'>negavit</span> <span class='ocrx_word' id='word_1_600' title='bbox 1376 914 1545 951; x_wconf 84' lang='lat' dir='ltr'>dominus,</span> <span class='ocrx_word' id='word_1_601' title='bbox 1568 915 1599 944; x_wconf 91' lang='lat' dir='ltr'>in</span> <span class='ocrx_word' id='word_1_602' title='bbox 1623 917 1673 944; x_wconf 82' lang='lat' dir='ltr'>lua</span> <span class='ocrx_word' id='word_1_603' title='bbox 1701 913 1857 950; x_wconf 82' lang='lat' dir='ltr'>potestate</span> <span class='ocrx_word' id='word_1_604' title='bbox 1884 912 1946 942; x_wconf 74' lang='lat' dir='ltr'>ess&#39;e&#39;</span> 
     </span>
     <span class='ocr_line' id='line_1_77' title="bbox 1071 954 1947 1002; baseline -0.001 -16"><span class='ocrx_word' id='word_1_605' title='bbox 1071 956 1195 1002; x_wconf 38' lang='lat' dir='ltr'>‘serv-um</span> <span class='ocrx_word' id='word_1_606' title='bbox 1206 976 1215 992; x_wconf 83' lang='lat'>,</span> <span class='ocrx_word' id='word_1_607' title='bbox 1228 955 1387 994; x_wconf 84' lang='lat' dir='ltr'>permittit</span> <span class='ocrx_word' id='word_1_608' title='bbox 1402 955 1523 986; x_wconf 82' lang='lat' dir='ltr'>Praetor</span> <span class='ocrx_word' id='word_1_609' title='bbox 1534 954 1631 986; x_wconf 58' lang='lat' dir='ltr'>actori</span> <span class='ocrx_word' id='word_1_610' title='bbox 1647 954 1808 985; x_wconf 85' lang='lat' dir='ltr'>arbitrium</span> <span class='ocrx_word' id='word_1_611' title='bbox 1819 977 1828 991; x_wconf 97' lang='lat'>,</span> <span class='ocrx_word' id='word_1_612' title='bbox 1840 961 1947 985; x_wconf 82' lang='lat' dir='ltr'>utrum</span> 
     </span>
     <span class='ocr_line' id='line_1_78' title="bbox 1068 993 1945 1036; baseline -0.001 -10"><span class='ocrx_word' id='word_1_613' title='bbox 1068 997 1271 1036; x_wconf 69' lang='lat' dir='ltr'>jurejurando</span> <span class='ocrx_word' id='word_1_614' title='bbox 1288 996 1320 1027; x_wconf 89' lang='lat' dir='ltr'>id</span> <span class='ocrx_word' id='word_1_615' title='bbox 1340 997 1509 1035; x_wconf 84' lang='lat' dir='ltr'>decidere,</span> <span class='ocrx_word' id='word_1_616' title='bbox 1526 1006 1564 1027; x_wconf 89' lang='lat' dir='ltr'>an</span> <span class='ocrx_word' id='word_1_617' title='bbox 1580 996 1732 1036; x_wconf 84' lang='lat' dir='ltr'>judicium</span> <span class='ocrx_word' id='word_1_618' title='bbox 1749 995 1865 1026; x_wconf 70' lang='lat' dir='ltr'>dictare</span> <span class='ocrx_word' id='word_1_619' title='bbox 1880 993 1945 1026; x_wconf 81' lang='lat' dir='ltr'>fine</span> 
     </span>
     <span class='ocr_line' id='line_1_79' title="bbox 1071 1035 1947 1084; baseline -0.002 -16"><span class='ocrx_word' id='word_1_620' title='bbox 1071 1046 1164 1084; x_wconf 58' lang='lat' dir='ltr'>nortae</span> <span class='ocrx_word' id='word_1_621' title='bbox 1178 1038 1345 1069; x_wconf 86' lang='lat' dir='ltr'>deditione</span> <span class='ocrx_word' id='word_1_622' title='bbox 1363 1039 1450 1068; x_wconf 81' lang='lat' dir='ltr'>velit.</span> <span class='ocrx_word' id='word_1_623' title='bbox 1472 1047 1528 1079; x_wconf 86' lang='lat' dir='ltr'>per</span> <span class='ocrx_word' id='word_1_624' title='bbox 1545 1038 1633 1078; x_wconf 87' lang='lat' dir='ltr'>quod</span> <span class='ocrx_word' id='word_1_625' title='bbox 1653 1037 1780 1075; x_wconf 77' lang='lat' dir='ltr'>vincet,</span> <span class='ocrx_word' id='word_1_626' title='bbox 1795 1035 1815 1067; x_wconf 83' lang='lat' dir='ltr'>fi</span> <span class='ocrx_word' id='word_1_627' title='bbox 1833 1037 1947 1076; x_wconf 73' lang='lat' dir='ltr'>proba-</span> 
     </span>
     <span class='ocr_line' id='line_1_80' title="bbox 1071 1077 1945 1119; baseline 0 -10"><span class='ocrx_word' id='word_1_628' title='bbox 1071 1086 1155 1110; x_wconf 84' lang='lat' dir='ltr'>verit</span> <span class='ocrx_word' id='word_1_629' title='bbox 1166 1089 1238 1111; x_wconf 88' lang='lat' dir='ltr'>eum</span> <span class='ocrx_word' id='word_1_630' title='bbox 1254 1080 1284 1110; x_wconf 87' lang='lat' dir='ltr'>in</span> <span class='ocrx_word' id='word_1_631' title='bbox 1297 1079 1457 1119; x_wconf 82' lang='lat' dir='ltr'>potestate</span> <span class='ocrx_word' id='word_1_632' title='bbox 1473 1079 1552 1117; x_wconf 82' lang='lat' dir='ltr'>effe,</span> <span class='ocrx_word' id='word_1_633' title='bbox 1568 1079 1621 1110; x_wconf 89' lang='lat' dir='ltr'>vel</span> <span class='ocrx_word' id='word_1_634' title='bbox 1639 1079 1716 1110; x_wconf 87' lang='lat' dir='ltr'>dolo</span> <span class='ocrx_word' id='word_1_635' title='bbox 1732 1079 1798 1117; x_wconf 73' lang='lat' dir='ltr'>ejus</span> <span class='ocrx_word' id='word_1_636' title='bbox 1815 1077 1945 1116; x_wconf 59' lang='lat' dir='ltr'>facium,</span> 
     </span>
     <span class='ocr_line' id='line_1_81' title="bbox 1071 1120 1943 1161; baseline -0.001 -10"><span class='ocrx_word' id='word_1_637' title='bbox 1071 1121 1254 1161; x_wconf 87' lang='lat' dir='ltr'>quominus</span> <span class='ocrx_word' id='word_1_638' title='bbox 1272 1121 1363 1152; x_wconf 78' lang='lat' dir='ltr'>ess&#39;ct:</span> <span class='ocrx_word' id='word_1_639' title='bbox 1388 1121 1441 1160; x_wconf 90' lang='lat' dir='ltr'>qui</span> <span class='ocrx_word' id='word_1_640' title='bbox 1466 1129 1572 1152; x_wconf 86' lang='lat' dir='ltr'>autem</span> <span class='ocrx_word' id='word_1_641' title='bbox 1598 1129 1663 1151; x_wconf 88' lang='lat' dir='ltr'>non</span> <span class='ocrx_word' id='word_1_642' title='bbox 1687 1120 1888 1160; x_wconf 82' lang='lat' dir='ltr'>probaverit,</span> <span class='ocrx_word' id='word_1_643' title='bbox 1911 1120 1943 1151; x_wconf 86' lang='lat' dir='ltr'>in</span> 
     </span>
     <span class='ocr_line' id='line_1_82' title="bbox 1071 1161 1885 1203; baseline -0.002 -11"><span class='ocrx_word' id='word_1_644' title='bbox 1071 1162 1230 1203; x_wconf 84' lang='lat' dir='ltr'>potestate</span> <span class='ocrx_word' id='word_1_645' title='bbox 1249 1161 1415 1194; x_wconf 81' lang='lat' dir='ltr'>adversarii</span> <span class='ocrx_word' id='word_1_646' title='bbox 1431 1161 1493 1193; x_wconf 81' lang='lat' dir='ltr'>ess&#39;e</span> <span class='ocrx_word' id='word_1_647' title='bbox 1509 1162 1632 1193; x_wconf 84' lang='lat' dir='ltr'>servum</span> <span class='ocrx_word' id='word_1_648' title='bbox 1643 1185 1652 1200; x_wconf 88' lang='lat'>,</span> <span class='ocrx_word' id='word_1_649' title='bbox 1676 1170 1741 1192; x_wconf 88' lang='lat' dir='ltr'>rem</span> <span class='ocrx_word' id='word_1_650' title='bbox 1759 1162 1885 1192; x_wconf 85' lang='lat' dir='ltr'>amittit.</span> 
     </span>
    </p>

    <p class='ocr_par' dir='ltr' id='par_1_12' title="bbox 1072 1201 1953 1950">
     <span class='ocr_line' id='line_1_83' title="bbox 1108 1201 1947 1250; baseline -0.001 -16"><span class='ocrx_word' id='word_1_651' title='bbox 1108 1203 1199 1250; x_wconf 86' lang='lat' dir='ltr'>Quid</span> <span class='ocrx_word' id='word_1_652' title='bbox 1216 1204 1280 1241; x_wconf 84' lang='lat' dir='ltr'>cst,</span> <span class='ocrx_word' id='word_1_653' title='bbox 1302 1206 1332 1235; x_wconf 84' lang='lat' dir='ltr'>in</span> <span class='ocrx_word' id='word_1_654' title='bbox 1344 1201 1507 1245; x_wconf 73' lang='lat' dir='ltr'>poteftme?</span> <span class='ocrx_word' id='word_1_655' title='bbox 1530 1204 1635 1242; x_wconf 88' lang='lat' dir='ltr'>dices,</span> <span class='ocrx_word' id='word_1_656' title='bbox 1661 1202 1778 1234; x_wconf 87' lang='lat' dir='ltr'>habere</span> <span class='ocrx_word' id='word_1_657' title='bbox 1795 1201 1875 1233; x_wconf 76' lang='lat' dir='ltr'>servi</span> <span class='ocrx_word' id='word_1_658' title='bbox 1892 1203 1947 1233; x_wconf 85' lang='lat' dir='ltr'>do·</span> 
     </span>
     <span class='ocr_line' id='line_1_84' title="bbox 1072 1243 1945 1286; baseline -0.001 -10"><span class='ocrx_word' id='word_1_659' title='bbox 1072 1247 1224 1284; x_wconf 82' lang='lat' dir='ltr'>minium,</span> <span class='ocrx_word' id='word_1_660' title='bbox 1249 1245 1280 1276; x_wconf 89' lang='lat'>&amp;</span> <span class='ocrx_word' id='word_1_661' title='bbox 1302 1246 1418 1286; x_wconf 86' lang='lat' dir='ltr'>probo.</span> <span class='ocrx_word' id='word_1_662' title='bbox 1443 1245 1495 1277; x_wconf 87' lang='lat' dir='ltr'>sed</span> <span class='ocrx_word' id='word_1_663' title='bbox 1520 1254 1586 1276; x_wconf 91' lang='lat' dir='ltr'>non</span> <span class='ocrx_word' id='word_1_664' title='bbox 1613 1245 1658 1276; x_wconf 88' lang='lat' dir='ltr'>est</span> <span class='ocrx_word' id='word_1_665' title='bbox 1681 1243 1768 1275; x_wconf 85' lang='lat' dir='ltr'>satis:</span> <span class='ocrx_word' id='word_1_666' title='bbox 1792 1252 1945 1284; x_wconf 77' lang='lat' dir='ltr'>praeterea</span> 
     </span>
     <span class='ocr_line' id='line_1_85' title="bbox 1072 1284 1944 1326; baseline 0 -9"><span class='ocrx_word' id='word_1_667' title='bbox 1072 1287 1169 1318; x_wconf 89' lang='lat' dir='ltr'>debet</span> <span class='ocrx_word' id='word_1_668' title='bbox 1180 1287 1296 1318; x_wconf 81' lang='lat' dir='ltr'>habere</span> <span class='ocrx_word' id='word_1_669' title='bbox 1312 1286 1485 1318; x_wconf 75' lang='lat' dir='ltr'>exhibendi</span> <span class='ocrx_word' id='word_1_670' title='bbox 1497 1284 1575 1318; x_wconf 87' lang='lat' dir='ltr'>servi</span> <span class='ocrx_word' id='word_1_671' title='bbox 1586 1285 1776 1326; x_wconf 82' lang='lat' dir='ltr'>potestatem</span> <span class='ocrx_word' id='word_1_672' title='bbox 1787 1286 1804 1315; x_wconf 76' lang='lat' dir='ltr'>l.</span> <span class='ocrx_word' id='word_1_673' title='bbox 1816 1285 1901 1325; x_wconf 77' lang='lat'><strong>21.§.</strong></span> <span class='ocrx_word' id='word_1_674' title='bbox 1913 1296 1944 1326; x_wconf 76' lang='lat'>3.</span> 
     </span>
     <span class='ocr_line' id='line_1_86' title="bbox 1072 1326 1944 1369; baseline -0.001 -11"><span class='ocrx_word' id='word_1_675' title='bbox 1072 1328 1099 1358; x_wconf 86' lang='lat' dir='ltr'>h.</span> <span class='ocrx_word' id='word_1_676' title='bbox 1117 1334 1138 1358; x_wconf 77' lang='grc' dir='ltr'><strong><em>ι.</em></strong></span> <span class='ocrx_word' id='word_1_677' title='bbox 1156 1327 1234 1358; x_wconf 86' lang='lat' dir='ltr'>Inde</span> <span class='ocrx_word' id='word_1_678' title='bbox 1251 1327 1431 1369; x_wconf 75' lang='lat' dir='ltr'>responsum</span> <span class='ocrx_word' id='word_1_679' title='bbox 1447 1327 1466 1358; x_wconf 86' lang='lat' dir='ltr'>l.</span> <span class='ocrx_word' id='word_1_680' title='bbox 1480 1337 1529 1360; x_wconf 78' lang='grc'><strong><em>22.</em></strong></span> <span class='ocrx_word' id='word_1_681' title='bbox 1541 1329 1568 1358; x_wconf 77' lang='lat' dir='ltr'>d.</span> <span class='ocrx_word' id='word_1_682' title='bbox 1580 1333 1601 1359; x_wconf 78' lang='lat' dir='ltr'>t.</span> <span class='ocrx_word' id='word_1_683' title='bbox 1621 1327 1641 1358; x_wconf 85' lang='lat' dir='ltr'>fi</span> <span class='ocrx_word' id='word_1_684' title='bbox 1659 1326 1764 1358; x_wconf 84' lang='lat' dir='ltr'>servus</span> <span class='ocrx_word' id='word_1_685' title='bbox 1781 1327 1944 1366; x_wconf 67' lang='lat' dir='ltr'>depositus</span> 
     </span>
     <span class='ocr_line' id='line_1_87' title="bbox 1072 1368 1945 1416; baseline -0.003 -15"><span class='ocrx_word' id='word_1_686' title='bbox 1072 1370 1360 1416; x_wconf 35' lang='lat' dir='ltr'>vel&#39;commodatus</span> <span class='ocrx_word' id='word_1_687' title='bbox 1376 1369 1428 1406; x_wconf 83' lang='lat' dir='ltr'>sit,</span> <span class='ocrx_word' id='word_1_688' title='bbox 1445 1369 1532 1409; x_wconf 77' lang='lat' dir='ltr'>poss&#39;e</span> <span class='ocrx_word' id='word_1_689' title='bbox 1547 1378 1619 1399; x_wconf 90' lang='lat' dir='ltr'>cum</span> <span class='ocrx_word' id='word_1_690' title='bbox 1631 1369 1764 1399; x_wconf 88' lang='lat' dir='ltr'>domino</span> <span class='ocrx_word' id='word_1_691' title='bbox 1775 1369 1822 1409; x_wconf 85' lang='lat' dir='ltr'>agi</span> <span class='ocrx_word' id='word_1_692' title='bbox 1835 1368 1945 1398; x_wconf 63' lang='lat' dir='ltr'>noxali</span> 
     </span>
     <span class='ocr_line' id='line_1_88' title="bbox 1073 1408 1948 1451; baseline -0.003 -9"><span class='ocrx_word' id='word_1_693' title='bbox 1073 1411 1208 1442; x_wconf 70' lang='lat' dir='ltr'>actione.</span> <span class='ocrx_word' id='word_1_694' title='bbox 1232 1412 1261 1442; x_wconf 69' lang='grc' dir='ltr'>ὃς</span> <span class='ocrx_word' id='word_1_695' title='bbox 1285 1419 1345 1451; x_wconf 88' lang='lat' dir='ltr'>pro</span> <span class='ocrx_word' id='word_1_696' title='bbox 1369 1412 1491 1442; x_wconf 81' lang='lat' dir='ltr'>ratione</span> <span class='ocrx_word' id='word_1_697' title='bbox 1509 1411 1651 1441; x_wconf 82' lang='lat' dir='ltr'>additur:</span> <span class='ocrx_word' id='word_1_698' title='bbox 1676 1409 1762 1449; x_wconf 86' lang='lat' dir='ltr'>quod</span> <span class='ocrx_word' id='word_1_699' title='bbox 1781 1411 1810 1440; x_wconf 87' lang='lat' dir='ltr'>ei</span> <span class='ocrx_word' id='word_1_700' title='bbox 1830 1408 1948 1440; x_wconf 76' lang='lat' dir='ltr'>servire</span> 
     </span>
     <span class='ocr_line' id='line_1_89' title="bbox 1072 1449 1944 1493; baseline -0.003 -10"><span class='ocrx_word' id='word_1_701' title='bbox 1072 1452 1268 1493; x_wconf 72' lang='lat' dir='ltr'>intelligitur.</span> <span class='ocrx_word' id='word_1_702' title='bbox 1294 1452 1323 1483; x_wconf 67' lang='grc' dir='ltr'>ἃ</span> <span class='ocrx_word' id='word_1_703' title='bbox 1342 1453 1428 1488; x_wconf 83' lang='lat' dir='ltr'>quod</span> <span class='ocrx_word' id='word_1_704' title='bbox 1452 1454 1489 1482; x_wconf 84' lang='lat' dir='ltr'>ad</span> <span class='ocrx_word' id='word_1_705' title='bbox 1509 1452 1572 1483; x_wconf 84' lang='lat' dir='ltr'>lioc</span> <span class='ocrx_word' id='word_1_706' title='bbox 1589 1451 1736 1482; x_wconf 69' lang='lat' dir='ltr'>Edictum</span> <span class='ocrx_word' id='word_1_707' title='bbox 1752 1449 1887 1488; x_wconf 80' lang='lat' dir='ltr'>attinet,</span> <span class='ocrx_word' id='word_1_708' title='bbox 1911 1451 1944 1481; x_wconf 87' lang='lat' dir='ltr'>in</span> 
     </span>
     <span class='ocr_line' id='line_1_90' title="bbox 1072 1492 1945 1534; baseline -0.003 -10"><span class='ocrx_word' id='word_1_709' title='bbox 1072 1494 1231 1534; x_wconf 78' lang='lat' dir='ltr'>potestate</span> <span class='ocrx_word' id='word_1_710' title='bbox 1248 1494 1312 1533; x_wconf 80' lang='lat' dir='ltr'>ejus</span> <span class='ocrx_word' id='word_1_711' title='bbox 1328 1492 1389 1524; x_wconf 86' lang='lat' dir='ltr'>cst:</span> <span class='ocrx_word' id='word_1_712' title='bbox 1406 1494 1561 1531; x_wconf 78' lang='lat' dir='ltr'>maxime,</span> <span class='ocrx_word' id='word_1_713' title='bbox 1578 1493 1597 1523; x_wconf 81' lang='lat' dir='ltr'>si</span> <span class='ocrx_word' id='word_1_714' title='bbox 1617 1492 1734 1523; x_wconf 79' lang='lat' dir='ltr'>habeat</span> <span class='ocrx_word' id='word_1_715' title='bbox 1750 1493 1878 1531; x_wconf 84' lang='lat' dir='ltr'>copiam</span> <span class='ocrx_word' id='word_1_716' title='bbox 1896 1501 1945 1522; x_wconf 88' lang='lat' dir='ltr'>re-</span> 
     </span>
     <span class='ocr_line' id='line_1_91' title="bbox 1073 1531 1947 1574; baseline -0.003 -9"><span class='ocrx_word' id='word_1_717' title='bbox 1073 1535 1245 1574; x_wconf 85' lang='lat' dir='ltr'>cuperandi</span> <span class='ocrx_word' id='word_1_718' title='bbox 1265 1535 1412 1565; x_wconf 72' lang='lat' dir='ltr'>liominiS.</span> <span class='ocrx_word' id='word_1_719' title='bbox 1436 1533 1555 1565; x_wconf 84' lang='lat' dir='ltr'>Eadem</span> <span class='ocrx_word' id='word_1_720' title='bbox 1573 1533 1617 1564; x_wconf 88' lang='lat' dir='ltr'>est</span> <span class='ocrx_word' id='word_1_721' title='bbox 1633 1533 1715 1564; x_wconf 85' lang='lat' dir='ltr'>ratio</span> <span class='ocrx_word' id='word_1_722' title='bbox 1732 1533 1797 1572; x_wconf 78' lang='lat' dir='ltr'>ejus</span> <span class='ocrx_word' id='word_1_723' title='bbox 1815 1534 1868 1571; x_wconf 89' lang='lat' dir='ltr'>qui</span> <span class='ocrx_word' id='word_1_724' title='bbox 1886 1531 1947 1563; x_wconf 83' lang='lat' dir='ltr'>ser-</span> 
     </span>
     <span class='ocr_line' id='line_1_92' title="bbox 1073 1573 1944 1615; baseline -0.002 -8"><span class='ocrx_word' id='word_1_725' title='bbox 1073 1585 1147 1607; x_wconf 84' lang='lat' dir='ltr'>vum</span> <span class='ocrx_word' id='word_1_726' title='bbox 1165 1576 1250 1607; x_wconf 84' lang='lat' dir='ltr'>suurn</span> <span class='ocrx_word' id='word_1_727' title='bbox 1268 1576 1420 1607; x_wconf 81' lang='lat' dir='ltr'>creditori</span> <span class='ocrx_word' id='word_1_728' title='bbox 1438 1576 1528 1606; x_wconf 86' lang='lat' dir='ltr'>dedit</span> <span class='ocrx_word' id='word_1_729' title='bbox 1545 1575 1695 1615; x_wconf 80' lang='lat' dir='ltr'>pignori,</span> <span class='ocrx_word' id='word_1_730' title='bbox 1719 1583 1773 1604; x_wconf 85' lang='lat' dir='ltr'>aut</span> <span class='ocrx_word' id='word_1_731' title='bbox 1788 1573 1841 1613; x_wconf 85' lang='lat' dir='ltr'>qui</span> <span class='ocrx_word' id='word_1_732' title='bbox 1868 1582 1944 1605; x_wconf 80' lang='lat' dir='ltr'>eum</span> 
     </span>
     <span class='ocr_line' id='line_1_93' title="bbox 1074 1614 1949 1657; baseline -0.003 -9"><span class='ocrx_word' id='word_1_733' title='bbox 1074 1618 1165 1648; x_wconf 87' lang='lat' dir='ltr'>alicui</span> <span class='ocrx_word' id='word_1_734' title='bbox 1183 1618 1326 1657; x_wconf 80' lang='lat' dir='ltr'>precario</span> <span class='ocrx_word' id='word_1_735' title='bbox 1337 1617 1510 1654; x_wconf 69' lang='lat' dir='ltr'>concellit,</span> <span class='ocrx_word' id='word_1_736' title='bbox 1526 1615 1546 1647; x_wconf 84' lang='lat' dir='ltr'>si</span> <span class='ocrx_word' id='word_1_737' title='bbox 1563 1615 1662 1646; x_wconf 86' lang='lat' dir='ltr'>modo</span> <span class='ocrx_word' id='word_1_738' title='bbox 1680 1615 1708 1646; x_wconf 90' lang='lat' dir='ltr'>ei</span> <span class='ocrx_word' id='word_1_739' title='bbox 1726 1614 1763 1646; x_wconf 80' lang='lat' dir='ltr'>sit</span> <span class='ocrx_word' id='word_1_740' title='bbox 1779 1615 1872 1653; x_wconf 77' lang='lat' dir='ltr'>copiti</span> <span class='ocrx_word' id='word_1_741' title='bbox 1891 1614 1949 1645; x_wconf 87' lang='lat' dir='ltr'>ser-</span> 
     </span>
     <span class='ocr_line' id='line_1_94' title="bbox 1074 1655 1949 1698; baseline -0.003 -9"><span class='ocrx_word' id='word_1_742' title='bbox 1074 1668 1148 1689; x_wconf 87' lang='lat' dir='ltr'>vum</span> <span class='ocrx_word' id='word_1_743' title='bbox 1168 1660 1437 1698; x_wconf 82' lang='lat' dir='ltr'>quandocumque</span> <span class='ocrx_word' id='word_1_744' title='bbox 1452 1657 1639 1698; x_wconf 86' lang='lat' dir='ltr'>repetendi,</span> <span class='ocrx_word' id='word_1_745' title='bbox 1657 1658 1689 1687; x_wconf 86' lang='lat' dir='ltr'>id</span> <span class='ocrx_word' id='word_1_746' title='bbox 1706 1656 1769 1693; x_wconf 85' lang='lat' dir='ltr'>est,</span> <span class='ocrx_word' id='word_1_747' title='bbox 1792 1655 1813 1687; x_wconf 83' lang='lat' dir='ltr'><strong>fi</strong></span> <span class='ocrx_word' id='word_1_748' title='bbox 1831 1656 1949 1687; x_wconf 75' lang='lat' dir='ltr'>habeat:</span> 
     </span>
     <span class='ocr_line' id='line_1_95' title="bbox 1075 1696 1947 1741; baseline -0.003 -11"><span class='ocrx_word' id='word_1_749' title='bbox 1075 1699 1244 1740; x_wconf 83' lang='lat' dir='ltr'>pecuniam</span> <span class='ocrx_word' id='word_1_750' title='bbox 1263 1710 1304 1731; x_wconf 79' lang='lat' dir='ltr'>ex</span> <span class='ocrx_word' id='word_1_751' title='bbox 1322 1709 1382 1739; x_wconf 86' lang='lat' dir='ltr'>qua</span> <span class='ocrx_word' id='word_1_752' title='bbox 1397 1700 1512 1741; x_wconf 79' lang='lat' dir='ltr'>pignus</span> <span class='ocrx_word' id='word_1_753' title='bbox 1530 1697 1675 1736; x_wconf 80' lang='lat' dir='ltr'>dissolvi,</span> <span class='ocrx_word' id='word_1_754' title='bbox 1699 1697 1868 1729; x_wconf 86' lang='lat' dir='ltr'>&amp;liberari</span> <span class='ocrx_word' id='word_1_755' title='bbox 1886 1696 1947 1728; x_wconf 89' lang='lat' dir='ltr'>ser-</span> 
     </span>
     <span class='ocr_line' id='line_1_96' title="bbox 1075 1737 1953 1783; baseline 0 -12"><span class='ocrx_word' id='word_1_756' title='bbox 1075 1751 1133 1772; x_wconf 87' lang='lat' dir='ltr'>vus</span> <span class='ocrx_word' id='word_1_757' title='bbox 1153 1742 1255 1781; x_wconf 70' lang='lat' dir='ltr'>pollis.</span> <span class='ocrx_word' id='word_1_758' title='bbox 1293 1740 1400 1783; x_wconf 86' lang='lat' dir='ltr'>Quid,</span> <span class='ocrx_word' id='word_1_759' title='bbox 1422 1742 1444 1773; x_wconf 78' lang='lat' dir='ltr'>si</span> <span class='ocrx_word' id='word_1_760' title='bbox 1462 1749 1525 1772; x_wconf 91' lang='lat' dir='ltr'>non</span> <span class='ocrx_word' id='word_1_761' title='bbox 1546 1739 1661 1771; x_wconf 88' lang='lat' dir='ltr'>habeat</span> <span class='ocrx_word' id='word_1_762' title='bbox 1684 1740 1871 1779; x_wconf 83' lang='lat' dir='ltr'>pecuniam:</span> <span class='ocrx_word' id='word_1_763' title='bbox 1895 1737 1953 1771; x_wconf 75' lang='lat' dir='ltr'>sed·</span> 
     </span>
     <span class='ocr_line' id='line_1_97' title="bbox 1074 1781 1946 1824; baseline -0.005 -10"><span class='ocrx_word' id='word_1_764' title='bbox 1074 1792 1140 1814; x_wconf 86' lang='lat' dir='ltr'>rem</span> <span class='ocrx_word' id='word_1_765' title='bbox 1155 1791 1215 1824; x_wconf 88' lang='lat' dir='ltr'>qua</span> <span class='ocrx_word' id='word_1_766' title='bbox 1234 1786 1383 1822; x_wconf 85' lang='lat' dir='ltr'>vendita,</span> <span class='ocrx_word' id='word_1_767' title='bbox 1401 1782 1429 1814; x_wconf 93' lang='lat' dir='ltr'>ei</span> <span class='ocrx_word' id='word_1_768' title='bbox 1445 1781 1549 1813; x_wconf 88' lang='lat' dir='ltr'>facilis</span> <span class='ocrx_word' id='word_1_769' title='bbox 1566 1781 1602 1812; x_wconf 81' lang='lat' dir='ltr'>sit</span> <span class='ocrx_word' id='word_1_770' title='bbox 1619 1783 1765 1821; x_wconf 85' lang='lat' dir='ltr'>pecuniae</span> <span class='ocrx_word' id='word_1_771' title='bbox 1783 1788 1946 1820; x_wconf 83' lang='lat' dir='ltr'>compara-</span> 
     </span>
     <span class='ocr_line' id='line_1_98' title="bbox 1076 1821 1952 1864; baseline -0.005 -9"><span class='ocrx_word' id='word_1_772' title='bbox 1076 1824 1152 1856; x_wconf 78' lang='lat' dir='ltr'>tio‘?</span> <span class='ocrx_word' id='word_1_773' title='bbox 1175 1825 1301 1864; x_wconf 90' lang='lat' dir='ltr'>placet,</span> <span class='ocrx_word' id='word_1_774' title='bbox 1324 1826 1352 1856; x_wconf 87' lang='lat' dir='ltr'>ei</span> <span class='ocrx_word' id='word_1_775' title='bbox 1379 1834 1444 1856; x_wconf 88' lang='lat' dir='ltr'>non</span> <span class='ocrx_word' id='word_1_776' title='bbox 1468 1823 1530 1855; x_wconf 78' lang='lat' dir='ltr'>effe</span> <span class='ocrx_word' id='word_1_777' title='bbox 1554 1822 1741 1853; x_wconf 85' lang='lat' dir='ltr'>facultatem</span> <span class='ocrx_word' id='word_1_778' title='bbox 1765 1821 1952 1861; x_wconf 67' lang='lat' dir='ltr'>repetendiz</span> 
     </span>
     <span class='ocr_line' id='line_1_99' title="bbox 1075 1862 1951 1907; baseline -0.003 -10"><span class='ocrx_word' id='word_1_779' title='bbox 1075 1875 1116 1897; x_wconf 88' lang='lat' dir='ltr'>ne</span> <span class='ocrx_word' id='word_1_780' title='bbox 1131 1866 1271 1906; x_wconf 88' lang='lat' dir='ltr'>alioquin</span> <span class='ocrx_word' id='word_1_781' title='bbox 1288 1873 1424 1907; x_wconf 76' lang='lat' dir='ltr'>cogatur</span> <span class='ocrx_word' id='word_1_782' title='bbox 1436 1875 1486 1897; x_wconf 84' lang='lat' dir='ltr'>res</span> <span class='ocrx_word' id='word_1_783' title='bbox 1500 1863 1565 1896; x_wconf 89' lang='lat' dir='ltr'>suas</span> <span class='ocrx_word' id='word_1_784' title='bbox 1581 1862 1755 1895; x_wconf 88' lang='lat' dir='ltr'>divendere</span> <span class='ocrx_word' id='word_1_785' title='bbox 1772 1863 1816 1895; x_wconf 90' lang='lat' dir='ltr'>ob</span> <span class='ocrx_word' id='word_1_786' title='bbox 1831 1871 1951 1895; x_wconf 80' lang='lat' dir='ltr'>noxam</span> 
     </span>
     <span class='ocr_line' id='line_1_100' title="bbox 1075 1906 1489 1950; baseline 0.002 -12"><span class='ocrx_word' id='word_1_787' title='bbox 1075 1907 1153 1938; x_wconf 87' lang='lat' dir='ltr'>servi</span> <span class='ocrx_word' id='word_1_788' title='bbox 1168 1908 1195 1938; x_wconf 77' lang='lat' dir='ltr'>cl.</span> <span class='ocrx_word' id='word_1_789' title='bbox 1213 1908 1232 1939; x_wconf 81' lang='lat' dir='ltr'>l.</span> <span class='ocrx_word' id='word_1_790' title='bbox 1251 1918 1298 1940; x_wconf 87' lang='grc'><strong><em>22.</em></strong></span> <span class='ocrx_word' id='word_1_791' title='bbox 1320 1907 1349 1950; x_wconf 84' lang='lat'>§.</span> <span class='ocrx_word' id='word_1_792' title='bbox 1369 1917 1394 1939; x_wconf 85' lang='lat'>1.</span> <span class='ocrx_word' id='word_1_793' title='bbox 1409 1906 1446 1943; x_wconf 56' lang='grc' dir='ltr'>ὅ)</span> <span class='ocrx_word' id='word_1_794' title='bbox 1461 1918 1489 1939; x_wconf 87' lang='grc'><strong><em>2.</em></strong></span> 
     </span>
    </p>

    <p class='ocr_par' dir='ltr' id='par_1_13' title="bbox 1074 1945 1953 2362">
     <span class='ocr_line' id='line_1_101' title="bbox 1119 1945 1948 1990; baseline -0.004 -11"><span class='ocrx_word' id='word_1_795' title='bbox 1119 1948 1219 1990; x_wconf 87' lang='lat' dir='ltr'>Quod</span> <span class='ocrx_word' id='word_1_796' title='bbox 1235 1950 1351 1981; x_wconf 85' lang='lat' dir='ltr'>attinet</span> <span class='ocrx_word' id='word_1_797' title='bbox 1365 1949 1405 1981; x_wconf 85' lang='lat' dir='ltr'>ad</span> <span class='ocrx_word' id='word_1_798' title='bbox 1421 1949 1618 1980; x_wconf 86' lang='lat' dir='ltr'>creditorem</span> <span class='ocrx_word' id='word_1_799' title='bbox 1628 1947 1681 1989; x_wconf 93' lang='lat' dir='ltr'>qui</span> <span class='ocrx_word' id='word_1_800' title='bbox 1693 1946 1815 1978; x_wconf 86' lang='lat' dir='ltr'>servum</span> <span class='ocrx_word' id='word_1_801' title='bbox 1833 1945 1948 1987; x_wconf 81' lang='lat' dir='ltr'>pigno-</span> 
     </span>
     <span class='ocr_line' id='line_1_102' title="bbox 1076 1987 1948 2031; baseline -0.007 -9"><span class='ocrx_word' id='word_1_802' title='bbox 1076 1990 1100 2022; x_wconf 88' lang='lat' dir='ltr'>ri</span> <span class='ocrx_word' id='word_1_803' title='bbox 1119 1992 1264 2031; x_wconf 80' lang='lat' dir='ltr'>accepit,</span> <span class='ocrx_word' id='word_1_804' title='bbox 1281 1998 1334 2022; x_wconf 87' lang='lat' dir='ltr'>aut</span> <span class='ocrx_word' id='word_1_805' title='bbox 1350 1999 1422 2022; x_wconf 91' lang='lat' dir='ltr'>eum</span> <span class='ocrx_word' id='word_1_806' title='bbox 1440 1991 1492 2031; x_wconf 90' lang='lat' dir='ltr'>qui</span> <span class='ocrx_word' id='word_1_807' title='bbox 1511 1989 1631 2021; x_wconf 87' lang='lat' dir='ltr'>servum</span> <span class='ocrx_word' id='word_1_808' title='bbox 1647 1989 1790 2029; x_wconf 84' lang='lat' dir='ltr'>precario</span> <span class='ocrx_word' id='word_1_809' title='bbox 1806 1987 1948 2027; x_wconf 71' lang='lat' dir='ltr'>rogavite</span> 
     </span>
     <span class='ocr_line' id='line_1_103' title="bbox 1076 2028 1951 2071; baseline -0.005 -8"><span class='ocrx_word' id='word_1_810' title='bbox 1076 2034 1102 2063; x_wconf 91' lang='lat' dir='ltr'>is</span> <span class='ocrx_word' id='word_1_811' title='bbox 1119 2041 1182 2063; x_wconf 89' lang='lat' dir='ltr'>non</span> <span class='ocrx_word' id='word_1_812' title='bbox 1201 2041 1326 2064; x_wconf 88' lang='lat' dir='ltr'>tenetur</span> <span class='ocrx_word' id='word_1_813' title='bbox 1337 2032 1445 2064; x_wconf 86' lang='lat' dir='ltr'>noxali</span> <span class='ocrx_word' id='word_1_814' title='bbox 1460 2031 1601 2062; x_wconf 64' lang='lat' dir='ltr'>actione:</span> <span class='ocrx_word' id='word_1_815' title='bbox 1620 2031 1692 2071; x_wconf 86' lang='lat' dir='ltr'>quia</span> <span class='ocrx_word' id='word_1_816' title='bbox 1708 2028 1762 2060; x_wconf 82' lang='lat' dir='ltr'>etsi</span> <span class='ocrx_word' id='word_1_817' title='bbox 1773 2028 1951 2068; x_wconf 83' lang='lat' dir='ltr'>possideant</span> 
     </span>
     <span class='ocr_line' id='line_1_104' title="bbox 1074 2069 1949 2114; baseline -0.002 -11"><span class='ocrx_word' id='word_1_818' title='bbox 1074 2074 1154 2114; x_wconf 73' lang='lat' dir='ltr'>Julle</span> <span class='ocrx_word' id='word_1_819' title='bbox 1171 2074 1200 2105; x_wconf 74' lang='grc' dir='ltr'>δι</span> <span class='ocrx_word' id='word_1_820' title='bbox 1217 2075 1420 2113; x_wconf 84' lang='lat' dir='ltr'>naturaliter,</span> <span class='ocrx_word' id='word_1_821' title='bbox 1437 2082 1501 2104; x_wconf 81' lang='lat' dir='ltr'>non</span> <span class='ocrx_word' id='word_1_822' title='bbox 1526 2080 1630 2103; x_wconf 85' lang='lat' dir='ltr'>tamen</span> <span class='ocrx_word' id='word_1_823' title='bbox 1656 2071 1811 2111; x_wconf 88' lang='lat' dir='ltr'>opinione</span> <span class='ocrx_word' id='word_1_824' title='bbox 1826 2069 1949 2101; x_wconf 89' lang='lat' dir='ltr'>domini</span> 
     </span>
     <span class='ocr_line' id='line_1_105' title="bbox 1077 2111 1951 2156; baseline -0.006 -11"><span class='ocrx_word' id='word_1_825' title='bbox 1077 2115 1254 2156; x_wconf 87' lang='lat' dir='ltr'>possident:</span> <span class='ocrx_word' id='word_1_826' title='bbox 1278 2115 1396 2147; x_wconf 84' lang='lat' dir='ltr'>&amp;ideo</span> <span class='ocrx_word' id='word_1_827' title='bbox 1415 2115 1469 2146; x_wconf 88' lang='lat' dir='ltr'>vix</span> <span class='ocrx_word' id='word_1_828' title='bbox 1485 2113 1547 2151; x_wconf 84' lang='lat' dir='ltr'>est,</span> <span class='ocrx_word' id='word_1_829' title='bbox 1565 2120 1599 2143; x_wconf 89' lang='lat' dir='ltr'>ut</span> <span class='ocrx_word' id='word_1_830' title='bbox 1617 2121 1689 2143; x_wconf 89' lang='lat' dir='ltr'>eum</span> <span class='ocrx_word' id='word_1_831' title='bbox 1707 2112 1827 2143; x_wconf 87' lang='lat' dir='ltr'>servum</span> <span class='ocrx_word' id='word_1_832' title='bbox 1846 2111 1875 2141; x_wconf 91' lang='lat' dir='ltr'>in</span> <span class='ocrx_word' id='word_1_833' title='bbox 1893 2120 1951 2150; x_wconf 87' lang='lat' dir='ltr'>po-</span> 
     </span>
     <span class='ocr_line' id='line_1_106' title="bbox 1079 2151 1950 2192; baseline -0.006 -5"><span class='ocrx_word' id='word_1_834' title='bbox 1079 2156 1191 2187; x_wconf 83' lang='lat' dir='ltr'>testate</span> <span class='ocrx_word' id='word_1_835' title='bbox 1203 2157 1253 2188; x_wconf 82' lang='lat' dir='ltr'>sua</span> <span class='ocrx_word' id='word_1_836' title='bbox 1269 2157 1387 2188; x_wconf 89' lang='lat' dir='ltr'>habere</span> <span class='ocrx_word' id='word_1_837' title='bbox 1404 2156 1589 2192; x_wconf 88' lang='lat' dir='ltr'>videantur;</span> <span class='ocrx_word' id='word_1_838' title='bbox 1605 2163 1677 2184; x_wconf 88' lang='lat' dir='ltr'>cum</span> <span class='ocrx_word' id='word_1_839' title='bbox 1695 2162 1754 2184; x_wconf 91' lang='lat' dir='ltr'>nec</span> <span class='ocrx_word' id='word_1_840' title='bbox 1772 2151 1950 2184; x_wconf 87' lang='lat' dir='ltr'>dominium</span> 
     </span>
     <span class='ocr_line' id='line_1_107' title="bbox 1078 2192 1953 2234; baseline -0.006 -5"><span class='ocrx_word' id='word_1_841' title='bbox 1078 2207 1173 2229; x_wconf 75' lang='lat' dir='ltr'>noxae</span> <span class='ocrx_word' id='word_1_842' title='bbox 1197 2199 1362 2230; x_wconf 88' lang='lat' dir='ltr'>deditione</span> <span class='ocrx_word' id='word_1_843' title='bbox 1393 2198 1431 2228; x_wconf 91' lang='lat' dir='ltr'>ad</span> <span class='ocrx_word' id='word_1_844' title='bbox 1452 2197 1591 2228; x_wconf 68' lang='lat' dir='ltr'>actor-em</span> <span class='ocrx_word' id='word_1_845' title='bbox 1619 2194 1790 2226; x_wconf 86' lang='lat' dir='ltr'>transferre</span> <span class='ocrx_word' id='word_1_846' title='bbox 1815 2192 1953 2234; x_wconf 48' lang='lat' dir='ltr'>possunt,</span> 
     </span>
     <span class='ocr_line' id='line_1_108' title="bbox 1076 2235 1950 2277; baseline -0.007 -6"><span class='ocrx_word' id='word_1_847' title='bbox 1076 2238 1220 2271; x_wconf 81' lang='lat' dir='ltr'>Debebit</span> <span class='ocrx_word' id='word_1_848' title='bbox 1238 2248 1344 2271; x_wconf 89' lang='lat' dir='ltr'>tamen</span> <span class='ocrx_word' id='word_1_849' title='bbox 1369 2239 1512 2271; x_wconf 88' lang='lat' dir='ltr'>creditor</span> <span class='ocrx_word' id='word_1_850' title='bbox 1531 2238 1627 2277; x_wconf 80' lang='lat' dir='ltr'>quive</span> <span class='ocrx_word' id='word_1_851' title='bbox 1644 2236 1787 2277; x_wconf 86' lang='lat' dir='ltr'>precario</span> <span class='ocrx_word' id='word_1_852' title='bbox 1806 2235 1950 2275; x_wconf 80' lang='lat' dir='ltr'>rogavit,</span> 
     </span>
     <span class='ocr_line' id='line_1_109' title="bbox 1076 2275 1953 2319; baseline -0.007 -7"><span class='ocrx_word' id='word_1_853' title='bbox 1076 2281 1200 2312; x_wconf 88' lang='lat' dir='ltr'>servum</span> <span class='ocrx_word' id='word_1_854' title='bbox 1217 2281 1412 2319; x_wconf 87' lang='lat' dir='ltr'>defendere,</span> <span class='ocrx_word' id='word_1_855' title='bbox 1436 2288 1489 2310; x_wconf 86' lang='lat' dir='ltr'>aut</span> <span class='ocrx_word' id='word_1_856' title='bbox 1503 2279 1550 2319; x_wconf 84' lang='lat' dir='ltr'>jus</span> <span class='ocrx_word' id='word_1_857' title='bbox 1569 2279 1656 2318; x_wconf 91' lang='lat' dir='ltr'>quod</span> <span class='ocrx_word' id='word_1_858' title='bbox 1680 2279 1710 2309; x_wconf 87' lang='lat' dir='ltr'>in</span> <span class='ocrx_word' id='word_1_859' title='bbox 1730 2285 1770 2308; x_wconf 90' lang='lat' dir='ltr'>eo</span> <span class='ocrx_word' id='word_1_860' title='bbox 1786 2275 1899 2313; x_wconf 84' lang='lat' dir='ltr'>habet,</span> <span class='ocrx_word' id='word_1_861' title='bbox 1923 2285 1953 2305; x_wconf 81' lang='lat' dir='ltr'>a·</span> 
     </span>
     <span class='ocr_line' id='line_1_110' title="bbox 1077 2317 1953 2362; baseline -0.006 -9"><span class='ocrx_word' id='word_1_862' title='bbox 1077 2323 1195 2355; x_wconf 88' lang='lat' dir='ltr'>mittet.</span> <span class='ocrx_word' id='word_1_863' title='bbox 1217 2323 1405 2354; x_wconf 84' lang='lat' dir='ltr'>avocabitur</span> <span class='ocrx_word' id='word_1_864' title='bbox 1423 2322 1517 2362; x_wconf 82' lang='lat' dir='ltr'>igitur</span> <span class='ocrx_word' id='word_1_865' title='bbox 1533 2320 1572 2351; x_wconf 86' lang='lat' dir='ltr'>ab</span> <span class='ocrx_word' id='word_1_866' title='bbox 1590 2329 1630 2350; x_wconf 94' lang='lat' dir='ltr'>eo</span> <span class='ocrx_word' id='word_1_867' title='bbox 1648 2318 1754 2350; x_wconf 84' lang='lat' dir='ltr'>servus</span> <span class='ocrx_word' id='word_1_868' title='bbox 1770 2317 1800 2350; x_wconf 86' lang='lat'>&amp;</span> <span class='ocrx_word' id='word_1_869' title='bbox 1817 2317 1953 2349; x_wconf 76' lang='lat' dir='ltr'>ducetur</span> 
     </span>
    </p>
   </div>
   <div class='ocr_carea' id='block_1_6' title="bbox 1077 2360 1748 2402">
    <p class='ocr_par' dir='ltr' id='par_1_14' title="bbox 1077 2360 1748 2402">
     <span class='ocr_line' id='line_1_111' title="bbox 1077 2360 1748 2402; baseline -0.01 -5"><span class='ocrx_word' id='word_1_870' title='bbox 1077 2365 1117 2396; x_wconf 82' lang='lat' dir='ltr'>ab</span> <span class='ocrx_word' id='word_1_871' title='bbox 1132 2364 1189 2396; x_wconf 89' lang='lat' dir='ltr'>illo</span> <span class='ocrx_word' id='word_1_872' title='bbox 1208 2365 1258 2397; x_wconf 92' lang='lat' dir='ltr'>cui</span> <span class='ocrx_word' id='word_1_873' title='bbox 1274 2364 1419 2396; x_wconf 85' lang='lat' dir='ltr'>nocitum</span> <span class='ocrx_word' id='word_1_874' title='bbox 1434 2364 1469 2395; x_wconf 79' lang='lat' dir='ltr'>iit</span> <span class='ocrx_word' id='word_1_875' title='bbox 1485 2362 1504 2394; x_wconf 82' lang='lat' dir='ltr'>l.</span> <span class='ocrx_word' id='word_1_876' title='bbox 1525 2371 1573 2402; x_wconf 84' lang='lat'>27.</span> <span class='ocrx_word' id='word_1_877' title='bbox 1591 2360 1618 2402; x_wconf 52' lang='grc' dir='ltr'><strong><em>ᾗ.</em></strong></span> <span class='ocrx_word' id='word_1_878' title='bbox 1639 2369 1663 2392; x_wconf 87' lang='lat'>1.</span> <span class='ocrx_word' id='word_1_879' title='bbox 1681 2361 1708 2391; x_wconf 87' lang='lat' dir='ltr'>h.</span> <span class='ocrx_word' id='word_1_880' title='bbox 1727 2365 1748 2390; x_wconf 85' lang='lat' dir='ltr'>t.</span> 
     </span>
    </p>
   </div>
   <div class='ocr_carea' id='block_1_7' title="bbox 294 2459 1840 2484">
    <p class='ocr_par' dir='ltr' id='par_1_15' title="bbox 294 2459 1840 2484">
     <span class='ocr_line' id='line_1_112' title="bbox 294 2459 1840 2484; baseline 0 1011"><span class='ocrx_word' id='word_1_881' title='bbox 294 2459 1840 2484; x_wconf 95' lang='lat' dir='ltr'> </span> 
     </span>
    </p>
   </div>
   <div class='ocr_carea' id='block_1_8' title="bbox 521 2535 1549 2600">
    <p class='ocr_par' dir='ltr' id='par_1_16' title="bbox 521 2535 1549 2600">
     <span class='ocr_line' id='line_1_113' title="bbox 521 2535 1549 2600; baseline -0.013 -2"><span class='ocrx_word' id='word_1_882' title='bbox 521 2541 928 2600; x_wconf 69' lang='lat' dir='ltr'><em>,LIBER</em></span> <span class='ocrx_word' id='word_1_883' title='bbox 999 2535 1549 2593; x_wconf 83' lang='lat' dir='ltr'><strong><em>DECIMUS.</em></strong></span> 
     </span>
    </p>
   </div>
   <div class='ocr_carea' id='block_1_9' title="bbox 801 2667 1268 2711">
    <p class='ocr_par' dir='ltr' id='par_1_17' title="bbox 801 2667 1268 2711">
     <span class='ocr_line' id='line_1_114' title="bbox 801 2667 1268 2711; baseline -0.013 0"><span class='ocrx_word' id='word_1_884' title='bbox 801 2667 1183 2711; x_wconf 43' lang='lat' dir='ltr'>‘T1-rutus</span> <span class='ocrx_word' id='word_1_885' title='bbox 1242 2668 1268 2706; x_wconf 85' lang='grc' dir='ltr'><strong><em>Ι.</em></strong></span> 
     </span>
    </p>
   </div>
   <div class='ocr_carea' id='block_1_10' title="bbox 881 2754 1237 2802">
    <p class='ocr_par' dir='ltr' id='par_1_18' title="bbox 881 2754 1237 2802">
     <span class='ocr_line' id='line_1_115' title="bbox 881 2754 1237 2802; baseline -0.008 -10"><span class='ocrx_word' id='word_1_886' title='bbox 881 2756 1005 2792; x_wconf 84' lang='lat' dir='ltr'>Finizmz</span> <span class='ocrx_word' id='word_1_887' title='bbox 1024 2754 1237 2802; x_wconf 82' lang='lat' dir='ltr'>regundorum.</span> 
     </span>
    </p>
   </div>
   <div class='ocr_carea' id='block_1_11' title="bbox 161 2909 1039 3245">
    <p class='ocr_par' dir='ltr' id='par_1_19' title="bbox 230 2909 1039 2994">
     <span class='ocr_line' id='line_1_116' title="bbox 230 2909 1039 2994; baseline -0.005 -8"><span class='ocrx_word' id='word_1_888' title='bbox 230 2947 258 2979; x_wconf 82' lang='grc' dir='ltr'>Ε</span> <span class='ocrx_word' id='word_1_889' title='bbox 347 2909 1039 2994; x_wconf 49' lang='lat' dir='ltr'>2352?ssss&#39;13³1ssssssJ⁰a¹3r530f2322u³3¹ess²</span> 
     </span>
    </p>

    <p class='ocr_par' dir='ltr' id='par_1_20' title="bbox 161 2961 1038 3245">
     <span class='ocr_line' id='line_1_117' title="bbox 306 2961 1038 2986; baseline -0.018 0"><span class='ocrx_word' id='word_1_890' title='bbox 306 2972 318 2986; x_wconf 74' lang='grc' dir='ltr'>-ι</span> <span class='ocrx_word' id='word_1_891' title='bbox 919 2961 927 2982; x_wconf 81' lang='grc'>;</span> <span class='ocrx_word' id='word_1_892' title='bbox 1028 2966 1038 2973; x_wconf 86' lang='grc'><strong><em>.</em></strong></span> 
     </span>
     <span class='ocr_line' id='line_1_118' title="bbox 162 2974 1038 3067; baseline -0.003 0"><span class='ocrx_word' id='word_1_893' title='bbox 162 3017 245 3067; x_wconf 49' lang='lat' dir='ltr'>aa</span> <span class='ocrx_word' id='word_1_894' title='bbox 253 2974 333 3066; x_wconf 49' lang='lat' dir='ltr'>a}</span> <span class='ocrx_word' id='word_1_895' title='bbox 348 2991 942 3067; x_wconf 51' lang='lat' dir='ltr'>reuiriumsszeeritrazv</span> <span class='ocrx_word' id='word_1_896' title='bbox 958 2990 1038 3064; x_wconf 56' lang='lat' dir='ltr'>22?ss</span> 
     </span>
     <span class='ocr_line' id='line_1_119' title="bbox 163 3056 1034 3118; baseline -0.015 -6"><span class='ocrx_word' id='word_1_897' title='bbox 163 3079 350 3112; x_wconf 88' lang='lat' dir='ltr'>hereditatis</span> <span class='ocrx_word' id='word_1_898' title='bbox 369 3056 559 3118; x_wconf 70' lang='lat' dir='ltr'>petitio’nern</span> <span class='ocrx_word' id='word_1_899' title='bbox 577 3073 659 3104; x_wconf 90' lang='lat' dir='ltr'>libro</span> <span class='ocrx_word' id='word_1_900' title='bbox 674 3081 706 3102; x_wconf 92' lang='lat' dir='ltr'>v.</span> <span class='ocrx_word' id='word_1_901' title='bbox 716 3072 856 3117; x_wconf 80' lang='lat' dir='ltr'>exposui.</span> <span class='ocrx_word' id='word_1_902' title='bbox 888 3056 980 3117; x_wconf 59' lang='grc' dir='ltr'>ᾼξῖίῑο</span> <span class='ocrx_word' id='word_1_903' title='bbox 998 3073 1034 3105; x_wconf 87' lang='lat' dir='ltr'>fi.</span> 
     </span>
     <span class='ocr_line' id='line_1_120' title="bbox 164 3112 1034 3160; baseline -0.016 -7"><span class='ocrx_word' id='word_1_904' title='bbox 164 3122 253 3153; x_wconf 84' lang='lat' dir='ltr'>nium</span> <span class='ocrx_word' id='word_1_905' title='bbox 262 3121 477 3160; x_wconf 74' lang='lat' dir='ltr'>regundorum</span> <span class='ocrx_word' id='word_1_906' title='bbox 487 3116 528 3148; x_wconf 86' lang='lat' dir='ltr'>fic</span> <span class='ocrx_word' id='word_1_907' title='bbox 537 3113 691 3156; x_wconf 86' lang='lat' dir='ltr'>appellata</span> <span class='ocrx_word' id='word_1_908' title='bbox 701 3122 716 3141; x_wconf 88' lang='lat' dir='ltr'>a</span> <span class='ocrx_word' id='word_1_909' title='bbox 731 3121 839 3152; x_wconf 85' lang='lat' dir='ltr'>primis</span> <span class='ocrx_word' id='word_1_910' title='bbox 855 3112 955 3144; x_wconf 72' lang='lat' dir='ltr'>Edisti</span> <span class='ocrx_word' id='word_1_911' title='bbox 966 3125 1034 3146; x_wconf 75' lang='lat' dir='ltr'>ver-</span> 
     </span>
     <span class='ocr_line' id='line_1_121' title="bbox 161 3151 1037 3201; baseline -0.01 -8"><span class='ocrx_word' id='word_1_912' title='bbox 161 3162 211 3194; x_wconf 85' lang='lat' dir='ltr'>bis</span> <span class='ocrx_word' id='word_1_913' title='bbox 232 3170 295 3201; x_wconf 91' lang='lat' dir='ltr'>quo</span> <span class='ocrx_word' id='word_1_914' title='bbox 309 3160 369 3191; x_wconf 89' lang='lat' dir='ltr'>fuit</span> <span class='ocrx_word' id='word_1_915' title='bbox 380 3157 551 3199; x_wconf 82' lang='lat' dir='ltr'>proposita.</span> <span class='ocrx_word' id='word_1_916' title='bbox 575 3154 630 3187; x_wconf 83' lang='lat' dir='ltr'>etsi</span> <span class='ocrx_word' id='word_1_917' title='bbox 649 3152 792 3194; x_wconf 66' lang='lat' dir='ltr'>profeeta</span> <span class='ocrx_word' id='word_1_918' title='bbox 808 3151 852 3198; x_wconf 76' lang='lat' dir='ltr'>est</span> <span class='ocrx_word' id='word_1_919' title='bbox 869 3154 1002 3191; x_wconf 84' lang='lat' dir='ltr'>primurn</span> <span class='ocrx_word' id='word_1_920' title='bbox 1020 3165 1037 3186; x_wconf 84' lang='lat' dir='ltr'>a</span> 
     </span>
     <span class='ocr_line' id='line_1_122' title="bbox 162 3192 1035 3245; baseline -0.009 -10"><span class='ocrx_word' id='word_1_921' title='bbox 162 3203 252 3245; x_wconf 79' lang='lat' dir='ltr'>Lege</span> <span class='ocrx_word' id='word_1_922' title='bbox 272 3200 459 3234; x_wconf 81' lang='lat' dir='ltr'>Duodecim</span> <span class='ocrx_word' id='word_1_923' title='bbox 473 3197 687 3232; x_wconf 84' lang='lat' dir='ltr'>Tabularum:</span> <span class='ocrx_word' id='word_1_924' title='bbox 704 3202 737 3227; x_wconf 89' lang='lat' dir='ltr'>ut</span> <span class='ocrx_word' id='word_1_925' title='bbox 754 3203 794 3225; x_wconf 83' lang='lat' dir='ltr'>ex</span> <span class='ocrx_word' id='word_1_926' title='bbox 811 3192 972 3225; x_wconf 78' lang='lat' dir='ltr'>Cicerone</span> <span class='ocrx_word' id='word_1_927' title='bbox 989 3195 1035 3227; x_wconf 67' lang='lat' dir='ltr'>lib„</span> 
     </span>
    </p>
   </div>
   <div class='ocr_carea' id='block_1_12' title="bbox 160 2868 1038 2969">
    <p class='ocr_par' dir='ltr' id='par_1_21' title="bbox 160 2868 1038 2969">
     <span class='ocr_line' id='line_1_123' title="bbox 160 2868 1038 2969; baseline -0.005 -66"><span class='ocrx_word' id='word_1_928' title='bbox 160 2871 355 2969; x_wconf 39' lang='lat' dir='ltr'>{QZ-3343(</span> <span class='ocrx_word' id='word_1_929' title='bbox 380 2868 557 2902; x_wconf 66' lang='lat' dir='ltr'>actionibus</span> <span class='ocrx_word' id='word_1_930' title='bbox 575 2868 682 2901; x_wconf 87' lang='lat' dir='ltr'>mixtis</span> <span class='ocrx_word' id='word_1_931' title='bbox 701 2875 764 2901; x_wconf 86' lang='lat' dir='ltr'>tam</span> <span class='ocrx_word' id='word_1_932' title='bbox 780 2869 812 2900; x_wconf 93' lang='lat' dir='ltr'>in</span> <span class='ocrx_word' id='word_1_933' title='bbox 832 2876 920 2905; x_wconf 89' lang='lat' dir='ltr'>rem,</span> <span class='ocrx_word' id='word_1_934' title='bbox 942 2874 1038 2908; x_wconf 86' lang='lat' dir='ltr'>quam</span> 
     </span>
    </p>
   </div>
   <div class='ocr_carea' id='block_1_13' title="bbox 1077 2860 1955 3194">
    <p class='ocr_par' dir='ltr' id='par_1_22' title="bbox 1077 2860 1955 3194">
     <span class='ocr_line' id='line_1_124' title="bbox 1084 2860 1952 2904; baseline -0.006 -8"><span class='ocrx_word' id='word_1_935' title='bbox 1084 2875 1109 2897; x_wconf 89' lang='lat'>1.</span> <span class='ocrx_word' id='word_1_936' title='bbox 1128 2864 1174 2896; x_wconf 87' lang='lat' dir='ltr'>De</span> <span class='ocrx_word' id='word_1_937' title='bbox 1188 2863 1296 2904; x_wconf 76' lang='lat' dir='ltr'>legibus</span> <span class='ocrx_word' id='word_1_938' title='bbox 1311 2871 1334 2894; x_wconf 90' lang='lat' dir='ltr'>c.</span> <span class='ocrx_word' id='word_1_939' title='bbox 1344 2870 1391 2894; x_wconf 76' lang='lat'>21.</span> <span class='ocrx_word' id='word_1_940' title='bbox 1406 2861 1436 2893; x_wconf 87' lang='lat'>&amp;</span> <span class='ocrx_word' id='word_1_941' title='bbox 1448 2860 1560 2894; x_wconf 88' lang='lat' dir='ltr'>Nonio</span> <span class='ocrx_word' id='word_1_942' title='bbox 1575 2866 1637 2902; x_wconf 74' lang='lat' dir='ltr'>cap.</span> <span class='ocrx_word' id='word_1_943' title='bbox 1651 2868 1682 2902; x_wconf 81' lang='lat'>5.</span> <span class='ocrx_word' id='word_1_944' title='bbox 1700 2860 1730 2892; x_wconf 86' lang='lat' dir='ltr'>in</span> <span class='ocrx_word' id='word_1_945' title='bbox 1742 2862 1842 2893; x_wconf 78' lang='lat' dir='ltr'>verbo</span> <span class='ocrx_word' id='word_1_946' title='bbox 1852 2883 1860 2899; x_wconf 96' lang='lat'><strong>‚</strong></span> <span class='ocrx_word' id='word_1_947' title='bbox 1876 2860 1952 2900; x_wconf 82' lang='lat' dir='ltr'>Lis,-</span> 
     </span>
     <span class='ocr_line' id='line_1_125' title="bbox 1081 2902 1950 2946; baseline -0.006 -8"><span class='ocrx_word' id='word_1_948' title='bbox 1081 2906 1287 2946; x_wconf 86' lang='lat' dir='ltr'>intelligitur:</span> <span class='ocrx_word' id='word_1_949' title='bbox 1311 2904 1437 2944; x_wconf 83' lang='lat' dir='ltr'>nequid</span> <span class='ocrx_word' id='word_1_950' title='bbox 1454 2903 1567 2934; x_wconf 88' lang='lat' dir='ltr'>addam</span> <span class='ocrx_word' id='word_1_951' title='bbox 1580 2904 1620 2934; x_wconf 87' lang='lat' dir='ltr'>de</span> <span class='ocrx_word' id='word_1_952' title='bbox 1637 2902 1846 2941; x_wconf 81' lang='lat' dir='ltr'>inscriptione</span> <span class='ocrx_word' id='word_1_953' title='bbox 1862 2902 1880 2933; x_wconf 87' lang='lat' dir='ltr'>l.</span> <span class='ocrx_word' id='word_1_954' title='bbox 1896 2903 1950 2933; x_wconf 77' lang='lat' dir='ltr'>ult.</span> 
     </span>
     <span class='ocr_line' id='line_1_126' title="bbox 1080 2944 1952 2984; baseline -0.008 -4"><span class='ocrx_word' id='word_1_955' title='bbox 1080 2949 1109 2980; x_wconf 88' lang='lat' dir='ltr'>h.</span> <span class='ocrx_word' id='word_1_956' title='bbox 1129 2954 1149 2978; x_wconf 78' lang='grc' dir='ltr'><strong><em>ι.</em></strong></span> <span class='ocrx_word' id='word_1_957' title='bbox 1166 2946 1270 2978; x_wconf 87' lang='lat' dir='ltr'>Fuere</span> <span class='ocrx_word' id='word_1_958' title='bbox 1288 2953 1394 2977; x_wconf 86' lang='lat' dir='ltr'>autem</span> <span class='ocrx_word' id='word_1_959' title='bbox 1412 2945 1477 2976; x_wconf 90' lang='lat' dir='ltr'>duo</span> <span class='ocrx_word' id='word_1_960' title='bbox 1487 2944 1582 2984; x_wconf 70' lang='lat' dir='ltr'>Legis</span> <span class='ocrx_word' id='word_1_961' title='bbox 1597 2944 1712 2983; x_wconf 80' lang='lat' dir='ltr'>capita.</span> <span class='ocrx_word' id='word_1_962' title='bbox 1737 2945 1845 2976; x_wconf 87' lang='lat' dir='ltr'>Priore</span> <span class='ocrx_word' id='word_1_963' title='bbox 1862 2953 1952 2974; x_wconf 83' lang='lat' dir='ltr'>com-</span> 
     </span>
     <span class='ocr_line' id='line_1_127' title="bbox 1081 2984 1953 3028; baseline -0.007 -8"><span class='ocrx_word' id='word_1_964' title='bbox 1081 2985 1270 3028; x_wconf 81' lang='lat' dir='ltr'>prehensum</span> <span class='ocrx_word' id='word_1_965' title='bbox 1286 2987 1347 3018; x_wconf 88' lang='lat' dir='ltr'>fuit</span> <span class='ocrx_word' id='word_1_966' title='bbox 1359 2998 1366 3019; x_wconf 93' lang='lat'>:</span> <span class='ocrx_word' id='word_1_967' title='bbox 1378 2993 1412 3017; x_wconf 91' lang='lat' dir='ltr'>ut</span> <span class='ocrx_word' id='word_1_968' title='bbox 1427 2987 1510 3017; x_wconf 88' lang='lat' dir='ltr'>inter</span> <span class='ocrx_word' id='word_1_969' title='bbox 1519 2984 1621 3017; x_wconf 84' lang='lat' dir='ltr'>affinia</span> <span class='ocrx_word' id='word_1_970' title='bbox 1631 2986 1748 3026; x_wconf 77' lang='lat' dir='ltr'>praedia</span> <span class='ocrx_word' id='word_1_971' title='bbox 1761 2993 1893 3015; x_wconf 83' lang='lat' dir='ltr'>vacuum</span> <span class='ocrx_word' id='word_1_972' title='bbox 1904 2993 1953 3015; x_wconf 87' lang='lat' dir='ltr'>re-</span> 
     </span>
     <span class='ocr_line' id='line_1_128' title="bbox 1080 3027 1952 3071; baseline -0.009 -9"><span class='ocrx_word' id='word_1_973' title='bbox 1080 3031 1279 3071; x_wconf 85' lang='lat' dir='ltr'>linqueretur</span> <span class='ocrx_word' id='word_1_974' title='bbox 1297 3028 1430 3068; x_wconf 81' lang='lat' dir='ltr'>spatium</span> <span class='ocrx_word' id='word_1_975' title='bbox 1448 3029 1589 3068; x_wconf 87' lang='lat' dir='ltr'>quinque</span> <span class='ocrx_word' id='word_1_976' title='bbox 1609 3027 1723 3066; x_wconf 88' lang='lat' dir='ltr'>pedum</span> <span class='ocrx_word' id='word_1_977' title='bbox 1741 3035 1805 3065; x_wconf 89' lang='lat' dir='ltr'>quo</span> <span class='ocrx_word' id='word_1_978' title='bbox 1817 3033 1952 3064; x_wconf 89' lang='lat' dir='ltr'>uterque</span> 
     </span>
     <span class='ocr_line' id='line_1_129' title="bbox 1077 3065 1952 3111; baseline -0.01 -8"><span class='ocrx_word' id='word_1_979' title='bbox 1077 3073 1200 3103; x_wconf 90' lang='lat' dir='ltr'>vicinus</span> <span class='ocrx_word' id='word_1_980' title='bbox 1216 3069 1319 3111; x_wconf 85' lang='lat' dir='ltr'>posset</span> <span class='ocrx_word' id='word_1_981' title='bbox 1336 3070 1381 3100; x_wconf 88' lang='lat' dir='ltr'>ire</span> <span class='ocrx_word' id='word_1_982' title='bbox 1392 3068 1555 3109; x_wconf 82' lang='lat' dir='ltr'>,agere,&amp;</span> <span class='ocrx_word' id='word_1_983' title='bbox 1566 3075 1701 3099; x_wconf 84' lang='lat' dir='ltr'>aratrum</span> <span class='ocrx_word' id='word_1_984' title='bbox 1719 3074 1859 3096; x_wconf 86' lang='lat' dir='ltr'>vertere:</span> <span class='ocrx_word' id='word_1_985' title='bbox 1871 3065 1952 3095; x_wconf 80' lang='lat' dir='ltr'>veti-</span> 
     </span>
     <span class='ocr_line' id='line_1_130' title="bbox 1079 3106 1955 3153; baseline -0.011 -8"><span class='ocrx_word' id='word_1_986' title='bbox 1079 3121 1211 3153; x_wconf 85' lang='lat' dir='ltr'>tumque</span> <span class='ocrx_word' id='word_1_987' title='bbox 1229 3111 1309 3150; x_wconf 84' lang='lat' dir='ltr'>fuit,</span> <span class='ocrx_word' id='word_1_988' title='bbox 1331 3120 1372 3142; x_wconf 88' lang='lat' dir='ltr'>ne</span> <span class='ocrx_word' id='word_1_989' title='bbox 1389 3110 1420 3141; x_wconf 92' lang='lat' dir='ltr'>id</span> <span class='ocrx_word' id='word_1_990' title='bbox 1437 3109 1567 3149; x_wconf 82' lang='lat' dir='ltr'>ipatium</span> <span class='ocrx_word' id='word_1_991' title='bbox 1588 3109 1816 3146; x_wconf 83' lang='lat' dir='ltr'>usucaperetur.</span> <span class='ocrx_word' id='word_1_992' title='bbox 1840 3106 1955 3137; x_wconf 73' lang='lat' dir='ltr'>Altero‘</span> 
     </span>
     <span class='ocr_line' id='line_1_131' title="bbox 1079 3147 1953 3194; baseline -0.01 -9"><span class='ocrx_word' id='word_1_993' title='bbox 1079 3154 1184 3194; x_wconf 87' lang='lat' dir='ltr'>capite</span> <span class='ocrx_word' id='word_1_994' title='bbox 1199 3152 1262 3184; x_wconf 79' lang='lat' dir='ltr'>fuit·</span> <span class='ocrx_word' id='word_1_995' title='bbox 1278 3160 1406 3184; x_wconf 82' lang='lat' dir='ltr'>cautum</span> <span class='ocrx_word' id='word_1_996' title='bbox 1418 3159 1452 3181; x_wconf 84' lang='lat' dir='ltr'>ut</span> <span class='ocrx_word' id='word_1_997' title='bbox 1466 3150 1606 3187; x_wconf 66' lang='lat' dir='ltr'>Praetor,</span> <span class='ocrx_word' id='word_1_998' title='bbox 1624 3149 1733 3179; x_wconf 88' lang='lat' dir='ltr'>vicinis</span> <span class='ocrx_word' id='word_1_999' title='bbox 1751 3148 1790 3178; x_wconf 89' lang='lat' dir='ltr'>de</span> <span class='ocrx_word' id='word_1_1000' title='bbox 1806 3147 1953 3178; x_wconf 83' lang='lat' dir='ltr'>confinio</span> 
     </span>
    </p>
   </div>
   <div class='ocr_carea' id='block_1_14' title="bbox 1077 3188 1952 3261">
    <p class='ocr_par' dir='ltr' id='par_1_23' title="bbox 1077 3188 1952 3261">
     <span class='ocr_line' id='line_1_132' title="bbox 1077 3188 1952 3261; baseline -0.013 -33"><span class='ocrx_word' id='word_1_1001' title='bbox 1077 3195 1295 3237; x_wconf 79' lang='lat' dir='ltr'>jurgantibus,</span> <span class='ocrx_word' id='word_1_1002' title='bbox 1310 3202 1374 3227; x_wconf 84' lang='lat' dir='ltr'>tres</span> <span class='ocrx_word' id='word_1_1003' title='bbox 1391 3193 1479 3224; x_wconf 85' lang='lat' dir='ltr'>daret</span> <span class='ocrx_word' id='word_1_1004' title='bbox 1491 3191 1654 3227; x_wconf 76' lang='lat' dir='ltr'>Arbitros,</span> <span class='ocrx_word' id='word_1_1005' title='bbox 1672 3197 1804 3229; x_wconf 82' lang='lat' dir='ltr'>quorum</span> <span class='ocrx_word' id='word_1_1006' title='bbox 1822 3188 1952 3261; x_wconf 46' lang='lat' dir='ltr'>ahbitrio</span> 
     </span>
     <span class='ocr_line' id='line_1_133' title="bbox 1869 3237 1951 3261; baseline -0.024 0"><span class='ocrx_word' id='word_1_1007' title='bbox 1869 3237 1951 3261; x_wconf 87' lang='lat' dir='ltr'>mum</span> 
     </span>
    </p>
   </div>
   <div class='ocr_carea' id='block_1_15' title="bbox 2019 33 2034 1322">
    <p class='ocr_par' dir='ltr' id='par_1_24' title="bbox 2019 33 2034 1322">
     <span class='ocr_line' id='line_1_134' title="bbox 2019 33 2034 1322; baseline 0 0"><span class='ocrx_word' id='word_1_1008' title='bbox 2019 33 2034 1322; x_wconf 95' lang='lat' dir='ltr'> </span> 
     </span>
    </p>
   </div>
  </div>
 </body>
</html>
