2052 3487
503 129 1196 175 OBswr-:RVAT'IoNuit
1248 124 1418 162 Lini.

63 223 142 257 bana
159 231 268 256 nonne
282 221 338 254 sub
357 218 493 253 Tiberio
510 219 590 256 lata,
617 215 808 248 Consulibus
823 215 937 256 -M.Ju7

63 268 118 298 nio
144 266 251 298 Silano
275 265 304 296 δι
332 262 367 295 1..
394 260 581 294 Norbano?
617 256 672 289 Ne
700 256 778 289 illud
807 258 937 300 quidem

65 309 236 346 omittam,
267 306 353 346 quod
379 302 513 335 Tacitus
544 301 592 332 lib.
622 309 669 331 12.
704 298 819 330 Annal.
844 310 868 332 c.
886 303 936 331 26.

63 359 230 390 exponens
243 347 376 379 formam
393 354 452 386 qua
463 343 627 375 Neronem
642 341 793 373 Claudius
806 343 938 381 adopta-

64 393 140 429 vit,
175 391 308 431 Rogata,
331 388 452 426 inquit,
476 385 523 416 lex
546 394 603 425 qua
621 385 653 414 in
670 382 824 422 familiam
847 383 936 414 Clan-

65 434 144 464 iiiam
167 431 203 466 ἐξ
225 439 323 462 nomen
338 423 646 467 ‚Neronisqtrunfiret
696 424 739 455 Et
764 424 937 465 Agrippina

63 484 89 505 c.
108 484 158 513 41.
182 473 306 515 ejusdem
320 470 414 509 libri,
446 477 518 499 cum
543 467 708 498 Neronem
734 466 936 497 Britannicus

62 514 270 552 Domitium,
303 510 373 552 post
398 511 607 550 adoptionem
624 532 633 547 ‚
666 506 843 546 salutasset,
874 507 937 539 cla-

64 565 149 596 mat,
173 555 274 597 Sperni
292 551 485 593 adoptionem,
508 560 627 592 qziaeqiie
646 554 807 590 censuerint
821 555 937 590 patres,

61 592 179 640 jufferit
191 593 330 637 populus,
351 595 432 623 intra
455 599 572 633 penates
590 593 734 633 abrogari.
789 590 862 623 Nee
882 592 937 622 mi-

62 633 123 671 nus
140 640 254 669 curiata
271 635 400 667 comitia
418 635 446 665 ἃ
460 634 570 675 populi
590 634 694 675 legem
708 630 938 674 agnoscitGal-

63 681 122 714 ba,
145 679 226 719 apud
244 675 393 708 Tacitum
417 676 466 707 lib.
489 685 515 707 1.
542 673 655 716 Hister.
680 686 703 706 c.
724 685 771 715 15.
794 673 835 706 lic
854 673 938 706 Piso-

61 730 135 753 nem
159 721 324 759 alloquens
341 740 351 756 ‚
383 717 415 757 Si
434 724 460 748 te
480 718 620 758 privatus
645 718 704 758 lege
725 719 841 748 curiata
862 716 940 756 apud

62 757 239 802 Pontifices,
269 765 302 790 iit
326 760 411 790 moris
427 757 466 799 est
486 782 502 798 ‚.
527 761 701 800 adoptarem.
746 758 851 798 AEque
876 758 939 788 huc

61 802 198 842 spectat,
222 802 308 842 quod
332 802 416 841 apud
434 801 584 832 eumdem
607 801 652 831 lib.
676 810 722 831 12.
747 799 937 838 Aiinczl.c.5.

64 844 234 881 Vitellius,
259 843 329 883 post
347 842 471 883 paetum
489 843 573 874 inter
591 841 761 874 Claudium
782 841 937 882 &Agrip-

62 888 170 928 pinam
198 885 438 917 matrimonium
456 907 466 922 ‚
504 893 580 915 cum
602 885 742 915 necdum
774 883 938 914 celebrare

62 927 212 960 solemnia
235 928 415 966 nuptiarum
448 926 643 964 auderent„
665 925 753 956 nullo
786 923 938 964 exemplo

62 968 207 1004 deductae
223 967 253 999 in
270 968 401 999 domum
421 968 521 1006 patrui
534 966 639 998 fratris
656 966 729 999 fiiiae
740 990 748 1005 ,
762 965 938 997 Perennita-

63 1017 111 1043 zns
127 1010 282 1049 Caesarem,
304 1019 343 1040 an
360 1007 445 1050 juffi’s
465 1009 583 1050 populi,
607 1018 646 1040 an
664 1007 832 1040 austorittiti
851 1009 940 1038 Senti·

63 1059 111 1084 tus
133 1055 246 1083 cederet.
272 1050 314 1082 Et
330 1060 406 1081 mox
425 1050 498 1090 ille,
528 1050 631 1081 Unum
640 1050 674 1090 se
691 1051 801 1082 civium
819 1048 855 1083 {5⁹
872 1058 938 1079 con-

62 1093 159 1135 sensui
174 1095 308 1133 imparem
325 1093 478 1132 respondit.
504 1091 604 1133 Igitur
618 1099 772 1132 apparent
790 1091 939 1131 exempla

66 1135 269 1167 comitiorum
287 1157 296 1173 ,
328 1134 500 1174 legumque
526 1136 556 1164 in
582 1133 629 1166 liis
653 1143 670 1164 a
697 1134 821 1174 populo
850 1132 940 1173 julla-

64 1184 135 1210 rum
153 1200 163 1215 ,
193 1175 261 1216 post
281 1176 490 1207 constitutum
516 1175 751 1216 principatum3
774 1173 863 1206 fimul
888 1184 939 1214 ap-

64 1227 172 1260 paret,
198 1217 348 1258 populum
365 1225 538 1256 numquam
557 1216 587 1248 se
602 1217 670 1257 iure
687 1216 742 1248 suo
760 1225 857 1256 atque
883 1218 940 1248 im-

66 1261 156 1301 perio
180 1258 209 1290 i'n
232 1265 363 1300 gratiam
381 1258 534 1298 Principis
553 1258 626 1299 lege
650 1257 749 1299 Regia
772 1256 939 1289 abdicasse.

69 1299 133 1335 Etfi
154 1309 259 1338 neque
284 1300 398 1341 ignoro
422 1299 571 1341 exempla
597 1300 713 1340 quibus
746 1300 911 1340 Principes
930 1322 940 1339 ,

65 1342 116 1374 sua
130 1340 213 1373 abusi
231 1340 612 1381 potestate,majestatem
628 1342 738 1383 populi
758 1342 939 1382 neglexere.

65 1384 128 1419 Sed
149 1392 186 1415 ea
201 1382 274 1414 faeti
293 1383 360 1414 sunt
377 1395 384 1415 :
409 1392 483 1414 cum
502 1382 608 1415 nostra
630 1383 666 1415 fit
684 1385 724 1415 de
748 1384 815 1423 jure
834 1384 939 1424 dispu-

66 1425 156 1462 tatio.
200 1423 250 1455 Eo
266 1434 344 1455 vero
361 1424 472 1455 habuit
491 1433 570 1456 unus
591 1425 621 1456 in
647 1424 812 1465 republica
838 1434 940 1465 popu-

65 1467 114 1501 lus
144 1465 305 1497 Romanus
340 1465 421 1505 Juris
447 1466 610 1498 condendi
642 1475 739 1507 atque
763 1466 939 1507 abrogandi

65 1507 252 1541 facultatem
275 1516 334 1548 pro
354 1509 517 1539 communi
534 1508 677 1539 omnium
702 1507 773 1539 usu:
797 1517 895 1548 atque
916 1508 941 1540 is

64 1558 132 1587 eam
147 1549 262 1582 deinde
277 1558 350 1582 cum
359 1549 508 1591 Principe
522 1550 776 1583 communicavit
795 1550 867 1591 lege
877 1548 939 1581 Re-

778 1671 991 1711 CAPUT

1806 141 1849 175 25
1860 141 1873 165 t

982 217 1043 258 gia.
1069 217 1112 248 ita
1129 216 1270 256 tatium,
1294 225 1329 250 ut
1348 217 1427 250 ficut
1446 216 1583 258 populus
1596 238 1606 257 ‚
1628 217 1671 249 fic
1691 217 1867 259 Princeps„

983 268 1042 299 pro
1065 259 1227 300 majestate
1245 261 1371 300 imperii
1390 259 1443 300 Jus
1463 258 1572 291 facere
1596 267 1695 300 atque
1713 259 1867 301 abrogare

981 299 1095 341 poll'et.
1143 300 1223 332 Rem
1241 301 1317 333 dixi.

1026 341 1078 373 De
1097 341 1239 383 Ulpiano
1258 343 1445 376 videndum.
1469 352 1530 375 nec
1547 342 1605 374 alia
1623 343 1689 383 ejus
1710 341 1866 375 sententia

980 383 1054 415 fuit.
1078 392 1202 416 tantum
1219 385 1322 416 voluit
1341 383 1481 423 docere,
1505 385 1622 425 (quod
1642 385 1705 425 ipsa
1722 384 1866 416 indicant

980 427 1047 465 ejus
1065 426 1188 466 verba)
1211 428 1485 466 quemadmodum
1512 425 1686 467 Princeps,
1720 426 1772 468 qui
1797 435 1866 458 non

980 467 1078 508 magis
1097 468 1235 499 habebat
1257 470 1306 508 jus
1323 468 1466 500 faciendi
1484 476 1599 499 contra
1625 469 1713 509 leges
1729 490 1740 506 ‚
1769 476 1866 508 quam

982 511 1223 550 qualiscumque
1248 509 1475 552 Magistratus,
1507 519 1524 540 a
1548 510 1673 550 populo
1700 508 1865 550 acceperit:

981 551 1145 583 condendi
1165 552 1248 592 juris
1270 551 1480 590 facultatem3
1502 550 1567 582 five
1591 551 1668 591 quid
1692 549 1864 591 rescribat,

981 591 1046 623 five
1069 594 1240 631 decernat,
1265 593 1328 626 sive
1345 595 1462 625 edicat.
1510 591 1587 624 Hoc
1607 591 1735 632 Ulpiani
1762 591 1865 624 confi·

981 635 1057 666 lium
1076 635 1137 666 fuit
1152 658 1162 674 ,
1186 644 1252 666 non
1277 636 1371 668 aliud.
1398 636 1496 674 idque
1512 633 1759 675 Dejurejummi
1774 633 1866 674 inipe-

983 678 1019 707 rii
1036 675 1072 710 ὃ)
1091 676 1149 718 lege
1168 676 1263 718 Regia
1280 675 1498 709 demonstravi
1515 675 1620 715 plene.
1641 684 1701 707 nec
1720 674 1866 716 pluribus

983 726 1092 757 opus:
1124 718 1179 750 nisi
1196 742 1205 756 ,
1238 722 1325 757 quod
1349 719 1417 751 illic
1437 717 1546 756 omisi,
1570 716 1767 749 monendum
1785 736 1795 755 ,
1826 725 1867 748 ea.

982 760 1101 798 verba,
1127 762 1152 790 ei
1169 759 1206 795 ὅ)
1225 762 1255 791 in
1271 771 1335 792 enm
1347 784 1356 801 ‚
1379 761 1464 802 apud
1479 758 1655 802 Ulpianum
1672 759 1758 791 idern
1775 757 1867 797 ligni-

982 801 1079 832 ficare
1095 812 1104 840 3
1128 802 1157 833 ἃ
1174 801 1243 832 fere
1261 803 1323 834 effe
1342 803 1504 844 loquentis
1522 801 1647 843 plenius
1672 810 1710 835 ac
1727 799 1865 841 fortius:

982 851 1055 873 cum
1073 844 1214 884 alioquin
1234 844 1368 879 alterum
1396 843 1573 882 sufficeret,
1599 843 1629 874 &
1656 843 1867 883 reici-etmu-

982 884 1136 915 tumdem.
1163 893 1217 924 ac,
1242 895 1282 916 ne
1299 888 1368 925 quis
1389 886 1530 926 requirat
1547 885 1638 925 hujus
1655 883 1751 916 fidem
1770 885 1868 923 inter—

983 925 1193 966 pretationis,
1217 935 1376 967 apponam
1395 928 1579 967 exemplum
1605 925 1779 958 locutionis
1797 933 1866 956 non

983 967 1134 999 disfimilis
1150 977 1200 1009 ‘ex
1217 967 1342 1006 Juliano
1364 969 1383 1001 l.
1401 979 1430 1005 2.
1453 968 1482 1010 §.
1498 980 1526 1010 3.
1554 967 1597 1001 D.
1609 971 1649 999 zie
1659 969 1729 1009 jure
1753 965 1866 1001 codicil-

983 1009 1085 1040 lorum.
1132 1006 1240 1039 Verba
1269 1009 1392 1049 juliani.
1444 1011 1581 1050 furiosus
1604 1020 1661 1042 non
1689 1009 1866 1049 intelligitur

982 1050 1123 1081 codicillos
1137 1050 1259 1089 facere:
1281 1052 1350 1091 quia
1373 1060 1424 1086 nec
1440 1052 1523 1087 alind
1544 1052 1699 1093 quicquam
1716 1060 1800 1093 agere
1817 1050 1866 1085 in-

983 1091 1147 1133 telligitur,
1168 1102 1232 1133 oiim
1256 1101 1312 1132 per
1334 1093 1442 1133 omnia
1468 1093 1503 1124 ὃς
1517 1094 1547 1124 in
1574 1093 1722 1126 omnibus
1741 1091 1866 1132 absentis

982 1134 1030 1164 ‘uel
1051 1134 1229 1174 quieleentir
1242 1133 1299 1164 loco
1318 1135 1469 1167 habeatur.
1516 1133 1642 1175 juliano
1661 1135 1775 1170 addam
1788 1132 1867 1166 Vel,

982 1175 1079 1215 lejuin
1097 1174 1318 1207 Paterculum:
1342 1177 1395 1215 qui
1410 1177 1459 1206 lib.
1474 1186 1501 1207 2.
1520 1182 1580 1216 ccip.
1600 1181 1648 1216 83.
1673 1177 1714 1207 de
1725 1175 1867 1216 Planco,

985 1217 1060 1248 eum
1078 1239 1086 1254 ,
1111 1216 1235 1256 inquit,
1249 1216 1356 1257 fiiiffet
1371 1217 1551 1249 humillimus
1568 1217 1725 1257 ostentator
1742 1219 1864 1258 reginae,

984 1258 1021 1292 ἐξ
1040 1259 1121 1297 infra
1130 1258 1234 1298 servos
1253 1259 1340 1289 eliens
1357 1281 1366 1297 ‚
1390 1269 1456 1289 cuin
1472 1258 1601 1290 Antonii
1619 1258 1777 1298 librarius,
1801 1268 1868 1289 cum

984 1298 1245 1339 obsceniffimarum
1270 1310 1368 1338 rerum
1386 1299 1422 1340 ὅ)
1440 1299 1541 1340 nudior
1559 1298 1596 1334 ἐξ
1619 1298 1768 1340 minister,
1802 1310 1868 1331 cum

983 1342 1014 1374 in
1039 1342 1147 1372 omnia
1171 1343 1200 1372 ot
1218 1342 1248 1373 in
1269 1342 1420 1379 omnibus
1436 1341 1550 1375 venalis
1564 1365 1573 1379 ,
1604 1351 1671 1378 cum
1695 1341 1867 1373 ceruleatus.

984 1384 1014 1414 δι
1038 1384 1168 1423 reliqua.
1223 1381 1281 1414 Vir
1303 1383 1518 1432 Clarissimus2
1546 1383 1650 1423 Justiis
1673 1381 1813 1424 Lipsius,
1836 1385 1868 1414 in,

984 1423 1075 1456 Notis
1091 1448 1100 1463 ,
1132 1425 1286 1465 corrigit,
1317 1425 1354 1459 ln
1374 1425 1470 1461 omnia
1487 1424 1525 1459 ὃ)
1543 1425 1683 1467 o‘ymihus.
1731 1425 1793 1460 Sed
1812 1424 1867 1455 ab·

983 1465 1164 1497 stinenduin
1188 1467 1341 1505 exemplo
1376 1468 1578 1506 liipervacuae
1605 1467 1866 1506 emendationis,

984 1516 1049 1540 tam
1067 1508 1221 1545 evidente
1244 1508 1413 1540 locutione
1427 1507 1511 1548 apud
1528 1506 1676 1541 Veteres.

1052 1672 1128 1710 IV.

65 1778 137 1830 Quo
148 1777 244 1828 sensu
255 1772 376 1825 scribat
402 1779 520 1814 Paulus
535 1775 824 1823 ,Imperatorem
846 1788 890 1814 ex
913 1776 1123 1824 imperfecto
1153 1776 1357 1815 testamento
1388 1777 1499 1826 legata
1523 1787 1582 1816 aut
1605 1776 1866 1825 fideicommiffij

208 1828 404 1872 vindicare,
432 1829 703 1867 inverecundum
726 1827 801 1864 effe.

67 1918 173 1994 111υά
192 1925 323 1959 quoque
339 1927 404 1949 non
424 1918 591 1959 indignum
609 1917 655 1949 est
674 1916 829 1958 explicita
851 1916 940 1958 quod

127 1969 167 1992 ex
183 1959 282 1992 Paulo
298 1959 363 1991 inl.
379 1970 428 2001 23.
452 1959 496 1991 D.
523 1961 556 1991 de
582 1959 682 2001 legatis
698 1960 746 1991 lib.
762 1968 791 2001 3.
816 1960 848 1993 in
870 1958 940 1993 haec

66 2009 156 2033 excat
174 2001 280 2032 verba.

104 2042 157 2075 Ex
175 2041 337 2083 imperfecto
359 2041 520 2083 testamento
546 2043 641 2084 legata
659 2042 707 2073 vel
723 2041 941 2084 fideicommzffa

147 2084 350 2125 Imperatorem
366 2086 517 2116 vindicare
534 2108 543 2123 ‚
567 2085 794 2116 inverecundum
815 2083 872 2125 tst:
896 2086 941 2115 cle-

143 2131 189 2157 cet
203 2126 278 2157 enim
294 2131 383 2157 tantae
398 2124 561 2167 majestati,
587 2136 633 2157 eas
646 2126 769 2165 servare
787 2126 858 2168 leges
876 2127 940 2168 qui-

150 2169 202 2198 bus
221 2168 277 2208 ipse
284 2168 399 2207 solutus
414 2167 466 2209 effe
484 2170 609 2199 videtur.

67 2207 119 2240 Sic
136 2209 220 2240 enim
242 2210 406 2241 communi
431 2211 575 2242 omnium
600 2208 752 2241 consensu
769 2210 941 2242 exauditur

66 2249 201 2289 Panius3
224 2249 308 2289 quafi
322 2249 494 2291 significet,
519 2260 583 2283 non
601 2250 663 2282 effe
686 2252 816 2291 quidem
843 2252 940 2283 deco-

66 2300 139 2323 rum
154 2314 166 2329 ,
196 2290 376 2332 Principem
395 2302 435 2324 ex
452 2292 664 2331 testamento,
689 2293 811 2334 legibus
827 2293 942 2334 imper·

66 2331 173 2371 fecto,
197 2333 360 2364 vindicare
375 2333 477 2374 legata
493 2343 546 2365 aut
563 2334 803 2367 fideicommiffa
819 2334 873 2366 fibi
892 2345 938 2366 re-

65 2373 159 2406 licta:
182 2371 234 2406 sed
250 2373 270 2405 fi
289 2375 366 2406 velit
380 2384 418 2406 ea
437 2376 620 2414 vindicare;
643 2375 720 2407 nihil
740 2376 913 2416 prohibere
930 2398 940 2415 ,

65 2424 132 2456 quo
148 2415 250 2447 minus
268 2415 376 2455 poffit:
399 2417 471 2457 quia
494 2417 613 2457 legibus
629 2417 749 2450 solutus
768 2417 834 2456 est3
859 2419 940 2457 live,

65 2463 103 2488 ut
119 2456 192 2488 alibi
211 2457 345 2497 dicitur,
368 2457 420 2490 lex
438 2459 563 2499 imperii
581 2468 654 2491 eum
673 2458 768 2491 solvit
786 2459 869 2499 Juris
893 2459 940 2490 so-

68 2498 237 2532 lemuibus.
282 2498 354 2541 Ego
379 2509 459 2532 vero
481 2508 612 2541 rogatus
630 2500 836 2539 sententiam,
860 2500 939 2532 diffi-

70 2539 172 2571 culter
192 2542 343 2573 accedam
364 2541 623 2582 interpretationi
642 2564 651 2581 ,
683 2550 746 2574 tam
764 2550 899 2574 remotae
922 2552 939 2577 a

69 2581 195 2612 ratione
213 2580 313 2621 Juris,
336 2591 441 2623 neque
465 2584 563 2624 magis
581 2583 681 2626 Paulo
704 2584 939 2616 consentaneae.

72 2628 159 2666 certe
181 2623 323 2655 nondum
347 2625 483 2663 poenitet
514 2634 566 2656 ine
598 2624 835 2658 Diss'ertationis
852 2646 861 2661 ,
894 2625 942 2657 De

69 2669 136 2700 jure
147 2661 254 2706 summi
270 2665 380 2704 imperii
402 2665 439 2700 ὅ)
461 2666 518 2713 lege
539 2666 653 2707 Regin:
684 2667 715 2698 in
735 2677 797 2707 qua
814 2668 940 2698 idoneis

72 2701 168 2732 docui
183 2707 390 2745 argumentis,
413 2706 593 2747 Principem
619 2708 763 2750 legibus,
787 2708 849 2740 sive
864 2709 959 2748 juris-

70 2742 282 2788 solemnibus,
314 2746 448 2779 solutum
472 2748 533 2780 esse
558 2749 645 2791 Lege
669 2750 789 2790 Regia3
814 2759 887 2781 cum
911 2751 940 2781 ei

73 2790 239 2830 negotium
257 2785 320 2825 est,
342 2787 428 2828 leges
449 2789 576 2821 inutiles
594 2800 716 2823 mutare
733 2792 856 2830 legibus
873 2800 937 2822 me-

69 2824 224 2872 lioribus:
247 2834 395 2860 caeterum
417 2831 522 2862 civem
546 2831 628 2871 effe,
652 2833 680 2864 δι
706 2833 830 2874 legibus
851 2841 939 2863 tene·

69 2875 116 2905 ri,
140 2865 336 2912 reliq—uorum
360 2879 474 2903 more:
505 2882 716 2914 praeterquam
735 2898 744 2912 ,
777 2874 798 2905 si
823 2875 939 2913 quibus

67 2915 259 2954 nominatim
284 2907 400 2942 solutus
422 2910 467 2943 sit.
511 2912 626 2953 igitur3
647 2916 736 2957 quod
760 2915 805 2946 est
829 2916 938 2951 thema

67 2948 158 2989 hujus
182 2949 248 2980 loci
265 2972 275 2987 ‚
304 2949 357 2981 fac
384 2951 603 2991 imperfectum
630 2957 878 2988 testamentum:
908 2957 940 2990 in

67 2999 108 3021 eo
122 2990 231 3022 datum
249 2990 386 3031 Principi
405 2992 466 3024 effe
484 2994 619 3035 legatum
639 3006 692 3029 aut
711 2998 941 3030 fideicommis-

65 3030 143 3063 sum.
167 3040 205 3063 an
226 3032 332 3073 potest
353 3032 504 3075 Princeps
528 3038 666 3077 legatum
696 3047 749 3070 aut
775 3039 941 3070 fideicom-

64 3072 188 3119 milsum
207 3083 247 3105 ex
263 3073 454 3120 testamento
471 3079 608 3116 petere?
631 3078 762 3112 fortasse
778 3081 886 3120 dices,
909 3081 940 3114 ὅτ

64 3113 175 3162 ξεειίῑε
193 3115 321 3147 multos.
354 3115 406 3148 led
424 3140 434 3156 ‚
464 3117 485 3149 fi
509 3118 638 3151 Paulum
663 3122 824 3160 audimus,
848 3122 938 3155 nullo

63 3165 142 3202 jure.
177 3166 243 3188 non
270 3157 355 3189 enini
378 3158 423 3190 est
447 3159 670 3194 testamentum
695 3165 783 3202 quod
810 3172 875 3198 non
891 3164 936 3199 est

62 3197 186 3237 legibus
209 3198 398 3238 perfeetum.

71 3292 74 3294 ⁷
101 3280 179 3313 Tem.
202 3280 230 3313 I.

223 3240 227 3244 ·
455 3200 551 3246 Atqui
578 3202 794 3250 Lextimperii
817 3204 934 3240 Prinei·
976 3215 1049 3239 eum
1069 3209 1100 3240 id
1118 3208 1226 3241 facere
1244 3209 1351 3250 poss‘e:

60 3248 135 3282 pern
153 3238 245 3271 solvit
261 3241 367 3282 legum
383 3241 588 3283 solemnibus.
631 3244 678 3280 Sit
695 3252 760 3286 ita,
784 3255 855 3281 curn
870 3256 933 3289 pro
975 3249 1087 3291 decere,
1103 3249 1227 3286 servare
1242 3252 1349 3292 leges,
1373 3249 1494 3295 adhoc
1513 3258 1586 3287 eum
1599 3251 1723 3293 teneri,

853 1827 1025 1868 Extricota
1049 1829 1081 1863 in
1093 1828 1202 1875 primis
1225 1828 1247 1864 l.
1268 1837 1324 1872 23.
1349 1827 1396 1864 D.
1415 1829 1579 1876 delegatis
1603 1829 1656 1864 lib.
1682 1840 1714 1876 3.

981 1917 1145 1958 majestate
1168 1918 1295 1959 imperii
1321 1917 1408 1960 leges
1433 1916 1531 1959 facit,
1563 1925 1618 1952 aut
1641 1919 1795 1963 corrigit,
1817 1918 1867 1960 iffi

981 1959 1144 1999 fleffime,
1168 1959 1320 1992 suadente
1340 1960 1506 1993 communi
1523 1961 1665 1994 utilitate
1683 1972 1692 1994 :
1722 1961 1775 1995 sed
1799 1969 1869 2002 non·

982 2002 1068 2044 idem
1095 2001 1169 2044 est3
1202 2011 1277 2035 cum
1302 2002 1379 2044 quid
1410 2003 1502 2045 agit,
1534 2010 1697 2045 tamquam
1727 2000 1808 2034 civis
1835 2001 1867 2041 ὅξ

982 2051 1063 2075 unus
1087 2053 1106 2075 e
1128 2044 1248 2076 multis.
1272 2043 1314 2075 fic
1338 2044 1423 2077 enirn
1448 2044 1572 2086 legibus
1590 2045 1690 2084 vivit,
1714 2043 1770 2076 ctfi
1786 2043 1866 2075 alio-

985 2087 1061 2125 quin
1072 2086 1197 2125 legibus
1214 2085 1333 2118 solutus
1343 2084 1389 2117 fit.
1416 2087 1524 2127 Atque
1538 2086 1581 2118 ita
1591 2086 1758 2127 Principes
1769 2085 1798 2127 §.
1808 2085 1866 2117 ult.

985 2125 1058 2168 Inst.
1089 2127 1206 2173 Quibus
1220 2129 1309 2158 modis
1330 2125 1498 2168 testamenta
1513 2128 1710 2168 infirmentur.
1752 2127 1794 2159 Et
1811 2136 1867 2159 an·

984 2177 1017 2200 te
1040 2169 1190 2201 Claudius
1204 2192 1214 2208 ,
1239 2170 1322 2210 apud
1338 2168 1489 2202 Tacitum
1512 2170 1559 2200 lib.
1581 2180 1627 2202 12.
1651 2170 1765 2202 Annul.
1791 2179 1815 2200 c.
1832 2178 1866 2210 5.-

984 2210 1081 2242 verba
1105 2209 1228 2243 Taciti.
1280 2211 1314 2242 C.
1338 2211 1476 2252 Pompejo
1491 2234 1500 2250 ,
1541 2210 1582 2256 Q,
1607 2211 1758 2243 Wrannz'o
1790 2210 1866 2252 Coff,

978 2252 1099 2294 poclum
1129 2254 1206 2284 inter
1242 2252 1399 2284 Claudium
1429 2251 1466 2287 &¹
1490 2252 1686 2295 Agrippinam
1715 2254 1867 2285 matrimo-

983 2296 1067 2325 nium
1085 2317 1095 2333 ‚
1119 2295 1184 2335 jain
1198 2294 1286 2334 fama
1304 2317 1314 2333 ‚
1345 2295 1407 2334 jam
1425 2304 1520 2325 amore
1538 2295 1638 2326 illicito
1654 2294 1837 2334 firmabatur
1852 2316 1865 2333 ,

984 2345 1035 2367 nec
1064 2337 1133 2366 (lum
1163 2335 1300 2366 celebrare
1324 2336 1460 2375 solennia
1485 2338 1659 2376 nuptiarum
1691 2337 1865 2374 audebant,

984 2377 1063 2408 nullo
1079 2377 1204 2416 exemplo
1231 2377 1357 2408 deciuffle
1374 2379 1405 2408 in
1421 2379 1533 2408 (lonium
1547 2380 1647 2418 patrui
1656 2377 1768 2417 fratris
1778 2376 1865 2416 filice.

985 2419 1071 2461 Quin
1087 2418 1124 2454 &⁹
1141 2416 1297 2459 incestum,
1322 2429 1357 2450 ac
1374 2417 1403 2456 fi
1425 2422 1626 2457 sperneretur,
1650 2429 1685 2450 rie
1704 2421 1735 2450 in
1754 2420 1865 2451 malum

981 2460 1130 2501 publicum
1146 2466 1321 2501 erumperet,
1345 2462 1534 2492 metuebatur.
1586 2461 1653 2492 Nec
1675 2466 1742 2491 ante
1765 2459 1865 2501 omiffa

984 2501 1149 2541 corniano,
1173 2511 1260 2543 quam
1282 2501 1418 2532 Vitellius
1433 2502 1499 2541 suis
1514 2503 1627 2533 artibus
1650 2503 1679 2533 ici
1695 2509 1867 2544 perpetran-

982 2545 1052 2574 dum
1072 2542 1200 2585 sitinpfit.
1257 2542 1526 2584 Pereuntiaiusque
1549 2544 1705 2583 Caesarem,
1728 2554 1767 2575 an
1778 2542 1865 2584 juffis⁴

979 2585 1081 2626 populi
1096 2609 1106 2623 ,
1137 2595 1176 2616 cin
1199 2584 1371 2616 auetoritoti
1395 2584 1522 2615 Senatus
1537 2583 1672 2617 cederet?
1694 2586 1743 2617 ubi
1762 2584 1809 2616 ille
1827 2595 1863 2616 u-

983 2635 1055 2657 num
1078 2626 1105 2661 fe
1132 2627 1268 2664 civium,
1298 2624 1334 2660 ὅ)
1361 2626 1508 2665 consensui
1530 2629 1668 2668 imparem
1688 2627 1832 2669 respondit
1851 2649 1864 2667 ,

984 2668 1106 2708 opperiri
1121 2669 1202 2699 iutra
1212 2667 1358 2707 palatium
1368 2669 1463 2710 jubet.

1024 2710 1065 2740 At
1082 2710 1187 2747 enim,
1210 2709 1335 2749 inquies
1350 2733 1360 2748 ‚
1385 2709 1499 2742 Paulus
1522 2709 1740 2749 manifestius,
1766 2719 1862 2749 quam

984 2758 1018 2780 ut
1035 2750 1213 2782 dissimulari
1231 2751 1364 2789 debeat,
1388 2751 1557 2792 opinatur,
1582 2762 1647 2784 non
1675 2753 1748 2794 cogi
1774 2752 1862 2787 Prin-

981 2792 1107 2832 cipem,
1132 2790 1255 2823 servare
1271 2793 1377 2833 leges,
1400 2792 1455 2824 etfi
1471 2793 1504 2825 id
1521 2803 1593 2825 cum
1611 2794 1719 2825 facere
1736 2795 1863 2825 deceat.

981 2841 1020 2863 an
1043 2833 1129 2864 aliud
1154 2834 1236 2870 velle
1259 2834 1386 2866 videtur
1409 2834 1586 2875 cuiquam;
1610 2845 1683 2867 cum
1708 2836 1751 2866 ait
1766 2858 1775 2873 ‚
1808 2832 1862 2865 Ex

982 2873 1144 2914 imperfeclo
1168 2873 1332 2916 testamento
1356 2876 1453 2917 tegata
1476 2877 1523 2908 vel
1538 2876 1754 2917 fideicomnziffa
1771 2874 1863 2919 Impe-

982 2922 1108 2950 ratorem
1130 2917 1281 2951 vindicare
1301 2941 1310 2955 ,
1340 2919 1570 2950 inverecundum
1586 2918 1658 2959 effes
1692 2918 1720 2948 ἃ
1745 2915 1862 2953 addit,

988 2956 1094 2988 Decere
1113 2964 1201 2993 tantce
1216 2958 1378 3001 niajestmi,
1403 2969 1450 2991 eas
1457 2962 1580 3001 servare
1595 2962 1666 3001 leges
1682 2959 1785 2999 quibus
1800 2955 1862 2999 ipse

976 2999 1093 3038 solutus
1107 2998 1158 3040 effe
1171 3002 1287 3037 videtur
1302 3001 1319 3033 ?
1361 3001 1483 3036 Verum
1507 3011 1606 3043 apage
1622 2999 1795 3031 verborum
1814 2998 1862 3035 lui-

984 3039 1102 3072 di‘bria:
1125 3042 1163 3074 ad
1179 3051 1249 3082 quae
1265 3052 1439 3084 numquam
1456 3044 1486 3075 se
1505 3042 1628 3080 demisit
1638 3040 1762 3073 Paulus.
1782 3039 1862 3083 quia

981 3082 1124 3114 modeste
1142 3083 1171 3115 ἀ
1188 3083 1593 3126 condignejurisconsulto
1609 3082 1670 3121 ait,
1688 3083 1862 3120 inverecun-

981 3124 1049 3157 dum
1066 3123 1117 3164 effe
1128 3125 1379 3167 ‚Imperatorem
1395 3136 1437 3157 ex
1454 3123 1646 3165 imperfecto
1665 3123 1862 3167 testamento

979 3166 1138 3198 vindicare
1162 3168 1263 3209 legata
1287 3177 1340 3199 aut
1358 3164 1598 3199 fideicommissa
1615 3175 1628 3202 3
1651 3174 1725 3199 cum
1741 3172 1863 3209 negat,

1375 3208 1550 3246 &contra,
1575 3216 1648 3241 cum
1667 3208 1768 3290 dicitfi
1783 3216 1860 3283 euri?

1767 3258 1820 3294 am
1847 3259 1860 3273 ²·

1433 3290 1466 3324 Ii
1489 3301 1508 3328 2
1793 3292 1858 3324 cat.
