2036 3495
573 88 636 125 An
662 89 753 123 L113.
783 85 808 120 I.
844 84 945 122 ΤΠ.
974 84 1000 119 Ι.
1034 83 1084 120 De
1104 81 1246 130 Jzisiieicz
1265 78 1307 122 &³
1324 81 1420 128 erre.
1873 92 1893 127 3

89 182 241 226 junctioni
257 173 402 214 humanae
420 178 602 218 societatis,
619 177 672 217 qui
689 174 734 221 est
750 175 856 217 legum
874 175 967 214 finis,

91 226 230 258 maxime
253 227 406 256 decorum
429 221 475 253 fit.
501 230 536 252 ae
554 220 575 252 fi
595 226 728 258 reperiat
749 218 826 257 quid
844 218 966 259 legibus

93 265 272 308 permiffum
289 266 332 296 ob
348 263 515 295 hominum
529 260 722 297 socordiam,
739 259 812 290 dum
832 260 916 290 idem
931 257 968 289 fit

94 306 317 345 inhonestum,
340 314 392 337 aut
421 305 553 336 alterum
579 303 692 339 laedat,
715 308 769 331 aut
794 310 857 332 non
879 300 965 332 suum

95 349 213 389 cuique
229 349 364 385 tribuat,
387 346 426 377 ab
441 355 482 376 eo
500 345 632 386 perinde
650 342 711 373 ess'e
728 342 946 373 abstinendum
958 364 967 379 ‚

96 390 163 422 acss
179 391 298 431 legibus
313 388 389 420 effet
400 387 546 418 vetitum.
571 385 652 418 Haec
670 384 796 415 summa.
815 384 967 424 plui-atra·

97 433 161 464 didi
183 431 267 472 Julio
294 429 409 467 Paulo,
425 426 490 466 sive
505 428 551 459 lib.
563 426 644 469 sing.
669 427 702 456 de
719 432 797 466 pai‘t.
821 426 912 465 expos?
932 424 968 458 ὃ)

96 482 161 504 nece
179 481 239 513 cap.
255 481 300 504 ιο.
319 471 355 506 δ’
376 479 420 501 11.
443 470 494 500 ubi
514 469 604 508 vide3
623 477 684 499 nec
701 467 821 508 pigebit
840 465 967 504 vidisse,

96 515 135 546 ab
152 515 237 553 aliis,
259 521 408 554 quantum
424 511 598 549 recordor,
621 510 763 541 nondum
782 510 904 540 tradita.

136 555 281 594 Tempus
305 553 368 593 est,
393 551 519 584 transire
544 551 582 583 ad
604 552 683 591 Juris
708 549 905 582 divisionem.
932 558 967 580 ea

97 597 137 628 ab
151 596 288 637 Ulpiano
304 596 323 627 l.
343 605 368 627 1.
385 594 413 635 §.
430 603 459 625 2.
476 594 504 624 h.
521 599 542 624 t.
561 592 602 624 lic
620 592 770 624 traditur:
791 588 968 633 Hujusstu-

97 639 139 669 ciii
153 638 290 678 ciziaesilnt
302 635 466 678 positiones:
487 633 678 675 publicum&
691 635 852 674 privatum.
878 631 968 673 Quid

97 680 230 712 studium
249 678 302 715 fit,
324 677 365 709 fic
387 677 523 717 exponit
548 676 664 708 Cicero
681 676 728 705 lib.
746 685 773 707 2.
793 674 840 705 De
863 673 967 704 Inven-

98 722 166 752 zion.
185 720 212 762 §.
228 729 256 757 9.
276 719 414 750 Studium
429 716 467 758 est
483 718 576 748 animi
589 716 698 757 officiati
717 716 752 750 ὅ)
768 716 915 746 vehemens
931 714 969 744 asi

96 762 223 803 aliquam
248 770 307 792 rem
330 769 439 802 magna
464 768 529 789 cum
552 760 703 790 voluntale
726 757 876 797 applicatio
893 779 903 794 ,
933 760 968 785 ul·

99 803 294 844 Philosopbiae,
306 802 447 840 Poe'lices,
464 801 686 838 Gromvzcztices,
699 800 877 829 Litermum.
902 796 969 828 Hu-

94 845 141 886 jus
157 845 252 887 igitur
270 844 380 882 studii,
404 843 491 882 quod
515 840 654 881 Ulpiano
679 841 809 881 estpars
825 838 966 871 Philoso-

97 886 179 927 phiae
197 888 224 918 (l.
241 885 259 917 l.
275 885 340 927 1.§.
356 894 380 916 1.
398 886 467 915 duee
487 882 555 914 sunt
574 883 764 924 positiones:
784 879 885 918 idest,
900 879 968 910 tne-

95 928 160 967 ses3
179 935 213 959 ut
229 926 411 958 observavit
428 925 562 957 Budaeus
580 924 692 956 Annos.
710 924 741 953 iii
759 922 852 953 Pane.
868 927 899 961 p.
919 929 967 951 21.

97 968 200 1000 sensus
215 967 398 1000 Theodoro
411 966 579 1004 Marcilio,
593 967 621 996 ἃ
639 966 764 996 tandem
777 963 869 994 ctiam
886 961 968 1001 lano

97 1020 112 1041 a
132 1011 228 1042 Colla
244 1011 281 1041 od
296 1009 363 1051 §.sp
378 1006 446 1049 lust.
460 1008 486 1038 h.
499 1014 519 1039 t.
540 1008 614 1038 duas
632 1007 694 1038 elli.-
710 1003 968 1045 jurisprudentiae

98 1051 201 1083 theses
218 1075 227 1090 ,
250 1050 301 1082 seu
324 1049 516 1091 positiones:
541 1058 611 1080 nam
629 1049 693 1079 duo
716 1046 778 1078 effe
801 1046 841 1077 de
857 1045 968 1085 quibus

98 1094 240 1125 omnium
256 1089 598 1132 jurisconsultorumfit
614 1088 794 1128 disputatio.
812 1094 907 1118 unum
924 1083 969 1116 est

100 1135 140 1165 de
162 1134 229 1175 jure
254 1133 402 1173 publico,
426 1132 557 1164 alterum
584 1131 623 1162 de
644 1130 711 1170 jure
732 1129 870 1169 privato.
913 1126 967 1166 Jus

99 1177 262 1217 publicum
273 1173 412 1213 Ulpiano
431 1173 492 1211 est,
510 1173 595 1212 qnod
606 1172 644 1202 ad
655 1170 766 1201 statum
783 1168 887 1207 rei,i(l
904 1166 966 1206 est,

98 1216 303 1257 reipublicae,
321 1217 468 1246 Romanae
488 1213 624 1254 spectat:
647 1212 804 1251 privatum
824 1210 909 1249 quod
927 1209 967 1239 ad

98 1257 289 1299 singulorum
307 1257 475 1287 utilitatem
494 1253 638 1285 refertur.
657 1253 684 1283 sc
697 1261 755 1292 pro
766 1251 889 1282 ratione
901 1250 966 1280 sub-

98 1300 186 1339 jicit3
203 1298 288 1338 quod
306 1297 378 1328 sunt
395 1296 537 1336 quaedam
555 1294 684 1334 publice
703 1293 805 1328 utilia,
823 1292 966 1330 quaedam

96 1341 258 1381 privatim:
275 1347 366 1378 puta,
385 1336 608 1376 principaliter.
625 1335 734 1374 utique
748 1333 966 1373 publicumjus

96 1391 127 1412 in
152 1380 260 1417 sacris,
281 1379 310 1409 in
331 1378 563 1413 sacerdotibus,
586 1377 616 1407 in
634 1374 871 1415 Magistratibus
890 1382 966 1404 con-

96 1421 178 1454 fistit.
209 1420 260 1451 Sic
277 1418 442 1460 Ulpianus.
469 1418 517 1449 sed
533 1418 624 1449 aliter
643 1415 860 1460 Quintilianus
878 1415 925 1445 lib.
938 1424 966 1446 φ..

98 1460 170 1503 last.
191 1462 276 1493 Orul.
295 1471 319 1492 c.
338 1471 367 1497 4.
387 1460 482 1491 verba
500 1459 574 1499 ejus.
605 1459 719 1489 Genera
738 1459 805 1494 lunt
824 1458 900 1495 iria,
916 1458 967 1494 sa·

96 1506 140 1535 cri
152 1527 161 1542 ,
179 1503 305 1544 publici,
320 1502 530 1543 privatijmis.
554 1499 755 1543 Quintiliano
766 1499 891 1530 accedit
908 1498 970 1529 Au-

97 1544 222 1582 sonius,
244 1543 341 1584 anll.
360 1552 410 1574 xt.
426 1544 499 1582 vers.
516 1546 566 1574 61.

138 1585 198 1626 Jus
215 1585 320 1625 triplex
331 1607 340 1622 ,
364 1583 466 1614 tabulae
480 1585 554 1625 quod
570 1589 611 1614 cer
620 1582 747 1622 sanxere
763 1588 927 1622 quater-nce,

143 1627 284 1663 Sacrum,
304 1627 475 1706 prsitvalum,
501 1624 537 1659 ὃ)
557 1624 656 1666 populi
672 1633 815 1655 commune
833 1623 907 1665 quod
923 1631 969 1653 us-

242 1676 307 1697 uam
323 1676 335 1696 θ
363 1689 370 1696 .

140 1708 182 1740 At
201 1677 282 1739 „3113
300 1706 526 1739 contradictio:
549 1715 619 1737 nam
639 1705 811 1747 Ulpianus,
836 1714 907 1737 cum
922 1706 968 1745 jus

104 1749 182 1782 facit
200 1750 316 1790 duplex
328 1771 336 1787 ,
353 1749 509 1787 privatum
521 1748 550 1778 δι
568 1747 901 1788 publicum3subj1ne
914 1757 968 1786 pu-

105 1792 192 1822 blico
209 1790 432 1830 complestitur
449 1789 576 1820 sacrum.
600 1790 640 1819 ita
657 1789 789 1830 perinde
809 1789 871 1825 est,
895 1797 931 1819 ac
948 1787 969 1819 fi

64 1863 70 1870 ,
103 1833 207 1870 dicat,
220 1832 268 1871 jus
282 1830 342 1862 esse
357 1831 407 1862 vel
424 1830 580 1871 privatum
596 1831 646 1861 vel
665 1830 844 1870 publicum3
861 1830 891 1861 ἀ
907 1829 971 1860 hoc

104 1873 204 1906 rursus
228 1873 277 1903 vel
303 1874 332 1903 in
362 1871 465 1912 specie
481 1871 643 1912 publicum
663 1872 713 1903 vel
733 1871 868 1903 sacrum:
893 1880 971 1910 quo-

105 1923 172 1947 rum
193 1914 266 1945 illud
284 1912 422 1944 consistit
437 1913 467 1943 in
485 1912 735 1953 Magistratibus,
751 1913 814 1943 hoc
832 1914 862 1944 in
881 1912 972 1942 sacris

105 1956 134 1987 ἃ
150 1955 386 1986 Sacerdotibus.
420 1954 451 1985 id
469 1963 546 1984 vero
564 1953 626 1984 huc
643 1954 744 1992 redit,
769 1955 855 1993 quod
873 1952 971 1984 Auso-

100 1997 169 2029 nius
186 1997 214 2026 ἀ
230 2004 302 2027 ante
324 1995 538 2037 Quintilianus
561 1995 661 2033 dixit,
683 1995 731 2035 jus
751 1995 812 2026 effe
832 1995 970 2035 triplex,

99 2039 277 2078 privatum,
301 2037 482 2076 publicum,
502 2036 553 2067 vel
573 2036 702 2068 sacrum.
733 2036 794 2067 Sed
814 2036 877 2067 hoc
895 2036 924 2067 ἃ
942 2045 971 2068 a·

103 2079 156 2111 libi
173 2087 222 2110 me
241 2077 426 2113 observare,
449 2078 579 2108 memini
598 2077 647 2109 lib.
666 2088 695 2110 2.
715 2078 834 2113 Obfierv.
853 2088 876 2108 c.
896 2086 948 2108 21.

141 2119 300 2152 Caeterum
322 2120 364 2151 ait
390 2118 543 2159 Ulpianus
566 2120 597 2150 in
619 2120 647 2150 d.
665 2120 684 2150 l.
705 2129 729 2150 1.
745 2118 772 2160 ᾗ.
792 2129 818 2150 2.
838 2118 972 2157 triparti-

104 2168 169 2193 tum
185 2160 246 2192 esse
260 2161 306 2201 jus
323 2160 502 2202 privatum:
525 2160 694 2192 collectum
713 2162 830 2192 etenim
851 2159 913 2191 effe
930 2169 971 2191 ex

102 2202 292 2234 naturalibus
309 2202 493 2243 praeceptis‚
511 2210 564 2232 aut
581 2201 970 2242 gentium‚autcivilibus.

100 2245 133 2275 id
151 2253 227 2274 vcro
244 2252 306 2274 non
328 2243 369 2274 {ic
391 2243 490 2283 accipi
515 2244 676 2281 maneam,
701 2242 783 2283 quali
804 2243 851 2284 jus
870 2243 971 2283 publi-

101 2294 174 2316 cum
201 2294 265 2316 non
288 2285 419 2319 eosdem
443 2284 557 2314 habeat
572 2283 681 2315 fontes
698 2294 778 2325 quos
795 2284 971 2324 privatum:

101 2326 312 2366 (contrarium
331 2326 415 2356 enim
433 2334 541 2355 verum
559 2325 621 2365 cst)
646 2325 696 2356 sed
720 2328 808 2365 quod
824 2326 854 2356 in
882 2325 968 2357 libris

98 2366 354 2404 Institutionum,
378 2368 461 2398 unde
479 2366 523 2397 est
542 2365 666 2406 Ulpiani
685 2368 774 2398 locus
787 2390 796 2405 ‚
820 2376 883 2397 non
902 2374 969 2397 erat

100 2407 239 2449 Ulpiano
256 2407 418 2439 consilium
432 2431 441 2447 ⁹
465 2417 558 2448 agere
574 2409 613 2439 de
625 2409 691 2447 jure
709 2408 858 2447 publico:
882 2408 969 2439 idco-

101 2458 162 2489 que
180 2459 242 2481 non
260 2458 339 2490 opus
358 2457 442 2487 erat,
459 2449 523 2479 hoc
540 2450 574 2480 iis
592 2449 621 2480 in
641 2449 727 2480 libris
743 2450 896 2480 dividere.
914 2448 969 2480 Est

98 2491 191 2531 igitur
211 2491 259 2530 jus
285 2491 444 2531 privatum
469 2489 607 2530 Ulpiano
631 2491 748 2531 triplex
768 2515 776 2530 ‚
808 2491 968 2529 naturale,

101 2532 260 2571 gentium,
280 2534 309 2562 oz
326 2532 431 2563 civile.
456 2541 493 2562 an
508 2532 617 2563 reete?
641 2540 756 2572 negant
773 2533 916 2572 plerique
934 2542 969 2563 o-

101 2581 200 2603 mnes.
216 2572 268 2604 sed
279 2581 342 2603 non
358 2573 480 2604 idcirco
490 2573 612 2604 timebo
625 2597 634 2611 ‚
651 2572 729 2604 stare
740 2583 797 2614 pro
809 2572 968 2613 Ulpiano:

106 2612 375 2651 arbitratus,nihil
392 2614 452 2645 effe
467 2615 497 2645 in
508 2615 574 2654 ejus
584 2614 738 2646 sententia
748 2616 835 2655 quod
850 2617 969 2655 impro-

103 2653 207 2699 betur.
231 2653 341 2686 itane?
359 2654 572 2687 consideretur
589 2656 706 2694 homo,
723 2664 757 2687 ut
774 2655 898 2696 potest,
915 2656 969 2686 tri-

103 2695 179 2740 plici
197 2695 313 2740 motio:
338 2695 387 2725 vel
405 2703 438 2726 ut
456 2697 585 2735 animal,
608 2698 657 2728 vel
676 2705 708 2728 ut
725 2697 844 2735 homo,
869 2697 971 2728 velut

103 2745 193 2766 civis.
219 2734 356 2765 Primum
373 2745 519 2767 occurrat
536 2747 570 2768 ut
587 2739 697 2769 animal
717 2739 747 2769 in
764 2748 854 2770 mero
871 2738 972 2769 Natu-

101 2785 144 2808 1ae
168 2775 266 2811 stam,
289 2775 347 2806 suis
370 2776 515 2807 constans
539 2780 687 2811 membris
713 2781 742 2810 ἃ
768 2780 971 2812 facultatibus

103 2817 217 2858 quibus
235 2817 279 2847 est
297 2826 312 2847 a
331 2815 450 2848 Natura
467 2817 628 2851 insti-uetus
646 2821 674 2851 ἀ
693 2820 746 2851 sibi
764 2823 969 2852 commenda-

102 2866 171 2897 tus,
194 2867 284 2889 more
299 2866 487 2889 caeterorum
504 2860 705 2892 animantium
718 2885 726 2899 ‚
752 2862 782 2892 in
802 2862 971 2893 solitudine

99 2900 289 2931 viventium.
317 2900 381 2939 eius
398 2899 535 2930 hominis
548 2900 596 2940 jus
613 2903 754 2942 cogitans
773 2902 925 2943 Ulpianus
942 2904 970 2933 (i.

101 2941 120 2972 l.
140 2950 165 2972 1.
184 2941 212 2982 §.
236 2950 263 2971 2.
289 2941 352 2976 ait,
375 2939 436 2980 Jris
453 2942 585 2971 naturale
599 2941 648 2981 effe
665 2945 738 2982 quod
753 2951 860 2975 natura
876 2945 971 2974 omnia

99 2983 237 3014 animalia
253 2983 348 3012 docuit
361 2993 370 3010 :
388 2989 461 3021 puta
473 3005 481 3018 ,
498 2982 552 3012 suo
569 2984 719 3023 quodque
737 2987 852 3023 modo,
870 2987 899 3016 <St
916 2995 968 3023 ‘EC-

99 3033 186 3054 nere.
205 3032 265 3053 nec
282 3023 498 3063 dubit0,quin
517 3024 579 3063 ejus
595 3024 668 3063 juris
684 3027 897 3064 appellatione
915 3018 969 3056 [lc-

97 3063 196 3105 fignet
214 3065 437 3096 inclinationes
463 3072 559 3103 atque
590 3062 750 3096 instinctus
774 3067 968 3106 uniuscuius-

100 3113 162 3146 que
179 3106 337 3143 animalis,
362 3105 531 3136 secundum
553 3114 633 3144 quos
651 3109 902 3148 unumquodque
925 3107 970 3139 ell:

99 3155 114 3177 a
140 3145 259 3178 Natura
283 3147 527 3178 determinatum
552 3148 588 3178 ad
605 3147 803 3179 existendum
821 3158 917 3188 atque
935 3158 968 3179 0·

97 3188 350 3261 ρεᾶῥηᾱωῗὶοῇυε
368 3188 490 3227 ordini,
508 3188 669 3229 instituto,
687 3198 723 3223 ac
741 3191 966 3231 providentiae,

165 3237 217 3260 oni.
283 3252 291 3261 .

1011 171 1256 206 convenienter.
1275 171 1420 212 prorsus,
1435 177 1476 203 ut·
1489 176 1581 203 utens
1600 163 1806 202 'facultatibus
1822 179 1892 201 mo-

1012 217 1179 255 tibusque,
1195 214 1249 245 fibi
1269 214 1349 246 datis
1365 223 1381 244 a
1400 211 1519 244 Natura
1538 223 1553 244 a
1570 221 1631 253 qua
1647 212 1814 243 conditum
1833 210 1890 250 litt,

1012 258 1042 288 se
1066 256 1195 288 Naturae
1214 255 1272 285 sum
1287 255 1357 295 jure
1376 255 1405 285 ἃ
1423 255 1492 295 leg-e
1510 264 1621 295 regere
1638 262 1674 283 ac
1692 262 1825 284 movere
1842 254 1890 283 in-

1010 298 1109 339 telligi
1126 297 1252 328 debeat.
1300 295 1435 327 Veteres
1454 298 1517 327 hoc
1537 297 1586 336 jus
1607 296 1770 335 appellant
1789 295 1889 334 prima

1009 339 1162 378 Naturae3
1189 336 1385 378 censentquc
1407 337 1476 368 solo
1501 337 1631 369 Natura:
1648 337 1802 376 impulsu,
1823 334 1888 367 fine

1010 378 1485 419 colleffioneeadisceptatione
1501 379 1650 410 rationis:
1674 377 1832 415 arbitrati,
1856 376 1890 408 id

1010 423 1133 460 sentiri,
1153 430 1187 452 ut
1203 422 1362 459 calorem,
1380 420 1479 460 frigus
1492 443 1501 459 ,
1525 419 1664 458 famem,
1687 418 1766 450 sitim
1779 442 1787 457 ,
1811 419 1890 449 alia-t

1011 467 1158 504 duosque
1175 462 1236 493 effe
1254 461 1318 501 ejus
1335 461 1487 492 effectus:
1506 470 1600 492 unum
1619 469 1771 501 appetere
1788 458 1890 491 Natu-

1010 516 1052 537 rae
1075 504 1305 541 consentaneu3
1329 504 1462 534 alterum
1488 503 1647 534 declinare
1667 503 1694 533 ei
1717 502 1889 533 contraria.

1011 546 1071 578 csse
1088 556 1167 577 vero
1184 546 1251 576 haec
1267 545 1370 575 omnis
1389 545 1487 575 divini
1507 545 1536 575 ἃ
1562 545 1689 575 humani
1707 544 1782 582 juris
1806 544 1891 585 prin·

1011 590 1110 628 cipis,
1134 588 1195 628 ipsa
1213 596 1276 618 non
1297 595 1313 616 a
1336 584 1497 625 disciplina
1521 594 1575 616 aut
1594 585 1810 623 institutione,
1835 584 1888 615 vel

1011 631 1084 661 inde
1098 628 1337 668 lique1·c:quod
1355 628 1422 658 llaec
1439 627 1501 658 line
1513 626 1692 658 discrimine
1710 634 1806 666 agunt
1822 634 1890 657 non

1010 673 1110 702 modo
1135 679 1246 701 omnes
1271 670 1415 700 homines
1437 669 1537 700 statim
1563 677 1599 698 ac
1632 669 1694 698 nati
1723 671 1811 705 lunt,
1835 666 1889 698 sed

1010 721 1124 743 caetera
1140 720 1268 752 quoque
1286 711 1448 748 animalia,
1467 719 1563 750 atque
1582 711 1643 746 ita,
1662 717 1694 739 ut
1711 708 1787 739 nihil
1806 708 1890 739 aliud

1010 753 1129 791 sciant,
1155 761 1208 783 aut
1224 753 1359 791 posunt,
1384 761 1476 791 quam
1495 751 1578 791 sequi
1596 750 1667 792 ipsis
1687 750 1770 780 bona
1787 749 1817 780 dt
1838 748 1890 779 fu-

1010 804 1085 835 gere
1102 795 1191 825 mala.
1219 794 1317 833 Igitur
1343 794 1500 833 lpefitetur
1526 793 1646 830 homo,
1670 800 1826 832 quatenus
1842 790 1889 822 est

1010 836 1141 874 anima13
1160 836 1279 874 ejtisjus
1291 835 1399 865 finitur
1412 835 1543 865 naturali
1555 833 1708 866 facultate
1721 832 1891 871 sentiendi,

1012 877 1205 916 appetendi,
1223 876 1384 915 fugiendi,
1402 876 1515 906 edendi
1527 900 1535 913 ‚
1553 875 1703 913 bibendi,
1720 875 1889 913 movendi,

1011 918 1194 958 generandi.
1211 916 1383 954 aenestio,
1400 927 1436 947 an
1450 917 1666 948 liucintendat
1684 917 1745 947 hoc
1758 914 1886 956 Ulpiani

1012 962 1038 990 ci.
1061 959 1075 988 l
1094 958 1154 999 1.§.
1169 969 1197 997 2.
1218 957 1301 988 Hinc
1319 958 1459 997 descendit
1477 961 1564 989 rizczris
1581 965 1667 999 atque
1681 959 1806 997 faemince
1822 967 1889 988 con-

1006 999 1121 1042 jmzflio
1138 1009 1224 1040 qnam
1240 1008 1291 1029 rios
1315 1000 1532 1030 iiiazrimoriiuiiz
1558 1000 1750 1040 appellamus:
1772 999 1838 1029 hinc
1854 999 1888 1029 li-

1011 1044 1140 1072 herorum
1154 1040 1331 1080 procreatio,
1355 1041 1422 1070 hinc
1443 1042 1582 1071 edm-ario.
1623 1041 1762 1072 Videmus
1786 1042 1890 1071 etenim

1012 1089 1112 1114 caetero
1129 1090 1238 1123 quoque
1253 1081 1393 1111 animalia
1404 1104 1412 1117 ,
1428 1081 1514 1121 serus
1529 1083 1615 1112 etiam
1626 1105 1634 1120 ‚
1652 1080 1735 1122 istius
1748 1082 1826 1123 juris
1838 1088 1890 1121 pe-

1011 1126 1081 1155 ritia
1098 1125 1216 1163 censeri.
1262 1121 1314 1153 Sic
1334 1121 1510 1162 Ulpianus:
1543 1132 1658 1164 atque,
1691 1124 1824 1164 opinor,
1848 1123 1889 1153 ab

1013 1165 1198 1196 Aristotele:
1223 1164 1311 1204 cujus
1337 1164 1386 1195 lib.
1420 1173 1445 1195 1.
1473 1163 1519 1194 De
1542 1166 1685 1204 republica
1701 1175 1724 1196 c.
1744 1175 1771 1195 ρ.
1791 1164 1889 1195 verba

1011 1206 1079 1237 haec
1098 1206 1176 1237 sunt.
1200 1204 1317 1245 Neceffe
1334 1206 1425 1246 igilur
1439 1203 1495 1244 est:
1507 1207 1635 1245 primum
1651 1215 1694 1236 eos
1704 1205 1889 1246 conjungi&

1011 1247 1158 1289 copulari,
1177 1257 1298 1288 quorum
1313 1246 1436 1277 alierum
1446 1245 1512 1283 sine
1529 1248 1616 1277 altero
1633 1246 1684 1287 effe
1702 1257 1758 1277 nori
1776 1245 1888 1287 polest,

1011 1297 1044 1320 ut
1059 1299 1165 1320 murem
1183 1288 1218 1323 ἐξ)
1229 1289 1382 1328 foeminam
1396 1289 1602 1328 procreationis
1618 1289 1713 1325 causa.
1738 1295 1824 1329 atque
1840 1290 1892 1319 hoc

1010 1341 1068 1362 riori
1085 1340 1119 1363 ex
1137 1330 1248 1368 confilio
1259 1328 1536 1370 proficiscitur:sed
1553 1331 1790 1370 quemadmodum
1809 1329 1889 1363 &in

1010 1373 1077 1404 aliis
1092 1373 1289 1403 quiritantibus
1306 1369 1492 1412 &stirpibus
1513 1372 1647 1402 naturale
1662 1370 1720 1412 est,
1745 1371 1801 1402 lale
1817 1371 1889 1401 alle-

1010 1415 1186 1454 rum‚qu[zle
1202 1413 1294 1452 ipsum
1310 1412 1364 1452 fit,
1379 1420 1481 1453 cupere
1498 1412 1666 1454 relinquere.
1691 1413 1815 1452 Aliquis
1831 1413 1891 1443 mi-

1011 1464 1116 1493 retur,
1141 1456 1179 1486 ab
1210 1454 1348 1495 Ulpiano
1374 1463 1438 1486 non
1466 1453 1532 1485 fieri
1550 1454 1603 1485 hic
1621 1456 1819 1486 mentionem
1837 1455 1890 1485 de-

1012 1495 1163 1528 fenlionis
1187 1496 1239 1528 sui.
1287 1496 1329 1527 At
1354 1505 1415 1526 nec
1437 1495 1475 1526 fit
1499 1503 1688 1527 caeterorum
1715 1505 1786 1535 quae
1802 1496 1889 1533 dixi,

1013 1539 1155 1570 mentio:
1180 1538 1291 1577 &jam
1317 1537 1426 1567 notavi
1449 1537 1496 1567 lib.
1526 1546 1551 1567 1.
1580 1537 1776 1567 Probabilium
1800 1547 1824 1567 c.
1848 1547 1888 1576 5:

1014 1581 1101 1620 quod
1119 1580 1268 1611 affectum
1288 1579 1473 1610 tendentem
1491 1580 1528 1609 ad
1547 1576 1590 1608 sui
1609 1577 1891 1609 conservationem

1012 1622 1121 1662 primis
1148 1620 1280 1652 Naturae
1304 1620 1433 1658 deberi,
1457 1619 1541 1650 ultro
1560 1619 1701 1658 liquebat
1716 1619 1890 1651 omnibus:

1012 1663 1063 1694 sed
1074 1664 1112 1694 de
1129 1663 1221 1693 maris
1233 1662 1262 1693 ἃ
1274 1661 1416 1693 foeminae
1434 1661 1680 1700 conjunctione,
1700 1660 1889 1692 liberorum-

1013 1713 1075 1745 que
1107 1704 1317 1741 educatione,
1343 1712 1360 1733 a
1375 1702 1560 1742 quibusdam
1579 1701 1790 1733 dubitabatur.
1813 1702 1891 1733 alte-

1011 1756 1080 1778 rum
1104 1747 1198 1786 igitur
1222 1746 1345 1777 moneri
1371 1744 1561 1784 oportebat:
1586 1744 1718 1775 alterum
1742 1743 1888 1782 moneri,

1013 1787 1090 1819 nihil
1113 1787 1278 1818 attinebat.
1325 1785 1456 1817 Interim
1475 1795 1537 1816 non
1559 1785 1669 1816 inutile
1686 1784 1783 1815 fuerit
1800 1784 1891 1825 sciri,

1015 1830 1092 1860 tales
1118 1827 1246 1860 Natus-ce
1272 1828 1395 1867 regulas
1420 1835 1591 1867 motusque
1608 1827 1647 1857 de
1670 1827 1785 1867 quibus
1802 1825 1891 1864 dixi,

1015 1871 1045 1901 ὃς
1062 1870 1194 1908 ssmiles,
1219 1870 1291 1910 quia
1308 1870 1338 1900 se
1354 1869 1472 1900 habent
1488 1868 1580 1899 instar
1596 1869 1702 1908 legum
1714 1892 1723 1906 ‚
1741 1877 1806 1899 non
1825 1877 1890 1899 ma-

1016 1913 1063 1950 le,
1088 1921 1192 1952 neque
1210 1920 1325 1952 praeter
1341 1909 1450 1947 usum,
1472 1910 1558 1950 leges
1583 1910 1613 1941 δε
1632 1911 1699 1949 J‘ura
1722 1909 1887 1950 appellari.

1015 1963 1086 1984 nam
1111 1953 1140 1984 ὅ(
1158 1954 1198 1984 de
1214 1962 1308 1991 apum
1335 1951 1531 1989 actionibus,
1555 1951 1594 1982 ab
1619 1959 1739 1981 aeterno
1763 1950 1793 1981 &
1809 1959 1889 1982 con-

1014 1994 1115 2026 stante
1137 1992 1267 2025 Naturae
1296 2001 1386 2025 motu
1410 1992 1625 2033 instinctuque
1650 1991 1889 2032 pendentibus,

1014 2035 1055 2067 sic
1078 2035 1226 2077 Virgilius
1246 2036 1293 2065 lib.
1307 2045 1335 2072 4.
1354 2035 1485 2075 Georgic.
1502 2034 1576 2075 vers.
1598 2042 1663 2073 154.

1057 2095 1068 2101 -
1090 2096 1101 2102 -
1126 2095 1136 2102 -
1161 2078 1345 2117 sliagizisque
1363 2076 1545 2117 agitanssub
1559 2076 1668 2115 legions
1683 2083 1786 2105 aevum.

1014 2118 1139 2150 Eodem
1158 2117 1241 2149 sensu
1261 2116 1396 2148 Ovidius
1408 2140 1417 2155 ‚
1442 2116 1490 2147 De
1506 2118 1624 2148 remedio
1639 2126 1729 2147 unior.
1749 2115 1794 2152 vl}
1813 2119 1885 2153 269.

1058 2161 1175 2193 Vertere
1191 2169 1252 2200 quoe
1265 2164 1377 2199 poteras
1395 2158 1518 2189 homines
1535 2158 1566 2188 in
1583 2157 1658 2188 mille
1670 2157 1797 2199 figuras.

1096 2201 1169 2233 Non
1180 2207 1293 2241 polenis
1309 2201 1401 2231 animi
1413 2206 1523 2230 vertere
1531 2200 1605 2240 jura
1622 2200 1678 2230 tui.

1014 2244 1135 2276 Seneca
1154 2251 1284 2282 quoque
1300 2241 1346 2274 lib.
1367 2251 1393 2272 2.
1414 2240 1515 2272 Deira
1530 2251 1554 2272 c.
1573 2242 1621 2281 27.
1645 2239 1717 2272 Non
1733 2250 1785 2271 nos
1800 2239 1896 2275 causat

1016 2286 1120 2316 mundo
1130 2285 1230 2323 sumus
1246 2284 1360 2314 hiemem
1377 2279 1556 2323 testatemque
1571 2283 1722 2319 referendi.
1739 2285 1813 2321 sutis
1829 2280 1887 2323 istm

1014 2327 1085 2367 leges
1104 2326 1205 2356 habent
1221 2326 1324 2366 quibus
1340 2325 1445 2355 divina
1460 2330 1640 2355 exercemur.
1685 2322 1771 2353 Idem
1789 2322 1838 2354 lib.
1854 2333 1885 2363 4.

1013 2369 1061 2398 lje
1080 2366 1193 2406 benefic.
1215 2377 1239 2397 c.
1263 2375 1308 2397 12.
1352 2367 1425 2396 Cum
1443 2367 1583 2397 creditum
1599 2365 1737 2400 dicimus,
1761 2365 1888 2406 imagine

1013 2409 1049 2443 &P
1068 2407 1253 2446 transtatione
1273 2408 1394 2438 utimur.
1412 2405 1457 2444 fic
1476 2407 1512 2440 δ’
1532 2406 1618 2447 legerit
1633 2402 1788 2447 injustique
1803 2415 1888 2447 regu-

1014 2452 1070 2481 lum
1091 2449 1151 2490 effe.
1169 2450 1205 2480 acl
1221 2449 1279 2480 hcet
1294 2451 1379 2479 veroa
1389 2447 1610 2488 demonstranda·
1619 2448 1660 2476 rei
1677 2451 1762 2487 causa
1777 2447 1888 2483 descen-

1012 2493 1115 2522 dimus.
1146 2490 1284 2531 Exposui
1303 2489 1432 2521 Naturae
1450 2490 1498 2529 jus
1516 2498 1555 2519 ex
1574 2488 1727 2519 sententia
1745 2486 1886 2529 Ulpiani.

1052 2533 1193 2573 Sequens
1212 2532 1362 2562 transsatus
1378 2532 1437 2561 erit
1448 2531 1487 2561 de
1501 2531 1569 2569 jure
1587 2530 1747 2569 gentium:
1771 2530 1801 2560 in
1820 2539 1886 2570 quo

1012 2575 1175 2606 hominem
1189 2582 1254 2604 non
1271 2581 1304 2603 ut
1322 2572 1434 2603 animal
1446 2595 1454 2607 ,
1474 2570 1525 2601 sed
1537 2579 1571 2601 ut
1588 2571 1770 2609 hominem,
1789 2570 1890 2602 socie-

1013 2618 1085 2646 tatis
1098 2623 1255 2654 tamquam
1267 2613 1318 2644 fibi
1338 2614 1421 2644 utilis
1434 2613 1463 2644 ὅ(
1474 2612 1649 2643 neceffariae
1659 2621 1896 2653 ,appetentem

1014 2657 1162 2698 spectari,
1180 2655 1332 2694 Ulpianus
1350 2654 1488 2694 postulat
1506 2655 1534 2684 (l.
1550 2654 1569 2685 l.
1585 2663 1610 2685 1.
1628 2653 1656 2696 §.
1677 2663 1705 2693 4.
1726 2656 1753 2685 b.
1774 2660 1795 2685 t.
1816 2664 1886 2685 ver-

1017 2699 1063 2729 bis
1082 2698 1302 2737 sequentibus:
1327 2696 1387 2736 Jus
1401 2696 1532 2736 gentium
1550 2693 1588 2736 eft
1603 2705 1656 2736 quo
1670 2701 1769 2737 gemes
1785 2695 1886 2726 huma-

1016 2749 1058 2770 ⁷7oe
1072 2745 1210 2770 uruntur.
1234 2738 1309 2778 quod
1332 2748 1349 2768 a
1368 2737 1500 2768 nacziralz'
1513 2738 1656 2774 recedere,
1672 2737 1766 2776 facile
1779 2736 1886 2767 intelli-

1012 2791 1080 2821 gere
1099 2780 1181 2810 licei:
1203 2781 1272 2819 quia
1289 2778 1362 2809 illud
1382 2780 1510 2809 omnibus
1533 2778 1725 2815 animalibus,
1750 2779 1799 2808 hoe
1812 2776 1885 2815 solis·

1015 2822 1175 2852 hominihus
1192 2822 1267 2850 inter
1276 2821 1302 2854 se
1316 2830 1461 2851 commune
1469 2818 1521 2857 stt.
1539 2821 1645 2859 Atque
1656 2820 1698 2850 ita
1715 2818 1776 2855 cst,
1796 2817 1885 2857 quod

1012 2863 1059 2903 jus
1076 2862 1219 2902 gentium
1239 2859 1378 2901 Ulpiano
1388 2861 1520 2898 dicitur,
1542 2861 1705 2902 proprium
1723 2859 1767 2889 est
1784 2857 1887 2887 homi-

1014 2913 1099 2934 num.
1124 2912 1188 2934 non
1214 2903 1259 2934 est
1282 2912 1454 2935 commune
1476 2911 1664 2933 caeterorum
1681 2899 1884 2931 animalium:

1014 2945 1091 2976 ficut
1108 2953 1168 2975 nec
1184 2953 1292 2976 eorum
1310 2945 1355 2976 est
1372 2944 1456 2976 reeta
1472 2946 1551 2975 ratio
1571 2943 1657 2982 cujus
1674 2941 1819 2971 examine
1835 2940 1885 2969 vis

1010 2986 1086 3026 juris
1103 2986 1245 3026 gentium
1268 2986 1464 3027 intelligitur.
1495 2985 1584 3016 dedit
1601 2982 1746 3013 nimirum
1766 2979 1888 3025 Divina

1013 3027 1214 3067 providentia
1231 3028 1401 3068 unicuique
1425 3027 1547 3058 homini
1568 3024 1734 3067 animalem
1763 3020 1885 3053 lensum

1012 3069 1089 3100 boni
1106 3070 1135 3099 &
1153 3069 1222 3100 mali
1235 3079 1245 3107 ;
1260 3070 1324 3109 ejus
1340 3079 1420 3100 vero
1436 3067 1646 3099 differentiam
1664 3072 1735 3102 quia
1753 3061 1889 3093 Natura>

1012 3110 1172 3142 instinctus
1183 3119 1246 3141 non
1264 3120 1413 3151 perteque
1425 3108 1591 3143 discernit,
1608 3105 1713 3135 multis
1726 3105 1825 3144 prima
1840 3102 1885 3134 fa·

1011 3151 1059 3183 cie
1075 3151 1167 3182 bonis
1179 3160 1247 3190 quae
1267 3152 1335 3192 post
1355 3149 1637 3191 deprehenduntur
1653 3145 1751 3184 mala,
1767 3145 1796 3175 ἂ
1808 3154 1886 3176 con-

1010 3200 1055 3225 tra
1069 3193 1156 3226 malis
1175 3195 1281 3233 primo
1308 3192 1455 3234 adschtu
1475 3198 1544 3229 quoe
1574 3188 1656 3219 bona
1681 3185 1742 3218 effe
1766 3187 1887 3217 deinde

1174 3245 1189 3258 0

1174 3260 1191 3266 ,,
1785 3237 1883 3260 CVQH-
