<?xml version="1.0" encoding="UTF-8"?>
<!DOCTYPE html PUBLIC "-//W3C//DTD XHTML 1.0 Transitional//EN"
    "http://www.w3.org/TR/xhtml1/DTD/xhtml1-transitional.dtd">
<html xmlns="http://www.w3.org/1999/xhtml" xml:lang="en" lang="en">
 <head>
  <title>
</title>
<meta http-equiv="Content-Type" content="text/html;charset=utf-8" />
  <meta name='ocr-system' content='tesseract 3.04.00' />
  <meta name='ocr-capabilities' content='ocr_page ocr_carea ocr_par ocr_line ocrx_word'/>
</head>
<body>
  <div class='ocr_page' id='page_1' title='image "./gerardinoodtnovi00nood_0156.png"; bbox 0 0 2052 3487; ppageno 0'>
   <div class='ocr_carea' id='block_1_1' title="bbox 804 79 1398 118">
    <p class='ocr_par' dir='ltr' id='par_1_1' title="bbox 804 79 1398 118">
     <span class='ocr_line' id='line_1_1' title="bbox 804 79 1398 118; baseline -0.034 1"><span class='ocrx_word' id='word_1_1' title='bbox 804 82 1118 118; x_wconf 73' lang='lat' dir='ltr'>GERAR1&gt;1</span> <span class='ocrx_word' id='word_1_2' title='bbox 1168 79 1398 116; x_wconf 69' lang='lat' dir='ltr'>NOODT</span> 
     </span>
    </p>
   </div>
   <div class='ocr_carea' id='block_1_2' title="bbox 211 116 280 150">
    <p class='ocr_par' dir='ltr' id='par_1_2' title="bbox 211 116 280 150">
     <span class='ocr_line' id='line_1_2' title="bbox 211 116 280 150; baseline -0.029 -8"><span class='ocrx_word' id='word_1_3' title='bbox 211 116 280 150; x_wconf 76' lang='lat'>130</span> 
     </span>
    </p>
   </div>
   <div class='ocr_carea' id='block_1_3' title="bbox 200 166 1073 638">
    <p class='ocr_par' dir='ltr' id='par_1_3' title="bbox 618 166 1069 216">
     <span class='ocr_line' id='line_1_3' title="bbox 618 166 1069 216; baseline -0.02 -9"><span class='ocrx_word' id='word_1_4' title='bbox 618 173 773 216; x_wconf 85' lang='lat' dir='ltr'>Ulpianus</span> <span class='ocrx_word' id='word_1_5' title='bbox 794 170 908 202; x_wconf 85' lang='lat' dir='ltr'>definit</span> <span class='ocrx_word' id='word_1_6' title='bbox 924 169 950 216; x_wconf 81' lang='lat' dir='ltr'>¹l.</span> <span class='ocrx_word' id='word_1_7' title='bbox 970 177 1016 209; x_wconf 86' lang='lat'>13.</span> <span class='ocrx_word' id='word_1_8' title='bbox 1039 166 1069 208; x_wconf 84' lang='lat'><em>§.</em></span> 
     </span>
    </p>

    <p class='ocr_par' dir='ltr' id='par_1_4' title="bbox 200 209 1073 638">
     <span class='ocr_line' id='line_1_4' title="bbox 416 209 1070 259; baseline -0.031 0"><span class='ocrx_word' id='word_1_9' title='bbox 416 229 425 259; x_wconf 91' lang='lat' dir='ltr'>l</span> <span class='ocrx_word' id='word_1_10' title='bbox 467 223 549 256; x_wconf 78' lang='lat' dir='ltr'>malo.</span> <span class='ocrx_word' id='word_1_11' title='bbox 591 217 654 250; x_wconf 86' lang='lat' dir='ltr'>Sed</span> <span class='ocrx_word' id='word_1_12' title='bbox 678 215 699 247; x_wconf 82' lang='lat' dir='ltr'>fi</span> <span class='ocrx_word' id='word_1_13' title='bbox 721 213 896 244; x_wconf 85' lang='lat' dir='ltr'>admodum</span> <span class='ocrx_word' id='word_1_14' title='bbox 922 209 1070 250; x_wconf 84' lang='lat' dir='ltr'>impubes</span> 
     </span>
     <span class='ocr_line' id='line_1_5' title="bbox 211 232 1071 303; baseline -0.033 5"><span class='ocrx_word' id='word_1_15' title='bbox 211 246 237 270; x_wconf 75' lang='lat' dir='ltr'>t.</span> <span class='ocrx_word' id='word_1_16' title='bbox 260 234 303 295; x_wconf 46' lang='grc' dir='ltr'>Ρ.</span> <span class='ocrx_word' id='word_1_17' title='bbox 328 232 413 303; x_wconf 50' lang='lat' dir='ltr'>dego</span> <span class='ocrx_word' id='word_1_18' title='bbox 427 238 540 301; x_wconf 60' lang='lat' dir='ltr'>olacet,</span> <span class='ocrx_word' id='word_1_19' title='bbox 573 267 646 291; x_wconf 85' lang='lat' dir='ltr'>euin</span> <span class='ocrx_word' id='word_1_20' title='bbox 664 264 729 303; x_wconf 78' lang='lat' dir='ltr'>non</span> <span class='ocrx_word' id='word_1_21' title='bbox 752 253 814 285; x_wconf 86' lang='lat' dir='ltr'>esse</span> <span class='ocrx_word' id='word_1_22' title='bbox 832 254 897 299; x_wconf 74' lang='lat' dir='ltr'>doli</span> <span class='ocrx_word' id='word_1_23' title='bbox 919 259 1071 291; x_wconf 82' lang='lat' dir='ltr'>capacem</span> 
     </span>
     <span class='ocr_line' id='line_1_6' title="bbox 206 279 1070 358; baseline -0.034 -8"><span class='ocrx_word' id='word_1_24' title='bbox 206 279 242 351; x_wconf 59' lang='lat' dir='ltr'>{it</span> <span class='ocrx_word' id='word_1_25' title='bbox 260 301 270 316; x_wconf 63' lang='lat'><em>³</em></span> <span class='ocrx_word' id='word_1_26' title='bbox 296 283 377 358; x_wconf 48' lang='grc' dir='ltr'>ἰξὸξ.</span> <span class='ocrx_word' id='word_1_27' title='bbox 402 279 445 342; x_wconf 71' lang='lat' dir='ltr'><em>Dp.</em></span> <span class='ocrx_word' id='word_1_28' title='bbox 467 309 499 338; x_wconf 80' lang='lat' dir='ltr'>de</span> <span class='ocrx_word' id='word_1_29' title='bbox 509 301 659 344; x_wconf 83' lang='lat' dir='ltr'>sepulchro</span> <span class='ocrx_word' id='word_1_30' title='bbox 675 296 805 328; x_wconf 75' lang='lat' dir='ltr'>violato:</span> <span class='ocrx_word' id='word_1_31' title='bbox 838 294 994 340; x_wconf 31' lang='lat' dir='ltr'>quia—(ut.</span> <span class='ocrx_word' id='word_1_32' title='bbox 1009 291 1070 338; x_wconf 75' lang='lat' dir='ltr'>lm-</span> 
     </span>
     <span class='ocr_line' id='line_1_7' title="bbox 221 329 1071 394; baseline -0.034 -3"><span class='ocrx_word' id='word_1_33' title='bbox 221 344 227 351; x_wconf 44' lang='lat'><strong>¹</strong></span> <span class='ocrx_word' id='word_1_34' title='bbox 246 329 336 390; x_wconf 54' lang='lat' dir='ltr'>s{ator</span> <span class='ocrx_word' id='word_1_35' title='bbox 356 349 546 394; x_wconf 87' lang='lat' dir='ltr'>Justinianus</span> <span class='ocrx_word' id='word_1_36' title='bbox 568 343 611 374; x_wconf 87' lang='lat' dir='ltr'>ait</span> <span class='ocrx_word' id='word_1_37' title='bbox 632 340 660 381; x_wconf 85' lang='lat'><em>§.</em></span> <span class='ocrx_word' id='word_1_38' title='bbox 685 348 731 384; x_wconf 76' lang='lat'>¹0:</span> <span class='ocrx_word' id='word_1_39' title='bbox 745 378 749 383; x_wconf 34' lang='grc' dir='ltr'>Ι</span> <span class='ocrx_word' id='word_1_40' title='bbox 763 334 835 382; x_wconf 77' lang='lat' dir='ltr'>Infl.</span> <span class='ocrx_word' id='word_1_41' title='bbox 851 336 894 382; x_wconf 52' lang='lat' dir='ltr'>de</span> <span class='ocrx_word' id='word_1_42' title='bbox 916 332 1071 380; x_wconf 36' lang='lat' dir='ltr'>tnutt&#39;lzhus</span> 
     </span>
     <span class='ocr_line' id='line_1_8' title="bbox 200 371 1071 456; baseline -0.037 -24"><span class='ocrx_word' id='word_1_43' title='bbox 200 371 456 443; x_wconf 48' lang='lat' dir='ltr'>stipulationibus)</span> <span class='ocrx_word' id='word_1_44' title='bbox 477 386 580 418; x_wconf 85' lang='lat' dir='ltr'>infans</span> <span class='ocrx_word' id='word_1_45' title='bbox 593 385 726 455; x_wconf 47' lang='lat' dir='ltr'>3fcioqgi</span> <span class='ocrx_word' id='word_1_46' title='bbox 741 380 886 450; x_wconf 41' lang='lat' dir='ltr'>difiaaliittlae</span> <span class='ocrx_word' id='word_1_47' title='bbox 905 383 1071 456; x_wconf 52' lang='grc' dir='ltr'>ρεγὲκὲῐέἒέ</span> 
     </span>
     <span class='ocr_line' id='line_1_9' title="bbox 206 431 1070 514; baseline -0.035 1"><span class='ocrx_word' id='word_1_48' title='bbox 206 442 278 514; x_wconf 33' lang='grc' dir='ltr'>ζὴ)</span> <span class='ocrx_word' id='word_1_49' title='bbox 307 431 657 511; x_wconf 45' lang='lat' dir='ltr'>ssgginiaeqlitttiigngupplrh</span> <span class='ocrx_word' id='word_1_50' title='bbox 687 461 808 494; x_wconf 86' lang='lat' dir='ltr'>nullum</span> <span class='ocrx_word' id='word_1_51' title='bbox 835 441 955 504; x_wconf 74' lang='lat' dir='ltr'>babent</span> <span class='ocrx_word' id='word_1_52' title='bbox 978 456 1070 487; x_wconf 90' lang='lat' dir='ltr'>intel-</span> 
     </span>
     <span class='ocr_line' id='line_1_10' title="bbox 209 490 1070 557; baseline -0.035 -2"><span class='ocrx_word' id='word_1_53' title='bbox 209 490 335 557; x_wconf 53' lang='lat' dir='ltr'>lucl&#39;tuiisrln.</span> <span class='ocrx_word' id='word_1_54' title='bbox 379 515 496 554; x_wconf 89' lang='lat' dir='ltr'><strong>Neque</strong></span> <span class='ocrx_word' id='word_1_55' title='bbox 518 507 622 541; x_wconf 82' lang='lat' dir='ltr'>obstat</span> <span class='ocrx_word' id='word_1_56' title='bbox 639 529 660 551; x_wconf 33' lang='lat'>‚⁸</span> <span class='ocrx_word' id='word_1_57' title='bbox 682 503 769 551; x_wconf 79' lang='lat' dir='ltr'>quod</span> <span class='ocrx_word' id='word_1_58' title='bbox 794 510 871 546; x_wconf 74' lang='lat' dir='ltr'>moi&lt;</span> <span class='ocrx_word' id='word_1_59' title='bbox 897 499 983 530; x_wconf 90' lang='lat' dir='ltr'>idem</span> <span class='ocrx_word' id='word_1_60' title='bbox 1009 497 1070 529; x_wconf 88' lang='lat' dir='ltr'>Im-</span> 
     </span>
     <span class='ocr_line' id='line_1_11' title="bbox 221 535 1073 595; baseline -0.036 2"><span class='ocrx_word' id='word_1_61' title='bbox 221 535 238 556; x_wconf 62' lang='grc' dir='ltr'><em>ε</em></span> <span class='ocrx_word' id='word_1_62' title='bbox 267 568 336 595; x_wconf 87' lang='lat' dir='ltr'>ator</span> <span class='ocrx_word' id='word_1_63' title='bbox 362 557 450 589; x_wconf 86' lang='lat' dir='ltr'>addit</span> <span class='ocrx_word' id='word_1_64' title='bbox 469 577 479 593; x_wconf 91' lang='lat'>,</span> <span class='ocrx_word' id='word_1_65' title='bbox 511 552 542 583; x_wconf 93' lang='lat' dir='ltr'>in</span> <span class='ocrx_word' id='word_1_66' title='bbox 569 555 724 591; x_wconf 57' lang='lat' dir='ltr'>prommie</span> <span class='ocrx_word' id='word_1_67' title='bbox 751 543 1073 589; x_wconf 28' lang='lat' dir='ltr'>infantiaerr-optcr</span> 
     </span>
     <span class='ocr_line' id='line_1_12' title="bbox 208 574 1073 638; baseline -0.035 1"><span class='ocrx_word' id='word_1_68' title='bbox 208 574 319 638; x_wconf 57' lang='lat' dir='ltr'>{gir-um</span> <span class='ocrx_word' id='word_1_69' title='bbox 336 599 526 632; x_wconf 76' lang='lat' dir='ltr'>Utilitatem,</span> <span class='ocrx_word' id='word_1_70' title='bbox 553 591 620 623; x_wconf 80' lang='lat' dir='ltr'>fici-i</span> <span class='ocrx_word' id='word_1_71' title='bbox 639 589 859 626; x_wconf 83' lang='lat' dir='ltr'>benigniorem</span> <span class='ocrx_word' id='word_1_72' title='bbox 877 590 953 622; x_wconf 78' lang='lat' dir='ltr'>juris</span> <span class='ocrx_word' id='word_1_73' title='bbox 976 587 1073 611; x_wconf 90' lang='lat' dir='ltr'>inter-</span> 
     </span>
    </p>
   </div>
   <div class='ocr_carea' id='block_1_4' title="bbox 207 622 1073 725">
    <p class='ocr_par' dir='ltr' id='par_1_5' title="bbox 207 622 1073 725">
     <span class='ocr_line' id='line_1_13' title="bbox 231 622 1073 679; baseline -0.037 0"><span class='ocrx_word' id='word_1_74' title='bbox 231 645 422 679; x_wconf 83' lang='lat' dir='ltr'>retationem</span> <span class='ocrx_word' id='word_1_75' title='bbox 434 662 444 679; x_wconf 87' lang='lat'>,</span> <span class='ocrx_word' id='word_1_76' title='bbox 468 644 503 668; x_wconf 85' lang='lat' dir='ltr'>ut</span> <span class='ocrx_word' id='word_1_77' title='bbox 521 633 660 665; x_wconf 81' lang='lat' dir='ltr'>habeant</span> <span class='ocrx_word' id='word_1_78' title='bbox 675 629 759 674; x_wconf 78' lang='lat' dir='ltr'>idem</span> <span class='ocrx_word' id='word_1_79' title='bbox 777 626 852 671; x_wconf 78' lang='lat' dir='ltr'>juris</span> <span class='ocrx_word' id='word_1_80' title='bbox 870 647 879 662; x_wconf 93' lang='lat'>,</span> <span class='ocrx_word' id='word_1_81' title='bbox 913 622 1001 664; x_wconf 84' lang='lat' dir='ltr'>quod</span> <span class='ocrx_word' id='word_1_82' title='bbox 1019 629 1073 666; x_wconf 81' lang='lat' dir='ltr'>pu·</span> 
     </span>
     <span class='ocr_line' id='line_1_14' title="bbox 207 657 1073 725; baseline -0.036 -4"><span class='ocrx_word' id='word_1_83' title='bbox 207 657 326 720; x_wconf 54' lang='lat' dir='ltr'>bert-ati</span> <span class='ocrx_word' id='word_1_84' title='bbox 350 679 500 725; x_wconf 80' lang='lat' dir='ltr'>proximi.</span> <span class='ocrx_word' id='word_1_85' title='bbox 554 673 634 707; x_wconf 83' lang='lat' dir='ltr'>Haec</span> <span class='ocrx_word' id='word_1_86' title='bbox 658 678 743 701; x_wconf 85' lang='lat' dir='ltr'>enim</span> <span class='ocrx_word' id='word_1_87' title='bbox 771 670 908 706; x_wconf 85' lang='lat' dir='ltr'>benigne</span> <span class='ocrx_word' id='word_1_88' title='bbox 933 662 1014 694; x_wconf 68' lang='lat' dir='ltr'>facta</span> <span class='ocrx_word' id='word_1_89' title='bbox 1040 670 1073 692; x_wconf 90' lang='lat' dir='ltr'>m</span> 
     </span>
    </p>
   </div>
   <div class='ocr_carea' id='block_1_5' title="bbox 208 706 1077 1012">
    <p class='ocr_par' dir='ltr' id='par_1_6' title="bbox 208 706 1077 850">
     <span class='ocr_line' id='line_1_15' title="bbox 208 706 1074 762; baseline -0.035 0"><span class='ocrx_word' id='word_1_90' title='bbox 208 737 322 762; x_wconf 88' lang='lat' dir='ltr'>eorum</span> <span class='ocrx_word' id='word_1_91' title='bbox 342 724 511 756; x_wconf 83' lang='lat' dir='ltr'>utilitatem</span> <span class='ocrx_word' id='word_1_92' title='bbox 523 740 532 756; x_wconf 92' lang='lat'><strong>‚</strong></span> <span class='ocrx_word' id='word_1_93' title='bbox 556 724 622 747; x_wconf 91' lang='lat' dir='ltr'>non</span> <span class='ocrx_word' id='word_1_94' title='bbox 639 711 684 743; x_wconf 85' lang='lat' dir='ltr'>est</span> <span class='ocrx_word' id='word_1_95' title='bbox 702 717 814 756; x_wconf 85' lang='lat' dir='ltr'>contra</span> <span class='ocrx_word' id='word_1_96' title='bbox 832 706 971 747; x_wconf 88' lang='lat' dir='ltr'>ipsorum</span> <span class='ocrx_word' id='word_1_97' title='bbox 987 712 1074 734; x_wconf 89' lang='lat' dir='ltr'>com-</span> 
     </span>
     <span class='ocr_line' id='line_1_16' title="bbox 209 744 1074 807; baseline -0.036 -2"><span class='ocrx_word' id='word_1_98' title='bbox 209 770 342 804; x_wconf 88' lang='lat' dir='ltr'>modum</span> <span class='ocrx_word' id='word_1_99' title='bbox 359 758 565 807; x_wconf 85' lang='lat' dir='ltr'>producenda</span> <span class='ocrx_word' id='word_1_100' title='bbox 580 757 618 787; x_wconf 85' lang='lat' dir='ltr'>ad</span> <span class='ocrx_word' id='word_1_101' title='bbox 637 753 847 784; x_wconf 78' lang='lat' dir='ltr'>severitatem.</span> <span class='ocrx_word' id='word_1_102' title='bbox 891 747 994 790; x_wconf 84' lang='lat' dir='ltr'>Porro</span> <span class='ocrx_word' id='word_1_103' title='bbox 1012 744 1074 776; x_wconf 92' lang='lat' dir='ltr'>Ve-</span> 
     </span>
     <span class='ocr_line' id='line_1_17' title="bbox 211 794 1077 850; baseline -0.037 -4"><span class='ocrx_word' id='word_1_104' title='bbox 211 820 295 845; x_wconf 87' lang='lat' dir='ltr'><strong>teres</strong></span> <span class='ocrx_word' id='word_1_105' title='bbox 319 806 499 850; x_wconf 86' lang='lat' dir='ltr'>proximum</span> <span class='ocrx_word' id='word_1_106' title='bbox 518 795 678 841; x_wconf 80' lang='lat' dir='ltr'>pubertati</span> <span class='ocrx_word' id='word_1_107' title='bbox 704 799 822 823; x_wconf 80' lang='lat' dir='ltr'>vocant</span> <span class='ocrx_word' id='word_1_108' title='bbox 840 797 913 820; x_wconf 87' lang='lat' dir='ltr'>eum</span> <span class='ocrx_word' id='word_1_109' title='bbox 930 795 984 836; x_wconf 79' lang='lat' dir='ltr'>qui</span> <span class='ocrx_word' id='word_1_110' title='bbox 1004 794 1077 832; x_wconf 41' lang='lat' dir='ltr'>pro-</span> 
     </span>
    </p>

    <p class='ocr_par' dir='ltr' id='par_1_7' title="bbox 209 827 1077 1012">
     <span class='ocr_line' id='line_1_18' title="bbox 233 827 1077 893; baseline -0.036 -7"><span class='ocrx_word' id='word_1_111' title='bbox 233 865 251 886; x_wconf 84' lang='lat' dir='ltr'>e</span> <span class='ocrx_word' id='word_1_112' title='bbox 280 852 482 893; x_wconf 83' lang='lat' dir='ltr'><strong>pubertatem</strong></span> <span class='ocrx_word' id='word_1_113' title='bbox 507 840 552 873; x_wconf 89' lang='lat' dir='ltr'>est</span> <span class='ocrx_word' id='word_1_114' title='bbox 574 839 594 869; x_wconf 90' lang='lat' dir='ltr'>l.</span> <span class='ocrx_word' id='word_1_115' title='bbox 614 847 644 876; x_wconf 84' lang='lat'><em>4.</em></span> <span class='ocrx_word' id='word_1_116' title='bbox 677 834 707 877; x_wconf 87' lang='lat'><em>§.</em></span> <span class='ocrx_word' id='word_1_117' title='bbox 728 837 777 865; x_wconf 80' lang='lat'><em>26.</em></span> <span class='ocrx_word' id='word_1_118' title='bbox 805 831 846 863; x_wconf 88' lang='lat' dir='ltr'>D.</span> <span class='ocrx_word' id='word_1_119' title='bbox 871 832 904 861; x_wconf 76' lang='lat' dir='ltr'>cie</span> <span class='ocrx_word' id='word_1_120' title='bbox 928 832 984 860; x_wconf 78' lang='lat' dir='ltr'>cion</span> <span class='ocrx_word' id='word_1_121' title='bbox 1006 827 1077 858; x_wconf 75' lang='lat' dir='ltr'>malz</span> 
     </span>
     <span class='ocr_line' id='line_1_19' title="bbox 209 864 1077 930; baseline -0.036 -3"><span class='ocrx_word' id='word_1_122' title='bbox 209 864 247 930; x_wconf 54' lang='lat'>{³5⁹</span> <span class='ocrx_word' id='word_1_123' title='bbox 264 898 354 925; x_wconf 83' lang='lat' dir='ltr'>metus</span> <span class='ocrx_word' id='word_1_124' title='bbox 379 886 540 926; x_wconf 70' lang='lat' dir='ltr'>exceptione</span> <span class='ocrx_word' id='word_1_125' title='bbox 558 904 568 919; x_wconf 88' lang='lat'>,</span> <span class='ocrx_word' id='word_1_126' title='bbox 599 878 652 910; x_wconf 88' lang='lat' dir='ltr'>vel</span> <span class='ocrx_word' id='word_1_127' title='bbox 671 877 725 917; x_wconf 89' lang='lat' dir='ltr'>qui</span> <span class='ocrx_word' id='word_1_128' title='bbox 745 883 809 905; x_wconf 86' lang='lat' dir='ltr'>non</span> <span class='ocrx_word' id='word_1_129' title='bbox 827 872 963 904; x_wconf 90' lang='lat' dir='ltr'>multum</span> <span class='ocrx_word' id='word_1_130' title='bbox 982 878 999 899; x_wconf 92' lang='lat' dir='ltr'>a</span> <span class='ocrx_word' id='word_1_131' title='bbox 1023 878 1077 915; x_wconf 70' lang='lat' dir='ltr'>pii-</span> 
     </span>
     <span class='ocr_line' id='line_1_20' title="bbox 209 910 1077 968; baseline -0.036 1"><span class='ocrx_word' id='word_1_132' title='bbox 209 938 287 968; x_wconf 44' lang='lat' dir='ltr'>bere</span> <span class='ocrx_word' id='word_1_133' title='bbox 312 938 404 964; x_wconf 77' lang='lat' dir='ltr'>:etate</span> <span class='ocrx_word' id='word_1_134' title='bbox 419 924 505 959; x_wconf 86' lang='lat' dir='ltr'>abest</span> <span class='ocrx_word' id='word_1_135' title='bbox 527 924 546 955; x_wconf 88' lang='lat' dir='ltr'>l.</span> <span class='ocrx_word' id='word_1_136' title='bbox 569 930 615 959; x_wconf 79' lang='lat'>14.</span> <span class='ocrx_word' id='word_1_137' title='bbox 641 918 682 950; x_wconf 94' lang='lat' dir='ltr'>D.</span> <span class='ocrx_word' id='word_1_138' title='bbox 705 918 738 948; x_wconf 79' lang='lat' dir='ltr'>de</span> <span class='ocrx_word' id='word_1_139' title='bbox 756 910 1008 952; x_wconf 76' lang='lat' dir='ltr'>Serzatusconsulco</span> <span class='ocrx_word' id='word_1_140' title='bbox 1033 910 1077 941; x_wconf 86' lang='lat' dir='ltr'>Sz-</span> 
     </span>
     <span class='ocr_line' id='line_1_21' title="bbox 210 951 1076 1012; baseline -0.032 -1"><span class='ocrx_word' id='word_1_141' title='bbox 210 953 346 1010; x_wconf 44' lang='lat' dir='ltr'>lo‘izi&#39;ono:</span> <span class='ocrx_word' id='word_1_142' title='bbox 369 969 490 1012; x_wconf 82' lang='lat' dir='ltr'>qualis,</span> <span class='ocrx_word' id='word_1_143' title='bbox 514 964 566 1006; x_wconf 91' lang='lat' dir='ltr'>qui</span> <span class='ocrx_word' id='word_1_144' title='bbox 583 963 645 1003; x_wconf 87' lang='lat' dir='ltr'>jam</span> <span class='ocrx_word' id='word_1_145' title='bbox 673 958 828 990; x_wconf 81' lang='lat' dir='ltr'>tredecim</span> <span class='ocrx_word' id='word_1_146' title='bbox 847 960 1001 986; x_wconf 87' lang='lat' dir='ltr'>annorum</span> <span class='ocrx_word' id='word_1_147' title='bbox 1020 951 1076 983; x_wconf 90' lang='lat' dir='ltr'>est.</span> 
     </span>
    </p>
   </div>
   <div class='ocr_carea' id='block_1_6' title="bbox 211 996 1076 1052">
    <p class='ocr_par' dir='ltr' id='par_1_8' title="bbox 211 996 1076 1052">
     <span class='ocr_line' id='line_1_22' title="bbox 211 996 1076 1052; baseline -0.036 0"><span class='ocrx_word' id='word_1_148' title='bbox 211 1019 321 1052; x_wconf 66' lang='lat' dir='ltr'>auctor</span> <span class='ocrx_word' id='word_1_149' title='bbox 339 1012 414 1046; x_wconf 82' lang='lat' dir='ltr'>milii</span> <span class='ocrx_word' id='word_1_150' title='bbox 430 1007 557 1042; x_wconf 85' lang='lat' dir='ltr'>Servius</span> <span class='ocrx_word' id='word_1_151' title='bbox 574 1004 612 1037; x_wconf 84' lang='lat' dir='ltr'>ad</span> <span class='ocrx_word' id='word_1_152' title='bbox 632 1000 798 1042; x_wconf 73' lang='lat' dir='ltr'>Virgilium</span> <span class='ocrx_word' id='word_1_153' title='bbox 811 1021 821 1036; x_wconf 87' lang='lat'>‚</span> <span class='ocrx_word' id='word_1_154' title='bbox 844 996 942 1037; x_wconf 68' lang='lat' dir='ltr'>lit-leg.</span> <span class='ocrx_word' id='word_1_155' title='bbox 955 998 983 1029; x_wconf 89' lang='lat'>8.</span> <span class='ocrx_word' id='word_1_156' title='bbox 1003 997 1076 1033; x_wconf 78' lang='lat' dir='ltr'>vers.</span> 
     </span>
    </p>
   </div>
   <div class='ocr_carea' id='block_1_7' title="bbox 211 1054 419 1132">
    <p class='ocr_par' dir='ltr' id='par_1_9' title="bbox 211 1054 419 1132">
     <span class='ocr_line' id='line_1_23' title="bbox 211 1054 419 1104; baseline -0.038 -11"><span class='ocrx_word' id='word_1_157' title='bbox 211 1071 259 1104; x_wconf 80' lang='lat'><em>39.</em></span> <span class='ocrx_word' id='word_1_158' title='bbox 285 1058 336 1099; x_wconf 90' lang='lat' dir='ltr'>qui</span> <span class='ocrx_word' id='word_1_159' title='bbox 355 1054 419 1092; x_wconf 89' lang='lat' dir='ltr'>est,</span> 
     </span>
     <span class='ocr_line' id='line_1_24' title="bbox 255 1098 402 1132; baseline -0.041 1"><span class='ocrx_word' id='word_1_160' title='bbox 255 1100 341 1132; x_wconf 81' lang='lat' dir='ltr'>Alter</span> <span class='ocrx_word' id='word_1_161' title='bbox 367 1098 402 1128; x_wconf 80' lang='lat' dir='ltr'>ab</span> 
     </span>
    </p>
   </div>
   <div class='ocr_carea' id='block_1_8' title="bbox 203 180 587 237">
    <p class='ocr_par' dir='ltr' id='par_1_10' title="bbox 203 180 587 237">
     <span class='ocr_line' id='line_1_25' title="bbox 203 180 587 237; baseline -0.044 -10"><span class='ocrx_word' id='word_1_162' title='bbox 203 194 314 237; x_wconf 82' lang='lat' dir='ltr'>juriae,</span> <span class='ocrx_word' id='word_1_163' title='bbox 337 193 486 231; x_wconf 81' lang='lat' dir='ltr'>capacem</span> <span class='ocrx_word' id='word_1_164' title='bbox 505 180 566 213; x_wconf 85' lang='lat' dir='ltr'>esse</span> <span class='ocrx_word' id='word_1_165' title='bbox 578 201 587 217; x_wconf 96' lang='lat'>,</span> 
     </span>
    </p>
   </div>
   <div class='ocr_carea' id='block_1_9' title="bbox 428 1082 1078 1125">
    <p class='ocr_par' dir='ltr' id='par_1_11' title="bbox 428 1082 1078 1125">
     <span class='ocr_line' id='line_1_26' title="bbox 428 1082 1078 1125; baseline -0.037 0"><span class='ocrx_word' id='word_1_166' title='bbox 428 1090 575 1125; x_wconf 79' lang='lat' dir='ltr'>undecimo</span> <span class='ocrx_word' id='word_1_167' title='bbox 598 1092 658 1117; x_wconf 82' lang='lat' dir='ltr'>tum</span> <span class='ocrx_word' id='word_1_168' title='bbox 681 1092 723 1114; x_wconf 79' lang='lat' dir='ltr'>me</span> <span class='ocrx_word' id='word_1_169' title='bbox 747 1082 812 1124; x_wconf 80' lang='lat' dir='ltr'>jain</span> <span class='ocrx_word' id='word_1_170' title='bbox 839 1083 949 1119; x_wconf 76' lang='lat' dir='ltr'>ceperat</span> <span class='ocrx_word' id='word_1_171' title='bbox 971 1086 1078 1108; x_wconf 74' lang='lat' dir='ltr'>annus,</span> 
     </span>
    </p>
   </div>
   <div class='ocr_carea' id='block_1_10' title="bbox 207 1119 1088 3225">
    <p class='ocr_par' dir='ltr' id='par_1_12' title="bbox 207 1119 1080 1492">
     <span class='ocr_line' id='line_1_27' title="bbox 211 1119 1079 1176; baseline -0.035 0"><span class='ocrx_word' id='word_1_172' title='bbox 211 1153 282 1176; x_wconf 88' lang='lat' dir='ltr'>nam</span> <span class='ocrx_word' id='word_1_173' title='bbox 303 1140 344 1172; x_wconf 82' lang='lat' dir='ltr'>fic</span> <span class='ocrx_word' id='word_1_174' title='bbox 369 1135 484 1168; x_wconf 81' lang='lat' dir='ltr'>scribit.</span> <span class='ocrx_word' id='word_1_175' title='bbox 531 1131 565 1163; x_wconf 74' lang='lat' dir='ltr'>Icl</span> <span class='ocrx_word' id='word_1_176' title='bbox 587 1127 644 1169; x_wconf 79' lang='lat' dir='ltr'>eft,</span> <span class='ocrx_word' id='word_1_177' title='bbox 678 1126 803 1155; x_wconf 66' lang='lat' dir='ltr'>(lecimus</span> <span class='ocrx_word' id='word_1_178' title='bbox 827 1123 940 1167; x_wconf 64' lang='lat' dir='ltr'>tertius.</span> <span class='ocrx_word' id='word_1_179' title='bbox 965 1119 1037 1165; x_wconf 56' lang='lat' dir='ltr'>alter</span> <span class='ocrx_word' id='word_1_180' title='bbox 1053 1128 1079 1148; x_wconf 90' lang='lat' dir='ltr'>e-</span> 
     </span>
     <span class='ocr_line' id='line_1_28' title="bbox 214 1162 1080 1217; baseline -0.037 0"><span class='ocrx_word' id='word_1_181' title='bbox 214 1187 275 1217; x_wconf 83' lang='lat' dir='ltr'>nim</span> <span class='ocrx_word' id='word_1_182' title='bbox 292 1184 325 1214; x_wconf 80' lang='lat' dir='ltr'>tle</span> <span class='ocrx_word' id='word_1_183' title='bbox 343 1180 452 1212; x_wconf 76' lang='lat' dir='ltr'>duobus</span> <span class='ocrx_word' id='word_1_184' title='bbox 471 1175 612 1209; x_wconf 79' lang='lat' dir='ltr'>dicimur,</span> <span class='ocrx_word' id='word_1_185' title='bbox 637 1167 673 1203; x_wconf 57' lang='grc' dir='ltr'>ὅ)</span> <span class='ocrx_word' id='word_1_186' title='bbox 689 1166 754 1196; x_wconf 78' lang='lat' dir='ltr'>vult</span> <span class='ocrx_word' id='word_1_187' title='bbox 767 1162 956 1207; x_wconf 43' lang='lat' dir='ltr'>significare)</span> <span class='ocrx_word' id='word_1_188' title='bbox 970 1164 1004 1200; x_wconf 77' lang='lat' dir='ltr'>se</span> <span class='ocrx_word' id='word_1_189' title='bbox 1014 1169 1080 1201; x_wconf 67' lang='lat' dir='ltr'>jam</span> 
     </span>
     <span class='ocr_line' id='line_1_29' title="bbox 213 1204 1079 1262; baseline -0.035 -4"><span class='ocrx_word' id='word_1_190' title='bbox 213 1227 345 1258; x_wconf 78' lang='lat' dir='ltr'>vicinum</span> <span class='ocrx_word' id='word_1_191' title='bbox 362 1218 453 1262; x_wconf 79' lang='lat' dir='ltr'>fuzffe</span> <span class='ocrx_word' id='word_1_192' title='bbox 479 1213 644 1257; x_wconf 54' lang='lat' dir='ltr'>pubertati,</span> <span class='ocrx_word' id='word_1_193' title='bbox 675 1207 751 1249; x_wconf 77' lang='lat' dir='ltr'>qnod</span> <span class='ocrx_word' id='word_1_194' title='bbox 771 1208 803 1236; x_wconf 73' lang='lat' dir='ltr'>ae</span> <span class='ocrx_word' id='word_1_195' title='bbox 830 1204 1079 1250; x_wconf 58' lang='lat' dir='ltr'>diiotleczirioiinrio</span> 
     </span>
     <span class='ocr_line' id='line_1_30' title="bbox 232 1244 1076 1299; baseline -0.033 1"><span class='ocrx_word' id='word_1_196' title='bbox 232 1267 357 1299; x_wconf 73' lang='lat' dir='ltr'>recedere</span> <span class='ocrx_word' id='word_1_197' title='bbox 377 1270 433 1292; x_wconf 83' lang='lat' dir='ltr'>non</span> <span class='ocrx_word' id='word_1_198' title='bbox 453 1253 551 1299; x_wconf 72' lang='lat' dir='ltr'>potest.</span> <span class='ocrx_word' id='word_1_199' title='bbox 595 1253 669 1284; x_wconf 76' lang='lat' dir='ltr'>Bene</span> <span class='ocrx_word' id='word_1_200' title='bbox 687 1258 752 1279; x_wconf 82' lang='lat' dir='ltr'>cum</span> <span class='ocrx_word' id='word_1_201' title='bbox 775 1254 858 1277; x_wconf 72' lang='lat' dir='ltr'>aunis</span> <span class='ocrx_word' id='word_1_202' title='bbox 879 1250 982 1285; x_wconf 65' lang='lat' dir='ltr'>jungit</span> <span class='ocrx_word' id='word_1_203' title='bbox 1002 1244 1076 1272; x_wconf 72' lang='lat' dir='ltr'>hobi-</span> 
     </span>
     <span class='ocr_line' id='line_1_31' title="bbox 207 1276 1080 1346; baseline -0.036 -4"><span class='ocrx_word' id='word_1_204' title='bbox 207 1276 276 1342; x_wconf 56' lang='grc' dir='ltr'>ξων]</span> <span class='ocrx_word' id='word_1_205' title='bbox 299 1305 442 1346; x_wconf 82' lang='lat' dir='ltr'>corporis:</span> <span class='ocrx_word' id='word_1_206' title='bbox 463 1308 532 1331; x_wconf 81' lang='lat' dir='ltr'>nam</span> <span class='ocrx_word' id='word_1_207' title='bbox 548 1295 584 1331; x_wconf 61' lang='grc' dir='ltr'>ὅ)</span> <span class='ocrx_word' id='word_1_208' title='bbox 606 1297 638 1325; x_wconf 83' lang='lat' dir='ltr'>in</span> <span class='ocrx_word' id='word_1_209' title='bbox 651 1293 720 1334; x_wconf 85' lang='lat' dir='ltr'>jure</span> <span class='ocrx_word' id='word_1_210' title='bbox 738 1291 875 1330; x_wconf 75' lang='lat' dir='ltr'>pubertas</span> <span class='ocrx_word' id='word_1_211' title='bbox 897 1295 933 1316; x_wconf 79' lang='lat' dir='ltr'>ex</span> <span class='ocrx_word' id='word_1_212' title='bbox 959 1291 1080 1325; x_wconf 79' lang='lat' dir='ltr'>utroque</span> 
     </span>
     <span class='ocr_line' id='line_1_32' title="bbox 214 1350 1079 1390; baseline -0.034 -7"><span class='ocrx_word' id='word_1_213' title='bbox 214 1350 371 1388; x_wconf 69' lang='lat' dir='ltr'>colligitur.</span> <span class='ocrx_word' id='word_1_214' title='bbox 739 1372 745 1378; x_wconf 29' lang='grc' dir='ltr'>ι</span> <span class='ocrx_word' id='word_1_215' title='bbox 788 1381 810 1390; x_wconf 79' lang='lat'><em>.-</em></span> <span class='ocrx_word' id='word_1_216' title='bbox 1067 1383 1079 1390; x_wconf 49' lang='grc'><strong>.</strong></span> 
     </span>
     <span class='ocr_line' id='line_1_33' title="bbox 256 1370 1064 1424; baseline -0.037 -2"><span class='ocrx_word' id='word_1_217' title='bbox 256 1390 307 1422; x_wconf 79' lang='lat' dir='ltr'>Ex</span> <span class='ocrx_word' id='word_1_218' title='bbox 334 1388 383 1419; x_wconf 87' lang='lat' dir='ltr'>bis</span> <span class='ocrx_word' id='word_1_219' title='bbox 405 1387 535 1424; x_wconf 71' lang='lat' dir='ltr'>apparet</span> <span class='ocrx_word' id='word_1_220' title='bbox 553 1401 563 1417; x_wconf 82' lang='lat'><em>‚</em></span> <span class='ocrx_word' id='word_1_221' title='bbox 595 1386 667 1408; x_wconf 88' lang='lat' dir='ltr'>eum</span> <span class='ocrx_word' id='word_1_222' title='bbox 692 1382 746 1413; x_wconf 85' lang='lat' dir='ltr'>qui</span> <span class='ocrx_word' id='word_1_223' title='bbox 767 1370 888 1401; x_wconf 71' lang='lat' dir='ltr'>stlvum</span> <span class='ocrx_word' id='word_1_224' title='bbox 912 1374 965 1412; x_wconf 65' lang='lat' dir='ltr'>aut</span> <span class='ocrx_word' id='word_1_225' title='bbox 982 1374 1064 1407; x_wconf 82' lang='lat' dir='ltr'>pecu</span> 
     </span>
     <span class='ocr_line' id='line_1_34' title="bbox 214 1410 1080 1492; baseline -0.037 -26"><span class='ocrx_word' id='word_1_226' title='bbox 214 1434 288 1466; x_wconf 89' lang='lat' dir='ltr'>dem</span> <span class='ocrx_word' id='word_1_227' title='bbox 310 1427 421 1469; x_wconf 75' lang='lat' dir='ltr'>injuria</span> <span class='ocrx_word' id='word_1_228' title='bbox 440 1422 578 1457; x_wconf 87' lang='lat' dir='ltr'>occidit,</span> <span class='ocrx_word' id='word_1_229' title='bbox 605 1422 806 1464; x_wconf 78' lang='lat' dir='ltr'>quacumque</span> <span class='ocrx_word' id='word_1_230' title='bbox 830 1417 931 1492; x_wconf 51' lang='grc' dir='ltr'>33ὲὶῑῶ</span> <span class='ocrx_word' id='word_1_231' title='bbox 947 1410 1002 1479; x_wconf 70' lang='grc' dir='ltr'>1ηίῖ</span> <span class='ocrx_word' id='word_1_232' title='bbox 1021 1414 1080 1479; x_wconf 47' lang='lat' dir='ltr'>¹aeq-t</span> 
     </span>
     <span class='ocr_line' id='line_1_35' title="bbox 304 1472 950 1488; baseline -0.033 -10"><span class='ocrx_word' id='word_1_233' title='bbox 304 1473 310 1478; x_wconf 85' lang='lat'><em>.</em></span> <span class='ocrx_word' id='word_1_234' title='bbox 331 1473 336 1476; x_wconf 97' lang='lat'><em>.</em></span> <span class='ocrx_word' id='word_1_235' title='bbox 791 1477 798 1484; x_wconf 33' lang='lat'><strong><em>⁵</em></strong></span> <span class='ocrx_word' id='word_1_236' title='bbox 941 1472 950 1488; x_wconf 62' lang='lat'>’</span> 
     </span>
    </p>

    <p class='ocr_par' dir='ltr' id='par_1_13' title="bbox 213 1474 1082 1787">
     <span class='ocr_line' id='line_1_36' title="bbox 214 1474 1081 1548; baseline -0.032 -3"><span class='ocrx_word' id='word_1_237' title='bbox 214 1474 426 1548; x_wconf 49' lang='grc' dir='ltr'>ξῧὲἀίὶὶῗὲῃίεο,</span> <span class='ocrx_word' id='word_1_238' title='bbox 438 1515 478 1537; x_wconf 91' lang='lat' dir='ltr'>eo</span> <span class='ocrx_word' id='word_1_239' title='bbox 498 1512 562 1535; x_wconf 87' lang='lat' dir='ltr'>nori</span> <span class='ocrx_word' id='word_1_240' title='bbox 584 1509 644 1531; x_wconf 84' lang='lat' dir='ltr'>una</span> <span class='ocrx_word' id='word_1_241' title='bbox 667 1494 821 1540; x_wconf 55' lang='lat' dir='ltr'>inspectio</span> <span class='ocrx_word' id='word_1_242' title='bbox 839 1496 901 1524; x_wconf 83' lang='lat' dir='ltr'>eit:</span> <span class='ocrx_word' id='word_1_243' title='bbox 934 1499 1005 1537; x_wconf 76' lang='lat' dir='ltr'>nam</span> <span class='ocrx_word' id='word_1_244' title='bbox 1030 1489 1081 1521; x_wconf 72' lang='lat' dir='ltr'>vel</span> 
     </span>
     <span class='ocr_line' id='line_1_37' title="bbox 214 1532 1079 1590; baseline -0.037 0"><span class='ocrx_word' id='word_1_245' title='bbox 214 1558 223 1590; x_wconf 85' lang='lat' dir='ltr'>i</span> <span class='ocrx_word' id='word_1_246' title='bbox 248 1559 382 1588; x_wconf 89' lang='lat' dir='ltr'>norante</span> <span class='ocrx_word' id='word_1_247' title='bbox 398 1572 408 1587; x_wconf 89' lang='lat'>,</span> <span class='ocrx_word' id='word_1_248' title='bbox 431 1547 483 1578; x_wconf 90' lang='lat' dir='ltr'>vel</span> <span class='ocrx_word' id='word_1_249' title='bbox 502 1544 625 1579; x_wconf 90' lang='lat' dir='ltr'>invito,</span> <span class='ocrx_word' id='word_1_250' title='bbox 650 1539 701 1570; x_wconf 88' lang='lat' dir='ltr'>vel</span> <span class='ocrx_word' id='word_1_251' title='bbox 725 1537 842 1582; x_wconf 84' lang='lat' dir='ltr'>sciente</span> <span class='ocrx_word' id='word_1_252' title='bbox 860 1557 870 1572; x_wconf 91' lang='lat'>,</span> <span class='ocrx_word' id='word_1_253' title='bbox 901 1532 1079 1577; x_wconf 26' lang='lat' dir='ltr'>vel-juben-</span> 
     </span>
     <span class='ocr_line' id='line_1_38' title="bbox 215 1567 1080 1631; baseline -0.035 0"><span class='ocrx_word' id='word_1_254' title='bbox 215 1567 248 1631; x_wconf 58' lang='grc' dir='ltr'>εξ</span> <span class='ocrx_word' id='word_1_255' title='bbox 292 1594 427 1628; x_wconf 90' lang='lat' dir='ltr'>domino</span> <span class='ocrx_word' id='word_1_256' title='bbox 446 1585 580 1620; x_wconf 89' lang='lat' dir='ltr'>occidit.</span> <span class='ocrx_word' id='word_1_257' title='bbox 607 1582 636 1613; x_wconf 71' lang='grc' dir='ltr'>δι</span> <span class='ocrx_word' id='word_1_258' title='bbox 654 1580 675 1612; x_wconf 85' lang='lat' dir='ltr'>si</span> <span class='ocrx_word' id='word_1_259' title='bbox 690 1579 863 1614; x_wconf 80' lang='lat' dir='ltr'>insciente,</span> <span class='ocrx_word' id='word_1_260' title='bbox 887 1574 939 1605; x_wconf 86' lang='lat' dir='ltr'>vel</span> <span class='ocrx_word' id='word_1_261' title='bbox 954 1581 1080 1618; x_wconf 23' lang='lat' dir='ltr'>inv1to⁴‚</span> 
     </span>
     <span class='ocr_line' id='line_1_39' title="bbox 215 1615 1078 1673; baseline -0.036 0"><span class='ocrx_word' id='word_1_262' title='bbox 215 1620 349 1673; x_wconf 74' lang='lat' dir='ltr'>do’miiio</span> <span class='ocrx_word' id='word_1_263' title='bbox 368 1631 490 1665; x_wconf 88' lang='lat' dir='ltr'>occidit</span> <span class='ocrx_word' id='word_1_264' title='bbox 507 1651 517 1667; x_wconf 90' lang='lat'>,</span> <span class='ocrx_word' id='word_1_265' title='bbox 549 1632 671 1658; x_wconf 89' lang='lat' dir='ltr'>tantum</span> <span class='ocrx_word' id='word_1_266' title='bbox 698 1620 825 1653; x_wconf 88' lang='lat' dir='ltr'>dabitur</span> <span class='ocrx_word' id='word_1_267' title='bbox 845 1624 958 1662; x_wconf 81' lang='lat' dir='ltr'>contra</span> <span class='ocrx_word' id='word_1_268' title='bbox 978 1615 1078 1660; x_wconf 75' lang='lat' dir='ltr'>domi.</span> 
     </span>
     <span class='ocr_line' id='line_1_40' title="bbox 214 1657 1080 1715; baseline -0.035 -1"><span class='ocrx_word' id='word_1_269' title='bbox 214 1689 292 1715; x_wconf 91' lang='lat' dir='ltr'>num</span> <span class='ocrx_word' id='word_1_270' title='bbox 317 1674 442 1709; x_wconf 80' lang='lat' dir='ltr'>noxalis</span> <span class='ocrx_word' id='word_1_271' title='bbox 465 1670 549 1703; x_wconf 67' lang='lat' dir='ltr'>aetio</span> <span class='ocrx_word' id='word_1_272' title='bbox 566 1678 576 1698; x_wconf 68' lang='grc' dir='ltr'><strong>ι</strong></span> <span class='ocrx_word' id='word_1_273' title='bbox 606 1665 680 1706; x_wconf 87' lang='lat' dir='ltr'>quia</span> <span class='ocrx_word' id='word_1_274' title='bbox 708 1670 773 1707; x_wconf 84' lang='lat' dir='ltr'>non</span> <span class='ocrx_word' id='word_1_275' title='bbox 797 1658 908 1691; x_wconf 84' lang='lat' dir='ltr'>debuit</span> <span class='ocrx_word' id='word_1_276' title='bbox 932 1657 1080 1701; x_wconf 79' lang='lat' dir='ltr'>dominus</span> 
     </span>
     <span class='ocr_line' id='line_1_41' title="bbox 213 1697 1081 1782; baseline -0.038 -26"><span class='ocrx_word' id='word_1_277' title='bbox 213 1733 257 1756; x_wconf 81' lang='lat' dir='ltr'>ex</span> <span class='ocrx_word' id='word_1_278' title='bbox 278 1716 439 1753; x_wconf 86' lang='lat' dir='ltr'>maleficio</span> <span class='ocrx_word' id='word_1_279' title='bbox 456 1709 536 1745; x_wconf 83' lang='lat' dir='ltr'>servi</span> <span class='ocrx_word' id='word_1_280' title='bbox 553 1707 658 1782; x_wconf 47' lang='lat' dir='ltr'>qenerg</span> <span class='ocrx_word' id='word_1_281' title='bbox 672 1706 829 1778; x_wconf 64' lang='lat' dir='ltr'>lulteriIuS,</span> <span class='ocrx_word' id='word_1_282' title='bbox 844 1705 1006 1772; x_wconf 49' lang='grc' dir='ltr'>ἐυὲῗὲῃυιξ</span> <span class='ocrx_word' id='word_1_283' title='bbox 1024 1697 1081 1770; x_wconf 62' lang='grc' dir='ltr'>(ῢῖ-</span> 
     </span>
     <span class='ocr_line' id='line_1_42' title="bbox 447 1749 1082 1787; baseline -0.041 0"><span class='ocrx_word' id='word_1_284' title='bbox 447 1755 531 1787; x_wconf 89' lang='lat' dir='ltr'>edat.</span> <span class='ocrx_word' id='word_1_285' title='bbox 575 1760 605 1782; x_wconf 88' lang='lat' dir='ltr'>ie</span> <span class='ocrx_word' id='word_1_286' title='bbox 619 1758 635 1780; x_wconf 85' lang='lat' dir='ltr'>a</span> <span class='ocrx_word' id='word_1_287' title='bbox 679 1753 754 1777; x_wconf 85' lang='lat' dir='ltr'>iane</span> <span class='ocrx_word' id='word_1_288' title='bbox 783 1753 840 1784; x_wconf 87' lang='lat' dir='ltr'>ege</span> <span class='ocrx_word' id='word_1_289' title='bbox 925 1749 932 1758; x_wconf 75' lang='lat'><em>.</em></span> <span class='ocrx_word' id='word_1_290' title='bbox 1027 1782 1031 1786; x_wconf 23' lang='grc' dir='ltr'>ι</span> <span class='ocrx_word' id='word_1_291' title='bbox 1073 1755 1082 1761; x_wconf 91' lang='grc'><strong>.</strong></span> 
     </span>
    </p>

    <p class='ocr_par' dir='ltr' id='par_1_14' title="bbox 213 1756 1088 3225">
     <span class='ocr_line' id='line_1_43' title="bbox 213 1756 1085 1838; baseline -0.034 1"><span class='ocrx_word' id='word_1_292' title='bbox 213 1768 407 1838; x_wconf 52' lang='lat' dir='ltr'>vffiuisiqixbae</span> <span class='ocrx_word' id='word_1_293' title='bbox 419 1756 468 1833; x_wconf 72' lang='lat' dir='ltr'>idss.</span> <span class='ocrx_word' id='word_1_294' title='bbox 493 1795 531 1826; x_wconf 84' lang='lat' dir='ltr'>ad</span> <span class='ocrx_word' id='word_1_295' title='bbox 550 1790 699 1824; x_wconf 66' lang='lat' dir='ltr'>Edictum</span> <span class='ocrx_word' id='word_1_296' title='bbox 723 1787 743 1819; x_wconf 90' lang='lat' dir='ltr'>l.</span> <span class='ocrx_word' id='word_1_297' title='bbox 764 1795 792 1816; x_wconf 90' lang='lat'><em>2.</em></span> <span class='ocrx_word' id='word_1_298' title='bbox 817 1783 859 1815; x_wconf 91' lang='lat' dir='ltr'>D.</span> <span class='ocrx_word' id='word_1_299' title='bbox 883 1780 1085 1826; x_wconf 70' lang='lat' dir='ltr'>dcnoxolzons</span> 
     </span>
     <span class='ocr_line' id='line_1_44' title="bbox 213 1816 1083 1881; baseline -0.037 0"><span class='ocrx_word' id='word_1_300' title='bbox 213 1816 384 1881; x_wconf 50' lang='lat' dir='ltr'>Suionibus.</span> <span class='ocrx_word' id='word_1_301' title='bbox 410 1839 531 1872; x_wconf 89' lang='lat' dir='ltr'>scilicet</span> <span class='ocrx_word' id='word_1_302' title='bbox 553 1858 563 1874; x_wconf 92' lang='lat'>‚</span> <span class='ocrx_word' id='word_1_303' title='bbox 596 1842 637 1864; x_wconf 90' lang='lat' dir='ltr'>ne</span> <span class='ocrx_word' id='word_1_304' title='bbox 653 1829 730 1875; x_wconf 81' lang='lat' dir='ltr'>effet</span> <span class='ocrx_word' id='word_1_305' title='bbox 751 1828 782 1858; x_wconf 91' lang='lat' dir='ltr'>in</span> <span class='ocrx_word' id='word_1_306' title='bbox 803 1821 1083 1867; x_wconf 39' lang='lat' dir='ltr'>potestateservi)</span> 
     </span>
     <span class='ocr_line' id='line_1_45' title="bbox 216 1864 1083 1923; baseline -0.038 0"><span class='ocrx_word' id='word_1_307' title='bbox 216 1889 384 1923; x_wconf 90' lang='lat' dir='ltr'>dominum</span> <span class='ocrx_word' id='word_1_308' title='bbox 401 1888 455 1914; x_wconf 80' lang='lat' dir='ltr'>aut</span> <span class='ocrx_word' id='word_1_309' title='bbox 471 1878 628 1913; x_wconf 87' lang='lat' dir='ltr'>invitum,</span> <span class='ocrx_word' id='word_1_310' title='bbox 650 1879 702 1903; x_wconf 85' lang='lat' dir='ltr'>aut</span> <span class='ocrx_word' id='word_1_311' title='bbox 719 1873 939 1917; x_wconf 72' lang='lat' dir='ltr'>ignorantem,</span> <span class='ocrx_word' id='word_1_312' title='bbox 951 1872 995 1912; x_wconf 26' lang='lat' dir='ltr'>‘in</span> <span class='ocrx_word' id='word_1_313' title='bbox 1014 1864 1083 1893; x_wconf 75' lang='lat' dir='ltr'>inn-</span> 
     </span>
     <span class='ocr_line' id='line_1_46' title="bbox 215 1912 1083 1966; baseline -0.037 -2"><span class='ocrx_word' id='word_1_314' title='bbox 215 1932 318 1964; x_wconf 91' lang='lat' dir='ltr'>nitum</span> <span class='ocrx_word' id='word_1_315' title='bbox 337 1926 491 1966; x_wconf 83' lang='lat' dir='ltr'>obligare.</span> <span class='ocrx_word' id='word_1_316' title='bbox 533 1917 623 1961; x_wconf 87' lang='lat' dir='ltr'>Quid</span> <span class='ocrx_word' id='word_1_317' title='bbox 639 1938 648 1954; x_wconf 89' lang='lat'>,</span> <span class='ocrx_word' id='word_1_318' title='bbox 675 1912 700 1950; x_wconf 86' lang='lat' dir='ltr'>si</span> <span class='ocrx_word' id='word_1_319' title='bbox 715 1912 848 1952; x_wconf 73' lang='lat' dir='ltr'>jubente</span> <span class='ocrx_word' id='word_1_320' title='bbox 871 1913 1004 1952; x_wconf 76' lang='lat' dir='ltr'>domiuo</span> <span class='ocrx_word' id='word_1_321' title='bbox 1028 1913 1083 1951; x_wconf 65' lang='lat'>90?</span> 
     </span>
     <span class='ocr_line' id='line_1_47' title="bbox 217 1946 1083 2004; baseline -0.035 1"><span class='ocrx_word' id='word_1_322' title='bbox 217 1973 304 2004; x_wconf 81' lang='lat' dir='ltr'>cidat</span> <span class='ocrx_word' id='word_1_323' title='bbox 329 1965 468 2000; x_wconf 78' lang='lat' dir='ltr'>sei-vus?</span> <span class='ocrx_word' id='word_1_324' title='bbox 498 1961 633 2003; x_wconf 88' lang='lat' dir='ltr'>placet,</span> <span class='ocrx_word' id='word_1_325' title='bbox 666 1957 833 1997; x_wconf 80' lang='lat' dir='ltr'>domiuum</span> <span class='ocrx_word' id='word_1_326' title='bbox 852 1972 861 1988; x_wconf 97' lang='lat'><strong>‚</strong></span> <span class='ocrx_word' id='word_1_327' title='bbox 892 1957 945 1994; x_wconf 80' lang='lat' dir='ltr'>qui</span> <span class='ocrx_word' id='word_1_328' title='bbox 975 1946 1083 1992; x_wconf 86' lang='lat' dir='ltr'>occidi</span> 
     </span>
     <span class='ocr_line' id='line_1_48' title="bbox 221 1988 1082 2045; baseline -0.035 1"><span class='ocrx_word' id='word_1_329' title='bbox 221 2014 311 2045; x_wconf 81' lang='lat' dir='ltr'>‘ubet</span> <span class='ocrx_word' id='word_1_330' title='bbox 371 2007 456 2040; x_wconf 79' lang='lat' dir='ltr'>civili</span> <span class='ocrx_word' id='word_1_331' title='bbox 476 1998 743 2042; x_wconf 82' lang='lat' dir='ltr'>interpretatione</span> <span class='ocrx_word' id='word_1_332' title='bbox 763 1993 915 2036; x_wconf 85' lang='lat' dir='ltr'>occidere</span> <span class='ocrx_word' id='word_1_333' title='bbox 936 1988 1082 2028; x_wconf 85' lang='lat' dir='ltr'>intelligi.</span> 
     </span>
     <span class='ocr_line' id='line_1_49' title="bbox 219 2025 1082 2090; baseline -0.036 -2"><span class='ocrx_word' id='word_1_334' title='bbox 219 2025 385 2087; x_wconf 65' lang='lat' dir='ltr'>Jtenebi’tur</span> <span class='ocrx_word' id='word_1_335' title='bbox 410 2049 504 2090; x_wconf 83' lang='lat' dir='ltr'>igitur</span> <span class='ocrx_word' id='word_1_336' title='bbox 530 2043 678 2075; x_wconf 87' lang='lat' dir='ltr'>dominus</span> <span class='ocrx_word' id='word_1_337' title='bbox 705 2046 740 2068; x_wconf 84' lang='lat' dir='ltr'>ea</span> <span class='ocrx_word' id='word_1_338' title='bbox 766 2044 799 2066; x_wconf 93' lang='lat' dir='ltr'>in</span> <span class='ocrx_word' id='word_1_339' title='bbox 827 2033 933 2077; x_wconf 82' lang='lat' dir='ltr'>specie</span> <span class='ocrx_word' id='word_1_340' title='bbox 954 2031 1008 2060; x_wconf 86' lang='lat' dir='ltr'>suo</span> <span class='ocrx_word' id='word_1_341' title='bbox 1028 2037 1082 2060; x_wconf 84' lang='lat' dir='ltr'>no:</span> 
     </span>
     <span class='ocr_line' id='line_1_50' title="bbox 218 2079 1083 2129; baseline -0.036 0"><span class='ocrx_word' id='word_1_342' title='bbox 218 2097 305 2129; x_wconf 87' lang='lat' dir='ltr'>mine</span> <span class='ocrx_word' id='word_1_343' title='bbox 324 2095 351 2124; x_wconf 79' lang='lat' dir='ltr'>d.</span> <span class='ocrx_word' id='word_1_344' title='bbox 377 2092 395 2122; x_wconf 91' lang='lat' dir='ltr'>l.</span> <span class='ocrx_word' id='word_1_345' title='bbox 412 2101 439 2121; x_wconf 83' lang='lat'><em>2.</em></span> <span class='ocrx_word' id='word_1_346' title='bbox 464 2088 526 2120; x_wconf 86' lang='lat' dir='ltr'>Sed</span> <span class='ocrx_word' id='word_1_347' title='bbox 546 2095 582 2116; x_wconf 85' lang='lat' dir='ltr'>an</span> <span class='ocrx_word' id='word_1_348' title='bbox 603 2081 679 2114; x_wconf 84' lang='lat' dir='ltr'>servi</span> <span class='ocrx_word' id='word_1_349' title='bbox 699 2085 827 2119; x_wconf 88' lang='lat' dir='ltr'>quoque</span> <span class='ocrx_word' id='word_1_350' title='bbox 846 2080 978 2105; x_wconf 86' lang='lat' dir='ltr'>nomine</span> <span class='ocrx_word' id='word_1_351' title='bbox 994 2079 1083 2101; x_wconf 85' lang='lat' dir='ltr'>tene-</span> 
     </span>
     <span class='ocr_line' id='line_1_51' title="bbox 218 2113 1080 2170; baseline -0.036 1"><span class='ocrx_word' id='word_1_352' title='bbox 218 2139 305 2170; x_wconf 83' lang='lat' dir='ltr'>bitur</span> <span class='ocrx_word' id='word_1_353' title='bbox 324 2133 431 2167; x_wconf 76' lang='lat' dir='ltr'>noxali</span> <span class='ocrx_word' id='word_1_354' title='bbox 458 2125 606 2170; x_wconf 75' lang='lat' dir='ltr'>judicio?</span> <span class='ocrx_word' id='word_1_355' title='bbox 638 2131 702 2168; x_wconf 81' lang='lat' dir='ltr'>non</span> <span class='ocrx_word' id='word_1_356' title='bbox 720 2126 811 2165; x_wconf 66' lang='lat' dir='ltr'>putot</span> <span class='ocrx_word' id='word_1_357' title='bbox 835 2116 949 2148; x_wconf 73' lang='lat' dir='ltr'>Paulus</span> <span class='ocrx_word' id='word_1_358' title='bbox 973 2113 992 2143; x_wconf 89' lang='lat' dir='ltr'>l.</span> <span class='ocrx_word' id='word_1_359' title='bbox 1014 2116 1080 2147; x_wconf 83' lang='lat'><em>169.</em></span> 
     </span>
     <span class='ocr_line' id='line_1_52' title="bbox 219 2156 1084 2217; baseline -0.032 -6"><span class='ocrx_word' id='word_1_360' title='bbox 219 2179 253 2211; x_wconf 90' lang='lat' dir='ltr'><em>D</em></span> <span class='ocrx_word' id='word_1_361' title='bbox 282 2180 314 2209; x_wconf 77' lang='lat' dir='ltr'>de</span> <span class='ocrx_word' id='word_1_362' title='bbox 332 2175 440 2217; x_wconf 79' lang='lat' dir='ltr'>regulis</span> <span class='ocrx_word' id='word_1_363' title='bbox 455 2171 551 2214; x_wconf 76' lang='lat' dir='ltr'>juris,</span> <span class='ocrx_word' id='word_1_364' title='bbox 576 2167 672 2202; x_wconf 79' lang='lat' dir='ltr'>Eum,</span> <span class='ocrx_word' id='word_1_365' title='bbox 697 2168 861 2202; x_wconf 81' lang='lat' dir='ltr'>inquiens,</span> <span class='ocrx_word' id='word_1_366' title='bbox 883 2158 1019 2186; x_wconf 68' lang='lat' dir='ltr'>domnum</span> <span class='ocrx_word' id='word_1_367' title='bbox 1034 2156 1084 2184; x_wconf 79' lang='lat' dir='ltr'>da-</span> 
     </span>
     <span class='ocr_line' id='line_1_53' title="bbox 221 2196 1084 2255; baseline -0.035 -2"><span class='ocrx_word' id='word_1_368' title='bbox 221 2203 383 2254; x_wconf 43' lang='lat' dir='ltr'>re‘vi&#39;ileriss,</span> <span class='ocrx_word' id='word_1_369' title='bbox 406 2216 456 2255; x_wconf 77' lang='lat' dir='ltr'>qni</span> <span class='ocrx_word' id='word_1_370' title='bbox 469 2213 549 2253; x_wconf 81' lang='lat' dir='ltr'>jubet</span> <span class='ocrx_word' id='word_1_371' title='bbox 567 2210 655 2241; x_wconf 77' lang='lat' dir='ltr'>dare3</span> <span class='ocrx_word' id='word_1_372' title='bbox 678 2205 738 2246; x_wconf 78' lang='lat' dir='ltr'>ejus</span> <span class='ocrx_word' id='word_1_373' title='bbox 749 2210 821 2249; x_wconf 20' lang='lat' dir='ltr'>*vero</span> <span class='ocrx_word' id='word_1_374' title='bbox 842 2199 953 2229; x_wconf 81' lang='lat' dir='ltr'>nullum</span> <span class='ocrx_word' id='word_1_375' title='bbox 971 2196 1084 2236; x_wconf 79' lang='lat' dir='ltr'>culpam</span> 
     </span>
     <span class='ocr_line' id='line_1_54' title="bbox 220 2238 1085 2303; baseline -0.031 -10"><span class='ocrx_word' id='word_1_376' title='bbox 220 2261 272 2303; x_wconf 83' lang='lat' dir='ltr'>effe</span> <span class='ocrx_word' id='word_1_377' title='bbox 330 2260 377 2289; x_wconf 79' lang='lat' dir='ltr'>cm·</span> <span class='ocrx_word' id='word_1_378' title='bbox 396 2263 497 2297; x_wconf 77' lang='lat' dir='ltr'>parere</span> <span class='ocrx_word' id='word_1_379' title='bbox 514 2249 616 2289; x_wconf 73' lang='lat' dir='ltr'>irereffe</span> <span class='ocrx_word' id='word_1_380' title='bbox 631 2246 680 2286; x_wconf 87' lang='lat' dir='ltr'>fit.</span> <span class='ocrx_word' id='word_1_381' title='bbox 725 2246 776 2290; x_wconf 68' lang='lat' dir='ltr'>Sic</span> <span class='ocrx_word' id='word_1_382' title='bbox 797 2241 928 2286; x_wconf 64' lang='lat' dir='ltr'>Paulus:</span> <span class='ocrx_word' id='word_1_383' title='bbox 954 2247 1013 2269; x_wconf 85' lang='lat' dir='ltr'>nec</span> <span class='ocrx_word' id='word_1_384' title='bbox 1031 2238 1085 2283; x_wconf 88' lang='lat' dir='ltr'>du-</span> 
     </span>
     <span class='ocr_line' id='line_1_55' title="bbox 219 2283 1084 2340; baseline -0.034 -5"><span class='ocrx_word' id='word_1_385' title='bbox 219 2284 306 2335; x_wconf 79' lang='lat' dir='ltr'>biuir’i</span> <span class='ocrx_word' id='word_1_386' title='bbox 357 2299 432 2340; x_wconf 89' lang='lat' dir='ltr'>quin</span> <span class='ocrx_word' id='word_1_387' title='bbox 452 2295 489 2327; x_wconf 84' lang='lat' dir='ltr'>ad</span> <span class='ocrx_word' id='word_1_388' title='bbox 508 2295 611 2333; x_wconf 80' lang='lat' dir='ltr'>legem</span> <span class='ocrx_word' id='word_1_389' title='bbox 632 2286 788 2328; x_wconf 76' lang='lat' dir='ltr'>Aquiliam</span> <span class='ocrx_word' id='word_1_390' title='bbox 808 2283 970 2330; x_wconf 76' lang='lat' dir='ltr'>respiciat:</span> <span class='ocrx_word' id='word_1_391' title='bbox 995 2288 1084 2319; x_wconf 77' lang='lat' dir='ltr'>quip-</span> 
     </span>
     <span class='ocr_line' id='line_1_56' title="bbox 220 2321 1084 2385; baseline -0.028 -12"><span class='ocrx_word' id='word_1_392' title='bbox 220 2355 262 2385; x_wconf 72' lang='lat' dir='ltr'>pe</span> <span class='ocrx_word' id='word_1_393' title='bbox 283 2325 356 2374; x_wconf 66' lang='lat' dir='ltr'>cuin</span> <span class='ocrx_word' id='word_1_394' title='bbox 386 2341 411 2372; x_wconf 88' lang='lat' dir='ltr'>is</span> <span class='ocrx_word' id='word_1_395' title='bbox 437 2338 528 2369; x_wconf 84' lang='lat' dir='ltr'>locus</span> <span class='ocrx_word' id='word_1_396' title='bbox 553 2333 590 2364; x_wconf 89' lang='lat' dir='ltr'>sit</span> <span class='ocrx_word' id='word_1_397' title='bbox 613 2340 653 2361; x_wconf 82' lang='lat' dir='ltr'>ex</span> <span class='ocrx_word' id='word_1_398' title='bbox 682 2329 762 2359; x_wconf 81' lang='lat' dir='ltr'>libro</span> <span class='ocrx_word' id='word_1_399' title='bbox 790 2334 856 2365; x_wconf 76' lang='lat' dir='ltr'>ejus</span> <span class='ocrx_word' id='word_1_400' title='bbox 882 2322 1020 2353; x_wconf 83' lang='lat' dir='ltr'>lecundo</span> <span class='ocrx_word' id='word_1_401' title='bbox 1045 2321 1084 2351; x_wconf 82' lang='lat' dir='ltr'>ad</span> 
     </span>
     <span class='ocr_line' id='line_1_57' title="bbox 220 2363 1086 2419; baseline -0.032 -1"><span class='ocrx_word' id='word_1_402' title='bbox 220 2384 377 2419; x_wconf 84' lang='lat' dir='ltr'>Plautium</span> <span class='ocrx_word' id='word_1_403' title='bbox 421 2389 460 2410; x_wconf 83' lang='lat' dir='ltr'>ex</span> <span class='ocrx_word' id='word_1_404' title='bbox 479 2386 544 2418; x_wconf 91' lang='lat' dir='ltr'>quo</span> <span class='ocrx_word' id='word_1_405' title='bbox 563 2375 640 2405; x_wconf 88' lang='lat' dir='ltr'>item</span> <span class='ocrx_word' id='word_1_406' title='bbox 659 2369 728 2401; x_wconf 85' lang='lat' dir='ltr'>sunt.</span> <span class='ocrx_word' id='word_1_407' title='bbox 749 2369 767 2398; x_wconf 84' lang='lat' dir='ltr'>l.</span> <span class='ocrx_word' id='word_1_408' title='bbox 788 2377 836 2407; x_wconf 80' lang='lat'><em>33.</em></span> <span class='ocrx_word' id='word_1_409' title='bbox 862 2364 903 2412; x_wconf 90' lang='lat' dir='ltr'>D.</span> <span class='ocrx_word' id='word_1_410' title='bbox 924 2363 980 2411; x_wconf 24' lang='lat' dir='ltr'>‘Ao</span> <span class='ocrx_word' id='word_1_411' title='bbox 998 2364 1086 2409; x_wconf 65' lang='lat' dir='ltr'>legem</span> 
     </span>
     <span class='ocr_line' id='line_1_58' title="bbox 222 2405 1085 2468; baseline -0.032 -9"><span class='ocrx_word' id='word_1_412' title='bbox 222 2426 376 2468; x_wconf 70' lang='lat' dir='ltr'>Aquiliam</span> <span class='ocrx_word' id='word_1_413' title='bbox 390 2405 399 2421; x_wconf 69' lang='lat'><em>⁵</em></span> <span class='ocrx_word' id='word_1_414' title='bbox 421 2420 457 2456; x_wconf 63' lang='grc' dir='ltr'>ΕΡ</span> <span class='ocrx_word' id='word_1_415' title='bbox 480 2420 499 2450; x_wconf 91' lang='lat' dir='ltr'>l.</span> <span class='ocrx_word' id='word_1_416' title='bbox 522 2426 567 2458; x_wconf 78' lang='lat'><em>13.</em></span> <span class='ocrx_word' id='word_1_417' title='bbox 595 2414 635 2445; x_wconf 93' lang='lat' dir='ltr'>D.</span> <span class='ocrx_word' id='word_1_418' title='bbox 658 2414 691 2442; x_wconf 76' lang='lat' dir='ltr'>cle</span> <span class='ocrx_word' id='word_1_419' title='bbox 709 2407 980 2449; x_wconf 77' lang='lat' dir='ltr'>interrogatzonzoiis</span> <span class='ocrx_word' id='word_1_420' title='bbox 994 2413 1085 2450; x_wconf 71' lang='lat' dir='ltr'>inju-</span> 
     </span>
     <span class='ocr_line' id='line_1_59' title="bbox 220 2447 1086 2508; baseline -0.03 -8"><span class='ocrx_word' id='word_1_421' title='bbox 220 2478 250 2501; x_wconf 79' lang='lat' dir='ltr'>re</span> <span class='ocrx_word' id='word_1_422' title='bbox 263 2447 429 2508; x_wconf 62' lang='lat' dir='ltr'>faciendis:</span> <span class='ocrx_word' id='word_1_423' title='bbox 455 2470 532 2501; x_wconf 56' lang='lat' dir='ltr'>quaa</span> <span class='ocrx_word' id='word_1_424' title='bbox 551 2463 675 2489; x_wconf 87' lang='lat' dir='ltr'>certum</span> <span class='ocrx_word' id='word_1_425' title='bbox 696 2451 793 2499; x_wconf 36' lang='lat' dir='ltr'>cli-ad</span> <span class='ocrx_word' id='word_1_426' title='bbox 812 2450 915 2489; x_wconf 78' lang='lat' dir='ltr'>legem</span> <span class='ocrx_word' id='word_1_427' title='bbox 929 2447 1086 2493; x_wconf 68' lang='lat' dir='ltr'>Aquiliam</span> 
     </span>
     <span class='ocr_line' id='line_1_60' title="bbox 222 2489 1085 2551; baseline -0.03 -9"><span class='ocrx_word' id='word_1_428' title='bbox 222 2510 396 2551; x_wconf 82' lang='lat' dir='ltr'>pertinere.</span> <span class='ocrx_word' id='word_1_429' title='bbox 439 2503 537 2544; x_wconf 84' lang='lat' dir='ltr'>Igitur</span> <span class='ocrx_word' id='word_1_430' title='bbox 565 2498 585 2530; x_wconf 88' lang='lat' dir='ltr'>si</span> <span class='ocrx_word' id='word_1_431' title='bbox 613 2496 717 2527; x_wconf 84' lang='lat' dir='ltr'>servus</span> <span class='ocrx_word' id='word_1_432' title='bbox 742 2489 1085 2537; x_wconf 44' lang='lat' dir='ltr'>justu-dominicani-</span> 
     </span>
     <span class='ocr_line' id='line_1_61' title="bbox 222 2530 1086 2588; baseline -0.03 -5"><span class='ocrx_word' id='word_1_433' title='bbox 222 2559 297 2583; x_wconf 91' lang='lat' dir='ltr'>num</span> <span class='ocrx_word' id='word_1_434' title='bbox 322 2546 431 2588; x_wconf 78' lang='lat' dir='ltr'>injuria</span> <span class='ocrx_word' id='word_1_435' title='bbox 458 2542 571 2575; x_wconf 87' lang='lat' dir='ltr'>dedit:</span> <span class='ocrx_word' id='word_1_436' title='bbox 604 2544 726 2569; x_wconf 81' lang='lat' dir='ltr'>tantum</span> <span class='ocrx_word' id='word_1_437' title='bbox 749 2535 896 2577; x_wconf 82' lang='lat' dir='ltr'>dominus</span> <span class='ocrx_word' id='word_1_438' title='bbox 925 2530 1060 2574; x_wconf 78' lang='lat' dir='ltr'>deliquit</span> <span class='ocrx_word' id='word_1_439' title='bbox 1076 2552 1086 2568; x_wconf 89' lang='lat'>,</span> 
     </span>
     <span class='ocr_line' id='line_1_62' title="bbox 222 2572 1088 2629; baseline -0.028 -5"><span class='ocrx_word' id='word_1_440' title='bbox 222 2597 415 2629; x_wconf 80' lang='lat' dir='ltr'>teneturque</span> <span class='ocrx_word' id='word_1_441' title='bbox 439 2584 496 2615; x_wconf 90' lang='lat' dir='ltr'>suo</span> <span class='ocrx_word' id='word_1_442' title='bbox 520 2581 649 2614; x_wconf 86' lang='lat' dir='ltr'>nomine</span> <span class='ocrx_word' id='word_1_443' title='bbox 676 2574 956 2621; x_wconf 18' lang='lat' dir='ltr'>diressayaClione:</span> <span class='ocrx_word' id='word_1_444' title='bbox 982 2572 1088 2602; x_wconf 83' lang='lat' dir='ltr'>iervus</span> 
     </span>
     <span class='ocr_line' id='line_1_63' title="bbox 223 2612 1088 2668; baseline -0.032 -1"><span class='ocrx_word' id='word_1_445' title='bbox 223 2642 289 2666; x_wconf 81' lang='lat' dir='ltr'>non</span> <span class='ocrx_word' id='word_1_446' title='bbox 307 2628 442 2668; x_wconf 81' lang='lat' dir='ltr'>deliquit</span> <span class='ocrx_word' id='word_1_447' title='bbox 461 2649 470 2665; x_wconf 86' lang='lat'>,</span> <span class='ocrx_word' id='word_1_448' title='bbox 502 2631 606 2663; x_wconf 89' lang='lat' dir='ltr'>neque</span> <span class='ocrx_word' id='word_1_449' title='bbox 624 2621 689 2659; x_wconf 80' lang='lat' dir='ltr'>ejus</span> <span class='ocrx_word' id='word_1_450' title='bbox 713 2625 845 2662; x_wconf 80' lang='lat' dir='ltr'>nomine</span> <span class='ocrx_word' id='word_1_451' title='bbox 865 2612 1008 2660; x_wconf 65' lang='lat' dir='ltr'>adversus</span> <span class='ocrx_word' id='word_1_452' title='bbox 1032 2614 1088 2659; x_wconf 73' lang='lat' dir='ltr'>clo-</span> 
     </span>
     <span class='ocr_line' id='line_1_64' title="bbox 226 2653 1087 2708; baseline -0.027 -2"><span class='ocrx_word' id='word_1_453' title='bbox 226 2675 346 2707; x_wconf 89' lang='lat' dir='ltr'>minum</span> <span class='ocrx_word' id='word_1_454' title='bbox 374 2666 534 2708; x_wconf 86' lang='lat' dir='ltr'>competit</span> <span class='ocrx_word' id='word_1_455' title='bbox 556 2662 679 2695; x_wconf 82' lang='lat' dir='ltr'>noxalis</span> <span class='ocrx_word' id='word_1_456' title='bbox 706 2657 920 2703; x_wconf 29' lang='lat' dir='ltr'>actio-idque</span> <span class='ocrx_word' id='word_1_457' title='bbox 944 2653 1087 2686; x_wconf 84' lang='lat' dir='ltr'>indistin-</span> 
     </span>
     <span class='ocr_line' id='line_1_65' title="bbox 223 2697 1085 2748; baseline -0.029 0"><span class='ocrx_word' id='word_1_458' title='bbox 223 2716 273 2748; x_wconf 67' lang='lat' dir='ltr'>cte</span> <span class='ocrx_word' id='word_1_459' title='bbox 293 2719 404 2744; x_wconf 84' lang='lat' dir='ltr'>verum</span> <span class='ocrx_word' id='word_1_460' title='bbox 424 2710 488 2745; x_wconf 83' lang='lat' dir='ltr'>est,</span> <span class='ocrx_word' id='word_1_461' title='bbox 510 2706 573 2738; x_wconf 79' lang='lat' dir='ltr'>sive</span> <span class='ocrx_word' id='word_1_462' title='bbox 592 2705 722 2734; x_wconf 83' lang='lat' dir='ltr'>homine</span> <span class='ocrx_word' id='word_1_463' title='bbox 738 2698 846 2731; x_wconf 82' lang='lat' dir='ltr'>ocelso</span> <span class='ocrx_word' id='word_1_464' title='bbox 865 2699 1013 2744; x_wconf 83' lang='lat' dir='ltr'>damnum</span> <span class='ocrx_word' id='word_1_465' title='bbox 1031 2697 1085 2743; x_wconf 66' lang='lat' dir='ltr'>de.</span> 
     </span>
     <span class='ocr_line' id='line_1_66' title="bbox 223 2738 1086 2789; baseline -0.029 0"><span class='ocrx_word' id='word_1_466' title='bbox 223 2757 306 2789; x_wconf 90' lang='lat' dir='ltr'>derit</span> <span class='ocrx_word' id='word_1_467' title='bbox 325 2753 447 2787; x_wconf 80' lang='lat' dir='ltr'>servus,</span> <span class='ocrx_word' id='word_1_468' title='bbox 471 2748 535 2780; x_wconf 78' lang='lat' dir='ltr'>sive</span> <span class='ocrx_word' id='word_1_469' title='bbox 549 2746 657 2777; x_wconf 81' lang='lat' dir='ltr'>aliter:</span> <span class='ocrx_word' id='word_1_470' title='bbox 682 2751 753 2788; x_wconf 78' lang='lat' dir='ltr'>nain</span> <span class='ocrx_word' id='word_1_471' title='bbox 772 2740 953 2785; x_wconf 51' lang='lat' dir='ltr'>utrsslquejn</span> <span class='ocrx_word' id='word_1_472' title='bbox 980 2738 1086 2785; x_wconf 68' lang='lat' dir='ltr'>specie</span> 
     </span>
     <span class='ocr_line' id='line_1_67' title="bbox 225 2779 1085 2838; baseline -0.028 -7"><span class='ocrx_word' id='word_1_473' title='bbox 225 2797 352 2838; x_wconf 86' lang='lat' dir='ltr'>Aquilia</span> <span class='ocrx_word' id='word_1_474' title='bbox 374 2791 475 2834; x_wconf 87' lang='lat' dir='ltr'>parcit</span> <span class='ocrx_word' id='word_1_475' title='bbox 494 2786 615 2830; x_wconf 82' lang='lat' dir='ltr'>parenti</span> <span class='ocrx_word' id='word_1_476' title='bbox 638 2781 931 2828; x_wconf 20' lang='lat' dir='ltr'>imperiordominni.</span> <span class='ocrx_word' id='word_1_477' title='bbox 976 2779 1085 2821; x_wconf 67' lang='lat' dir='ltr'>Qum,</span> 
     </span>
     <span class='ocr_line' id='line_1_68' title="bbox 224 2823 1086 2872; baseline -0.026 0"><span class='ocrx_word' id='word_1_478' title='bbox 224 2840 246 2872; x_wconf 87' lang='lat' dir='ltr'>si</span> <span class='ocrx_word' id='word_1_479' title='bbox 266 2837 431 2870; x_wconf 85' lang='lat' dir='ltr'>hominem</span> <span class='ocrx_word' id='word_1_480' title='bbox 456 2829 630 2865; x_wconf 83' lang='lat' dir='ltr'>occiderit,</span> <span class='ocrx_word' id='word_1_481' title='bbox 653 2835 718 2856; x_wconf 86' lang='lat' dir='ltr'>non</span> <span class='ocrx_word' id='word_1_482' title='bbox 735 2824 862 2869; x_wconf 82' lang='lat' dir='ltr'>quidem</span> <span class='ocrx_word' id='word_1_483' title='bbox 879 2823 1012 2862; x_wconf 71' lang='lat' dir='ltr'>jubente</span> <span class='ocrx_word' id='word_1_484' title='bbox 1030 2823 1086 2852; x_wconf 85' lang='lat' dir='ltr'>do—</span> 
     </span>
     <span class='ocr_line' id='line_1_69' title="bbox 225 2862 1086 2914; baseline -0.026 0"><span class='ocrx_word' id='word_1_485' title='bbox 225 2881 314 2914; x_wconf 88' lang='lat' dir='ltr'>mino</span> <span class='ocrx_word' id='word_1_486' title='bbox 365 2876 418 2907; x_wconf 86' lang='lat' dir='ltr'>sed</span> <span class='ocrx_word' id='word_1_487' title='bbox 441 2872 560 2903; x_wconf 82' lang='lat' dir='ltr'>sciente</span> <span class='ocrx_word' id='word_1_488' title='bbox 579 2893 588 2908; x_wconf 93' lang='lat'>,</span> <span class='ocrx_word' id='word_1_489' title='bbox 617 2868 647 2899; x_wconf 70' lang='lat' dir='ltr'>&lt;St</span> <span class='ocrx_word' id='word_1_490' title='bbox 673 2875 739 2897; x_wconf 90' lang='lat' dir='ltr'>non</span> <span class='ocrx_word' id='word_1_491' title='bbox 762 2864 953 2906; x_wconf 89' lang='lat' dir='ltr'>prohibente</span> <span class='ocrx_word' id='word_1_492' title='bbox 965 2863 986 2910; x_wconf 57' lang='lat'>3</span> <span class='ocrx_word' id='word_1_493' title='bbox 1012 2863 1042 2894; x_wconf 86' lang='lat'>&amp;</span> <span class='ocrx_word' id='word_1_494' title='bbox 1065 2862 1086 2894; x_wconf 85' lang='lat' dir='ltr'>si</span> 
     </span>
     <span class='ocr_line' id='line_1_70' title="bbox 226 2903 1086 2954; baseline -0.022 -1"><span class='ocrx_word' id='word_1_495' title='bbox 226 2903 352 2954; x_wconf 67' lang='lat' dir='ltr'>tantum</span> <span class='ocrx_word' id='word_1_496' title='bbox 383 2915 475 2947; x_wconf 71' lang='lat' dir='ltr'>scivit</span> <span class='ocrx_word' id='word_1_497' title='bbox 502 2912 649 2943; x_wconf 89' lang='lat' dir='ltr'>dominus</span> <span class='ocrx_word' id='word_1_498' title='bbox 672 2931 682 2946; x_wconf 80' lang='lat'>,</span> <span class='ocrx_word' id='word_1_499' title='bbox 719 2907 770 2938; x_wconf 78' lang='lat' dir='ltr'>led</span> <span class='ocrx_word' id='word_1_500' title='bbox 799 2914 864 2936; x_wconf 91' lang='lat' dir='ltr'>non</span> <span class='ocrx_word' id='word_1_501' title='bbox 895 2904 1086 2952; x_wconf 71' lang='lat' dir='ltr'>prohibuit?</span> 
     </span>
     <span class='ocr_line' id='line_1_71' title="bbox 227 2948 1086 3002; baseline -0.024 -6"><span class='ocrx_word' id='word_1_502' title='bbox 227 2973 292 2996; x_wconf 82' lang='lat' dir='ltr'>nori</span> <span class='ocrx_word' id='word_1_503' title='bbox 310 2958 416 3002; x_wconf 87' lang='lat' dir='ltr'>potest</span> <span class='ocrx_word' id='word_1_504' title='bbox 431 2952 572 2987; x_wconf 76' lang='lat' dir='ltr'>excusari</span> <span class='ocrx_word' id='word_1_505' title='bbox 588 2950 668 2982; x_wconf 90' lang='lat' dir='ltr'>servi</span> <span class='ocrx_word' id='word_1_506' title='bbox 685 2948 823 2980; x_wconf 71' lang='lat' dir='ltr'>factum:</span> <span class='ocrx_word' id='word_1_507' title='bbox 847 2956 915 2987; x_wconf 79' lang='lat' dir='ltr'>quae</span> <span class='ocrx_word' id='word_1_508' title='bbox 932 2956 1015 2978; x_wconf 86' lang='lat' dir='ltr'>enim</span> <span class='ocrx_word' id='word_1_509' title='bbox 1032 2955 1086 2978; x_wconf 91' lang='lat' dir='ltr'>ne-</span> 
     </span>
     <span class='ocr_line' id='line_1_72' title="bbox 227 2988 1086 3038; baseline -0.023 0"><span class='ocrx_word' id='word_1_510' title='bbox 227 3004 349 3038; x_wconf 85' lang='lat' dir='ltr'>ceffitas</span> <span class='ocrx_word' id='word_1_511' title='bbox 371 3000 400 3032; x_wconf 87' lang='lat' dir='ltr'>ei</span> <span class='ocrx_word' id='word_1_512' title='bbox 422 2997 483 3029; x_wconf 90' lang='lat' dir='ltr'>fuit</span> <span class='ocrx_word' id='word_1_513' title='bbox 500 2991 630 3037; x_wconf 81' lang='lat' dir='ltr'>pai-endi</span> <span class='ocrx_word' id='word_1_514' title='bbox 647 2991 800 3036; x_wconf 82' lang='lat' dir='ltr'>dominO,</span> <span class='ocrx_word' id='word_1_515' title='bbox 823 2989 876 3028; x_wconf 88' lang='lat' dir='ltr'>qui</span> <span class='ocrx_word' id='word_1_516' title='bbox 895 2988 971 3020; x_wconf 87' lang='lat' dir='ltr'>nihil</span> <span class='ocrx_word' id='word_1_517' title='bbox 985 2988 1086 3028; x_wconf 85' lang='lat' dir='ltr'>jiiffit,</span> 
     </span>
     <span class='ocr_line' id='line_1_73' title="bbox 228 3029 1086 3078; baseline -0.027 0"><span class='ocrx_word' id='word_1_518' title='bbox 228 3046 283 3078; x_wconf 84' lang='lat' dir='ltr'>etsi</span> <span class='ocrx_word' id='word_1_519' title='bbox 309 3043 398 3075; x_wconf 86' lang='lat' dir='ltr'>scivit</span> <span class='ocrx_word' id='word_1_520' title='bbox 457 3039 486 3070; x_wconf 72' lang='grc' dir='ltr'>δι</span> <span class='ocrx_word' id='word_1_521' title='bbox 513 3045 577 3068; x_wconf 95' lang='lat' dir='ltr'>non</span> <span class='ocrx_word' id='word_1_522' title='bbox 602 3031 799 3074; x_wconf 68' lang='lat' dir='ltr'>prohibuit?</span> <span class='ocrx_word' id='word_1_523' title='bbox 829 3030 913 3061; x_wconf 86' lang='lat' dir='ltr'>nulla</span> <span class='ocrx_word' id='word_1_524' title='bbox 936 3029 1016 3060; x_wconf 83' lang='lat' dir='ltr'>sane.</span> <span class='ocrx_word' id='word_1_525' title='bbox 1060 3029 1086 3060; x_wconf 92' lang='lat'>1-</span> 
     </span>
     <span class='ocr_line' id='line_1_74' title="bbox 333 3063 1086 3124; baseline -0.024 -8"><span class='ocrx_word' id='word_1_526' title='bbox 333 3063 493 3124; x_wconf 68' lang='lat' dir='ltr'>oblig’atur</span> <span class='ocrx_word' id='word_1_527' title='bbox 517 3088 553 3109; x_wconf 92' lang='lat' dir='ltr'>ea</span> <span class='ocrx_word' id='word_1_528' title='bbox 581 3077 613 3107; x_wconf 88' lang='lat' dir='ltr'>in</span> <span class='ocrx_word' id='word_1_529' title='bbox 642 3073 746 3117; x_wconf 83' lang='lat' dir='ltr'>specie</span> <span class='ocrx_word' id='word_1_530' title='bbox 777 3071 903 3108; x_wconf 87' lang='lat' dir='ltr'>servus,</span> <span class='ocrx_word' id='word_1_531' title='bbox 937 3072 1009 3110; x_wconf 85' lang='lat' dir='ltr'>quia</span> <span class='ocrx_word' id='word_1_532' title='bbox 1038 3070 1086 3102; x_wconf 88' lang='lat' dir='ltr'>fe-</span> 
     </span>
     <span class='ocr_line' id='line_1_75' title="bbox 329 3110 1086 3158; baseline -0.03 -1"><span class='ocrx_word' id='word_1_533' title='bbox 329 3125 425 3157; x_wconf 87' lang='lat' dir='ltr'>etiarn</span> <span class='ocrx_word' id='word_1_534' title='bbox 449 3120 596 3153; x_wconf 82' lang='lat' dir='ltr'>dominns</span> <span class='ocrx_word' id='word_1_535' title='bbox 613 3139 623 3155; x_wconf 92' lang='lat'><strong>‚</strong></span> <span class='ocrx_word' id='word_1_536' title='bbox 656 3123 726 3156; x_wconf 75' lang='lat' dir='ltr'>qura</span> <span class='ocrx_word' id='word_1_537' title='bbox 760 3122 831 3143; x_wconf 91' lang='lat' dir='ltr'>cum</span> <span class='ocrx_word' id='word_1_538' title='bbox 862 3110 965 3158; x_wconf 60' lang='lat' dir='ltr'>posset</span> <span class='ocrx_word' id='word_1_539' title='bbox 981 3133 990 3148; x_wconf 89' lang='lat'><strong>‚</strong></span> <span class='ocrx_word' id='word_1_540' title='bbox 1008 3121 1086 3158; x_wconf 29' lang='lat' dir='ltr'>&#39;non</span> 
     </span>
     <span class='ocr_line' id='line_1_76' title="bbox 540 3151 1085 3192; baseline -0.022 0"><span class='ocrx_word' id='word_1_541' title='bbox 540 3185 546 3192; x_wconf 94' lang='lat'><em>.</em></span> <span class='ocrx_word' id='word_1_542' title='bbox 567 3169 592 3191; x_wconf 86' lang='lat'><em>1.</em></span> <span class='ocrx_word' id='word_1_543' title='bbox 618 3157 659 3189; x_wconf 90' lang='lat' dir='ltr'><em>D.</em></span> <span class='ocrx_word' id='word_1_544' title='bbox 681 3157 714 3186; x_wconf 78' lang='lat' dir='ltr'>de</span> <span class='ocrx_word' id='word_1_545' title='bbox 736 3154 887 3185; x_wconf 78' lang='lat' dir='ltr'>noxalibos</span> <span class='ocrx_word' id='word_1_546' title='bbox 907 3151 1085 3191; x_wconf 66' lang='lat' dir='ltr'>actionibus,</span> 
     </span>
     <span class='ocr_line' id='line_1_77' title="bbox 975 3193 1085 3225; baseline -0.009 0"><span class='ocrx_word' id='word_1_547' title='bbox 975 3201 1009 3225; x_wconf 85' lang='lat' dir='ltr'>ut</span> <span class='ocrx_word' id='word_1_548' title='bbox 1033 3193 1085 3225; x_wconf 83' lang='lat' dir='ltr'>Se-</span> 
     </span>
    </p>
   </div>
   <div class='ocr_carea' id='block_1_11' title="bbox 228 3088 943 3246">
    <p class='ocr_par' dir='ltr' id='par_1_15' title="bbox 228 3088 943 3246">
     <span class='ocr_line' id='line_1_78' title="bbox 228 3088 310 3132; baseline 0 -14"><span class='ocrx_word' id='word_1_549' title='bbox 228 3088 310 3132; x_wconf 79' lang='lat' dir='ltr'>gitur</span> 
     </span>
     <span class='ocr_line' id='line_1_79' title="bbox 228 3135 862 3208; baseline -0.021 -10"><span class='ocrx_word' id='word_1_550' title='bbox 228 3135 394 3208; x_wconf 42' lang='lat' dir='ltr'>icilifobibuit</span> <span class='ocrx_word' id='word_1_551' title='bbox 416 3165 435 3195; x_wconf 83' lang='lat' dir='ltr'>l.</span> <span class='ocrx_word' id='word_1_552' title='bbox 457 3171 487 3202; x_wconf 82' lang='lat'><em>4.</em></span> <span class='ocrx_word' id='word_1_553' title='bbox 517 3161 536 3203; x_wconf 53' lang='grc' dir='ltr'><strong>ὃ</strong></span> <span class='ocrx_word' id='word_1_554' title='bbox 599 3201 605 3206; x_wconf 48' lang='grc'><em>.</em></span> <span class='ocrx_word' id='word_1_555' title='bbox 731 3197 737 3201; x_wconf 85' lang='lat'><em>.</em></span> <span class='ocrx_word' id='word_1_556' title='bbox 825 3195 830 3199; x_wconf 40' lang='lat'>·</span> <span class='ocrx_word' id='word_1_557' title='bbox 857 3196 862 3200; x_wconf 30' lang='grc' dir='ltr'>ι</span> 
     </span>
     <span class='ocr_line' id='line_1_80' title="bbox 228 3195 943 3246; baseline -0.02 -6"><span class='ocrx_word' id='word_1_558' title='bbox 228 3209 260 3240; x_wconf 68' lang='grc' dir='ltr'>δι</span> <span class='ocrx_word' id='word_1_559' title='bbox 284 3216 349 3239; x_wconf 89' lang='lat' dir='ltr'>non</span> <span class='ocrx_word' id='word_1_560' title='bbox 371 3202 574 3246; x_wconf 86' lang='lat' dir='ltr'>prohibendo</span> <span class='ocrx_word' id='word_1_561' title='bbox 595 3197 708 3241; x_wconf 78' lang='lat' dir='ltr'>Juffiffe</span> <span class='ocrx_word' id='word_1_562' title='bbox 731 3195 943 3236; x_wconf 81' lang='lat' dir='ltr'>intelligitur:</span> 
     </span>
    </p>
   </div>
   <div class='ocr_carea' id='block_1_12' title="bbox 1113 167 1995 3269">
    <p class='ocr_par' dir='ltr' id='par_1_16' title="bbox 1113 167 1692 201">
     <span class='ocr_line' id='line_1_81' title="bbox 1113 167 1692 201; baseline 0 -1"><span class='ocrx_word' id='word_1_563' title='bbox 1113 177 1192 200; x_wconf 89' lang='lat' dir='ltr'>neca</span> <span class='ocrx_word' id='word_1_564' title='bbox 1214 167 1322 200; x_wconf 89' lang='lat' dir='ltr'>censet</span> <span class='ocrx_word' id='word_1_565' title='bbox 1339 170 1370 200; x_wconf 84' lang='lat' dir='ltr'>in</span> <span class='ocrx_word' id='word_1_566' title='bbox 1390 167 1495 201; x_wconf 82' lang='lat' dir='ltr'>Troad.</span> <span class='ocrx_word' id='word_1_567' title='bbox 1520 176 1593 200; x_wconf 87' lang='lat' dir='ltr'>cum</span> <span class='ocrx_word' id='word_1_568' title='bbox 1610 167 1692 200; x_wconf 87' lang='lat' dir='ltr'>infit.</span> 
     </span>
    </p>

    <p class='ocr_par' dir='ltr' id='par_1_17' title="bbox 1114 206 1991 2272">
     <span class='ocr_line' id='line_1_82' title="bbox 1153 206 1871 255; baseline 0.001 -14"><span class='ocrx_word' id='word_1_569' title='bbox 1153 210 1217 255; x_wconf 62' lang='lat' dir='ltr'>Qui</span> <span class='ocrx_word' id='word_1_570' title='bbox 1236 220 1293 241; x_wconf 86' lang='lat' dir='ltr'>non</span> <span class='ocrx_word' id='word_1_571' title='bbox 1314 217 1395 242; x_wconf 84' lang='lat' dir='ltr'>vetat</span> <span class='ocrx_word' id='word_1_572' title='bbox 1408 217 1545 251; x_wconf 84' lang='lat' dir='ltr'>peccare,</span> <span class='ocrx_word' id='word_1_573' title='bbox 1567 220 1633 242; x_wconf 83' lang='lat' dir='ltr'>cum</span> <span class='ocrx_word' id='word_1_574' title='bbox 1645 206 1735 251; x_wconf 80' lang='lat' dir='ltr'>potest</span> <span class='ocrx_word' id='word_1_575' title='bbox 1751 232 1761 249; x_wconf 89' lang='lat'>,</span> <span class='ocrx_word' id='word_1_576' title='bbox 1779 209 1871 251; x_wconf 75' lang='lat' dir='ltr'>jubet.</span> 
     </span>
     <span class='ocr_line' id='line_1_83' title="bbox 1114 250 1977 291; baseline 0.005 -9"><span class='ocrx_word' id='word_1_577' title='bbox 1114 250 1210 290; x_wconf 85' lang='lat' dir='ltr'>Hoc,</span> <span class='ocrx_word' id='word_1_578' title='bbox 1232 251 1254 283; x_wconf 85' lang='lat' dir='ltr'>ss</span> <span class='ocrx_word' id='word_1_579' title='bbox 1277 253 1400 284; x_wconf 85' lang='lat' dir='ltr'>occidit</span> <span class='ocrx_word' id='word_1_580' title='bbox 1424 252 1529 283; x_wconf 88' lang='lat' dir='ltr'>servus</span> <span class='ocrx_word' id='word_1_581' title='bbox 1544 276 1554 291; x_wconf 90' lang='lat'>‚</span> <span class='ocrx_word' id='word_1_582' title='bbox 1578 252 1711 284; x_wconf 88' lang='lat' dir='ltr'>domino</span> <span class='ocrx_word' id='word_1_583' title='bbox 1727 251 1848 282; x_wconf 87' lang='lat' dir='ltr'>sciente</span> <span class='ocrx_word' id='word_1_584' title='bbox 1865 251 1895 283; x_wconf 70' lang='grc' dir='ltr'>ὅ(</span> <span class='ocrx_word' id='word_1_585' title='bbox 1911 252 1977 286; x_wconf 72' lang='lat' dir='ltr'>non</span> 
     </span>
     <span class='ocr_line' id='line_1_84' title="bbox 1114 291 1978 333; baseline 0.002 -9"><span class='ocrx_word' id='word_1_586' title='bbox 1114 292 1309 333; x_wconf 86' lang='lat' dir='ltr'>prohibente</span> <span class='ocrx_word' id='word_1_587' title='bbox 1330 305 1337 325; x_wconf 89' lang='lat'>:</span> <span class='ocrx_word' id='word_1_588' title='bbox 1369 300 1401 324; x_wconf 85' lang='lat' dir='ltr'>at</span> <span class='ocrx_word' id='word_1_589' title='bbox 1423 294 1609 333; x_wconf 83' lang='lat' dir='ltr'>eojubente</span> <span class='ocrx_word' id='word_1_590' title='bbox 1633 292 1740 325; x_wconf 86' lang='lat' dir='ltr'>servus</span> <span class='ocrx_word' id='word_1_591' title='bbox 1763 292 1784 324; x_wconf 88' lang='lat' dir='ltr'><strong>fi</strong></span> <span class='ocrx_word' id='word_1_592' title='bbox 1807 291 1888 323; x_wconf 80' lang='lat' dir='ltr'>fecit</span> <span class='ocrx_word' id='word_1_593' title='bbox 1903 316 1913 332; x_wconf 87' lang='lat'>,</span> <span class='ocrx_word' id='word_1_594' title='bbox 1943 301 1978 326; x_wconf 77' lang='lat' dir='ltr'>ut</span> 
     </span>
     <span class='ocr_line' id='line_1_85' title="bbox 1114 333 1979 375; baseline 0 -9"><span class='ocrx_word' id='word_1_595' title='bbox 1114 335 1198 373; x_wconf 85' lang='lat' dir='ltr'>dixi,</span> <span class='ocrx_word' id='word_1_596' title='bbox 1221 335 1325 374; x_wconf 84' lang='lat' dir='ltr'>alege</span> <span class='ocrx_word' id='word_1_597' title='bbox 1345 335 1470 375; x_wconf 88' lang='lat' dir='ltr'>Aquilia</span> <span class='ocrx_word' id='word_1_598' title='bbox 1488 334 1666 366; x_wconf 83' lang='lat' dir='ltr'>excusatur.</span> <span class='ocrx_word' id='word_1_599' title='bbox 1710 333 1776 366; x_wconf 82' lang='lat' dir='ltr'>Nisi</span> <span class='ocrx_word' id='word_1_600' title='bbox 1799 334 1910 365; x_wconf 83' lang='lat' dir='ltr'>resistit</span> <span class='ocrx_word' id='word_1_601' title='bbox 1928 334 1979 367; x_wconf 76' lang='lat' dir='ltr'>Iex</span> 
     </span>
     <span class='ocr_line' id='line_1_86' title="bbox 1114 375 1979 417; baseline 0 -11"><span class='ocrx_word' id='word_1_602' title='bbox 1114 375 1299 407; x_wconf 88' lang='lat' dir='ltr'>Duodecim</span> <span class='ocrx_word' id='word_1_603' title='bbox 1325 375 1523 408; x_wconf 79' lang='lat' dir='ltr'>Tabularum</span> <span class='ocrx_word' id='word_1_604' title='bbox 1539 399 1550 416; x_wconf 88' lang='lat'>‚</span> <span class='ocrx_word' id='word_1_605' title='bbox 1588 386 1649 417; x_wconf 83' lang='lat' dir='ltr'>qua</span> <span class='ocrx_word' id='word_1_606' title='bbox 1679 384 1807 407; x_wconf 81' lang='lat' dir='ltr'>cautum</span> <span class='ocrx_word' id='word_1_607' title='bbox 1831 375 1893 406; x_wconf 85' lang='lat' dir='ltr'>fuit</span> <span class='ocrx_word' id='word_1_608' title='bbox 1910 398 1920 414; x_wconf 85' lang='lat'>,</span> <span class='ocrx_word' id='word_1_609' title='bbox 1948 375 1979 407; x_wconf 85' lang='lat' dir='ltr'>Si</span> 
     </span>
     <span class='ocr_line' id='line_1_87' title="bbox 1114 416 1980 457; baseline 0 -10"><span class='ocrx_word' id='word_1_610' title='bbox 1114 416 1220 448; x_wconf 87' lang='lat' dir='ltr'>servus</span> <span class='ocrx_word' id='word_1_611' title='bbox 1238 440 1248 456; x_wconf 93' lang='lat'>,</span> <span class='ocrx_word' id='word_1_612' title='bbox 1279 418 1398 450; x_wconf 82' lang='lat' dir='ltr'>sciente</span> <span class='ocrx_word' id='word_1_613' title='bbox 1416 419 1550 450; x_wconf 89' lang='lat' dir='ltr'>domino</span> <span class='ocrx_word' id='word_1_614' title='bbox 1564 441 1573 457; x_wconf 92' lang='lat'>,</span> <span class='ocrx_word' id='word_1_615' title='bbox 1605 418 1726 449; x_wconf 86' lang='lat' dir='ltr'>furtum</span> <span class='ocrx_word' id='word_1_616' title='bbox 1745 416 1845 456; x_wconf 87' lang='lat' dir='ltr'>fecit,</span> <span class='ocrx_word' id='word_1_617' title='bbox 1877 417 1928 448; x_wconf 86' lang='lat' dir='ltr'>vel</span> <span class='ocrx_word' id='word_1_618' title='bbox 1952 426 1980 448; x_wconf 89' lang='lat' dir='ltr'>a·</span> 
     </span>
     <span class='ocr_line' id='line_1_88' title="bbox 1115 458 1980 499; baseline 0.001 -10"><span class='ocrx_word' id='word_1_619' title='bbox 1115 459 1188 490; x_wconf 91' lang='lat' dir='ltr'>liam</span> <span class='ocrx_word' id='word_1_620' title='bbox 1222 467 1339 490; x_wconf 84' lang='lat' dir='ltr'>noxam</span> <span class='ocrx_word' id='word_1_621' title='bbox 1370 458 1555 499; x_wconf 86' lang='lat' dir='ltr'>coiiimisst,</span> <span class='ocrx_word' id='word_1_622' title='bbox 1587 458 1666 491; x_wconf 89' lang='lat' dir='ltr'>servi</span> <span class='ocrx_word' id='word_1_623' title='bbox 1697 460 1829 490; x_wconf 88' lang='lat' dir='ltr'>nomine</span> <span class='ocrx_word' id='word_1_624' title='bbox 1851 459 1980 498; x_wconf 88' lang='lat' dir='ltr'>quidem</span> 
     </span>
     <span class='ocr_line' id='line_1_89' title="bbox 1115 498 1980 540; baseline -0.001 -10"><span class='ocrx_word' id='word_1_625' title='bbox 1115 500 1265 531; x_wconf 86' lang='lat' dir='ltr'>noxalem</span> <span class='ocrx_word' id='word_1_626' title='bbox 1289 500 1449 532; x_wconf 67' lang='lat' dir='ltr'>actionem</span> <span class='ocrx_word' id='word_1_627' title='bbox 1477 502 1568 540; x_wconf 88' lang='lat' dir='ltr'>dari,</span> <span class='ocrx_word' id='word_1_628' title='bbox 1599 501 1766 532; x_wconf 90' lang='lat' dir='ltr'>dominum</span> <span class='ocrx_word' id='word_1_629' title='bbox 1795 508 1901 530; x_wconf 84' lang='lat' dir='ltr'>autem</span> <span class='ocrx_word' id='word_1_630' title='bbox 1925 498 1980 530; x_wconf 90' lang='lat' dir='ltr'>suo</span> 
     </span>
     <span class='ocr_line' id='line_1_90' title="bbox 1115 540 1982 583; baseline 0 -12"><span class='ocrx_word' id='word_1_631' title='bbox 1115 550 1247 572; x_wconf 88' lang='lat' dir='ltr'>nomine</span> <span class='ocrx_word' id='word_1_632' title='bbox 1268 551 1332 572; x_wconf 87' lang='lat' dir='ltr'>non</span> <span class='ocrx_word' id='word_1_633' title='bbox 1352 542 1465 573; x_wconf 87' lang='lat' dir='ltr'>teneri.</span> <span class='ocrx_word' id='word_1_634' title='bbox 1507 541 1570 581; x_wconf 85' lang='lat' dir='ltr'>Et,</span> <span class='ocrx_word' id='word_1_635' title='bbox 1595 541 1616 573; x_wconf 85' lang='lat' dir='ltr'><strong>fi</strong></span> <span class='ocrx_word' id='word_1_636' title='bbox 1642 541 1784 583; x_wconf 86' lang='lat' dir='ltr'>Ulpiano</span> <span class='ocrx_word' id='word_1_637' title='bbox 1806 540 1886 572; x_wconf 86' lang='lat' dir='ltr'>fides</span> <span class='ocrx_word' id='word_1_638' title='bbox 1905 540 1935 571; x_wconf 88' lang='lat' dir='ltr'>in</span> <span class='ocrx_word' id='word_1_639' title='bbox 1952 542 1982 572; x_wconf 81' lang='lat' dir='ltr'>d.</span> 
     </span>
     <span class='ocr_line' id='line_1_91' title="bbox 1115 581 1983 624; baseline 0 -12"><span class='ocrx_word' id='word_1_640' title='bbox 1115 582 1134 612; x_wconf 94' lang='lat' dir='ltr'>l.</span> <span class='ocrx_word' id='word_1_641' title='bbox 1153 592 1179 614; x_wconf 85' lang='lat'><em>2.</em></span> <span class='ocrx_word' id='word_1_642' title='bbox 1207 582 1236 624; x_wconf 89' lang='lat'><em>§.</em></span> <span class='ocrx_word' id='word_1_643' title='bbox 1258 592 1376 623; x_wconf 61' lang='lat' dir='ltr'>1.¹quae</span> <span class='ocrx_word' id='word_1_644' title='bbox 1400 582 1446 624; x_wconf 83' lang='lat' dir='ltr'>est</span> <span class='ocrx_word' id='word_1_645' title='bbox 1461 592 1502 615; x_wconf 83' lang='lat' dir='ltr'>ex</span> <span class='ocrx_word' id='word_1_646' title='bbox 1526 584 1609 615; x_wconf 90' lang='lat' dir='ltr'>libro</span> <span class='ocrx_word' id='word_1_647' title='bbox 1627 584 1693 624; x_wconf 86' lang='lat' dir='ltr'>ejus</span> <span class='ocrx_word' id='word_1_648' title='bbox 1712 592 1826 614; x_wconf 87' lang='lat' dir='ltr'>xv111</span> <span class='ocrx_word' id='word_1_649' title='bbox 1851 583 1889 613; x_wconf 82' lang='lat' dir='ltr'>ad</span> <span class='ocrx_word' id='word_1_650' title='bbox 1907 581 1983 613; x_wconf 86' lang='lat' dir='ltr'>Edi·</span> 
     </span>
     <span class='ocr_line' id='line_1_92' title="bbox 1117 623 1982 664; baseline 0 -10"><span class='ocrx_word' id='word_1_651' title='bbox 1117 623 1202 655; x_wconf 66' lang='lat' dir='ltr'>ctum</span> <span class='ocrx_word' id='word_1_652' title='bbox 1219 647 1228 662; x_wconf 92' lang='lat'>,</span> <span class='ocrx_word' id='word_1_653' title='bbox 1261 625 1398 655; x_wconf 82' lang='lat' dir='ltr'>credidit</span> <span class='ocrx_word' id='word_1_654' title='bbox 1425 624 1559 664; x_wconf 90' lang='lat' dir='ltr'>Celsus,</span> <span class='ocrx_word' id='word_1_655' title='bbox 1595 624 1743 657; x_wconf 81' lang='lat' dir='ltr'>intereffe</span> <span class='ocrx_word' id='word_1_656' title='bbox 1769 625 1851 655; x_wconf 86' lang='lat' dir='ltr'>inter</span> <span class='ocrx_word' id='word_1_657' title='bbox 1878 624 1982 664; x_wconf 86' lang='lat' dir='ltr'>legem</span> 
     </span>
     <span class='ocr_line' id='line_1_93' title="bbox 1117 664 1982 708; baseline 0 -13"><span class='ocrx_word' id='word_1_658' title='bbox 1117 664 1303 696; x_wconf 87' lang='lat' dir='ltr'>Duodecim</span> <span class='ocrx_word' id='word_1_659' title='bbox 1320 664 1515 697; x_wconf 83' lang='lat' dir='ltr'>Tabularum</span> <span class='ocrx_word' id='word_1_660' title='bbox 1532 667 1561 697; x_wconf 90' lang='lat'>&amp;</span> <span class='ocrx_word' id='word_1_661' title='bbox 1578 666 1684 708; x_wconf 84' lang='lat' dir='ltr'>legem</span> <span class='ocrx_word' id='word_1_662' title='bbox 1706 667 1885 706; x_wconf 81' lang='lat' dir='ltr'>Aquiliam:</span> <span class='ocrx_word' id='word_1_663' title='bbox 1911 674 1982 696; x_wconf 86' lang='lat' dir='ltr'>nam</span> 
     </span>
     <span class='ocr_line' id='line_1_94' title="bbox 1117 706 1983 748; baseline -0.002 -11"><span class='ocrx_word' id='word_1_664' title='bbox 1117 707 1202 738; x_wconf 85' lang='lat' dir='ltr'>illam</span> <span class='ocrx_word' id='word_1_665' title='bbox 1221 708 1350 747; x_wconf 91' lang='lat' dir='ltr'>quidem</span> <span class='ocrx_word' id='word_1_666' title='bbox 1375 706 1415 738; x_wconf 81' lang='lat' dir='ltr'>fic</span> <span class='ocrx_word' id='word_1_667' title='bbox 1442 715 1608 748; x_wconf 81' lang='lat' dir='ltr'>acceptam</span> <span class='ocrx_word' id='word_1_668' title='bbox 1632 708 1714 746; x_wconf 81' lang='lat' dir='ltr'>effe,</span> <span class='ocrx_word' id='word_1_669' title='bbox 1744 706 1826 747; x_wconf 80' lang='lat' dir='ltr'>quasi</span> <span class='ocrx_word' id='word_1_670' title='bbox 1845 715 1908 738; x_wconf 89' lang='lat' dir='ltr'>non</span> <span class='ocrx_word' id='word_1_671' title='bbox 1928 714 1983 736; x_wconf 84' lang='lat' dir='ltr'>vo.</span> 
     </span>
     <span class='ocr_line' id='line_1_95' title="bbox 1117 747 1983 789; baseline -0.001 -11"><span class='ocrx_word' id='word_1_672' title='bbox 1117 748 1233 786; x_wconf 82' lang='lat' dir='ltr'>luerit,</span> <span class='ocrx_word' id='word_1_673' title='bbox 1261 747 1368 779; x_wconf 69' lang='lat' dir='ltr'>sei-vos</span> <span class='ocrx_word' id='word_1_674' title='bbox 1386 748 1445 779; x_wconf 87' lang='lat' dir='ltr'>hac</span> <span class='ocrx_word' id='word_1_675' title='bbox 1467 749 1497 779; x_wconf 91' lang='lat' dir='ltr'>in</span> <span class='ocrx_word' id='word_1_676' title='bbox 1518 759 1551 780; x_wconf 87' lang='lat' dir='ltr'>re</span> <span class='ocrx_word' id='word_1_677' title='bbox 1578 750 1716 781; x_wconf 87' lang='lat' dir='ltr'>dominis</span> <span class='ocrx_word' id='word_1_678' title='bbox 1739 749 1983 789; x_wconf 79' lang='lat' dir='ltr'>obtemperare3</span> 
     </span>
     <span class='ocr_line' id='line_1_96' title="bbox 1118 789 1984 831; baseline -0.001 -11"><span class='ocrx_word' id='word_1_679' title='bbox 1118 789 1200 820; x_wconf 80' lang='lat' dir='ltr'>hanc</span> <span class='ocrx_word' id='word_1_680' title='bbox 1225 799 1304 820; x_wconf 89' lang='lat' dir='ltr'>vero</span> <span class='ocrx_word' id='word_1_681' title='bbox 1333 791 1393 828; x_wconf 88' lang='lat' dir='ltr'>ita,</span> <span class='ocrx_word' id='word_1_682' title='bbox 1425 789 1510 830; x_wconf 79' lang='lat' dir='ltr'>quasi</span> <span class='ocrx_word' id='word_1_683' title='bbox 1530 790 1689 831; x_wconf 86' lang='lat' dir='ltr'>ignoverit</span> <span class='ocrx_word' id='word_1_684' title='bbox 1707 789 1797 821; x_wconf 83' lang='lat' dir='ltr'>servo</span> <span class='ocrx_word' id='word_1_685' title='bbox 1814 813 1823 827; x_wconf 90' lang='lat'>,</span> <span class='ocrx_word' id='word_1_686' title='bbox 1856 789 1908 829; x_wconf 85' lang='lat' dir='ltr'>qui</span> <span class='ocrx_word' id='word_1_687' title='bbox 1927 789 1984 820; x_wconf 87' lang='lat' dir='ltr'>do-</span> 
     </span>
     <span class='ocr_line' id='line_1_97' title="bbox 1117 830 1983 872; baseline 0.001 -11"><span class='ocrx_word' id='word_1_688' title='bbox 1117 832 1207 862; x_wconf 91' lang='lat' dir='ltr'>mino</span> <span class='ocrx_word' id='word_1_689' title='bbox 1236 832 1341 871; x_wconf 85' lang='lat' dir='ltr'>paruit</span> <span class='ocrx_word' id='word_1_690' title='bbox 1358 854 1367 870; x_wconf 94' lang='lat'>‚</span> <span class='ocrx_word' id='word_1_691' title='bbox 1398 831 1462 871; x_wconf 75' lang='lat' dir='ltr'>ipse</span> <span class='ocrx_word' id='word_1_692' title='bbox 1485 841 1645 872; x_wconf 88' lang='lat' dir='ltr'>periturus</span> <span class='ocrx_word' id='word_1_693' title='bbox 1662 856 1672 871; x_wconf 92' lang='lat'>‚</span> <span class='ocrx_word' id='word_1_694' title='bbox 1703 831 1724 863; x_wconf 88' lang='lat' dir='ltr'><strong>fi</strong></span> <span class='ocrx_word' id='word_1_695' title='bbox 1751 840 1817 863; x_wconf 87' lang='lat' dir='ltr'>non</span> <span class='ocrx_word' id='word_1_696' title='bbox 1847 830 1983 862; x_wconf 83' lang='lat' dir='ltr'>feciffet.</span> 
     </span>
     <span class='ocr_line' id='line_1_98' title="bbox 1119 870 1984 914; baseline -0.001 -11"><span class='ocrx_word' id='word_1_697' title='bbox 1119 880 1270 903; x_wconf 78' lang='lat' dir='ltr'>caeterum</span> <span class='ocrx_word' id='word_1_698' title='bbox 1288 872 1344 903; x_wconf 89' lang='lat' dir='ltr'>etsi</span> <span class='ocrx_word' id='word_1_699' title='bbox 1364 872 1461 903; x_wconf 76' lang='lat' dir='ltr'>celset</span> <span class='ocrx_word' id='word_1_700' title='bbox 1477 874 1529 905; x_wconf 85' lang='lat' dir='ltr'>lex</span> <span class='ocrx_word' id='word_1_701' title='bbox 1545 874 1688 914; x_wconf 85' lang='lat' dir='ltr'>Aquilia,</span> <span class='ocrx_word' id='word_1_702' title='bbox 1713 880 1819 904; x_wconf 83' lang='lat' dir='ltr'>tamen</span> <span class='ocrx_word' id='word_1_703' title='bbox 1840 873 1912 912; x_wconf 89' lang='lat' dir='ltr'>quia</span> <span class='ocrx_word' id='word_1_704' title='bbox 1930 870 1984 903; x_wconf 83' lang='lat' dir='ltr'>usi·</span> 
     </span>
     <span class='ocr_line' id='line_1_99' title="bbox 1120 913 1986 955; baseline -0.001 -11"><span class='ocrx_word' id='word_1_705' title='bbox 1120 922 1219 944; x_wconf 85' lang='lat' dir='ltr'>tatum</span> <span class='ocrx_word' id='word_1_706' title='bbox 1247 913 1313 952; x_wconf 90' lang='lat' dir='ltr'>est,</span> <span class='ocrx_word' id='word_1_707' title='bbox 1349 915 1471 953; x_wconf 84' lang='lat' dir='ltr'>priores</span> <span class='ocrx_word' id='word_1_708' title='bbox 1498 915 1584 955; x_wconf 85' lang='lat' dir='ltr'>leges</span> <span class='ocrx_word' id='word_1_709' title='bbox 1610 915 1705 946; x_wconf 83' lang='lat' dir='ltr'>etiam</span> <span class='ocrx_word' id='word_1_710' title='bbox 1728 915 1766 945; x_wconf 75' lang='lat' dir='ltr'>:id</span> <span class='ocrx_word' id='word_1_711' title='bbox 1792 914 1986 955; x_wconf 77' lang='lat' dir='ltr'>posteriores</span> 
     </span>
     <span class='ocr_line' id='line_1_100' title="bbox 1122 953 1985 998; baseline -0.001 -12"><span class='ocrx_word' id='word_1_712' title='bbox 1122 955 1202 986; x_wconf 84' lang='lat' dir='ltr'>trahi</span> <span class='ocrx_word' id='word_1_713' title='bbox 1226 977 1236 992; x_wconf 91' lang='lat'>,</span> <span class='ocrx_word' id='word_1_714' title='bbox 1266 955 1364 995; x_wconf 81' lang='lat' dir='ltr'>magis</span> <span class='ocrx_word' id='word_1_715' title='bbox 1389 954 1486 987; x_wconf 86' lang='lat' dir='ltr'>visum</span> <span class='ocrx_word' id='word_1_716' title='bbox 1505 955 1645 998; x_wconf 86' lang='lat' dir='ltr'>Ulpiano</span> <span class='ocrx_word' id='word_1_717' title='bbox 1669 966 1707 988; x_wconf 86' lang='lat' dir='ltr'>ex</span> <span class='ocrx_word' id='word_1_718' title='bbox 1727 956 1915 987; x_wconf 62' lang='lat' dir='ltr'>auctoritate</span> <span class='ocrx_word' id='word_1_719' title='bbox 1932 953 1985 993; x_wconf 89' lang='lat' dir='ltr'>Ju-</span> 
     </span>
     <span class='ocr_line' id='line_1_101' title="bbox 1121 995 1986 1038; baseline -0.002 -10"><span class='ocrx_word' id='word_1_720' title='bbox 1121 997 1192 1028; x_wconf 89' lang='lat' dir='ltr'>liani</span> <span class='ocrx_word' id='word_1_721' title='bbox 1214 996 1243 1027; x_wconf 74' lang='grc' dir='ltr'>δι</span> <span class='ocrx_word' id='word_1_722' title='bbox 1263 995 1408 1027; x_wconf 75' lang='lat' dir='ltr'>Marce-lli·</span> <span class='ocrx_word' id='word_1_723' title='bbox 1433 997 1460 1027; x_wconf 88' lang='lat' dir='ltr'>d.</span> <span class='ocrx_word' id='word_1_724' title='bbox 1474 997 1503 1028; x_wconf 79' lang='lat' dir='ltr'>l.</span> <span class='ocrx_word' id='word_1_725' title='bbox 1521 1008 1548 1029; x_wconf 82' lang='lat'><em>2.</em></span> <span class='ocrx_word' id='word_1_726' title='bbox 1574 997 1602 1038; x_wconf 87' lang='lat'><em>§.</em></span> <span class='ocrx_word' id='word_1_727' title='bbox 1624 1007 1650 1029; x_wconf 88' lang='lat' dir='ltr'>i.</span> <span class='ocrx_word' id='word_1_728' title='bbox 1675 1003 1748 1029; x_wconf 76' lang='lat' dir='ltr'>curn</span> <span class='ocrx_word' id='word_1_729' title='bbox 1766 998 1836 1038; x_wconf 82' lang='lat' dir='ltr'>lege</span> <span class='ocrx_word' id='word_1_730' title='bbox 1858 997 1986 1037; x_wconf 82' lang='lat' dir='ltr'>Aquilia</span> 
     </span>
     <span class='ocr_line' id='line_1_102' title="bbox 1121 1037 1985 1078; baseline -0.002 -9"><span class='ocrx_word' id='word_1_731' title='bbox 1121 1039 1215 1070; x_wconf 88' lang='lat' dir='ltr'>etiam</span> <span class='ocrx_word' id='word_1_732' title='bbox 1235 1038 1338 1078; x_wconf 82' lang='lat' dir='ltr'>legem</span> <span class='ocrx_word' id='word_1_733' title='bbox 1357 1037 1541 1069; x_wconf 83' lang='lat' dir='ltr'>Duodecim</span> <span class='ocrx_word' id='word_1_734' title='bbox 1557 1039 1755 1071; x_wconf 74' lang='lat' dir='ltr'>Tabularum</span> <span class='ocrx_word' id='word_1_735' title='bbox 1772 1046 1985 1075; x_wconf 87' lang='lat' dir='ltr'>concurrere,</span> 
     </span>
     <span class='ocr_line' id='line_1_103' title="bbox 1122 1078 1985 1120; baseline -0.001 -10"><span class='ocrx_word' id='word_1_736' title='bbox 1122 1080 1151 1110; x_wconf 69' lang='grc' dir='ltr'>δι</span> <span class='ocrx_word' id='word_1_737' title='bbox 1179 1088 1234 1120; x_wconf 85' lang='lat' dir='ltr'>per</span> <span class='ocrx_word' id='word_1_738' title='bbox 1262 1081 1345 1110; x_wconf 89' lang='lat' dir='ltr'>illam</span> <span class='ocrx_word' id='word_1_739' title='bbox 1371 1088 1436 1110; x_wconf 91' lang='lat' dir='ltr'>non</span> <span class='ocrx_word' id='word_1_740' title='bbox 1459 1088 1522 1110; x_wconf 82' lang='lat' dir='ltr'>tam</span> <span class='ocrx_word' id='word_1_741' title='bbox 1543 1078 1666 1112; x_wconf 89' lang='lat' dir='ltr'>servum</span> <span class='ocrx_word' id='word_1_742' title='bbox 1690 1079 1859 1117; x_wconf 78' lang='lat' dir='ltr'>excusari,</span> <span class='ocrx_word' id='word_1_743' title='bbox 1890 1087 1985 1119; x_wconf 83' lang='lat' dir='ltr'>quam</span> 
     </span>
     <span class='ocr_line' id='line_1_104' title="bbox 1123 1120 1986 1161; baseline -0.002 -9"><span class='ocrx_word' id='word_1_744' title='bbox 1123 1121 1287 1152; x_wconf 87' lang='lat' dir='ltr'>dominum</span> <span class='ocrx_word' id='word_1_745' title='bbox 1304 1121 1448 1151; x_wconf 82' lang='lat' dir='ltr'>onerari:</span> <span class='ocrx_word' id='word_1_746' title='bbox 1470 1122 1565 1161; x_wconf 86' lang='lat' dir='ltr'>igitur</span> <span class='ocrx_word' id='word_1_747' title='bbox 1581 1122 1741 1153; x_wconf 65' lang='lat' dir='ltr'>actionem</span> <span class='ocrx_word' id='word_1_748' title='bbox 1757 1121 1908 1152; x_wconf 80' lang='lat' dir='ltr'>noxalein</span> <span class='ocrx_word' id='word_1_749' title='bbox 1927 1120 1986 1151; x_wconf 85' lang='lat' dir='ltr'>ser-</span> 
     </span>
     <span class='ocr_line' id='line_1_105' title="bbox 1122 1160 1986 1202; baseline -0.001 -10"><span class='ocrx_word' id='word_1_750' title='bbox 1122 1163 1152 1193; x_wconf 85' lang='lat' dir='ltr'>vi</span> <span class='ocrx_word' id='word_1_751' title='bbox 1169 1171 1317 1199; x_wconf 87' lang='lat' dir='ltr'>nomine,</span> <span class='ocrx_word' id='word_1_752' title='bbox 1340 1160 1362 1192; x_wconf 89' lang='lat' dir='ltr'>si</span> <span class='ocrx_word' id='word_1_753' title='bbox 1381 1164 1404 1193; x_wconf 87' lang='lat' dir='ltr'>is</span> <span class='ocrx_word' id='word_1_754' title='bbox 1424 1165 1571 1194; x_wconf 74' lang='lat' dir='ltr'>damnum</span> <span class='ocrx_word' id='word_1_755' title='bbox 1590 1163 1699 1202; x_wconf 84' lang='lat' dir='ltr'>dedit,</span> <span class='ocrx_word' id='word_1_756' title='bbox 1725 1163 1858 1194; x_wconf 87' lang='lat' dir='ltr'>domino</span> <span class='ocrx_word' id='word_1_757' title='bbox 1873 1162 1986 1202; x_wconf 87' lang='lat' dir='ltr'>juben-</span> 
     </span>
     <span class='ocr_line' id='line_1_106' title="bbox 1122 1203 1988 1245; baseline -0.001 -11"><span class='ocrx_word' id='word_1_758' title='bbox 1122 1212 1155 1235; x_wconf 89' lang='lat' dir='ltr'>te</span> <span class='ocrx_word' id='word_1_759' title='bbox 1170 1226 1180 1242; x_wconf 91' lang='lat'>,</span> <span class='ocrx_word' id='word_1_760' title='bbox 1214 1205 1309 1233; x_wconf 86' lang='lat' dir='ltr'>etiam</span> <span class='ocrx_word' id='word_1_761' title='bbox 1332 1203 1478 1234; x_wconf 82' lang='lat' dir='ltr'>adversus</span> <span class='ocrx_word' id='word_1_762' title='bbox 1500 1205 1665 1236; x_wconf 88' lang='lat' dir='ltr'>dominum</span> <span class='ocrx_word' id='word_1_763' title='bbox 1684 1204 1838 1245; x_wconf 85' lang='lat' dir='ltr'>permitti.</span> <span class='ocrx_word' id='word_1_764' title='bbox 1881 1204 1988 1244; x_wconf 88' lang='lat' dir='ltr'>Atque</span> 
     </span>
     <span class='ocr_line' id='line_1_107' title="bbox 1124 1243 1987 1285; baseline -0.001 -10"><span class='ocrx_word' id='word_1_765' title='bbox 1124 1246 1166 1276; x_wconf 85' lang='lat' dir='ltr'>ita</span> <span class='ocrx_word' id='word_1_766' title='bbox 1184 1243 1245 1275; x_wconf 84' lang='lat' dir='ltr'>est:</span> <span class='ocrx_word' id='word_1_767' title='bbox 1269 1245 1321 1276; x_wconf 79' lang='lat' dir='ltr'>lex</span> <span class='ocrx_word' id='word_1_768' title='bbox 1339 1245 1464 1285; x_wconf 84' lang='lat' dir='ltr'>Aquilia</span> <span class='ocrx_word' id='word_1_769' title='bbox 1487 1247 1586 1284; x_wconf 86' lang='lat' dir='ltr'>parcit</span> <span class='ocrx_word' id='word_1_770' title='bbox 1603 1245 1695 1276; x_wconf 83' lang='lat' dir='ltr'>servo</span> <span class='ocrx_word' id='word_1_771' title='bbox 1712 1269 1721 1284; x_wconf 91' lang='lat'>,</span> <span class='ocrx_word' id='word_1_772' title='bbox 1753 1246 1916 1276; x_wconf 87' lang='lat' dir='ltr'>hominem</span> <span class='ocrx_word' id='word_1_773' title='bbox 1933 1252 1987 1275; x_wconf 86' lang='lat' dir='ltr'>aut</span> 
     </span>
     <span class='ocr_line' id='line_1_108' title="bbox 1123 1285 1988 1327; baseline -0.001 -10"><span class='ocrx_word' id='word_1_774' title='bbox 1123 1287 1281 1327; x_wconf 85' lang='lat' dir='ltr'>pecudem</span> <span class='ocrx_word' id='word_1_775' title='bbox 1298 1285 1375 1325; x_wconf 76' lang='lat' dir='ltr'>juss&#39;u</span> <span class='ocrx_word' id='word_1_776' title='bbox 1395 1286 1515 1317; x_wconf 86' lang='lat' dir='ltr'>domini</span> <span class='ocrx_word' id='word_1_777' title='bbox 1535 1287 1698 1318; x_wconf 82' lang='lat' dir='ltr'>occidenti</span> <span class='ocrx_word' id='word_1_778' title='bbox 1716 1298 1723 1318; x_wconf 92' lang='lat'>:</span> <span class='ocrx_word' id='word_1_779' title='bbox 1755 1287 1807 1318; x_wconf 88' lang='lat' dir='ltr'>sed</span> <span class='ocrx_word' id='word_1_780' title='bbox 1828 1288 1880 1318; x_wconf 83' lang='lat' dir='ltr'>lex</span> <span class='ocrx_word' id='word_1_781' title='bbox 1900 1287 1988 1317; x_wconf 86' lang='lat' dir='ltr'>Duo-</span> 
     </span>
     <span class='ocr_line' id='line_1_109' title="bbox 1123 1326 1985 1369; baseline -0.001 -10"><span class='ocrx_word' id='word_1_782' title='bbox 1123 1329 1227 1359; x_wconf 88' lang='lat' dir='ltr'>decim</span> <span class='ocrx_word' id='word_1_783' title='bbox 1243 1326 1438 1358; x_wconf 76' lang='lat' dir='ltr'>Tabularum</span> <span class='ocrx_word' id='word_1_784' title='bbox 1456 1351 1467 1366; x_wconf 85' lang='lat'>,</span> <span class='ocrx_word' id='word_1_785' title='bbox 1500 1328 1632 1368; x_wconf 66' lang='lat' dir='ltr'>aliaeque</span> <span class='ocrx_word' id='word_1_786' title='bbox 1650 1337 1756 1369; x_wconf 86' lang='lat' dir='ltr'>partes</span> <span class='ocrx_word' id='word_1_787' title='bbox 1771 1329 1848 1369; x_wconf 84' lang='lat' dir='ltr'>juris</span> <span class='ocrx_word' id='word_1_788' title='bbox 1873 1328 1901 1359; x_wconf 85' lang='lat' dir='ltr'>ei</span> <span class='ocrx_word' id='word_1_789' title='bbox 1920 1336 1985 1358; x_wconf 87' lang='lat' dir='ltr'>non</span> 
     </span>
     <span class='ocr_line' id='line_1_110' title="bbox 1123 1368 1986 1411; baseline -0.001 -12"><span class='ocrx_word' id='word_1_790' title='bbox 1123 1377 1257 1409; x_wconf 85' lang='lat' dir='ltr'>pai-cunt</span> <span class='ocrx_word' id='word_1_791' title='bbox 1275 1391 1284 1408; x_wconf 94' lang='lat'>,</span> <span class='ocrx_word' id='word_1_792' title='bbox 1314 1378 1387 1399; x_wconf 87' lang='lat' dir='ltr'>cum</span> <span class='ocrx_word' id='word_1_793' title='bbox 1415 1369 1548 1400; x_wconf 89' lang='lat' dir='ltr'>domino</span> <span class='ocrx_word' id='word_1_794' title='bbox 1567 1370 1773 1411; x_wconf 81' lang='lat' dir='ltr'>obtemperat</span> <span class='ocrx_word' id='word_1_795' title='bbox 1798 1370 1850 1401; x_wconf 86' lang='lat' dir='ltr'>illa</span> <span class='ocrx_word' id='word_1_796' title='bbox 1867 1370 1899 1400; x_wconf 89' lang='lat' dir='ltr'>in</span> <span class='ocrx_word' id='word_1_797' title='bbox 1918 1368 1986 1409; x_wconf 83' lang='lat' dir='ltr'>spe-</span> 
     </span>
     <span class='ocr_line' id='line_1_111' title="bbox 1123 1410 1987 1452; baseline -0.001 -11"><span class='ocrx_word' id='word_1_798' title='bbox 1123 1412 1193 1448; x_wconf 86' lang='lat' dir='ltr'>cie,</span> <span class='ocrx_word' id='word_1_799' title='bbox 1216 1418 1269 1441; x_wconf 90' lang='lat' dir='ltr'>aut</span> <span class='ocrx_word' id='word_1_800' title='bbox 1288 1410 1383 1442; x_wconf 76' lang='lat' dir='ltr'>etiam</span> <span class='ocrx_word' id='word_1_801' title='bbox 1402 1410 1434 1441; x_wconf 89' lang='lat' dir='ltr'>in</span> <span class='ocrx_word' id='word_1_802' title='bbox 1450 1411 1535 1449; x_wconf 88' lang='lat' dir='ltr'>aliis,</span> <span class='ocrx_word' id='word_1_803' title='bbox 1561 1411 1592 1442; x_wconf 92' lang='lat' dir='ltr'>in</span> <span class='ocrx_word' id='word_1_804' title='bbox 1617 1412 1731 1451; x_wconf 89' lang='lat' dir='ltr'>quibus</span> <span class='ocrx_word' id='word_1_805' title='bbox 1750 1412 1889 1452; x_wconf 77' lang='lat' dir='ltr'>arguitur</span> <span class='ocrx_word' id='word_1_806' title='bbox 1904 1418 1987 1441; x_wconf 85' lang='lat' dir='ltr'>atro-</span> 
     </span>
     <span class='ocr_line' id='line_1_112' title="bbox 1124 1450 1987 1493; baseline 0.001 -11"><span class='ocrx_word' id='word_1_807' title='bbox 1124 1453 1202 1483; x_wconf 84' lang='lat' dir='ltr'>citas</span> <span class='ocrx_word' id='word_1_808' title='bbox 1219 1450 1362 1483; x_wconf 85' lang='lat' dir='ltr'>sceleris:</span> <span class='ocrx_word' id='word_1_809' title='bbox 1386 1451 1441 1482; x_wconf 78' lang='lat' dir='ltr'>etsi</span> <span class='ocrx_word' id='word_1_810' title='bbox 1459 1452 1488 1483; x_wconf 88' lang='lat' dir='ltr'>ei</span> <span class='ocrx_word' id='word_1_811' title='bbox 1514 1451 1683 1493; x_wconf 87' lang='lat' dir='ltr'>ignoscunt</span> <span class='ocrx_word' id='word_1_812' title='bbox 1699 1454 1820 1493; x_wconf 82' lang='lat' dir='ltr'>parenti</span> <span class='ocrx_word' id='word_1_813' title='bbox 1842 1453 1872 1483; x_wconf 87' lang='lat' dir='ltr'>in</span> <span class='ocrx_word' id='word_1_814' title='bbox 1891 1451 1937 1483; x_wconf 88' lang='lat' dir='ltr'>liis</span> <span class='ocrx_word' id='word_1_815' title='bbox 1953 1451 1987 1483; x_wconf 81' lang='lat' dir='ltr'>in</span> 
     </span>
     <span class='ocr_line' id='line_1_113' title="bbox 1124 1492 1987 1534; baseline 0.001 -11"><span class='ocrx_word' id='word_1_816' title='bbox 1124 1494 1240 1534; x_wconf 81' lang='lat' dir='ltr'>quibus</span> <span class='ocrx_word' id='word_1_817' title='bbox 1263 1503 1298 1524; x_wconf 87' lang='lat' dir='ltr'>ea</span> <span class='ocrx_word' id='word_1_818' title='bbox 1323 1493 1407 1524; x_wconf 90' lang='lat' dir='ltr'>nulla</span> <span class='ocrx_word' id='word_1_819' title='bbox 1439 1494 1603 1534; x_wconf 83' lang='lat' dir='ltr'>arguitur:</span> <span class='ocrx_word' id='word_1_820' title='bbox 1635 1494 1764 1525; x_wconf 63' lang='lat' dir='ltr'>auetore</span> <span class='ocrx_word' id='word_1_821' title='bbox 1796 1493 1937 1534; x_wconf 82' lang='lat' dir='ltr'>Ulpiano</span> <span class='ocrx_word' id='word_1_822' title='bbox 1966 1492 1987 1524; x_wconf 89' lang='lat' dir='ltr'>l.</span> 
     </span>
     <span class='ocr_line' id='line_1_114' title="bbox 1127 1533 1988 1576; baseline -0.001 -10"><span class='ocrx_word' id='word_1_823' title='bbox 1127 1544 1193 1575; x_wconf 80' lang='lat'><em>157.</em></span> <span class='ocrx_word' id='word_1_824' title='bbox 1219 1533 1261 1565; x_wconf 91' lang='lat' dir='ltr'>D.</span> <span class='ocrx_word' id='word_1_825' title='bbox 1287 1536 1319 1565; x_wconf 81' lang='lat' dir='ltr'>de</span> <span class='ocrx_word' id='word_1_826' title='bbox 1336 1534 1443 1575; x_wconf 76' lang='lat' dir='ltr'>regulis</span> <span class='ocrx_word' id='word_1_827' title='bbox 1458 1535 1544 1576; x_wconf 77' lang='lat' dir='ltr'>juris.</span> <span class='ocrx_word' id='word_1_828' title='bbox 1589 1534 1770 1576; x_wconf 88' lang='lat' dir='ltr'>Utrumque</span> <span class='ocrx_word' id='word_1_829' title='bbox 1792 1536 1912 1566; x_wconf 83' lang='lat' dir='ltr'>indicat</span> <span class='ocrx_word' id='word_1_830' title='bbox 1935 1533 1988 1565; x_wconf 85' lang='lat' dir='ltr'>Al-</span> 
     </span>
     <span class='ocr_line' id='line_1_115' title="bbox 1123 1574 1988 1615; baseline -0.002 -8"><span class='ocrx_word' id='word_1_831' title='bbox 1123 1575 1235 1608; x_wconf 86' lang='lat' dir='ltr'>fenus.-</span> <span class='ocrx_word' id='word_1_832' title='bbox 1258 1574 1299 1607; x_wconf 87' lang='lat' dir='ltr'>fic</span> <span class='ocrx_word' id='word_1_833' title='bbox 1317 1575 1453 1607; x_wconf 82' lang='lat' dir='ltr'>scribens</span> <span class='ocrx_word' id='word_1_834' title='bbox 1465 1600 1474 1615; x_wconf 91' lang='lat'>,</span> <span class='ocrx_word' id='word_1_835' title='bbox 1507 1577 1617 1608; x_wconf 75' lang='lat' dir='ltr'>Servus</span> <span class='ocrx_word' id='word_1_836' title='bbox 1634 1587 1691 1608; x_wconf 84' lang='lat' dir='ltr'>non</span> <span class='ocrx_word' id='word_1_837' title='bbox 1707 1579 1738 1607; x_wconf 79' lang='lat' dir='ltr'>in</span> <span class='ocrx_word' id='word_1_838' title='bbox 1759 1578 1888 1608; x_wconf 79' lang='lat' dir='ltr'>omnibus</span> <span class='ocrx_word' id='word_1_839' title='bbox 1905 1576 1988 1606; x_wconf 72' lang='lat' dir='ltr'>rebus</span> 
     </span>
     <span class='ocr_line' id='line_1_116' title="bbox 1116 1614 1988 1659; baseline 0 -12"><span class='ocrx_word' id='word_1_840' title='bbox 1116 1616 1181 1656; x_wconf 84' lang='lat' dir='ltr'>fine</span> <span class='ocrx_word' id='word_1_841' title='bbox 1194 1623 1280 1657; x_wconf 84' lang='lat' dir='ltr'>poena</span> <span class='ocrx_word' id='word_1_842' title='bbox 1301 1620 1413 1649; x_wconf 78' lang='lat' dir='ltr'>domino</span> <span class='ocrx_word' id='word_1_843' title='bbox 1437 1618 1511 1649; x_wconf 67' lang='lat' dir='ltr'>circio</span> <span class='ocrx_word' id='word_1_844' title='bbox 1534 1621 1653 1650; x_wconf 80' lang='lat' dir='ltr'>audiens</span> <span class='ocrx_word' id='word_1_845' title='bbox 1677 1618 1728 1659; x_wconf 67' lang='lat' dir='ltr'>effe</span> <span class='ocrx_word' id='word_1_846' title='bbox 1738 1618 1838 1659; x_wconf 79' lang='lat' dir='ltr'>solet:</span> <span class='ocrx_word' id='word_1_847' title='bbox 1863 1616 1942 1655; x_wconf 81' lang='lat' dir='ltr'>ficut</span> <span class='ocrx_word' id='word_1_848' title='bbox 1959 1614 1988 1655; x_wconf 79' lang='lat' dir='ltr'><em>fi</em></span> 
     </span>
     <span class='ocr_line' id='line_1_117' title="bbox 1124 1658 1991 1700; baseline -0.001 -10"><span class='ocrx_word' id='word_1_849' title='bbox 1124 1660 1256 1690; x_wconf 78' lang='lat' dir='ltr'>dominus</span> <span class='ocrx_word' id='word_1_850' title='bbox 1277 1658 1416 1690; x_wconf 83' lang='lat' dir='ltr'>hominem</span> <span class='ocrx_word' id='word_1_851' title='bbox 1435 1661 1576 1699; x_wconf 77' lang='lat' dir='ltr'>occidere,</span> <span class='ocrx_word' id='word_1_852' title='bbox 1599 1666 1652 1691; x_wconf 82' lang='lat' dir='ltr'>aut</span> <span class='ocrx_word' id='word_1_853' title='bbox 1663 1661 1784 1700; x_wconf 79' lang='lat' dir='ltr'>furtum</span> <span class='ocrx_word' id='word_1_854' title='bbox 1807 1659 1896 1690; x_wconf 81' lang='lat' dir='ltr'>alicui</span> <span class='ocrx_word' id='word_1_855' title='bbox 1907 1659 1991 1698; x_wconf 72' lang='lat' dir='ltr'>fiace-</span> 
     </span>
     <span class='ocr_line' id='line_1_118' title="bbox 1125 1699 1989 1745; baseline 0 -15"><span class='ocrx_word' id='word_1_856' title='bbox 1125 1709 1173 1739; x_wconf 82' lang='lat' dir='ltr'>re,</span> <span class='ocrx_word' id='word_1_857' title='bbox 1187 1703 1309 1740; x_wconf 76' lang='lat' dir='ltr'>servum</span> <span class='ocrx_word' id='word_1_858' title='bbox 1320 1699 1450 1741; x_wconf 83' lang='lat' dir='ltr'>juffiffet.</span> <span class='ocrx_word' id='word_1_859' title='bbox 1497 1700 1617 1745; x_wconf 65' lang='lat' dir='ltr'>Quare,</span> <span class='ocrx_word' id='word_1_860' title='bbox 1640 1704 1773 1743; x_wconf 72' lang='lat' dir='ltr'>quamvis</span> <span class='ocrx_word' id='word_1_861' title='bbox 1789 1702 1896 1732; x_wconf 82' lang='lat' dir='ltr'>domini</span> <span class='ocrx_word' id='word_1_862' title='bbox 1904 1699 1989 1742; x_wconf 75' lang='lat' dir='ltr'>juffu</span> 
     </span>
     <span class='ocr_line' id='line_1_119' title="bbox 1117 1740 1990 1784; baseline 0 -12"><span class='ocrx_word' id='word_1_863' title='bbox 1117 1743 1227 1783; x_wconf 83' lang='lat' dir='ltr'>servus</span> <span class='ocrx_word' id='word_1_864' title='bbox 1240 1744 1396 1782; x_wconf 74' lang='lat' dir='ltr'>piraticam</span> <span class='ocrx_word' id='word_1_865' title='bbox 1410 1742 1546 1782; x_wconf 59' lang='lat' dir='ltr'>fecialia,</span> <span class='ocrx_word' id='word_1_866' title='bbox 1572 1744 1718 1784; x_wconf 77' lang='lat' dir='ltr'>judicium</span> <span class='ocrx_word' id='word_1_867' title='bbox 1745 1745 1777 1773; x_wconf 81' lang='lat' dir='ltr'>in</span> <span class='ocrx_word' id='word_1_868' title='bbox 1792 1752 1855 1773; x_wconf 77' lang='lat' dir='ltr'>enm</span> <span class='ocrx_word' id='word_1_869' title='bbox 1873 1740 1933 1783; x_wconf 75' lang='lat' dir='ltr'>post</span> <span class='ocrx_word' id='word_1_870' title='bbox 1955 1741 1990 1772; x_wconf 83' lang='lat' dir='ltr'>li-</span> 
     </span>
     <span class='ocr_line' id='line_1_120' title="bbox 1127 1781 1988 1826; baseline 0 -13"><span class='ocrx_word' id='word_1_871' title='bbox 1127 1784 1262 1814; x_wconf 83' lang='lat' dir='ltr'>bertatem</span> <span class='ocrx_word' id='word_1_872' title='bbox 1278 1785 1359 1814; x_wconf 80' lang='lat' dir='ltr'>reddi</span> <span class='ocrx_word' id='word_1_873' title='bbox 1380 1790 1495 1824; x_wconf 81' lang='lat' dir='ltr'>oportet.</span> <span class='ocrx_word' id='word_1_874' title='bbox 1543 1784 1583 1815; x_wconf 80' lang='lat' dir='ltr'>Et</span> <span class='ocrx_word' id='word_1_875' title='bbox 1601 1786 1794 1826; x_wconf 78' lang='lat' dir='ltr'>quodcumque</span> <span class='ocrx_word' id='word_1_876' title='bbox 1810 1784 1843 1814; x_wconf 72' lang='lat' dir='ltr'>‘cz&#39;</span> <span class='ocrx_word' id='word_1_877' title='bbox 1852 1781 1988 1823; x_wconf 80' lang='lat' dir='ltr'>feciffet,</span> 
     </span>
     <span class='ocr_line' id='line_1_121' title="bbox 1128 1824 1989 1866; baseline 0.001 -12"><span class='ocrx_word' id='word_1_878' title='bbox 1128 1834 1188 1866; x_wconf 79' lang='lat' dir='ltr'>quoe</span> <span class='ocrx_word' id='word_1_879' title='bbox 1205 1826 1252 1855; x_wconf 86' lang='lat' dir='ltr'>vis</span> <span class='ocrx_word' id='word_1_880' title='bbox 1275 1834 1292 1855; x_wconf 82' lang='lat' dir='ltr'>a</span> <span class='ocrx_word' id='word_1_881' title='bbox 1316 1824 1452 1864; x_wconf 75' lang='lat' dir='ltr'>maleficio</span> <span class='ocrx_word' id='word_1_882' title='bbox 1475 1835 1532 1856; x_wconf 84' lang='lat' dir='ltr'>non</span> <span class='ocrx_word' id='word_1_883' title='bbox 1551 1825 1669 1866; x_wconf 81' lang='lat' dir='ltr'>tz&#39;oeffet:</span> <span class='ocrx_word' id='word_1_884' title='bbox 1699 1828 1742 1857; x_wconf 81' lang='lat' dir='ltr'>ito</span> <span class='ocrx_word' id='word_1_885' title='bbox 1761 1831 1867 1866; x_wconf 81' lang='lat' dir='ltr'>oportet</span> <span class='ocrx_word' id='word_1_886' title='bbox 1887 1832 1989 1865; x_wconf 65' lang='grc' dir='ltr'><em>ρωπος</em></span> 
     </span>
     <span class='ocr_line' id='line_1_122' title="bbox 1126 1865 1988 1909; baseline 0 -13"><span class='ocrx_word' id='word_1_887' title='bbox 1126 1875 1190 1896; x_wconf 84' lang='lat' dir='ltr'>eum</span> <span class='ocrx_word' id='word_1_888' title='bbox 1204 1867 1334 1906; x_wconf 75' lang='lat' dir='ltr'>pendere.</span> <span class='ocrx_word' id='word_1_889' title='bbox 1378 1867 1433 1897; x_wconf 71' lang='lat' dir='ltr'>Sed</span> <span class='ocrx_word' id='word_1_890' title='bbox 1443 1865 1472 1904; x_wconf 88' lang='lat' dir='ltr'><em>fi</em></span> <span class='ocrx_word' id='word_1_891' title='bbox 1488 1868 1587 1909; x_wconf 79' lang='lat' dir='ltr'>aliqua</span> <span class='ocrx_word' id='word_1_892' title='bbox 1610 1870 1679 1899; x_wconf 81' lang='lat' dir='ltr'>rixa</span> <span class='ocrx_word' id='word_1_893' title='bbox 1695 1876 1731 1899; x_wconf 83' lang='lat' dir='ltr'>ex</span> <span class='ocrx_word' id='word_1_894' title='bbox 1746 1867 1846 1898; x_wconf 75' lang='lat' dir='ltr'>litibus</span> <span class='ocrx_word' id='word_1_895' title='bbox 1865 1866 1901 1902; x_wconf 66' lang='grc' dir='ltr'>ὃ)</span> <span class='ocrx_word' id='word_1_896' title='bbox 1924 1875 1988 1897; x_wconf 80' lang='lat' dir='ltr'>con-</span> 
     </span>
     <span class='ocr_line' id='line_1_123' title="bbox 1126 1907 1987 1949; baseline 0.002 -12"><span class='ocrx_word' id='word_1_897' title='bbox 1126 1908 1251 1938; x_wconf 77' lang='lat' dir='ltr'>tentione</span> <span class='ocrx_word' id='word_1_898' title='bbox 1265 1913 1337 1939; x_wconf 83' lang='lat' dir='ltr'>nata</span> <span class='ocrx_word' id='word_1_899' title='bbox 1353 1907 1435 1947; x_wconf 81' lang='lat' dir='ltr'>effet,</span> <span class='ocrx_word' id='word_1_900' title='bbox 1461 1908 1497 1942; x_wconf 60' lang='grc' dir='ltr'>ὃ)</span> <span class='ocrx_word' id='word_1_901' title='bbox 1515 1912 1549 1939; x_wconf 79' lang='lat' dir='ltr'>ab</span> <span class='ocrx_word' id='word_1_902' title='bbox 1564 1910 1608 1940; x_wconf 81' lang='lat' dir='ltr'>his</span> <span class='ocrx_word' id='word_1_903' title='bbox 1630 1911 1712 1940; x_wconf 78' lang='lat' dir='ltr'>rebus</span> <span class='ocrx_word' id='word_1_904' title='bbox 1721 1909 1846 1949; x_wconf 85' lang='lat' dir='ltr'>facinus</span> <span class='ocrx_word' id='word_1_905' title='bbox 1868 1907 1987 1948; x_wconf 73' lang='lat' dir='ltr'>aheffet:</span> 
     </span>
     <span class='ocr_line' id='line_1_124' title="bbox 1126 1949 1989 1992; baseline 0.001 -13"><span class='ocrx_word' id='word_1_906' title='bbox 1126 1954 1189 1980; x_wconf 83' lang='lat' dir='ltr'>tum</span> <span class='ocrx_word' id='word_1_907' title='bbox 1204 1958 1261 1979; x_wconf 86' lang='lat' dir='ltr'>non</span> <span class='ocrx_word' id='word_1_908' title='bbox 1279 1951 1411 1980; x_wconf 72' lang='lat' dir='ltr'>convenit</span> <span class='ocrx_word' id='word_1_909' title='bbox 1430 1950 1601 1989; x_wconf 73' lang='lat' dir='ltr'>Praetorem‚</span> <span class='ocrx_word' id='word_1_910' title='bbox 1632 1952 1707 1992; x_wconf 75' lang='lat' dir='ltr'>quod</span> <span class='ocrx_word' id='word_1_911' title='bbox 1719 1952 1822 1988; x_wconf 69' lang='lat' dir='ltr'>servus</span> <span class='ocrx_word' id='word_1_912' title='bbox 1839 1949 1920 1992; x_wconf 77' lang='lat' dir='ltr'>juffu</span> <span class='ocrx_word' id='word_1_913' title='bbox 1943 1950 1989 1980; x_wconf 79' lang='lat' dir='ltr'>cio-</span> 
     </span>
     <span class='ocr_line' id='line_1_125' title="bbox 1125 1989 1989 2033; baseline 0.003 -13"><span class='ocrx_word' id='word_1_914' title='bbox 1125 1991 1197 2020; x_wconf 76' lang='lat' dir='ltr'>mim·</span> <span class='ocrx_word' id='word_1_915' title='bbox 1215 1989 1328 2030; x_wconf 73' lang='lat' dir='ltr'>feciffet</span> <span class='ocrx_word' id='word_1_916' title='bbox 1344 2013 1353 2028; x_wconf 93' lang='lat'>,</span> <span class='ocrx_word' id='word_1_917' title='bbox 1384 1992 1417 2021; x_wconf 77' lang='lat' dir='ltr'>de</span> <span class='ocrx_word' id='word_1_918' title='bbox 1438 2000 1470 2022; x_wconf 73' lang='lat' dir='ltr'>ea</span> <span class='ocrx_word' id='word_1_919' title='bbox 1489 2002 1518 2022; x_wconf 75' lang='lat' dir='ltr'>re</span> <span class='ocrx_word' id='word_1_920' title='bbox 1533 1993 1563 2022; x_wconf 85' lang='lat' dir='ltr'>in</span> <span class='ocrx_word' id='word_1_921' title='bbox 1587 1993 1704 2023; x_wconf 78' lang='lat' dir='ltr'>liberum</span> <span class='ocrx_word' id='word_1_922' title='bbox 1717 1993 1862 2033; x_wconf 77' lang='lat' dir='ltr'>judicium</span> <span class='ocrx_word' id='word_1_923' title='bbox 1883 1993 1950 2022; x_wconf 76' lang='lat' dir='ltr'>dore</span> <span class='ocrx_word' id='word_1_924' title='bbox 1966 1990 1989 2023; x_wconf 78' lang='lat' dir='ltr'>l.</span> 
     </span>
     <span class='ocr_line' id='line_1_126' title="bbox 1127 2031 1988 2073; baseline 0 -11"><span class='ocrx_word' id='word_1_925' title='bbox 1127 2041 1177 2063; x_wconf 87' lang='lat'><em>20.</em></span> <span class='ocrx_word' id='word_1_926' title='bbox 1201 2031 1243 2062; x_wconf 91' lang='lat' dir='ltr'>D.</span> <span class='ocrx_word' id='word_1_927' title='bbox 1268 2035 1300 2062; x_wconf 81' lang='lat' dir='ltr'>ae</span> <span class='ocrx_word' id='word_1_928' title='bbox 1324 2032 1543 2073; x_wconf 76' lang='lat' dir='ltr'>obligationibus</span> <span class='ocrx_word' id='word_1_929' title='bbox 1568 2032 1605 2067; x_wconf 64' lang='lat'>55⁹</span> <span class='ocrx_word' id='word_1_930' title='bbox 1630 2033 1799 2065; x_wconf 62' lang='lat' dir='ltr'>aaronitas.</span> <span class='ocrx_word' id='word_1_931' title='bbox 1843 2034 1894 2065; x_wconf 80' lang='lat' dir='ltr'>Sic</span> <span class='ocrx_word' id='word_1_932' title='bbox 1916 2033 1988 2063; x_wconf 88' lang='lat' dir='ltr'>ille:</span> 
     </span>
     <span class='ocr_line' id='line_1_127' title="bbox 1126 2072 1990 2115; baseline 0.001 -12"><span class='ocrx_word' id='word_1_933' title='bbox 1126 2072 1248 2104; x_wconf 88' lang='lat' dir='ltr'>Seneca</span> <span class='ocrx_word' id='word_1_934' title='bbox 1273 2082 1403 2113; x_wconf 91' lang='lat' dir='ltr'>quoque</span> <span class='ocrx_word' id='word_1_935' title='bbox 1422 2075 1468 2104; x_wconf 80' lang='lat' dir='ltr'>lib.</span> <span class='ocrx_word' id='word_1_936' title='bbox 1479 2084 1508 2115; x_wconf 81' lang='lat'><em>3.</em></span> <span class='ocrx_word' id='word_1_937' title='bbox 1529 2074 1575 2105; x_wconf 87' lang='lat' dir='ltr'>De</span> <span class='ocrx_word' id='word_1_938' title='bbox 1590 2075 1731 2114; x_wconf 77' lang='lat' dir='ltr'>beneficiis</span> <span class='ocrx_word' id='word_1_939' title='bbox 1757 2085 1781 2106; x_wconf 86' lang='lat' dir='ltr'>c.</span> <span class='ocrx_word' id='word_1_940' title='bbox 1799 2085 1847 2107; x_wconf 83' lang='lat'><em>20.</em></span> <span class='ocrx_word' id='word_1_941' title='bbox 1884 2075 1990 2106; x_wconf 80' lang='lat' dir='ltr'>Verba</span> 
     </span>
     <span class='ocr_line' id='line_1_128' title="bbox 1127 2114 1989 2158; baseline -0.002 -12"><span class='ocrx_word' id='word_1_942' title='bbox 1127 2114 1268 2146; x_wconf 79' lang='lat' dir='ltr'>Senecae.</span> <span class='ocrx_word' id='word_1_943' title='bbox 1312 2115 1383 2146; x_wconf 84' lang='lat' dir='ltr'>Non</span> <span class='ocrx_word' id='word_1_944' title='bbox 1400 2122 1452 2145; x_wconf 79' lang='lat' dir='ltr'>ant</span> <span class='ocrx_word' id='word_1_945' title='bbox 1468 2125 1518 2146; x_wconf 87' lang='lat' dir='ltr'>nos</span> <span class='ocrx_word' id='word_1_946' title='bbox 1533 2118 1627 2147; x_wconf 77' lang='lat' dir='ltr'>omnio</span> <span class='ocrx_word' id='word_1_947' title='bbox 1641 2118 1740 2158; x_wconf 72' lang='lat' dir='ltr'>jubere</span> <span class='ocrx_word' id='word_1_948' title='bbox 1751 2116 1916 2156; x_wconf 82' lang='lat' dir='ltr'>poffumus,</span> <span class='ocrx_word' id='word_1_949' title='bbox 1935 2120 1989 2145; x_wconf 82' lang='lat' dir='ltr'>out</span> 
     </span>
     <span class='ocr_line' id='line_1_129' title="bbox 1127 2156 1989 2199; baseline 0.001 -13"><span class='ocrx_word' id='word_1_950' title='bbox 1127 2158 1158 2186; x_wconf 76' lang='lat' dir='ltr'>in</span> <span class='ocrx_word' id='word_1_951' title='bbox 1181 2157 1369 2195; x_wconf 78' lang='lat' dir='ltr'>onzniiiservi</span> <span class='ocrx_word' id='word_1_952' title='bbox 1378 2165 1480 2197; x_wconf 69' lang='lat' dir='ltr'>parcre</span> <span class='ocrx_word' id='word_1_953' title='bbox 1507 2164 1661 2199; x_wconf 75' lang='lat' dir='ltr'>coguntur.</span> <span class='ocrx_word' id='word_1_954' title='bbox 1706 2158 1815 2189; x_wconf 80' lang='lat' dir='ltr'>Contra</span> <span class='ocrx_word' id='word_1_955' title='bbox 1837 2156 1989 2198; x_wconf 78' lang='lat' dir='ltr'>rempubli-</span> 
     </span>
     <span class='ocr_line' id='line_1_130' title="bbox 1127 2197 1991 2239; baseline 0 -11"><span class='ocrx_word' id='word_1_956' title='bbox 1127 2207 1189 2228; x_wconf 81' lang='lat' dir='ltr'>cam</span> <span class='ocrx_word' id='word_1_957' title='bbox 1207 2197 1346 2237; x_wconf 72' lang='lat' dir='ltr'>imperitia</span> <span class='ocrx_word' id='word_1_958' title='bbox 1371 2208 1427 2228; x_wconf 85' lang='lat' dir='ltr'>non</span> <span class='ocrx_word' id='word_1_959' title='bbox 1441 2199 1571 2237; x_wconf 68' lang='lat' dir='ltr'>finierit,</span> <span class='ocrx_word' id='word_1_960' title='bbox 1595 2199 1669 2230; x_wconf 78' lang='lat' dir='ltr'>nulli</span> <span class='ocrx_word' id='word_1_961' title='bbox 1676 2199 1779 2239; x_wconf 79' lang='lat' dir='ltr'>sceleri</span> <span class='ocrx_word' id='word_1_962' title='bbox 1796 2208 1899 2230; x_wconf 79' lang='lat' dir='ltr'>monus</span> <span class='ocrx_word' id='word_1_963' title='bbox 1917 2207 1991 2229; x_wconf 85' lang='lat' dir='ltr'>com-</span> 
     </span>
     <span class='ocr_line' id='line_1_131' title="bbox 1126 2237 1648 2272; baseline 0.006 -3"><span class='ocrx_word' id='word_1_964' title='bbox 1126 2240 1290 2270; x_wconf 80' lang='lat' dir='ltr'>modalnmt.</span> <span class='ocrx_word' id='word_1_965' title='bbox 1333 2237 1473 2270; x_wconf 81' lang='lat' dir='ltr'>Tantum</span> <span class='ocrx_word' id='word_1_966' title='bbox 1491 2241 1529 2271; x_wconf 87' lang='lat' dir='ltr'>de</span> <span class='ocrx_word' id='word_1_967' title='bbox 1548 2240 1648 2272; x_wconf 76' lang='lat' dir='ltr'>servo.</span> 
     </span>
    </p>

    <p class='ocr_par' dir='ltr' id='par_1_18' title="bbox 1127 2280 1992 2521">
     <span class='ocr_line' id='line_1_132' title="bbox 1166 2280 1990 2321; baseline 0 -10"><span class='ocrx_word' id='word_1_968' title='bbox 1166 2280 1255 2312; x_wconf 87' lang='lat' dir='ltr'>Idem</span> <span class='ocrx_word' id='word_1_969' title='bbox 1274 2281 1415 2312; x_wconf 86' lang='lat' dir='ltr'>dicemus</span> <span class='ocrx_word' id='word_1_970' title='bbox 1434 2282 1473 2311; x_wconf 80' lang='lat' dir='ltr'>de</span> <span class='ocrx_word' id='word_1_971' title='bbox 1500 2283 1631 2313; x_wconf 81' lang='lat' dir='ltr'>homine</span> <span class='ocrx_word' id='word_1_972' title='bbox 1655 2283 1777 2320; x_wconf 86' lang='lat' dir='ltr'>libero,</span> <span class='ocrx_word' id='word_1_973' title='bbox 1810 2281 1830 2313; x_wconf 85' lang='lat' dir='ltr'>si</span> <span class='ocrx_word' id='word_1_974' title='bbox 1848 2280 1926 2321; x_wconf 86' lang='lat' dir='ltr'>jussu</span> <span class='ocrx_word' id='word_1_975' title='bbox 1949 2280 1990 2312; x_wconf 85' lang='lat' dir='ltr'>al-</span> 
     </span>
     <span class='ocr_line' id='line_1_133' title="bbox 1129 2323 1990 2363; baseline -0.001 -9"><span class='ocrx_word' id='word_1_976' title='bbox 1129 2323 1226 2354; x_wconf 90' lang='lat' dir='ltr'>terius</span> <span class='ocrx_word' id='word_1_977' title='bbox 1242 2332 1336 2353; x_wconf 79' lang='lat' dir='ltr'>manu</span> <span class='ocrx_word' id='word_1_978' title='bbox 1355 2323 1494 2362; x_wconf 87' lang='lat' dir='ltr'>injuriam</span> <span class='ocrx_word' id='word_1_979' title='bbox 1515 2325 1626 2356; x_wconf 82' lang='lat' dir='ltr'>dedit:</span> <span class='ocrx_word' id='word_1_980' title='bbox 1657 2334 1728 2355; x_wconf 85' lang='lat' dir='ltr'>nam</span> <span class='ocrx_word' id='word_1_981' title='bbox 1745 2324 1828 2358; x_wconf 24' lang='lat' dir='ltr'>fatuo</span> <span class='ocrx_word' id='word_1_982' title='bbox 1855 2324 1931 2363; x_wconf 77' lang='lat' dir='ltr'>legis</span> <span class='ocrx_word' id='word_1_983' title='bbox 1950 2324 1990 2353; x_wconf 91' lang='lat' dir='ltr'>A-</span> 
     </span>
     <span class='ocr_line' id='line_1_134' title="bbox 1129 2364 1991 2405; baseline -0.001 -10"><span class='ocrx_word' id='word_1_984' title='bbox 1129 2365 1232 2405; x_wconf 87' lang='lat' dir='ltr'>quiliae</span> <span class='ocrx_word' id='word_1_985' title='bbox 1252 2373 1325 2395; x_wconf 90' lang='lat' dir='ltr'>cum</span> <span class='ocrx_word' id='word_1_986' title='bbox 1344 2374 1383 2395; x_wconf 91' lang='lat' dir='ltr'>eo</span> <span class='ocrx_word' id='word_1_987' title='bbox 1403 2364 1446 2395; x_wconf 82' lang='lat' dir='ltr'>est</span> <span class='ocrx_word' id='word_1_988' title='bbox 1466 2365 1516 2404; x_wconf 91' lang='lat' dir='ltr'>qui</span> <span class='ocrx_word' id='word_1_989' title='bbox 1532 2365 1614 2405; x_wconf 85' lang='lat' dir='ltr'>juffit</span> <span class='ocrx_word' id='word_1_990' title='bbox 1632 2389 1641 2404; x_wconf 91' lang='lat'>,</span> <span class='ocrx_word' id='word_1_991' title='bbox 1674 2365 1695 2397; x_wconf 86' lang='lat' dir='ltr'>si</span> <span class='ocrx_word' id='word_1_992' title='bbox 1714 2366 1813 2397; x_wconf 84' lang='lat' dir='ltr'>modo</span> <span class='ocrx_word' id='word_1_993' title='bbox 1826 2365 1875 2405; x_wconf 76' lang='lat' dir='ltr'>jus</span> <span class='ocrx_word' id='word_1_994' title='bbox 1892 2365 1991 2404; x_wconf 87' lang='lat' dir='ltr'>impe-</span> 
     </span>
     <span class='ocr_line' id='line_1_135' title="bbox 1129 2405 1989 2446; baseline -0.003 -8"><span class='ocrx_word' id='word_1_995' title='bbox 1129 2406 1216 2438; x_wconf 87' lang='lat' dir='ltr'>randi</span> <span class='ocrx_word' id='word_1_996' title='bbox 1238 2405 1354 2437; x_wconf 79' lang='lat' dir='ltr'>affuit:</span> <span class='ocrx_word' id='word_1_997' title='bbox 1386 2408 1473 2446; x_wconf 88' lang='lat' dir='ltr'>quod</span> <span class='ocrx_word' id='word_1_998' title='bbox 1500 2406 1520 2437; x_wconf 83' lang='lat' dir='ltr'>ii</span> <span class='ocrx_word' id='word_1_999' title='bbox 1546 2417 1609 2438; x_wconf 85' lang='lat' dir='ltr'>non</span> <span class='ocrx_word' id='word_1_1000' title='bbox 1634 2407 1745 2438; x_wconf 83' lang='lat' dir='ltr'>habuit</span> <span class='ocrx_word' id='word_1_1001' title='bbox 1761 2430 1770 2444; x_wconf 87' lang='lat'><strong>‚</strong></span> <span class='ocrx_word' id='word_1_1002' title='bbox 1801 2416 1874 2438; x_wconf 88' lang='lat' dir='ltr'>cum</span> <span class='ocrx_word' id='word_1_1003' title='bbox 1898 2415 1939 2436; x_wconf 86' lang='lat' dir='ltr'>eo</span> <span class='ocrx_word' id='word_1_1004' title='bbox 1959 2414 1989 2435; x_wconf 88' lang='lat' dir='ltr'>a-</span> 
     </span>
     <span class='ocr_line' id='line_1_136' title="bbox 1128 2446 1992 2490; baseline -0.002 -11"><span class='ocrx_word' id='word_1_1005' title='bbox 1128 2448 1266 2489; x_wconf 81' lang='lat' dir='ltr'>gendum</span> <span class='ocrx_word' id='word_1_1006' title='bbox 1291 2446 1335 2478; x_wconf 86' lang='lat' dir='ltr'>est</span> <span class='ocrx_word' id='word_1_1007' title='bbox 1359 2448 1412 2488; x_wconf 90' lang='lat' dir='ltr'>qui</span> <span class='ocrx_word' id='word_1_1008' title='bbox 1441 2447 1520 2480; x_wconf 89' lang='lat' dir='ltr'>fecit</span> <span class='ocrx_word' id='word_1_1009' title='bbox 1541 2448 1560 2479; x_wconf 90' lang='lat' dir='ltr'>l.</span> <span class='ocrx_word' id='word_1_1010' title='bbox 1580 2458 1630 2490; x_wconf 78' lang='lat'><em>37.</em></span> <span class='ocrx_word' id='word_1_1011' title='bbox 1655 2448 1697 2480; x_wconf 95' lang='lat' dir='ltr'><em>D.</em></span> <span class='ocrx_word' id='word_1_1012' title='bbox 1723 2449 1773 2480; x_wconf 69' lang='lat' dir='ltr'>Aa</span> <span class='ocrx_word' id='word_1_1013' title='bbox 1789 2448 1875 2490; x_wconf 83' lang='lat' dir='ltr'>legem</span> <span class='ocrx_word' id='word_1_1014' title='bbox 1898 2447 1992 2488; x_wconf 81' lang='lat' dir='ltr'>Aqui-</span> 
     </span>
     <span class='ocr_line' id='line_1_137' title="bbox 1127 2491 1207 2521; baseline 0 -1"><span class='ocrx_word' id='word_1_1015' title='bbox 1127 2491 1207 2521; x_wconf 82' lang='lat' dir='ltr'>liam.</span> 
     </span>
    </p>

    <p class='ocr_par' dir='ltr' id='par_1_19' title="bbox 1127 2528 1995 3269">
     <span class='ocr_line' id='line_1_138' title="bbox 1169 2528 1991 2571; baseline -0.002 -9"><span class='ocrx_word' id='word_1_1016' title='bbox 1169 2529 1215 2562; x_wconf 90' lang='lat' dir='ltr'>Ut</span> <span class='ocrx_word' id='word_1_1017' title='bbox 1233 2529 1318 2568; x_wconf 88' lang='lat' dir='ltr'>dixi,</span> <span class='ocrx_word' id='word_1_1018' title='bbox 1342 2530 1393 2561; x_wconf 81' lang='lat' dir='ltr'>lex</span> <span class='ocrx_word' id='word_1_1019' title='bbox 1411 2530 1521 2570; x_wconf 82' lang='lat' dir='ltr'>jubet,</span> <span class='ocrx_word' id='word_1_1020' title='bbox 1546 2539 1617 2563; x_wconf 86' lang='lat' dir='ltr'>eum</span> <span class='ocrx_word' id='word_1_1021' title='bbox 1637 2531 1776 2563; x_wconf 88' lang='lat' dir='ltr'>damnari</span> <span class='ocrx_word' id='word_1_1022' title='bbox 1797 2530 1848 2571; x_wconf 89' lang='lat' dir='ltr'>qui</span> <span class='ocrx_word' id='word_1_1023' title='bbox 1869 2528 1991 2560; x_wconf 90' lang='lat' dir='ltr'>servum</span> 
     </span>
     <span class='ocr_line' id='line_1_139' title="bbox 1130 2572 1990 2613; baseline -0.006 -9"><span class='ocrx_word' id='word_1_1024' title='bbox 1130 2581 1183 2604; x_wconf 90' lang='lat' dir='ltr'>aut</span> <span class='ocrx_word' id='word_1_1025' title='bbox 1200 2572 1359 2613; x_wconf 85' lang='lat' dir='ltr'>pecudem</span> <span class='ocrx_word' id='word_1_1026' title='bbox 1378 2572 1487 2612; x_wconf 86' lang='lat' dir='ltr'>injuria</span> <span class='ocrx_word' id='word_1_1027' title='bbox 1516 2574 1657 2612; x_wconf 81' lang='lat' dir='ltr'>occidit3</span> <span class='ocrx_word' id='word_1_1028' title='bbox 1682 2574 1711 2604; x_wconf 72' lang='grc' dir='ltr'>ἃ</span> <span class='ocrx_word' id='word_1_1029' title='bbox 1731 2573 1897 2612; x_wconf 83' lang='lat' dir='ltr'>personam</span> <span class='ocrx_word' id='word_1_1030' title='bbox 1920 2580 1990 2609; x_wconf 81' lang='lat' dir='ltr'>qiiae</span> 
     </span>
     <span class='ocr_line' id='line_1_140' title="bbox 1130 2611 1990 2654; baseline -0.006 -8"><span class='ocrx_word' id='word_1_1031' title='bbox 1130 2621 1294 2652; x_wconf 86' lang='lat' dir='ltr'>teneatur,</span> <span class='ocrx_word' id='word_1_1032' title='bbox 1311 2612 1496 2653; x_wconf 79' lang='lat' dir='ltr'>singularem</span> <span class='ocrx_word' id='word_1_1033' title='bbox 1514 2622 1550 2644; x_wconf 86' lang='lat' dir='ltr'>ac</span> <span class='ocrx_word' id='word_1_1034' title='bbox 1567 2621 1686 2645; x_wconf 84' lang='lat' dir='ltr'>certam</span> <span class='ocrx_word' id='word_1_1035' title='bbox 1699 2614 1856 2654; x_wconf 79' lang='lat' dir='ltr'>indigitat.</span> <span class='ocrx_word' id='word_1_1036' title='bbox 1883 2611 1990 2653; x_wconf 83' lang='lat' dir='ltr'>Quid,</span> 
     </span>
     <span class='ocr_line' id='line_1_141' title="bbox 1128 2651 1994 2695; baseline -0.006 -8"><span class='ocrx_word' id='word_1_1037' title='bbox 1128 2656 1149 2688; x_wconf 88' lang='lat' dir='ltr'>fi</span> <span class='ocrx_word' id='word_1_1038' title='bbox 1178 2656 1277 2687; x_wconf 87' lang='lat' dir='ltr'>homo</span> <span class='ocrx_word' id='word_1_1039' title='bbox 1300 2663 1317 2685; x_wconf 83' lang='lat' dir='ltr'>a</span> <span class='ocrx_word' id='word_1_1040' title='bbox 1340 2655 1481 2695; x_wconf 88' lang='lat' dir='ltr'>pluribus</span> <span class='ocrx_word' id='word_1_1041' title='bbox 1500 2655 1531 2685; x_wconf 91' lang='lat' dir='ltr'>in</span> <span class='ocrx_word' id='word_1_1042' title='bbox 1559 2656 1625 2687; x_wconf 77' lang='lat' dir='ltr'>rixa</span> <span class='ocrx_word' id='word_1_1043' title='bbox 1649 2655 1683 2687; x_wconf 86' lang='lat' dir='ltr'>sit</span> <span class='ocrx_word' id='word_1_1044' title='bbox 1700 2654 1851 2686; x_wconf 78' lang='lat' dir='ltr'>occisus?</span> <span class='ocrx_word' id='word_1_1045' title='bbox 1875 2654 1918 2683; x_wconf 83' lang='lat' dir='ltr'>ait</span> <span class='ocrx_word' id='word_1_1046' title='bbox 1939 2651 1994 2683; x_wconf 91' lang='lat' dir='ltr'>Ul-</span> 
     </span>
     <span class='ocr_line' id='line_1_142' title="bbox 1128 2693 1992 2738; baseline -0.005 -10"><span class='ocrx_word' id='word_1_1047' title='bbox 1128 2698 1262 2738; x_wconf 83' lang='lat' dir='ltr'>pianus,</span> <span class='ocrx_word' id='word_1_1048' title='bbox 1285 2695 1307 2727; x_wconf 84' lang='lat' dir='ltr'>si</span> <span class='ocrx_word' id='word_1_1049' title='bbox 1333 2697 1452 2736; x_wconf 88' lang='lat' dir='ltr'>liquet,</span> <span class='ocrx_word' id='word_1_1050' title='bbox 1475 2696 1564 2735; x_wconf 83' lang='lat' dir='ltr'>cujus</span> <span class='ocrx_word' id='word_1_1051' title='bbox 1583 2696 1646 2728; x_wconf 64' lang='lat' dir='ltr'>ictu</span> <span class='ocrx_word' id='word_1_1052' title='bbox 1661 2696 1814 2736; x_wconf 86' lang='lat' dir='ltr'>perierit,</span> <span class='ocrx_word' id='word_1_1053' title='bbox 1838 2695 1927 2726; x_wconf 83' lang='lat' dir='ltr'>illum</span> <span class='ocrx_word' id='word_1_1054' title='bbox 1944 2693 1992 2724; x_wconf 92' lang='lat' dir='ltr'>so-</span> 
     </span>
     <span class='ocr_line' id='line_1_143' title="bbox 1128 2734 1992 2779; baseline -0.006 -8"><span class='ocrx_word' id='word_1_1055' title='bbox 1128 2740 1213 2778; x_wconf 91' lang='lat' dir='ltr'>lum,</span> <span class='ocrx_word' id='word_1_1056' title='bbox 1236 2737 1320 2778; x_wconf 82' lang='lat' dir='ltr'>quasi</span> <span class='ocrx_word' id='word_1_1057' title='bbox 1351 2737 1529 2776; x_wconf 90' lang='lat' dir='ltr'>occiderit,</span> <span class='ocrx_word' id='word_1_1058' title='bbox 1551 2739 1623 2779; x_wconf 83' lang='lat' dir='ltr'>lege</span> <span class='ocrx_word' id='word_1_1059' title='bbox 1651 2738 1776 2779; x_wconf 84' lang='lat' dir='ltr'>Aquilia</span> <span class='ocrx_word' id='word_1_1060' title='bbox 1804 2736 1925 2767; x_wconf 86' lang='lat' dir='ltr'>teneri:</span> <span class='ocrx_word' id='word_1_1061' title='bbox 1947 2734 1992 2767; x_wconf 82' lang='lat' dir='ltr'>fin</span> 
     </span>
     <span class='ocr_line' id='line_1_144' title="bbox 1127 2777 1994 2822; baseline -0.006 -10"><span class='ocrx_word' id='word_1_1062' title='bbox 1127 2782 1311 2822; x_wconf 84' lang='lat' dir='ltr'>ignoretur,</span> <span class='ocrx_word' id='word_1_1063' title='bbox 1334 2779 1431 2820; x_wconf 85' lang='lat' dir='ltr'>magis</span> <span class='ocrx_word' id='word_1_1064' title='bbox 1447 2788 1560 2811; x_wconf 88' lang='lat' dir='ltr'>omnes</span> <span class='ocrx_word' id='word_1_1065' title='bbox 1572 2803 1582 2818; x_wconf 91' lang='lat'><em>‚</em></span> <span class='ocrx_word' id='word_1_1066' title='bbox 1601 2779 1685 2820; x_wconf 85' lang='lat' dir='ltr'>quasi</span> <span class='ocrx_word' id='word_1_1067' title='bbox 1700 2778 1898 2817; x_wconf 85' lang='lat' dir='ltr'>occiderint,</span> <span class='ocrx_word' id='word_1_1068' title='bbox 1922 2777 1994 2817; x_wconf 90' lang='lat' dir='ltr'>lege</span> 
     </span>
     <span class='ocr_line' id='line_1_145' title="bbox 1128 2818 1994 2864; baseline -0.006 -10"><span class='ocrx_word' id='word_1_1069' title='bbox 1128 2823 1254 2862; x_wconf 83' lang='lat' dir='ltr'>Aquilia</span> <span class='ocrx_word' id='word_1_1070' title='bbox 1264 2821 1397 2862; x_wconf 86' lang='lat' dir='ltr'>obligari</span> <span class='ocrx_word' id='word_1_1071' title='bbox 1409 2820 1426 2851; x_wconf 89' lang='lat' dir='ltr'>l.</span> <span class='ocrx_word' id='word_1_1072' title='bbox 1441 2830 1487 2852; x_wconf 86' lang='lat'>11.</span> <span class='ocrx_word' id='word_1_1073' title='bbox 1498 2819 1526 2861; x_wconf 85' lang='lat'><em>§.</em></span> <span class='ocrx_word' id='word_1_1074' title='bbox 1539 2831 1566 2852; x_wconf 79' lang='lat'><em>2.</em></span> <span class='ocrx_word' id='word_1_1075' title='bbox 1578 2821 1615 2853; x_wconf 93' lang='lat' dir='ltr'><em>L.</em></span> <span class='ocrx_word' id='word_1_1076' title='bbox 1626 2831 1677 2862; x_wconf 84' lang='lat'>51.</span> <span class='ocrx_word' id='word_1_1077' title='bbox 1696 2820 1724 2862; x_wconf 87' lang='lat'><em>§.</em></span> <span class='ocrx_word' id='word_1_1078' title='bbox 1739 2829 1763 2852; x_wconf 93' lang='lat'><em>1.</em></span> <span class='ocrx_word' id='word_1_1079' title='bbox 1776 2819 1818 2852; x_wconf 87' lang='lat' dir='ltr'><em>D.</em></span> <span class='ocrx_word' id='word_1_1080' title='bbox 1829 2820 1878 2851; x_wconf 77' lang='lat' dir='ltr'>Ao</span> <span class='ocrx_word' id='word_1_1081' title='bbox 1890 2818 1994 2864; x_wconf 62' lang='lat' dir='ltr'>Legeni</span> 
     </span>
     <span class='ocr_line' id='line_1_146' title="bbox 1129 2859 1995 2905; baseline -0.007 -10"><span class='ocrx_word' id='word_1_1082' title='bbox 1129 2863 1289 2905; x_wconf 81' lang='lat' dir='ltr'>Aquiliam.</span> <span class='ocrx_word' id='word_1_1083' title='bbox 1313 2862 1363 2893; x_wconf 88' lang='lat' dir='ltr'>Sic</span> <span class='ocrx_word' id='word_1_1084' title='bbox 1382 2862 1444 2893; x_wconf 91' lang='lat' dir='ltr'>ille.</span> <span class='ocrx_word' id='word_1_1085' title='bbox 1469 2863 1518 2893; x_wconf 77' lang='lat' dir='ltr'>An</span> <span class='ocrx_word' id='word_1_1086' title='bbox 1534 2864 1638 2895; x_wconf 75' lang='lat' dir='ltr'>vei-e?</span> <span class='ocrx_word' id='word_1_1087' title='bbox 1662 2862 1732 2901; x_wconf 83' lang='lat' dir='ltr'>fac,</span> <span class='ocrx_word' id='word_1_1088' title='bbox 1750 2863 1780 2893; x_wconf 88' lang='lat' dir='ltr'>in</span> <span class='ocrx_word' id='word_1_1089' title='bbox 1796 2861 1844 2893; x_wconf 87' lang='lat' dir='ltr'>his</span> <span class='ocrx_word' id='word_1_1090' title='bbox 1862 2859 1923 2891; x_wconf 83' lang='lat' dir='ltr'>esse</span> <span class='ocrx_word' id='word_1_1091' title='bbox 1940 2867 1995 2899; x_wconf 81' lang='lat' dir='ltr'>qui</span> 
     </span>
     <span class='ocr_line' id='line_1_147' title="bbox 1130 2901 1992 2944; baseline -0.008 -7"><span class='ocrx_word' id='word_1_1092' title='bbox 1130 2905 1294 2937; x_wconf 86' lang='lat' dir='ltr'>hominem</span> <span class='ocrx_word' id='word_1_1093' title='bbox 1316 2902 1523 2944; x_wconf 77' lang='lat' dir='ltr'>percusserint</span> <span class='ocrx_word' id='word_1_1094' title='bbox 1540 2928 1550 2942; x_wconf 96' lang='lat'>‚</span> <span class='ocrx_word' id='word_1_1095' title='bbox 1572 2903 1625 2935; x_wconf 88' lang='lat' dir='ltr'>sed</span> <span class='ocrx_word' id='word_1_1096' title='bbox 1650 2913 1716 2936; x_wconf 91' lang='lat' dir='ltr'>non</span> <span class='ocrx_word' id='word_1_1097' title='bbox 1733 2901 1992 2944; x_wconf 78' lang='lat' dir='ltr'>vulneraverint,</span> 
     </span>
     <span class='ocr_line' id='line_1_148' title="bbox 1131 2941 1992 2987; baseline -0.003 -9"><span class='ocrx_word' id='word_1_1098' title='bbox 1131 2954 1183 2978; x_wconf 89' lang='lat' dir='ltr'>aut</span> <span class='ocrx_word' id='word_1_1099' title='bbox 1201 2955 1265 2978; x_wconf 92' lang='lat' dir='ltr'>non</span> <span class='ocrx_word' id='word_1_1100' title='bbox 1284 2945 1478 2976; x_wconf 86' lang='lat' dir='ltr'>occiderint:</span> <span class='ocrx_word' id='word_1_1101' title='bbox 1501 2946 1576 2985; x_wconf 88' lang='lat' dir='ltr'>quid</span> <span class='ocrx_word' id='word_1_1102' title='bbox 1597 2946 1760 2982; x_wconf 84' lang='lat' dir='ltr'>dicemus,</span> <span class='ocrx_word' id='word_1_1103' title='bbox 1784 2953 1840 2975; x_wconf 90' lang='lat' dir='ltr'>eos</span> <span class='ocrx_word' id='word_1_1104' title='bbox 1864 2941 1992 2987; x_wconf 64' lang='lat' dir='ltr'>tenen?</span> 
     </span>
     <span class='ocr_line' id='line_1_149' title="bbox 1130 2986 1992 3024; baseline -0.009 -4"><span class='ocrx_word' id='word_1_1105' title='bbox 1130 2989 1162 3020; x_wconf 90' lang='lat' dir='ltr'>Si</span> <span class='ocrx_word' id='word_1_1106' title='bbox 1186 2995 1290 3019; x_wconf 85' lang='lat' dir='ltr'>tamen</span> <span class='ocrx_word' id='word_1_1107' title='bbox 1308 2986 1371 3017; x_wconf 88' lang='lat' dir='ltr'>hoc</span> <span class='ocrx_word' id='word_1_1108' title='bbox 1391 2987 1440 3017; x_wconf 89' lang='lat' dir='ltr'>cui</span> <span class='ocrx_word' id='word_1_1109' title='bbox 1458 2987 1565 3018; x_wconf 84' lang='lat' dir='ltr'>durius</span> <span class='ocrx_word' id='word_1_1110' title='bbox 1584 2988 1769 3024; x_wconf 82' lang='lat' dir='ltr'>videbitur3</span> <span class='ocrx_word' id='word_1_1111' title='bbox 1793 2986 1817 3015; x_wconf 89' lang='lat' dir='ltr'>is</span> <span class='ocrx_word' id='word_1_1112' title='bbox 1841 2989 1965 3024; x_wconf 84' lang='lat' dir='ltr'>cogitet</span> <span class='ocrx_word' id='word_1_1113' title='bbox 1981 3004 1992 3020; x_wconf 88' lang='lat'>,</span> 
     </span>
     <span class='ocr_line' id='line_1_150' title="bbox 1131 3023 1990 3071; baseline -0.002 -10"><span class='ocrx_word' id='word_1_1114' title='bbox 1131 3029 1247 3070; x_wconf 89' lang='lat' dir='ltr'>ecquid</span> <span class='ocrx_word' id='word_1_1115' title='bbox 1271 3028 1384 3059; x_wconf 86' lang='lat' dir='ltr'>melius</span> <span class='ocrx_word' id='word_1_1116' title='bbox 1414 3026 1609 3060; x_wconf 88' lang='lat' dir='ltr'>constituere</span> <span class='ocrx_word' id='word_1_1117' title='bbox 1624 3029 1736 3068; x_wconf 85' lang='lat' dir='ltr'>poffit:</span> <span class='ocrx_word' id='word_1_1118' title='bbox 1761 3025 1811 3057; x_wconf 87' lang='lat' dir='ltr'>sed</span> <span class='ocrx_word' id='word_1_1119' title='bbox 1835 3033 1876 3071; x_wconf 71' lang='lat'>§39</span> <span class='ocrx_word' id='word_1_1120' title='bbox 1893 3023 1990 3069; x_wconf 46' lang='lat' dir='ltr'>deve·-</span> 
     </span>
     <span class='ocr_line' id='line_1_151' title="bbox 1131 3065 1994 3113; baseline -0.008 -11"><span class='ocrx_word' id='word_1_1121' title='bbox 1131 3073 1217 3109; x_wconf 87' lang='lat' dir='ltr'>niet,</span> <span class='ocrx_word' id='word_1_1122' title='bbox 1241 3077 1275 3101; x_wconf 91' lang='lat' dir='ltr'>ut</span> <span class='ocrx_word' id='word_1_1123' title='bbox 1294 3076 1347 3100; x_wconf 90' lang='lat' dir='ltr'>aut</span> <span class='ocrx_word' id='word_1_1124' title='bbox 1366 3070 1527 3101; x_wconf 90' lang='lat' dir='ltr'>neminem</span> <span class='ocrx_word' id='word_1_1125' title='bbox 1550 3079 1590 3101; x_wconf 82' lang='lat' dir='ltr'>ex</span> <span class='ocrx_word' id='word_1_1126' title='bbox 1613 3071 1661 3101; x_wconf 89' lang='lat' dir='ltr'>his</span> <span class='ocrx_word' id='word_1_1127' title='bbox 1679 3069 1740 3110; x_wconf 85' lang='lat' dir='ltr'>legi</span> <span class='ocrx_word' id='word_1_1128' title='bbox 1761 3065 1895 3113; x_wconf 65' lang='lat' dir='ltr'>Aquiliae</span> <span class='ocrx_word' id='word_1_1129' title='bbox 1914 3065 1994 3095; x_wconf 75' lang='lat' dir='ltr'>olili-</span> 
     </span>
     <span class='ocr_line' id='line_1_152' title="bbox 1128 3109 1992 3154; baseline -0.01 -10"><span class='ocrx_word' id='word_1_1130' title='bbox 1128 3121 1203 3154; x_wconf 83' lang='lat' dir='ltr'>get,</span> <span class='ocrx_word' id='word_1_1131' title='bbox 1226 3119 1279 3142; x_wconf 85' lang='lat' dir='ltr'>aut</span> <span class='ocrx_word' id='word_1_1132' title='bbox 1310 3120 1417 3142; x_wconf 87' lang='lat' dir='ltr'>unuin.</span> <span class='ocrx_word' id='word_1_1133' title='bbox 1447 3118 1478 3141; x_wconf 82' lang='lat' dir='ltr'>at</span> <span class='ocrx_word' id='word_1_1134' title='bbox 1501 3110 1521 3142; x_wconf 83' lang='lat' dir='ltr'>fi</span> <span class='ocrx_word' id='word_1_1135' title='bbox 1555 3112 1713 3143; x_wconf 88' lang='lat' dir='ltr'>neminem</span> <span class='ocrx_word' id='word_1_1136' title='bbox 1739 3109 1844 3145; x_wconf 89' lang='lat' dir='ltr'>d1cet,</span> <span class='ocrx_word' id='word_1_1137' title='bbox 1882 3114 1992 3146; x_wconf 80' lang='lat' dir='ltr'>aperie</span> 
     </span>
     <span class='ocr_line' id='line_1_153' title="bbox 1129 3146 1992 3193; baseline -0.008 -9"><span class='ocrx_word' id='word_1_1138' title='bbox 1129 3152 1276 3185; x_wconf 88' lang='lat' dir='ltr'>absurdus</span> <span class='ocrx_word' id='word_1_1139' title='bbox 1296 3153 1373 3183; x_wconf 91' lang='lat' dir='ltr'>erit:</span> <span class='ocrx_word' id='word_1_1140' title='bbox 1398 3162 1469 3183; x_wconf 85' lang='lat' dir='ltr'>cum</span> <span class='ocrx_word' id='word_1_1141' title='bbox 1490 3151 1644 3184; x_wconf 74' lang='lat' dir='ltr'>maleficia</span> <span class='ocrx_word' id='word_1_1142' title='bbox 1670 3149 1814 3191; x_wconf 82' lang='lat' dir='ltr'>inpunita</span> <span class='ocrx_word' id='word_1_1143' title='bbox 1840 3146 1902 3178; x_wconf 86' lang='lat' dir='ltr'>csse</span> <span class='ocrx_word' id='word_1_1144' title='bbox 1928 3155 1992 3193; x_wconf 82' lang='lat' dir='ltr'>non</span> 
     </span>
     <span class='ocr_line' id='line_1_154' title="bbox 1129 3187 1990 3269; baseline -0.009 -44"><span class='ocrx_word' id='word_1_1145' title='bbox 1129 3202 1292 3235; x_wconf 82' lang='lat' dir='ltr'>oporteat.</span> <span class='ocrx_word' id='word_1_1146' title='bbox 1308 3194 1396 3234; x_wconf 86' lang='lat' dir='ltr'>quod</span> <span class='ocrx_word' id='word_1_1147' title='bbox 1413 3192 1433 3225; x_wconf 86' lang='lat' dir='ltr'>fi</span> <span class='ocrx_word' id='word_1_1148' title='bbox 1451 3203 1547 3226; x_wconf 89' lang='lat' dir='ltr'>unum</span> <span class='ocrx_word' id='word_1_1149' title='bbox 1567 3195 1669 3232; x_wconf 85' lang='lat' dir='ltr'>dicet,</span> <span class='ocrx_word' id='word_1_1150' title='bbox 1688 3200 1770 3234; x_wconf 83' lang='lat' dir='ltr'>pene</span> <span class='ocrx_word' id='word_1_1151' title='bbox 1787 3187 1900 3221; x_wconf 87' lang='lat' dir='ltr'>frustra</span> <span class='ocrx_word' id='word_1_1152' title='bbox 1914 3195 1990 3269; x_wconf 32' lang='lat' dir='ltr'>eguit:</span> 
     </span>
    </p>

    <p class='ocr_par' dir='ltr' id='par_1_20' title="bbox 1969 3237 1994 3261">
     <span class='ocr_line' id='line_1_155' title="bbox 1969 3237 1994 3261; baseline 0.12 -3"><span class='ocrx_word' id='word_1_1153' title='bbox 1969 3237 1994 3261; x_wconf 79' lang='lat' dir='ltr'>:s</span> 
     </span>
    </p>
   </div>
  </div>
 </body>
</html>
