2036 3495
498 56 559 93 Da
590 62 734 92 roam
766 61 1042 92 EMENDANM
1074 61 1178 90 nott
1201 57 1318 93 *ararit
1352 54 1446 96 Lta.

78 156 111 182 te
126 146 275 190 quasdam
287 150 336 179 res
347 169 356 186 ,
375 154 471 188 atque
487 147 581 179 etiam
599 146 742 187 quaedam
759 145 944 177 instrumen-

79 198 127 228 ta,
151 190 180 220 &
203 189 377 229 mancipia:
402 190 464 221 hoc
487 188 637 226 confflio,
660 196 694 217 ut
721 187 864 218 defuncti
884 187 946 218 fra·

78 239 160 263 trem
177 238 229 270 qui
247 239 314 262 eam
326 232 535 263 hereditatem
548 239 611 262 non
627 228 766 260 habebat
777 229 922 259 venalem
935 251 944 267 ,

77 273 128 304 his
147 271 307 304 iubtratltis
324 279 548 313 permoveret,
571 278 605 301 ut
623 279 692 301 eam
710 268 793 310 quafi
814 271 945 302 minimo

77 314 220 352 valeret,
236 314 268 344 id
285 314 346 351 est,
365 312 448 354 quali
466 312 572 353 exigui
588 312 761 355 admodum
781 310 858 342 esset
876 320 942 342 mo-

79 356 200 394 menti,
229 354 282 387 iibi
299 354 394 387 facile
411 354 575 386 venderet.
593 361 629 383 ea
646 352 820 384 calliditate
835 361 872 382 ac
888 351 944 384 fal-

77 397 159 429 ·laeia
175 395 429 436 circumscriptus
439 394 580 427 defuncti
596 392 712 432 frater,
724 393 852 425 Vellico
866 403 946 425 ven⁴

77 439 158 469 didit
172 437 379 468 hereditatem
395 445 487 477 quam
503 435 642 475 alioquin
661 444 725 466 non
743 433 850 466 fuiffet
869 445 944 467 ven·

79 479 211 510 diturus.
236 478 398 510 intellecto
419 477 536 510 deinde
553 477 633 508 dolo
649 477 701 517 qui
723 477 855 508 dederat
871 485 944 508 cau·⁴

76 519 140 551 sam
165 520 358 552 venditioni:
382 519 553 560 quaeritur,
577 518 848 558 quemadmodum
866 527 944 550 con-

76 561 239 593 sulendum
259 561 419 592 venditori
441 559 476 592 iit
494 558 643 591 adversus
658 566 839 599 emptorem
851 559 867 591 3>
891 561 945 591 du·

77 604 151 643 plex
173 603 315 633 occurrit
338 601 544 634 deliberatio:
570 610 631 632 una
657 602 696 632 de
711 610 830 641 genere
847 601 944 633 astio-

76 653 142 675 nis:
165 644 261 674 altera
287 644 327 675 de
349 643 414 682 ejus
438 641 551 674 forma.
582 644 669 683 prior
696 642 849 683 inspectio
875 652 945 682 quae

48 701 52 706 ·
73 683 214 716 consistit
231 684 314 715 circa
336 694 434 726 genus
451 684 601 721 actionis,
627 683 759 724 quaerit,
785 692 853 715 utra
871 693 944 715 ven·

75 726 174 758 ditori
191 724 294 756 danda
310 725 343 757 lit
361 726 462 764 actio,
485 728 525 756 de
544 726 641 764 dolo,
664 734 702 756 an
723 735 764 756 ex
785 725 943 757 vendito?

75 767 128 800 illa
144 765 296 807 inspeetio
317 767 362 798 est
378 767 397 798 l.
416 777 444 803 9.
464 767 504 798 1).
521 768 555 798 de
570 767 630 798 dolo
647 766 740 797 malo;
767 767 797 797 in
817 776 878 806 qua
902 768 945 798 ait

75 805 250 850 Ulpianus,
273 817 337 839 non
363 808 425 840 effe
451 810 491 839 de
514 808 592 839 dolo
615 807 773 839 achonem
791 830 800 846 ,
827 807 877 839 i'ed
903 817 945 839 ex

73 851 211 883 wendito
235 848 396 882 sufficere:
422 849 484 881 fine
507 850 625 885 dubio.
654 850 725 888 quia
749 848 777 879 ei
804 848 882 880 inest
906 851 945 880 de

70 892 153 925 -doio
176 891 282 930 afflO,
305 891 349 922 ob
373 890 556 929 clausulam,
581 889 631 921 Ex
652 890 716 922 fide
742 890 843 922 bona:
868 890 946 922 sicut

68 934 119 965 -ob
143 931 238 973 ipsam
262 933 411 965 omnibns
436 932 621 965 continetur
650 931 745 962 bonae
770 930 843 962 fidei
867 933 944 971 jndi-

71 976 152 1015 :ciis3
177 982 210 1005 ut
229 972 316 1014 supra
333 973 462 1006 dietum.
493 974 590 1005 altera
606 971 739 1013 quaestio
756 973 800 1004 est
818 973 856 1004 de
878 972 943 1003 for-

68 1025 126 1050 ·ma
141 1024 203 1058 qua
220 1017 398 1047 exercenda
413 1015 450 1047 sit
466 1015 518 1046 illa
527 1024 568 1046 ex
581 1014 714 1045 vendito
730 1013 824 1044 aetio.
847 1021 944 1053 atque

29 1073 32 1076 ⁴
75 1057 139 1098 ipl'a
156 1056 202 1089 est
217 1057 245 1102 d.
263 1056 292 1098 §.
309 1066 340 1097 5.
358 1056 377 1087 l.
399 1066 444 1097 13.
471 1057 514 1088 ait
530 1063 636 1088 autem
652 1053 826 1095 Ulpianus,
849 1054 943 1094 Julia—
966 1090 968 1092 v

68 1108 118 1134 no
143 1098 271 1136 videri,
295 1098 455 1130 venditori
480 1098 625 1129 adversus
649 1104 830 1137 emptorem
853 1105 942 1127 com-

73 1148 184 1182 petere
201 1139 358 1171 aaronem
374 1149 414 1171 ex
431 1138 582 1177 vendito,
606 1137 840 1182 quantovpluris⁴
860 1137 946 1180 vale-¹

75 1190 126 1214 ret
151 1181 328 1212 hereditas:
352 1180 372 1212 fi
398 1180 446 1211 hae
469 1189 517 1211 res
534 1179 697 1210 subtractae
714 1187 777 1209 non
795 1176 940 1210 fuiffent:

73 1224 107 1255 id
124 1221 169 1254 est
184 1220 207 1254 fi
224 1231 287 1253 non
303 1221 410 1253 fuiffet
426 1221 574 1252 venditor
589 1229 630 1250 eo
648 1220 726 1250 dolo
737 1219 776 1249 ab
793 1227 942 1259 emptore

71 1264 111 1295 ad
124 1263 377 1294 contrahendum
395 1261 552 1293 inductus.
576 1260 645 1292 finit
662 1261 755 1301 igitur
767 1258 918 1301 Ulpianus
930 1284 940 1300 ‚

73 1304 203 1337 auctore
220 1303 363 1343 juliano,
379 1303 410 1334 in
427 1303 521 1334 bonae
535 1301 610 1334 fidei
625 1301 811 1339 contractu,
829 1302 941 1333 admis-

69 1345 105 1377 so
123 1347 154 1378 in
171 1344 395 1376 contrahendo
422 1344 500 1375 dolo
518 1343 622 1381 malo,
646 1351 662 1373 a
678 1343 819 1382 decepto
837 1344 884 1384 agi
906 1342 939 1375 fi-

63 1390 111 1420 'ne
134 1385 328 1419 discrimine:
352 1395 417 1417 non
437 1385 537 1417 modo
554 1391 589 1416 ut
607 1382 792 1416 dissolvatur
814 1393 939 1416 contra-

71 1428 157 1468 ἅψῃ
180 1426 233 1459 sed
251 1427 365 1466 etiam,
388 1435 423 1459 ut
438 1427 531 1459 dolus
548 1425 634 1458 salvo
650 1424 814 1457 contrastu
831 1434 938 1457 emen-

70 1471 174 1502 detur.
222 1467 317 1510 Fugit
341 1477 393 1507 te,
416 1468 560 1509 inquies,
581 1467 672 1499 ratio.
697 1466 741 1498 est
767 1467 852 1498 enim
881 1469 937 1498 Ac-

63 1510 158 1548 ‚cursil
181 1509 355 1550 sententia,
376 1511 438 1550 J'am
463 1510 503 1540 ab
522 1509 671 1541 omnibus
688 1515 817 1547 recepta
833 1509 886 1549 qui
907 1508 936 1540 se

64 1547 315 1593 ⁴jurisconsultos
340 1551 548 1591 profitentur,
565 1550 630 1581 hoc
655 1550 687 1581 in
714 1550 855 1582 themate
874 1559 938 1582 non

59 1593 192 1626 -idcirco
226 1594 303 1635 agi,
332 1600 453 1633 quanto
484 1592 583 1633 pluris
614 1591 774 1622 hereditas
799 1591 937 1624 valeret:

69 1635 158 1676 quod
179 1635 204 1667 is
230 1635 322 1667 dolus
344 1634 475 1666 dederat
493 1632 681 1664 ‘venditioni
706 1630 827 1664 causam
847 1642 857 1671 3
886 1631 938 1665 sed

30 1694 32 1697 ⁴
62 1676 159 1717 v-quod
176 1677 209 1708 iri
226 1684 297 1707 eam
312 1675 476 1707 inciderat.
509 1674 541 1705 Si
559 1681 665 1705 tamen
682 1674 860 1705 concedam
879 1674 938 1706 tibi

61 1718 160 1756 quod
176 1718 216 1749 de
231 1717 297 1749 doli
313 1725 430 1757 genere
447 1715 523 1747 dicis
536 1738 546 1753 ,
563 1714 617 1746 etii
629 1722 825 1746 contrarium
836 1716 940 1748 verius

66 1757 129 1796 ¹fit:
152 1757 228 1790 nihil
250 1757 469 1797 promovebis.
495 1756 611 1788 falleris
624 1756 726 1794 enim,
743 1756 937 1790 cumexisti-

70 1809 158 1838 mas,
182 1798 270 1840 posl'e
295 1799 497 1830 venditorem
523 1798 605 1838 apud
623 1796 793 1838 Ulpianum
811 1799 839 1828 d.
858 1797 886 1840 §.
909 1808 939 1838 5.

71 1850 185 1882 agere,
208 1847 328 1881 quanto
352 1840 449 1880 pluris
473 1839 594 1871 valeret
611 1838 769 1870 hereditas
786 1847 852 1870 non
870 1839 939 1870 sub-

74 1881 180 1914 traftis
206 1881 317 1913 rebus:
342 1890 402 1913 nec
425 1887 579 1922 praeterea
604 1889 698 1921 agere
721 1880 749 1911 ei
774 1880 872 1912 licere
900 1881 939 1912 ad

72 1924 173 1956 totius
195 1922 407 1955 rescissionem
430 1921 623 1954 contractus.
647 1930 712 1953 non
735 1918 780 1953 est
796 1921 860 1953 ita:
884 1931 938 1953 ex-

70 1963 199 2004 spesto,
222 1964 298 1996 mihi
316 1963 438 1996 ostendi
454 1963 552 1995 verba
569 1963 683 2004 quibus
699 1962 763 1994 hoc
784 1961 940 2004 significet

71 2004 239 2047 Ulpianus.
269 2005 353 2037 nulla
377 2006 461 2036 enirn
478 2004 615 2036 exstant.
644 2004 772 2041 interim
793 2005 938 2043 audebo,

61 2055 145 2081 eum
171 2047 222 2079 vel
246 2046 298 2078 hic
319 2046 487 2087 accipere,
511 2045 595 2086 quali
613 2046 770 2086 patiatur,
792 2046 939 2077 vendito·-

72 2097 140 2121 rem
162 2088 287 2120 afflone
310 2098 351 2119 ex
375 2087 510 2119 vendito
535 2096 598 2118 non
621 2087 723 2119 minus
739 2096 756 2117 a
773 2093 846 2118 toto
862 2096 938 2119 con·

71 2129 173 2162 tractu
195 2129 375 2169 discedere3
397 2138 490 2170 quarn
514 2128 670 2168 experiri,
695 2135 816 2169 quanto
840 2129 938 2168 pluris

70 2170 230 2203 hereditas
249 2171 387 2208 valeret,
411 2179 477 2203 non
504 2168 667 2202 submittis
686 2170 792 2202 rebus.
838 2169 863 2201 F
866 2179 937 2202 ron·

73 2219 139 2244 tem
162 2211 341 2244 contrahis:
365 2210 408 2243 sat
432 2210 542 2244 video.
566 2209 618 2242 sed
636 2210 774 2242 absolvit
788 2220 840 2243 me
857 2211 956 2252 Imp.-

71 2253 253 2285 Alexander
270 2252 290 2284 l.
307 2262 337 2292 4.
354 2253 387 2285 C.
412 2254 446 2284 de
471 2252 625 2284 hereditate
649 2252 695 2284 vel
714 2251 823 2285 ὰὲῗίοηε
836 2253 936 2284 vendi-

40 2295 44 2298 ”
69 2299 120 2334 ta,
143 2294 248 2326 verbis
265 2293 480 2334 sequentibus.

115 2335 180 2379 Qui
192 2336 319 2367 nondum
334 2340 428 2366 certus
440 2336 474 2366 de
487 2336 654 2377 quantitate
668 2334 851 2375 hereditatis,
872 2342 937 2377 per-

83 2397 86 2400 >
140 2376 286 2418 suadente
308 2381 428 2418 emptore
442 2399 454 2418 ,
480 2375 564 2418 qu‘afi
587 2378 723 2419 exiguam
744 2380 938 2419 quantitatem

1794 66 1863 106 3³7

1070 154 1132 176 eam
1151 146 1305 177 vendidit:
1328 146 1405 177 Ironae
1419 143 1493 186 fidei
1510 145 1621 188 judicio
1637 144 1805 184 conveniri,
1829 152 1862 177 ut

1064 187 1252 224 resvtradat,
1275 188 1322 218 vel
1350 186 1475 219 actiones
1495 189 1630 228 mandet,
1651 196 1711 219 non
1725 189 1865 228 compelli-

1069 227 1262 300 tur:l[nam]
1279 229 1346 268 suo.
1359 238 1469 271 quoque
1484 229 1552 271 jare
1575 239 1672 261 eorum
1689 229 1864 271 persecutio-

1066 279 1130 300 nem
1150 272 1237 302 )abet.
1728 296 1730 299 v

989 308 1072 353 Quae
1090 311 1273 344 Alexandro
1289 310 1426 345 offertur
1440 310 1515 344 faeti
1534 311 1673 352 species,
1689 311 1741 345 est'
1750 310 1864 344 eadem

989 352 1179 392 huic-quam
1195 362 1235 385 ex
1251 353 1376 394 Juliano
1396 354 1509 386 tractat
1529 353 1684 395 Ulpianus
1702 355 1729 386 d.
1745 353 1775 396 §.
1791 363 1823 394 5.
1839 353 1861 385 l.

992 401 1039 434 13.
1066 395 1256 434 proponitur
1277 396 1361 427 enim
1381 394 1472 426 heres
1492 398 1543 436 qui
1569 406 1632 428 non
1652 395 1793 427 habebat
1807 403 1862 426 ve*-

988 435 1093 466 nalem
1117 436 1328 468 hereditatem
1346 459 1355 475 ,
1379 437 1417 468 ad
1441 438 1507 476 ejus
1532 437 1753 469 venditionem
1777 434 1862 467 Titii

986 474 1098 507 fraude
1126 486 1162 508 ac
1189 478 1428 509 machinatione
1460 477 1522 510 ell'e
1547 478 1704 511 inductus.
1742 477 1863 510 summa

986 515 1051 549 est:
1074 516 1182 551 Titius
1207 526 1243 550 ut
1268 518 1421 551 heredem
1448 528 1646 560 provocaret
1660 521 1700 552 ad
1719 519 1863 551 vendew

989 559 1060 590 dam
1079 559 1291 596 hereditatem
1310 561 1363 601 qui
1380 560 1473 592 heres
1493 562 1532 591 de
1557 571 1593 593 ea
1611 562 1779 592 vendenda
1794 568 1861 591 non

989 601 1169 641 cogitabat:
1192 599 1393 641 affirmabat,
1426 603 1556 643 exiguas
1583 602 1646 634 ess'e
1672 601 1862 633 hereditatis

989 643 1074 672 vires
1098 651 1175 683 quas
1199 642 1317 682 sciebat
1340 652 1468 685 magnas
1494 643 1567 676 effe.
1599 644 1691 675 heres
1716 642 1864 674 nondum·

989 691 1096 714 certus
1113 684 1153 715 de
1170 685 1358 725 quantitate·
1371 685 1577 722 hereditatis,
1597 683 1698 726 passus
1715 683 1780 723 cst,
1803 683 1862 715 fibi

987 733 1005 754 a
1028 723 1239 766 Titioquem
1266 727 1368 758 virum
1388 727 1510 758 bonum
1528 727 1590 758 elle
1614 725 1764 767 putabat,
1788 734 1861 768 per-

989 764 1134 804 suaderi3
1159 775 1193 798 ut
1215 768 1243 798 ei
1267 769 1423 799 venderet
1448 767 1661 800 hereditatem
1684 765 1768 807 quasi
1792 767 1861 798 exi-

986 815 1078 847 guam
1099 808 1308 847 quantitatem
1328 818 1398 849 quae
1415 817 1484 841 erat
1501 809 1637 851 insignis.
1669 807 1861 849 posteaani-

988 847 1156 879 madverso
1182 849 1262 880 dolo
1289 851 1341 887 qui
1368 851 1499 883 dederat
1517 851 1696 883 venditioni
1713 846 1858 881 causam:

986 896 1118 928 rogatur
1136 898 1193 930 per
1209 890 1369 923 Libellum
1387 892 1467 934 Imp.
1486 892 1666 925 Alexander
1685 901 1701 922 a
1717 890 1860 932 quodam

987 929 1139 970 Diogene
1155 932 1196 962 ad
1212 939 1307 971 quem
1328 932 1514 974 rescriptum
1531 934 1596 973 est;
1619 944 1656 965 an
1676 934 1768 965 heres
1785 941 1863 973 pos·¹

987 970 1023 1002 lit
1039 970 1134 1011 bonae
1150 970 1224 1003 fidei
1239 973 1379 1013 judiciO,
1395 975 1427 1006 id
1444 974 1506 1014 est,
1530 976 1655 1007 actione
1670 985 1711 1007 ex
1726 981 1860 1014 empto,

985 1013 1026 1042 ab
1044 1020 1192 1052 emptore
1208 1014 1378 1053 compelli,
1403 1015 1431 1046 ei
1458 1026 1507 1048 res
1527 1018 1672 1056 tradere,
1694 1016 1744 1048 vel
1761 1016 1859 1048 attio.-

985 1061 1044 1085 nes
1060 1053 1359 1099 directas.mandare
1370 1056 1386 1088 ⁸?
1402 1058 1564 1097 quaerendi
1581 1059 1671 1089 causa
1688 1057 1753 1096 est,
1768 1057 1858 1098 quod

986 1096 1137 1126 venditor
1159 1095 1345 1127 hereditatis
1371 1100 1510 1138 emptori
1533 1101 1571 1131 ad
1599 1099 1653 1132 has
1670 1099 1860 1140 praestandas

985 1135 1111 1167 actione
1126 1146 1167 1167 ex
1185 1145 1295 1177 empto
1314 1146 1450 1170 tenetur.
1480 1140 1547 1171 Sed
1564 1140 1707 1172 rescribit
1721 1141 1860 1172 Alexan-

985 1177 1058 1219 der:
1082 1178 1190 1217 quod,
1213 1188 1249 1210 ut
1266 1179 1560 1213 venditor-afflone
1576 1191 1617 1213 ex
1633 1188 1746 1222 empto
1763 1186 1863 1222 cogaif

985 1225 1036 1248 tur
1060 1219 1097 1249 ad
1125 1218 1331 1257 praestandum
1358 1220 1390 1251 id
1416 1223 1504 1261 quod
1527 1223 1693 1262 emptione
1710 1225 1858 1254 contine-

985 1266 1054 1298 tur,
1080 1258 1142 1290 effe
1166 1269 1300 1301 oportet
1323 1263 1523 1302 emptionem
1548 1273 1589 1294 ex
1613 1272 1674 1304 qua
1691 1270 1858 1303 competat

983 1310 1024 1331 ex
1041 1309 1152 1342 empto
1170 1301 1274 1334 attio:
1300 1312 1383 1334 nunc
1399 1311 1506 1335 autem
1523 1305 1608 1336 nulla
1623 1313 1721 1345 atque
1738 1305 1858 1336 inutilis

983 1341 1028 1373 est
1040 1366 1049 1381 ,
1073 1350 1135 1374 tam
1153 1342 1322 1386 manifesto
1339 1346 1495 1387 emptoris
1513 1346 1601 1377 dolo.
1627 1346 1779 1387 compelli
1802 1347 1859 1387 igi-

985 1391 1034 1414 tur
1060 1385 1099 1415 ab
1125 1391 1274 1430 emptore
1291 1387 1441 1418 venditor
1459 1387 1579 1428 judicio
1596 1388 1689 1419 bonae
1706 1386 1800 1426 fidei,
1825 1387 1859 1419 id

982 1424 1048 1464 est,
1072 1424 1344 1467 aetionefempti,
1370 1436 1403 1458 ut
1428 1435 1478 1459 res
1499 1430 1616 1468 tradat,
1642 1430 1694 1461 vel
1713 1429 1858 1460 actiones

980 1467 1131 1505 mandet,
1151 1476 1214 1498 non
1234 1468 1348 1508 potest.
1380 1469 1432 1500 Sic
1451 1470 1647 1502 Alexander:
1673 1471 1701 1502 dt
1719 1472 1807 1502 addit
1824 1471 1858 1502 in

979 1516 1125 1547 extrema
1142 1508 1296 1550 Rescripti
1314 1517 1422 1550 parte,
1447 1511 1661 1543 Venditorem
1676 1518 1728 1550 juo
1745 1520 1859 1553 quoque

975 1549 1043 1590 jure
1058 1559 1160 1585 eorum
1170 1552 1388 1589 persecutionem
1402 1551 1512 1586 habere.
1546 1551 1636 1595 Quid
1654 1553 1746 1584 hoc?
1767 1551 1789 1584 fi
1805 1561 1859 1594 va-

982 1591 1063 1622 leret
1076 1600 1116 1628 ea,
1130 1601 1189 1631 qua
1204 1593 1244 1622 de
1268 1595 1369 1633 agitur
1389 1592 1575 1626 hereditatis
1596 1594 1763 1632 venditio,
1788 1602 1859 1626 non

978 1632 1080 1669 modo
1091 1641 1197 1673 parata
1214 1635 1353 1675 emptori
1364 1633 1442 1665 eil'et
1457 1644 1499 1667 ex
1515 1642 1628 1675 empto
1643 1635 1725 1667 actio
1743 1636 1857 1668 adver-

981 1673 1029 1707 sus
1046 1675 1270 1714 venditorem,
1294 1682 1327 1707 ut
1345 1676 1374 1706 ei
1392 1685 1440 1707 res
1462 1677 1621 1713 traderet,
1648 1678 1698 1708 vel
1722 1677 1857 1710 direttas

982 1715 1124 1756 actiones
1144 1717 1296 1756 cederet,
1315 1716 1396 1748 sicut
1412 1717 1550 1751 dietum:
1575 1718 1626 1749 sed
1648 1717 1702 1749 suo
1725 1727 1859 1759 quoque

980 1756 1263 1796 nominehaberet
1279 1758 1420 1795 actiones
1438 1759 1531 1794 utiles
1548 1759 1612 1791 fine
1631 1760 1770 1791 ceflione
1787 1759 1805 1791 l.
1824 1770 1857 1799 5.

982 1798 1020 1833 δ’)
1036 1799 1090 1841 ult.
1109 1798 1142 1831 C.
1158 1800 1216 1830 eod.
1230 1801 1283 1837 stit.
1300 1809 1341 1830 ex
1358 1799 1526 1841 Rescripto
1543 1800 1618 1832 Divi
1638 1801 1684 1832 Pii
1700 1802 1718 1832 l.
1744 1805 1791 1837 16,
1809 1800 1857 1838 D,

982 1841 1015 1870 de
1028 1840 1140 1880 patris:
1159 1848 1255 1880 atque
1271 1841 1332 1878 ita,
1357 1850 1392 1873 ut
1408 1843 1566 1874 venditori
1587 1843 1703 1874 deinde
1720 1841 1856 1874 directas

982 1881 1168 1918 exercenti,
1192 1882 1231 1914 iti‘
1249 1882 1378 1914 utilibus
1401 1883 1504 1915 modis
1522 1885 1671 1926 omnihus
1689 1884 1855 1924 praeferre·
1904 1918 1906 1921 ,

982 1929 1033 1953 tur
1048 1922 1067 1953 l.
1082 1932 1133 1963 55.
1152 1921 1194 1953 D.
1217 1923 1251 1961 tie
1271 1925 1517 1964 procuratoribus.
1541 1934 1626 1957 nunc
1652 1933 1758 1958 autem
1781 1926 1854 1966 quia

982 1964 1067 1996 nulla
1093 1971 1222 2003 putatur
1244 1964 1367 2005 emptio
1390 1966 1421 1996 in
1439 1975 1500 2007 qua
1519 1967 1558 1997 ab
1574 1967 1665 1999 initio
1683 1966 1744 1998 fuit
1758 1967 1853 2008 dolus

982 2006 1097 2037 malus:
1121 2006 1165 2037 ait
1187 2006 1385 2045 Alexander,
1409 2008 1612 2040 venditorem
1639 2007 1694 2040 suo
1714 2009 1782 2048 jure
1800 2008 1855 2039 ha·

982 2047 1059 2078 bere
1073 2055 1185 2078 eorum
1202 2047 1474 2085 persecutionem:
1498 2050 1529 2081 id
1546 2049 1609 2088 est,
1634 2049 1752 2081 habere
1770 2049 1855 2089 intef

980 2097 1050 2130 gras
1064 2096 1161 2128 atque
1176 2088 1321 2121 efficaces
1333 2090 1474 2122 actiones
1489 2090 1642 2134 direstas:
1660 2100 1725 2123 non
1741 2091 1853 2132 adqui-

980 2130 1043 2163 fitis
1058 2130 1197 2169 emptori
1216 2130 1355 2162 utilibus.
1386 2130 1485 2174 Quod
1502 2132 1521 2163 fi
1539 2131 1601 2166 est:
1623 2140 1774 2174 apparet,
1789 2131 1853 2173 ess'e

981 2172 1013 2203 in
1035 2170 1211 2202 venditoris
1238 2171 1389 2211 arbitrio,
1412 2182 1484 2204 cum
1504 2173 1544 2204 ab
1559 2182 1708 2214 emptore
1723 2174 1754 2205 in
1773 2183 1854 2206 eou-

982 2212 1140 2244 trahendo
1169 2211 1214 2243 est
1241 2213 1395 2253 deceptus
1419 2215 1498 2246 dolo
1524 2215 1627 2254 malo;
1652 2216 1773 2247 velitne
1792 2239 1802 2254 ,
1833 2226 1851 2249 a

980 2261 1054 2285 toto
1079 2252 1264 2299 contractu,
1288 2261 1446 2296 tamquam
1472 2255 1559 2287 nullo
1583 2263 1681 2296 atque
1701 2256 1853 2297 imperfe-

979 2296 1051 2334 tto,
1075 2294 1181 2332 abire;
1205 2304 1243 2326 an
1267 2297 1372 2334 malit,
1395 2306 1435 2329 eo
1460 2296 1563 2335 salvo,
1588 2307 1702 2339 agere,
1727 2305 1849 2337 quanto

979 2336 1076 2377 pluris
1093 2335 1283 2368 vendidiffet
1298 2337 1530 2379 hereditatem,
1550 2338 1573 2372 fi
1590 2348 1656 2371 non
1669 2338 1776 2372 fuisset
1789 2340 1849 2373 do-

979 2379 1013 2411 lo
1029 2376 1113 2410 malo
1129 2378 1380 2411 circumventus.

798 2469 1012 2507 Carur
1069 2468 1113 2504 X.

168 2557 255 2606 P‘ffi
279 2570 347 2595 eum
371 2559 424 2607 qui
448 2559 494 2608 est
518 2559 654 2606 deceptus
677 2559 741 2595 dolo
767 2561 847 2595 malo
864 2586 874 2604 ,
910 2562 1004 2596 etiam
1029 2560 1164 2607 experiri
1189 2561 1273 2597 honae
1296 2560 1372 2607 fidei
1398 2561 1513 2609 judicio
1538 2562 1579 2597 ad
1600 2563 1635 2598 id
1655 2564 1732 2609 quod

393 2607 458 2655 suet
482 2608 620 2654 interfit,
639 2608 677 2655 se
701 2610 855 2656 deceptum
881 2622 939 2646 non
965 2608 1038 2657 effe:
1063 2611 1206 2656 quamvis
1230 2611 1311 2646 nullo
1337 2613 1503 2647 contraelu.

67 2704 182 2777 Fere
207 2702 327 2735 oblitus
350 2712 454 2742 eram,
478 2704 565 2745 quod
590 2703 612 2736 fi
637 2711 791 2746 praeterea
814 2704 936 2738 interfit

151 2744 215 2784 ejus
237 2744 289 2783 qui
313 2743 350 2776 fit
375 2745 550 2786 deceptus,
576 2744 606 2776 se
633 2756 699 2778 non
721 2747 829 2786 decipi
856 2749 934 2780 dolo

63 2784 170 2823 malo,
193 2784 277 2815 nulla
293 2783 461 2818 intercedit
480 2784 599 2818 invidia
613 2786 694 2826 Juris
713 2787 843 2827 Civilis,
869 2798 934 2828 quo

66 2830 171 2857 minus
187 2826 225 2856 ad
241 2824 305 2857 hoc
322 2834 411 2865 agat,
429 2827 629 2867 quantumvis
646 2829 735 2860 nullo
753 2830 931 2862 contractu.

67 2873 142 2899 nam
159 2866 211 2898 vel
225 2866 289 2897 hoc
305 2866 367 2899 ess'e
385 2867 478 2898 bonae
493 2866 568 2899 fidei
591 2868 811 2910 consequens,
834 2872 932 2903 mani-

66 2905 157 2940 festae
173 2907 306 2939 rationis
322 2907 376 2939 est.
407 2907 510 2949 finge:
528 2909 639 2949 aliquis
657 2909 755 2943 sciens
771 2911 932 2953 ignoranti

63 2949 211 2981 vendidit
233 2958 300 2980 rem
325 2956 507 2988 exemptam
529 2949 693 2983 hominum
720 2954 930 2985 commercio.

59 2989 110 3031 ¹est
126 2991 281 3030 deceptus
298 2989 375 3021 dolo
399 2990 482 3021 malo
498 2999 642 3031 emptor:
666 2989 718 3024 sed
736 2994 884 3025 venditor
901 2994 932 3026 ei

65 3032 153 3072 quod
169 3030 331 3071 promisit,
353 3030 498 3072 praestare
515 3033 646 3072 nequit,
668 3035 863 3075 impediente
881 3034 930 3067 Ci-

64 3072 120 3114 vili
145 3072 229 3112 Jure.
268 3082 332 3104 non
359 3073 444 3104 valet
469 3073 674 3106 conti-attus:
704 3084 766 3106 nec
791 3077 929 3117 emptori

66 3115 223 3154 competit
239 3123 281 3145 ex
296 3121 406 3153 empto
423 3113 524 3151 affin,
547 3122 580 3145 ut
597 3124 645 3147 res
662 3117 816 3148 tradatur:
841 3117 929 3158 qnod

62 3155 244 3228 ”atffframfr
261 3164 302 3188 ex
319 3162 431 3198 empto
456 3154 571 3188 actioni
587 3155 684 3197 inest,
707 3156 849 3198 perfetta
865 3168 929 3191 em-

130 3205 183 3228 om.
224 3220 232 3228 .

977 2706 1090 2747 ptione
1106 2707 1125 2739 l.
1147 2716 1194 2740 11.
1233 2715 1257 2738 r.
1275 2704 1311 2742 ἃ
1327 2705 1355 2748 §.
1372 2717 1400 2740 2.
1416 2706 1458 2738 D.
1480 2709 1514 2740 de
1529 2707 1690 2741 aaronitas
1706 2709 1794 2750 empti
1809 2707 1846 2744 δεῖ

976 2750 1107 2780 venditi.-
1130 2748 1182 2780 sed
1241 2749 1396 2789 emptoris
1414 2749 1554 2790 interfit,
1578 2750 1609 2781 se
1634 2759 1700 2782 non
1717 2751 1845 2791 decipi;

976 2789 1184 2822 nihilominus
1201 2789 1354 2822 convenit
1370 2789 1463 2822 bonae
1478 2791 1571 2832 fidei,
1588 2800 1661 2823 eum
1676 2792 1823 2833 accipere
1835 2814 1847 2829 ‚

977 2831 1064 2868 quod
1089 2830 1139 2862 sua
1166 2829 1331 2871 interfuit,
1353 2840 1395 2863 ne
1411 2832 1633 2874 deciperetur,
1657 2842 1795 2873 eumque
1811 2833 1846 2864 in

975 2870 1071 2904 finem
1098 2873 1126 2904 ei
1151 2881 1191 2904 ex
1213 2880 1325 2913 empto
1343 2872 1499 2913 actionem
1517 2875 1581 2908 dari
1598 2874 1616 2905 l.
1633 2877 1684 2907 62.
1701 2874 1729 2915 §.
1752 2882 1778 2904 1.
1799 2872 1844 2906 D.

975 2914 1010 2944 de
1025 2913 1216 2945 contrahenda
1234 2914 1371 2956 emptione
1385 2938 1396 2956 ,
1420 2915 1457 2951 &²
1472 2915 1501 2958 §.
1518 2917 1574 2950 ult.
1591 2913 1664 2956 Infi.
1680 2917 1714 2946 de
1729 2917 1842 2955 emption

974 2963 1010 2986 ne
1027 2953 1064 2989 {5⁹
1080 2956 1255 2988 venditione.

1014 2994 1121 3028 Simile
1144 2997 1314 3029 dicendum
1339 2997 1401 3037 est,
1423 2998 1445 3031 si
1468 2997 1542 3039 quid
1560 3007 1576 3028 a
1591 2995 1761 3028 venditore
1778 3003 1840 3030 tra-

973 3035 1073 3069 ditum
1092 3036 1127 3070 fit
1144 3038 1221 3080 dolo
1238 3040 1517 3080 emptoris‚atque
1534 3039 1617 3071 idem
1635 3038 1674 3068 ab
1692 3046 1842 3079 emptore

973 3078 1092 3111 restitui
1115 3087 1263 3121 nequeat.
1293 3090 1379 3120 pone
1397 3105 1407 3121 ‚
1437 3080 1602 3112 venditum
1628 3077 1690 3109 effe
1713 3078 1839 3114 servum

973 3121 1125 3159 emptoris
1147 3121 1224 3152 dolo
1242 3122 1346 3161 malo;
1370 3131 1507 3162 eumque
1526 3120 1648 3152 servum
1664 3119 1779 3153 deinde
1799 3124 1839 3155 ab

972 3170 1118 3203 emptore
1136 3162 1206 3231 grie
1230 3163 1459 3197 manumissum.
1498 3171 1564 3195 non
1587 3160 1695 3206 potest
1717 3163 1839 3206 restitui

1184 3213 1202 3244 q
1229 3214 1245 3235 π
1703 3215 1705 3217 ·
1728 3213 1835 3238 mana-
