2036 3495
332 94 398 129 An
436 93 526 127 Lin.
565 88 656 125 xxi.
695 88 796 124 Ti‘r.
828 87 868 123 ll.
898 88 946 124 De
969 86 1160 125 evit-*nonina
1181 86 1334 138 &duplae
1348 92 1555 141 stipulatione.

59 184 196 216 ditorem
206 192 247 216 ex
264 182 358 223 dupla
376 182 477 219 assio,
496 181 513 212 si
531 176 738 211 intervenerit
754 178 856 224 duplae
873 177 922 209 sti-

59 227 198 266 pulatio:
223 223 357 265 alioquin
375 233 414 254 ex
432 228 540 261 empto
557 220 595 251 ad
613 220 644 250 id
661 220 749 265 quod
773 219 921 265 interest,

56 277 121 298 non
133 268 162 298 in
172 265 327 298 infinitum
339 288 347 304 ‚
358 265 406 296 sed
425 266 502 295 intra
514 261 649 301 duplam.
665 262 692 291 ἃ
702 268 744 290 ita
757 260 922 291 Africanus

52 309 71 338 ι.
88 318 136 348 44.
164 309 208 339 l).
227 309 259 337 de
277 306 334 338 act.
358 311 440 345 empt.
482 303 586 346 Quid,
609 302 629 332 si
655 311 703 345 res
728 310 792 346 non
816 310 922 340 empta

32 355 34 357 '
53 350 91 380 fit
106 374 116 388 ,
141 348 191 380 sed
209 349 238 379 in
262 347 396 379 solutum
413 346 507 379 data?
529 342 621 374 etiam
649 341 702 372 hic
724 341 921 387 uellet-dire-

55 391 103 421 tta
119 399 157 421 ex
175 397 285 428 empto
303 389 404 425 actim
427 395 496 416 cuin
514 393 578 414 iion
594 382 630 414 fit
647 391 780 428 emptio.
804 384 918 429 nihilo-

55 433 160 462 minus
177 431 274 462 habet
291 431 339 461 illa
358 429 468 470 solutio
487 426 589 456 vicem
608 426 838 471 emptionis,id
855 423 918 470 est)

49 472 179 504 similem
195 470 314 503 causam
331 469 500 507 aequitatis:
525 475 585 496 nec
603 466 685 496 male
706 465 843 506 placuit,
861 474 919 496 uti·

54 515 117 546 lem
142 523 183 544 ex
205 521 313 551 empto
336 511 490 541 actionem
514 506 576 538 dari
602 509 640 536 ad
668 507 699 537 id
726 508 813 546 quod
838 507 917 552 inte-

51 554 114 586 rest
137 554 155 585 l.
175 565 203 592 4.
221 553 251 583 C.
269 554 294 582 h.
314 558 335 582 t.
357 551 506 589 idemque
526 549 575 579 vel
590 547 688 578 fimile
703 555 867 588 receptum
886 556 917 578 in

51 596 282 636 permutatione
306 601 362 632 per
387 592 540 621 actionem
559 588 746 634 praescriptis
772 588 877 619 verbis
895 588 914 618 l.

49 646 97 672 29.
122 636 154 666 C.
170 637 197 665 d.-
213 641 234 665 ι.
260 634 288 665 ἃ
312 635 341 663 in
359 632 505 663 divisione
523 630 705 662 hereditatis
723 629 742 660 l.
760 634 810 662 66.
825 628 915 669 §.ula

50 678 94 709 D.
112 679 138 708 h.
153 682 173 706 t.
193 676 212 705 I.
234 684 279 713 14.
300 674 332 705 C.
353 673 452 704 lilimz‘l.
468 673 561 710 ercisc.

93 718 154 750 Sed
173 725 302 757 propius
324 716 458 746 videnda
486 713 632 744 Formula
657 712 767 758 duplae·
786 711 914 752 stipula-

51 760 156 790 tionis.
199 757 270 795 Ait‚
295 756 370 787 Eam
385 766 442 786 rem
457 765 542 796 quam
556 764 573 785 ci
589 760 614 784 te
628 756 700 792 emi,
728 754 799 784 mzhz'
816 754 915 784 habere

50 801 132 831 bitere
143 797 290 840 spondes?
320 798 557 829 Convenienter
582 795 915 840 naturae'emptionis:

50 841 150 873 solum
175 839 315 880 agentis,
351 847 386 869 ut
409 838 553 869 venditor
576 844 713 876 emptori
739 837 840 866 tradat
865 844 914 865 va-

50 892 141 914 cuam
165 880 385 921 poffeffionem
409 880 427 910 l.
458 888 501 911 ii.
527 879 554 920 §.
575 887 603 909 2.
628 877 669 908 D.
696 878 729 908 de
753 875 816 922 act.-
831 882 914 916 empi.

50 924 129 955 Non
148 923 241 963 igitur
265 929 391 952 tenetur
406 929 582 960 emptorem
600 918 913 962 sacere'domlnum:

50 964 105 996 sed
119 964 147 995 ei
164 962 308 1003 praestare
326 962 442 993 habere
459 961 521 993 line
537 959 813 999 interpellatione3
836 957 914 1005 ¹Hoc

52 1004 199 1045 indigitat
222 1003 375 1043 Ulpianus
397 1003 415 1033 l.
434 1008 483 1043 538.
506 1003 533 1043 §.
553 1011 579 1033 2.
603 1000 645 1032 D.
669 1002 702 1031 tie
724 1002 803 1031 verb.
827 1000 912 1040 oblzg.

52 1048 89 1078 ad
107 1046 187 1077 hanc
204 1045 370 1076 formulam
395 1046 433 1075 lie
453 1044 604 1075 serpens:
628 1043 683 1073 Sed
699 1049 841 1082 quatenus
862 1041 912 1072 hci-

53 1090 115 1119 bere
132 1087 212 1117 licere
226 1085 394 1117 videbitur?
417 1086 450 1116 Si
473 1094 551 1116 nemo
576 1081 795 1121 controversiam
803 1083 913 1122 faciat.

51 1128 125 1161 Nec
140 1128 220 1159 male
240 1127 433 1168 Pomponius
448 1127 466 1157 i.
484 1136 514 1167 3.
533 1125 571 1156 D.
590 1126 622 1156 de
642 1123 700 1156 αέἶ.
717 1130 801 1164 empt.
826 1123 914 1155 Ratio

48 1167 219 1211 pnffeffionis
233 1178 294 1210 quce
309 1179 326 1199 α
341 1169 486 1199 venditore
496 1166 565 1207 fieri
578 1167 683 1197 debeat.
706 1166 773 1197 talis
786 1162 843 1205 est,
859 1170 912 1212 up,

45 1210 157 1252 siquis
184 1219 245 1241 eam
270 1208 455 1250 poffeffionem
480 1210 548 1250 jure
570 1207 766 1245 avocaverit,
804 1208 914 1238 tradita

51 1250 173 1293 poffeffio
196 1260 252 1282 non
274 1251 463 1291 intelligatur.
506 1249 600 1280 Forte
624 1255 750 1288 poterat
771 1247 912 1279 sufficere

55 1293 125 1324 haec
140 1291 294 1331 obligatio
305 1300 437 1331 :quippe
452 1291 589 1331 l‘pefitans
600 1290 637 1320 ad
653 1290 682 1320 id
693 1290 780 1329 quod
789 1297 913 1335 empto-

54 1335 95 1365 ris
115 1332 324 1370 interest,nisi
340 1334 367 1362 ei
384 1332 418 1363 lit
434 1332 578 1371 paritum.
599 1330 676 1361 utile
694 1339 798 1362 tamen
815 1329 914 1362 Visum

53 1374 116 1413 est,
147 1374 282 1413 emptori
306 1373 357 1403 vel
385 1373 486 1412 duplae
511 1371 711 1412 stipulatione
735 1370 914 1403 consulere:

52 1424 93 1447 ne
118 1414 147 1445 ei
169 1423 248 1454 opus
277 1414 311 1445 sit
335 1414 489 1452 probare,
527 1414 632 1453 quanti
658 1411 748 1452 ipsius
773 1412 913 1458 interfit,

50 1465 118 1488 rem
135 1465 198 1487 non
215 1455 276 1486 effe
291 1454 441 1486 evictam:
458 1464 528 1486 nain
545 1455 608 1485 hoc
624 1454 655 1485 in
672 1453 756 1485 fauo
776 1453 914 1486 consistit

53 1498 72 1527 l.
90 1507 140 1536 24.
165 1497 211 1527 D.
232 1498 264 1527 de
282 1505 340 1537 reg.
360 1497 422 1537 jzir.
449 1496 478 1526 ἃ
499 1496 685 1536 plerumque
707 1495 751 1526 est
775 1494 910 1528 difficilis

50 1535 272 1578 probationis3
296 1545 400 1576 eoque
415 1537 454 1567 ad
475 1537 618 1577 exiguam
645 1536 794 1568 summam
816 1538 911 1569 dedu-

53 1579 136 1608 citur
155 1578 173 1607 l.
190 1578 243 1608 uli.
262 1577 302 1607 D.
323 1579 354 1608 cie
364 1584 480 1617 priezor.
491 1575 561 1618 stip.
608 1576 776 1609 Videamus
799 1577 910 1620 igitur,

51 1617 128 1659 quid
146 1617 193 1649 his
215 1618 338 1657 verbis,
361 1618 475 1649 Habere
490 1619 588 1655 licere,
612 1619 910 1659 comprehendatur.

48 1660 206 1700 'Ulpianus
222 1659 251 1690 in
268 1660 288 1692 l.
304 1664 352 1700 38.
373 1666 420 1700 pr.
436 1659 478 1691 D.
501 1661 533 1691 de
556 1661 634 1692 verb.
658 1661 739 1701 oblig.
762 1659 844 1693 hanc
860 1672 914 1695 ex-

48 1701 173 1740 plicans
191 1699 359 1732 foi-mulam
371 1724 380 1739 ,
404 1701 443 1732 lic
458 1701 577 1733 scribit:
596 1701 752 1742 stipulatio
763 1701 836 1742 Πέα,
851 1703 914 1736 Ha-

50 1742 129 1773 bere
151 1742 267 1780 licere,
292 1741 453 1782 spondes?
474 1742 524 1773 hoc
545 1744 688 1782 continet,
709 1748 743 1774 ut
762 1744 844 1776 liceat
865 1746 914 1778 ba-

49 1783 130 1821 bere,
153 1791 203 1813 nec
213 1789 266 1823 per
279 1793 448 1824 quemquam
463 1785 573 1815 omnino
581 1783 667 1824 fieri,
684 1794 739 1826 quo
753 1785 848 1817 minus
861 1788 911 1820 hci-

48 1824 111 1854 bere
126 1824 226 1854 liceat:
247 1833 311 1865 que
336 1825 486 1864 resfacir,
508 1831 542 1857 ut
565 1827 700 1857 videatur
722 1835 786 1858 reus
801 1832 908 1869 promi-

42 1864 108 1905 fiffe
120 1871 173 1906 per
188 1874 281 1896 omnes
289 1865 451 1906 futurum,
473 1872 508 1898 ut
525 1868 577 1898 tibi
594 1868 694 1899 habere
710 1867 804 1901 liceat.
834 1869 911 1903 Hoc

47 1915 127 1937 vero
143 1915 212 1937 cum
229 1915 293 1938 non
310 1906 386 1939 esset
409 1907 472 1939 fine
493 1908 695 1948 difficultate,
718 1918 787 1941 eam
804 1911 911 1952 Ulpia-

47 1955 106 1978 nus
128 1946 174 1978 his
198 1950 348 1987 proponit
376 1948 496 1980 verbis:
527 1949 653 1981 Videtur
677 1951 767 1992 igitur
785 1951 911 1986 alienum

39 1987 158 2028 fabium
171 1987 332 2028 promififfe.
356 1999 433 2021 nemo
448 1995 543 2021 aulem
565 1991 692 2023 alienum
708 1991 823 2032 fastum
840 2001 909 2036 pro-

45 2030 181 2060 mittendo
199 2029 349 2071 obligatur.
391 2030 452 2062 Sed
469 2030 551 2063 hanc
566 2041 641 2064 mox
659 2033 700 2065 fic
724 2033 833 2067 solvit:
856 2038 911 2068 Sed

40 2070 76 2109 Je
93 2070 216 2109 obligat,
238 2080 273 2101 ne
294 2073 350 2111 ipse
359 2072 477 2112 faciat,
500 2083 555 2114 qzio
577 2075 672 2105 minus
694 2075 794 2106 habere
814 2077 909 2110 liceat.

48 2110 209 2151 Significat
232 2122 335 2151 vero;
365 2115 452 2154 quod
478 2113 540 2145 hoc
563 2117 660 2147 modo
680 2116 826 2150 venditor
847 2128 910 2151 non

50 2151 183 2191 simplex
206 2152 389 2185 abnutivum
412 2153 566 2195 spondet3
591 2156 641 2188 sed
663 2166 844 2191 curaturum
864 2160 912 2200 se,

49 2200 85 2223 ut
111 2192 282 2232 stipulatori
308 2194 425 2226 habere
448 2195 550 2227 liceat.
584 2200 749 2236 quomodo
773 2199 842 2232 fere
866 2202 912 2233 in-

49 2241 241 2274 terpretatur
258 2234 368 2266 Paulus
392 2236 411 2266 l.
432 2241 479 2277 83.
505 2238 533 2268 &
557 2238 622 2277 ipse
645 2239 795 2280 Ulpianus
818 2243 837 2273 l.
856 2253 907 2283 50.

43 2274 88 2305 D.
106 2276 163 2306 eod.
183 2276 229 2306 tit.
261 2284 320 2307 nec
343 2285 447 2308 tamen
467 2278 516 2309 vel
540 2278 592 2310 illa
612 2281 833 2320 interpretatio
856 2293 909 2324 ge-

42 2316 192 2347 neraliter
207 2315 269 2347 fuit
286 2318 489 2358 accipienda,
514 2328 552 2350 ne
568 2328 624 2359 per
641 2330 752 2352 omnes
767 2322 840 2355 fiat:
856 2325 908 2356 sed

41 2366 83 2387 ne
101 2356 156 2388 fiat
174 2366 230 2396 pei·
246 2367 302 2389 eos
320 2359 349 2389 in
376 2368 456 2399 quos
483 2362 630 2392 venditor
647 2362 696 2401 jus
719 2363 909 2402 prohibendi

43 2397 158 2430 habet:
182 2399 289 2438 quales
306 2400 374 2430 sunt
391 2401 455 2441 ejus
474 2401 626 2441 lieredes3
650 2412 684 2434 ut
700 2403 731 2435 in
747 2404 765 2434 l.
785 2406 869 2446 24.§.
880 2409 908 2437 6.

41 2437 85 2470 D.
106 2440 138 2468 a'e
157 2440 254 2471 damn.
281 2440 381 2477 infe&
424 2441 563 2473 Proinde
587 2443 733 2486 indigitat
753 2446 905 2487 Ulpianus

43 2479 70 2507 d.
88 2479 108 2522 l.
124 2484 171 2518 38.
204 2481 404 2513 venditorem
437 2483 483 2515 his
507 2484 610 2516 verbis
629 2508 639 2524 ,
669 2486 784 2517 Habere
807 2488 906 2526 licere,

41 2518 192 2558 obligari3
220 2531 254 2551 ne
278 2524 354 2553 heres
367 2524 445 2563 fiius
462 2523 589 2564 efficiat,
628 2536 663 2557 ne
686 2528 786 2559 hahere
807 2529 900 2560 liceat.

40 2567 140 2597 puto,
164 2562 248 2599 quod
265 2562 355 2595 hei-es
372 2565 555 2597 defunctum
573 2567 817 2608 repraesentans,
836 2571 900 2610 ejus

36 2598 154 2646 fastum
173 2601 314 2646 praestare
330 2605 426 2636 debet
452 2607 470 2637 l.
491 2616 557 2648 143.
580 2609 621 2639 I).
640 2611 673 2640 de
689 2619 746 2650 reg.
763 2611 828 2651 jur.
851 2613 901 2643 ad-

38 2641 84 2687 dit
108 2641 278 2681 Ulpianus,
299 2646 343 2675 vel
364 2648 428 2687 quis
450 2653 611 2680 caeterorum
631 2651 817 2691 succefforum
839 2651 899 2693 effi-

37 2687 114 2720 czat,
137 2692 172 2713 rie
187 2683 285 2728 luthere
298 2684 401 2729 licerit:
422 2687 522 2728 iisque
538 2692 642 2722 verbis
661 2692 786 2725 heredis
810 2694 898 2725 here-

33 2723 147 2768 des'&
171 2725 321 2771 deinceps
346 2728 492 2769 intelligit
514 2732 541 2761 d.
558 2731 576 2762 ί.
593 2737 643 2773 38.
666 2734 695 2772 §.
716 2744 746 2765 2.
791 2734 899 2776 Pergit

36 2763 188 2812 U¹P¹³9US
208 2766 236 2796 d·
253 2766 272 2796 l·
290 2766 316 2811 §-
334 2775 358 2813 ¹.-
376 2767 411 2801 &P
428 2779 455 2800 2.
498 2770 559 2803 Sed
582 2773 603 2805 fi
629 2776 697 2814 quis
722 2776 897 2815 promittat.

31 2810 86 2844 per
101 2804 200 2852 (ll-zum·
210 2815 266 2853 {ion
276 2799 343 2846 fieri
354 2831 362 2846 ,
369 2814 471 2848 praezer
486 2811 610 2845 heredem
617 2818 724 2855 Juuiiz:
747 2817 899 2847 dicendum

34 2843 98 2892 est,
122 2847 264 2892 zmitzlzter
288 2857 351 2878 eum
369 2852 531 2888 promittere
545 2855 657 2892 fastum
672 2858 807 2888 alienum,
831 2864 861 2888 m
870 2857 899 2896 fi

34 2895 100 2926 quw
117 2887 188 2917 velit
211 2888 261 2928 (¹d
279 2888 341 2928 est,
353 2889 373 2921 fi
392 2892 461 2929 quis
479 2899 581 2926 tamen
601 2898 696 2937 velit)
713 2898 898 2938 alienumfa-

25 2927 302 3009 {tumgrommerffi
321 2939 437 2971 poenam
457 2934 504 2964 vel
517 2939 621 2976 quanti
637 2948 670 2970 eri.
686 2948 728 2970 res
737 2938 795 2979 fit,
810 2938 899 2980 potes}

50 2978 118 2999 romi
147 2979 199 3000 ere.

71 3009 171 3041 Porro
193 3011 235 3042 ait
258 3010 420 3045 Fui-mula:
445 3015 478 3046 Si
497 3014 595 3049 ea're‘s
619 3030 696 3051 ame
710 3023 802 3061 petita
824 3024 897 3062 eric,

33 3050 79 3080 vel
88 3050 117 3087 fi
133 3061 193 3083 eam
209 3054 244 3099 5¹1⁷.
259 3054 313 3084 alio
325 3057 429 3094 petiero
440 3079 449 3093 ,
472 3066 531 3089 eam
554 3069 612 3090 rem
635 3061 708 3092 reue
731 3064 897 3102 defendere,

25 3090 175 3133 postquam
191 3095 241 3124 tilii
259 3094 390 3126 heredive
419 3103 466 3128 tuo
491 3100 706 3133 clenzmciczvem.
749 3104 896 3136 Formula

32 3133 121 3171 vult,
144 3136 344 3180 venditorem
368 3136 542 3178 spondere,
571 3141 601 3172 se
626 3152 807 3183 emptorem
830 3145 892 3183 rei.

28 3172 51 3205 fi
67 3181 124 3247 per
138 3176 230 3249 alilulrn
254 3185 354 3218 petita
377 3177 454 3220 crit3
477 3182 526 3213 vel
551 3182 570 3214 fi
589 3183 652 3224 ipse
677 3193 766 3225 eam,
789 3186 892 3220 amiffa

93 3224 145 3248 om.
207 3240 215 3249 .

1769 102 1837 139 303

966 176 1168 222 possessione,
1199 180 1238 211 ab
1256 180 1317 212 alio
1334 181 1490 223 petierit,
1521 182 1607 214 reCle
1631 180 1834 213 defensurum

965 218 1036 249 elle.
1080 220 1252 260 Utriusque
1276 225 1371 262 partis
1392 225 1541 264 probatio
1566 225 1585 256 l.
1615 228 1661 255 16.
1686 223 1712 263 Q.
1740 232 1763 254 1.
1793 224 1832 253 l).

964 260 1029 304 ‘la-i.
1054 259 1090 294 ὅ)
1114 261 1132 291 ι.
1151 271 1197 301 75.
1218 262 1245 302 §.
1268 273 1292 294 1.
1317 266 1363 296 l).
1386 267 1418 296 de
1435 267 1640 305 procuratorib.
1685 265 1833 296 'senetur

963 308 1058 340 igitur
1078 306 1226 343 venditor
1244 306 1380 344 emptori
1405 305 1434 337 in
1459 307 1578 346 judicio
1601 305 1723 344 adesse,
1747 315 1835 337 euin-

964 350 1026 379 que
1044 342 1130 372 reete
1147 342 1332 387 defendere.
1344 355 1533 387 quamquam
1551 358 1615 380 non
1633 348 1706 379 alias
1718 357 1832 386 ‚quain

962 383 982 412 li
1000 390 1127 422 emptor
1143 384 1187 415 illi
1205 383 1291 417 litem
1309 395 1382 418 ante
1398 389 1649 421 denunciaverit.
1675 387 1831 420 Modesti-

961 431 1019 468 nus
1041 424 1060 453 l.
1080 427 1130 464 63.
1146 424 1174 465 §.
1194 434 1219 456 1.
1244 427 1290 456 D.
1307 428 1334 457 h.
1350 434 1372 459 t.
1395 430 1514 469 exigit,
1544 431 1705 462 auctorem
1728 430 1832 461 lauda-

962 473 998 494 ri.
1023 465 1204 505 eodemque
1221 468 1321 499 verbo
1339 469 1437 501 utitur
1455 472 1651 510 Pomponius
1669 471 1687 501 l.
1704 475 1733 503 6.
1750 471 1769 512 §
1796 481 1828 511 5.

961 504 1004 535 D.
1023 505 1055 534 cle
1075 505 1229 551 att'eiiipt.
1252 508 1304 539 sed
1323 519 1364 541 ex
1378 517 1424 549 pr.
1443 512 1471 543 ci.
1493 512 1502 541 l
1523 516 1572 552 63.
1596 511 1744 551 discitur,
1767 512 1829 544 litis

961 546 1240 593 denunCiationem
1258 559 1294 580 ea
1310 551 1477 583 locutione
1494 553 1639 592 intelligi.
1682 553 1748 592 Jarn
1765 554 1829 584 lau-

959 588 1142 634 darelpi-iica
1169 589 1280 630 lingua.
1296 592 1325 622 ἅ
1345 594 1375 623 in
1399 592 1544 625 civilibus
1570 595 1745 626 ustionibus
1767 594 1831 626 esse

959 638 1124 672 nummum,
1148 629 1265 662 dudum
1282 633 1326 663 est
1343 634 1382 664 ab
1405 633 1471 666 aliis
1497 634 1709 667 observatum.
1752 635 1831 668 Vult

959 670 1054 709 igitur
1078 669 1226 702 Formula
1251 673 1460 713 stipulationis
1486 677 1610 716 duplae,
1640 677 1828 715 venditori,

959 719 993 741 ut
1010 711 1138 756 afflone
1154 722 1195 757 eit
1211 714 1304 752 dupla
1323 717 1366 746 uti
1387 717 1498 756 poffit,
1519 718 1607 749 litem
1625 718 1663 747 ab
1679 726 1827 758 emptore

958 752 1151 784 denunciari.
1182 755 1333 795 idemque
1356 758 1386 788 in
1409 758 1535 789 afflone
1559 768 1599 789 ex
1623 767 1733 799 empto
1749 781 1758 796 ‚
1796 759 1828 790 δε

956 793 1088 832 simplici
1111 803 1151 825 ex
1176 794 1322 836 stipulatu
1347 799 1472 830 afflone
1493 797 1683 838 obtinuisse,
1706 799 1827 831 indicat

957 835 1140 878 Alexander
1161 836 1178 866 l.
1196 840 1224 869 8.
1251 840 1284 870 C.
1303 839 1330 869 h.
1355 846 1374 870 r.
1406 842 1560 879 maxime,
1591 840 1611 872 si
1636 841 1769 880 praesens
1794 841 1829 872 fic

957 875 1117 921 venditor.
1140 886 1212 924 narn
1235 877 1255 909 fi
1278 879 1387 912 absens
1412 882 1465 920 lit,
1489 891 1542 913 aut
1560 882 1693 923 praesens
1710 881 1827 921 faciat,

958 924 1021 956 quo
1046 925 1146 961 mitius
1172 928 1199 949 ei
1226 921 1454 954 denuncietur:
1486 925 1605 963 placuit
1631 923 1825 962 Veteribus,

957 958 1059 1004 duplae
1079 957 1310 998 stipulationem
1328 964 1377 995 vel
1395 964 1456 995 sine
1474 965 1721 996 denunciatione
1739 973 1828 996 com-

956 1001 1042 1030 mitti
1072 999 1091 1030 l.
1107 1010 1157 1040 55.
1179 1001 1208 1042 §.
1232 1011 1256 1033 1.
1284 1002 1325 1034 D.
1352 1005 1379 1035 h.
1399 1011 1421 1036 t.
1467 1005 1546 1037 Illud
1570 1015 1677 1046 parum
1702 1006 1827 1044 refert,

957 1050 1022 1079 quo
1047 1048 1191 1087 tempore
1216 1041 1270 1074 fiat
1300 1046 1514 1078 denunciatio.
1536 1047 1643 1088 itaque
1665 1050 1704 1079 de
1731 1057 1771 1079 eo
1794 1048 1828 1079 in

955 1081 1103 1113 Forniula
1121 1083 1194 1114 iiiliil
1211 1086 1329 1124 adjeci:
1352 1097 1393 1119 ex
1411 1089 1537 1120 monitu
1554 1089 1724 1129 Pomponii
1741 1090 1760 1120 l.
1775 1099 1826 1126 29.

955 1124 984 1165 §.
1002 1133 1029 1154 2.
1041 1123 1080 1154 D.
1090 1124 1116 1154 d.
1133 1129 1154 1155 t.
1164 1125 1203 1156 fic
1214 1125 1393 1159 scribentis:
1410 1129 1542 1174 Quolibet
1552 1136 1670 1171 tempore
1680 1132 1825 1161 venditori

956 1165 1125 1211 renunciari
1139 1165 1248 1206 potest,
1266 1175 1298 1199 iit
1317 1171 1349 1200 (Ie
1363 1179 1395 1201 ea
1411 1181 1440 1201 re
1456 1173 1567 1213 agenda
1584 1172 1666 1211 adfit.
1692 1172 1764 1215 Qua
1779 1181 1827 1203 ra-

957 1205 1069 1238 tione?
1093 1215 1135 1238 ait
1150 1207 1454 1256 Pomponius:Quia
1468 1222 1525 1243 non
1535 1213 1698 1254 praefim'iur
1715 1219 1824 1244 certum

955 1253 1065 1288 tempus
1080 1249 1112 1279 in
1135 1258 1167 1280 ea
1182 1248 1380 1290 stipulatione,
1425 1254 1528 1285 Unum
1554 1263 1659 1286 tamen
1679 1254 1824 1294 praecipit

956 1289 1133 1321 observari:
1167 1291 1248 1322 Dum
1272 1302 1306 1323 ne
1322 1300 1412 1335 prope
1443 1295 1531 1334 ipsam
1564 1297 1824 1326 condemnationem

948 1331 1018 1371 ficit.
1040 1330 1092 1362 Sic
1107 1331 1305 1373 Pomponius
1321 1344 1330 1372 3
1354 1336 1383 1366 ὅ(
1403 1335 1496 1367 clare.
1539 1336 1582 1368 At
1598 1337 1681 1367 enirn
1699 1336 1825 1375 Javoie-

954 1382 1012 1404 nus
1030 1373 1049 1403 l.
1070 1382 1116 1410 29.
1139 1373 1168 1415 §.
1192 1384 1222 1416 3.
1245 1374 1288 1406 D.
1313 1377 1347 1407 de
1370 1376 1454 1418 legat.
1480 1378 1528 1409 lib.
1552 1388 1581 1419 3.
1615 1378 1824 1415 Demmcz'ari,

955 1414 1078 1454 inquit,
1100 1416 1209 1454 debere,
1230 1417 1403 1458 priusquam
1412 1419 1559 1460 judicium
1575 1420 1742 1459 accipiatur.
1788 1417 1826 1449 ld

955 1465 1032 1487 vero
1050 1455 1190 1488 creditur
1205 1457 1333 1496 sonare,
1356 1460 1536 1500 priusquam
1558 1461 1594 1492 lis
1618 1459 1825 1491 contestetur.

952 1496 1006 1529 Ne
1022 1498 1087 1537 ipse
1103 1499 1230 1538 quidem
1245 1497 1371 1531 inficior
1392 1500 1471 1540 saepe
1493 1502 1556 1532 dici
1573 1524 1582 1539 ,
1602 1502 1753 1540 Judicium
1776 1511 1826 1532 ac·

954 1539 1034 1579 cipi,
1057 1548 1128 1571 cum
1146 1540 1182 1571 lis
1205 1540 1415 1572 contestatur:
1439 1541 1490 1573 sed
1514 1542 1579 1573 hoc
1597 1551 1661 1573 non
1687 1542 1731 1573 est
1753 1551 1824 1582 per-

953 1588 1095 1622 petuum.
1118 1580 1184 1612 imo
1199 1581 1247 1612 lib.
1264 1591 1294 1622 3.
1318 1583 1485 1622 Defoeizor.
1502 1582 1539 1617 &2⁹
1555 1584 1634 1621 usur.
1651 1593 1675 1614 c.
1695 1592 1740 1624 15.
1761 1584 1826 1623 J'ain

954 1620 1145 1661 observavi,
1178 1622 1330 1662 Judicium
1361 1624 1531 1665 aliquando
1556 1624 1633 1656 sumi
1665 1633 1724 1665 pro
1757 1625 1824 1656 sen-

956 1664 1073 1696 tentia:
1103 1671 1137 1695 ut
1159 1663 1191 1695 in
1215 1663 1235 1695 l.
1261 1674 1287 1696 1.
1311 1664 1344 1697 C.
1377 1666 1411 1697 Si
1432 1667 1544 1705 advers.
1575 1676 1634 1697 rein
1660 1667 1754 1706 judic.
1783 1666 1822 1701 ὦ)

954 1706 974 1737 l.
989 1709 1039 1746 46.
1055 1705 1083 1747 §.
1099 1715 1129 1747 3.
1155 1705 1201 1737 D.
1219 1706 1252 1736 de
1273 1707 1382 1738 admin.
1403 1712 1457 1739 tut.
1483 1707 1618 1748 proinde
1642 1706 1738 1739 liceat
1763 1708 1822 1741 mi-

955 1748 986 1780 hi
1013 1747 1168 1779 evitandae
1192 1756 1305 1789 pugnae
1329 1749 1427 1789 gratia
1443 1771 1453 1787 ‚
1490 1758 1547 1788 per
1563 1749 1708 1791 judicium
1736 1749 1768 1780 in
1791 1750 1822 1781 d.

953 1789 972 1821 l.
996 1799 1045 1827 29.
1076 1789 1106 1831 ἕ.
1129 1798 1160 1830 3.
1190 1790 1341 1821 exaudire
1361 1790 1556 1825 sementiam:
1593 1790 1672 1822 ficut
1701 1791 1733 1822 in
1758 1799 1822 1822 arn-

953 1831 1046 1872 bigua
1069 1839 1153 1862 voce
1178 1829 1256 1872 legis
1285 1830 1421 1863 solemus
1445 1841 1514 1863 eam
1538 1833 1685 1872 accipere
1707 1830 1822 1872 fignifi-

953 1873 1114 1905 cationem
1138 1881 1206 1913 quae
1233 1870 1312 1904 vitio
1341 1880 1446 1904 caret:
1478 1882 1550 1905 cum
1574 1873 1742 1914 praesertim
1766 1882 1823 1904 vo-

953 1914 1072 1987 lgntasl
1088 1914 1166 1956 legis
1192 1913 1287 1947 etiam
1311 1922 1354 1947 ex
1379 1914 1445 1946 hoc
1470 1915 1576 1956 colligi
1603 1914 1697 1956 poffit
1724 1915 1744 1947 l.
1774 1923 1822 1951 19.

989 1980 996 1987 .
1014 1957 1047 1987 cle
1072 1965 1085 1986 e
1106 1957 1144 1987 ib.

995 1965 1104 2038 Pergff
1121 1997 1296 2039 stipulatio:
1319 1998 1362 2030 Et
1376 1998 1406 2038 fi
1425 2009 1457 2031 ea
1479 2009 1523 2031 res
1544 1999 1616 2031 mihi
1636 1997 1731 2032 evista
1744 2000 1819 2038 erit,

952 2039 998 2070 vel
1013 2038 1042 2077 fi
1064 2048 1124 2070 eam
1152 2049 1200 2082 ego
1226 2050 1243 2070 ci
1262 2040 1406 2081 poffeffore
1427 2043 1555 2073 evincere
1577 2050 1635 2072 non
1661 2042 1816 2082 potuerim.

952 2080 1122 2121 Stipulatio
1137 2080 1307 2121 fignificat,
1330 2082 1486 2114 actionem
1507 2092 1548 2114 ex
1564 2082 1658 2121 dupla
1675 2083 1822 2114 commit-

956 2121 997 2160 ti,
1021 2121 1042 2152 fi
1070 2130 1119 2153 res
1144 2130 1250 2163 empta
1271 2121 1307 2154 sit
1331 2123 1456 2155 evicta:
1486 2123 1549 2155 five
1576 2124 1663 2163 quod
1682 2124 1820 2164 emptori

955 2170 1119 2194 convento
1137 2171 1194 2203 pei·
1208 2164 1352 2204 Judicem
1369 2164 1414 2196 est
1436 2165 1555 2196 ablata:
1578 2165 1640 2196 sive
1664 2167 1752 2206 quod
1776 2175 1817 2197 eo

954 2211 1087 2245 agente,
1110 2213 1167 2244 per
1182 2204 1325 2244 Judicem
1344 2214 1360 2236 a
1377 2205 1547 2246 possessore
1564 2205 1609 2237 est
1625 2215 1764 2238 retenta:
1781 2215 1817 2238 ut

953 2246 1048 2286 paulo
1085 2254 1157 2277 ante
1189 2246 1411 2278 demonstravi.
1468 2246 1565 2278 Nunc
1597 2248 1815 2288 tractandum,

951 2287 1078 2326 quando
1096 2297 1144 2318 res
1165 2287 1268 2319 evifita
1286 2288 1416 2319 dicatur.
1442 2289 1480 2319 ad
1496 2288 1555 2319 hoc
1573 2289 1630 2319 tria
1646 2289 1820 2321 deficieran-

951 2334 1012 2358 tur.
1035 2328 1170 2368 primum
1187 2328 1250 2367 est,
1274 2337 1309 2359 ut
1332 2339 1380 2360 res
1403 2329 1438 2359 sit
1460 2329 1581 2361 ablata:
1605 2330 1759 2370 alterum,
1783 2339 1819 2362 ut

951 2368 988 2399 fit
1006 2367 1126 2408 Judicio
1151 2369 1275 2401 ablata:
1307 2371 1436 2401 tertium
1453 2393 1463 2408 ,
1495 2378 1529 2401 ut
1550 2369 1585 2401 fit
1607 2371 1675 2411 jure
1699 2373 1813 2406 ablata.

950 2408 1089 2441 Primum
1108 2417 1238 2450 oportet
1254 2420 1318 2441 rem
1331 2433 1340 2448 ,
1357 2418 1389 2441 ut
1407 2411 1510 2442 evicta
1525 2411 1578 2450 fit,
1589 2413 1722 2446 ablatam
1737 2414 1811 2446 esse.

949 2449 1075 2483 videtui·
1097 2458 1201 2482 autem
1224 2451 1342 2489 ablata,
1366 2451 1429 2482 five
1451 2452 1571 2492 evicta3
1594 2462 1666 2486 cum
1688 2465 1815 2496 empto-

948 2492 975 2522 ri
991 2500 1061 2523 earn
1086 2491 1204 2523 habere
1227 2501 1292 2523 non
1317 2492 1401 2523 licet.
1425 2502 1553 2532 contra,
1582 2494 1694 2528 sicam
1719 2499 1810 2538 poffi-

945 2533 1019 2571 det;
1050 2541 1156 2572 neque
1178 2533 1298 2571 ablata,
1330 2543 1434 2573 neque
1456 2534 1557 2566 eviCta
1580 2535 1644 2575 est;
1673 2539 1812 2580 ideoque

944 2581 1009 2604 non
1031 2573 1136 2612 potest
1162 2583 1202 2605 ex
1225 2575 1319 2614 dupla
1342 2576 1414 2614 agi:
1438 2578 1637 2616 quantumvis
1660 2580 1809 2618 constet,

944 2614 1104 2646 venditam
1122 2624 1159 2646 ac
1177 2616 1320 2647 traditam
1338 2616 1400 2647 esse
1417 2626 1483 2648 rem
1500 2617 1632 2650 alienam
1650 2629 1702 2652 aut
1718 2622 1807 2652 alteri

943 2655 1113 2696 obligatam
1128 2657 1146 2686 l.
1161 2666 1190 2697 3.
1208 2657 1241 2688 C.
1258 2657 1286 2689 h.
1305 2663 1326 2688 t.
1350 2666 1408 2689 nec
1434 2654 1497 2689 hoc*
1519 2657 1647 2700 inique:
1672 2662 1722 2691 ubi
1745 2671 1808 2692 em-

941 2699 1027 2736 ptori
1048 2697 1123 2728 licet
1146 2708 1211 2729 rem
1231 2698 1367 2730 habere:
1389 2706 1484 2739 atque
1498 2699 1552 2739 (ut
1568 2701 1598 2732 in
1620 2701 1806 2739 explicatio-

941 2746 982 2768 ne
1013 2737 1170 2769 Formulae
1195 2739 1403 2779 stipulationis
1425 2741 1466 2783 ait
1495 2740 1665 2781 Ulpianus)
1687 2741 1806 2773 habere

942 2778 1111 2817 dupliciter
1128 2779 1296 2820 achpitur:
1320 2790 1391 2813 nain
1406 2781 1435 2813 &
1451 2790 1523 2813 eum
1546 2783 1659 2812 habere
1676 2781 1806 2815 dicimus

943 2820 995 2858 qui
1013 2818 1055 2850 rei
1074 2820 1220 2853 dominus
1238 2821 1338 2853 est:&
1356 2831 1426 2854 eum
1443 2824 1495 2862 qui
1513 2824 1658 2853 dominus
1674 2824 1803 2862 quidem

942 2868 1005 2891 non
1023 2860 1086 2899 est,
1110 2861 1162 2893 sed
1181 2863 1284 2894 tenet:
1307 2864 1444 2904 denique
1462 2863 1577 2894 habere
1600 2872 1664 2893 rem
1683 2864 1806 2903 deposi-

942 2908 1004 2944 tam
1027 2901 1160 2934 solemus
1185 2904 1290 2935 dicere
1311 2905 1330 2935 l.
1349 2909 1398 2945 38.
1424 2904 1451 2945 §.
1466 2914 1495 2939 9·
1514 2903 1554 2933 D.
1572 2903 1604 2932 de
1624 2905 1701 2934 verb.
1719 2905 1801 2946 olilig.

941 2941 988 2972 Sit
1012 2942 1071 2980 ita,
1094 2945 1235 2976 nondum
1261 2954 1346 2976 mota
1370 2943 1504 2984 emptori
1528 2944 1738 2976 controversia
1762 2949 1803 2979 de

940 2983 1144 3024 proprietate.
1175 2985 1227 3018 sed
1249 2985 1354 3028 finge,
1382 2987 1442 3025 jam
1470 2991 1586 3015 motam
1618 2984 1689 3015 else.
1725 2988 1806 3020 nihil

940 3032 1047 3056 muto:
1070 3034 1192 3065 certus,
1215 3027 1254 3059 ab
1271 3028 1462 3059 executione
1479 3033 1541 3054 non
1566 3025 1708 3058 inchoari
1722 3028 1805 3069 judi-

939 3067 1039 3098 cium:
1069 3066 1123 3099 sed
1144 3071 1230 3108 prius
1255 3068 1340 3105 esse,
1373 3074 1406 3096 ut
1430 3065 1553 3108 servato
1576 3068 1689 3098 ordine
1719 3070 1802 3102 attio

938 3106 1082 3139 adversus
1100 3118 1188 3141 reum
1206 3110 1370 3149 dirigatur,
1382 3106 1410 3135 &
1428 3106 1517 3135 caula
1534 3109 1662 3147 cognita
1680 3110 1804 3142 senten-

938 3148 979 3178 tia
995 3150 1170 3190 accipiatur
1186 3151 1204 3181 l.
1228 3159 1251 3180 1.
1273 3149 1304 3178 C.
1323 3149 1355 3176 de
1370 3152 1480 3191 execat.
1500 3149 1644 3189 reijuclic.
1669 3154 1756 3190 quod
1782 3150 1802 3183 si

935 3188 996 3222 est:
1021 3199 1186 3231 putemus,
1210 3196 1358 3259 einpltore
1379 3195 1460 3221 inter
1485 3197 1588 3222 moras
1608 3191 1717 3231 Judicii
1735 3202 1802 3224 rem

1305 3238 1320 3260 z
1342 3238 1360 3260 2
1738 3242 1802 3265 em-
