2036 3495
293 173 324 209 A
336 182 360 208 D
394 171 489 206 LIB.
516 169 592 205 XX.
620 168 674 203 Ti
687 176 720 201 T.
755 167 780 201 1.
818 167 868 202 De
880 167 1060 212 pignoribus
1075 163 1117 204 ὃ,
1132 165 1319 212 hypothecis:
1354 162 1396 204 &
1411 164 1541 211 qualiter
1557 162 1626 205 &c-

61 263 184 296 structis
205 261 293 295 malit
310 263 349 293 ad
367 261 453 293 suum
464 256 657 303 pervenires.
671 259 701 289 8.
715 254 756 286 D.
767 256 800 285 de
814 254 943 296 distrahi.

50 307 138 347 pign.
165 305 262 335 habet
281 304 365 334 enim
403 303 434 334 in
470 300 616 332 omnibus
645 307 693 337 Jus
722 297 858 343 aequale:
882 305 942 327 nec

60 347 300 382 animadvertO,
317 354 374 375 cur
385 344 528 383 iniquum
538 339 592 377 fit,
610 348 682 369 eum
694 345 802 384 PQUUS
816 346 857 383 ex,
869 337 941 381 ΓΗΘ,

60 397 154 428 quam
172 396 212 418 ex
229 385 405 423 debitoris,
420 382 595 415 commodo
613 380 832 411 venditionem
850 377 933 409 insti-

62 438 151 460 tuere
166 428 179 460 Ρ
195 427 316 468 placuit
333 434 439 457 tamen
459 420 798 454 Severo&Antonino
815 420 833 451 l.
851 430 879 451 2.
898 419 931 450 C.

60 471 94 500 cie
110 470 254 510 pignorio.
281 467 302 499 si
323 465 477 506 aliquibus
499 462 695 503 specialiter,
726 461 755 493 ἃ
780 460 931 506 universis

61 511 156 541 bonis
165 510 355 551 generaliter
364 505 508 546 obligatis
520 527 529 542 ,
544 504 686 535 creditor
695 512 734 534 ex
745 502 932 548 pignoribus

61 552 251 583 nominatim
267 548 413 589 obligatis
425 569 435 585 ,
459 555 518 586 pro
535 553 625 576 certo
643 544 737 584 poffit
753 541 932 575 universum

63 593 208 624 debiturn
222 589 379 630 redigere,
400 586 650 628 iurisdictionem
674 585 716 617 iic
735 594 931 624 temperare3

62 643 104 665 ne
118 633 161 664 illi
178 633 377 673 permittatur
395 638 432 660 ea
447 638 516 669 quae
533 627 610 659 alius
628 627 738 667 postea
755 635 795 657 ex
813 626 935 657 eisdem

62 675 158 706 bonis
174 672 296 714 pignori
315 671 496 710 acceperit,
520 669 594 700 huic
611 667 738 714 interim
756 666 894 712 auferre.

107 715 286 752 Caeterum,
311 720 344 744 ut
362 711 530 743 creditoris
552 711 683 741 arbitrio
707 710 738 741 in
765 718 935 750 pignorum

64 755 248 788 venditione
270 755 504 794 relinquamus,
535 752 697 792 quodnam
722 760 762 782 ex
795 750 938 790 pluribus

62 797 150 830 malit
185 796 353 827 venditum
371 806 378 826 :
410 804 475 826 non
507 801 611 825 tamen
650 793 770 824 idcireo
801 801 873 823 eum
899 791 937 822 ab

63 839 149 871 omni
173 837 283 869 formae
310 835 533 868 observatione
551 835 730 867 liberamus.
753 833 828 873 quin
847 833 935 863 volu-

63 889 152 918 mus,
175 886 318 919 paratum
342 877 502 915 vendere,
525 877 564 908 de
589 875 720 907 consilio
739 874 793 905 suo
809 873 936 905 debito·

63 928 132 953 rem
150 921 258 951 facere
275 919 446 951 certiorem
458 942 467 957 ,
484 920 513 949 bi:
531 919 660 959 quidem
680 916 794 947 testato
810 916 829 947 l.
847 926 876 954 4.
898 915 932 945 C.

62 964 96 994 de
113 959 241 1002 distraei.
256 961 340 1002 pign.
364 960 458 991 etiam
484 968 576 999 agere
593 959 678 989 bona
696 957 778 989 fide:
801 957 935 997 amplius

65 1003 285 1034 venditionem
303 1001 409 1033 facere
427 1000 608 1032 solemniter
623 1000 643 1030 l.
662 1009 693 1036 9.
711 1000 744 1031 C.
760 1001 788 1029 d.
808 1005 830 1029 t.
848 999 936 1029 ideo-

66 1054 130 1084 que
146 1043 339 1085 proscribere
356 1046 468 1084 pignus
478 1044 505 1074 d.
524 1042 543 1072 l.
560 1051 588 1080 4.
607 1041 638 1072 id
650 1039 715 1077 est,
732 1040 833 1072 affixis
851 1039 937 1071 libel-

65 1086 103 1117 lis
127 1086 204 1117 locis
225 1084 421 1122 celebribus,
444 1081 617 1124 significare
636 1106 646 1120 ‚
669 1081 732 1126 effe
754 1081 887 1119 venale,
903 1087 939 1111 ut

62 1128 201 1167 reperiat
210 1135 381 1166 emptores.
393 1125 518 1157 Morem
530 1127 628 1164 tangit
638 1122 755 1155 Cicero
771 1123 831 1155 Pro
843 1121 938 1166 Quin-

64 1169 106 1199 tio
124 1175 185 1208 cup.
208 1171 238 1198 6.
257 1167 377 1199 Seneca
393 1167 440 1197 lib.
460 1176 489 1206 4.
520 1165 568 1197 De
585 1164 699 1204 benefic.
718 1175 743 1195 c.
763 1174 809 1196 12.
826 1165 938 1195 Sueto-

66 1210 138 1240 nius
155 1209 274 1240 Cloudi'o
291 1218 315 1240 c.
332 1217 363 1246 9.
381 1216 502 1247 eosque
519 1205 721 1246 interpretati
736 1204 869 1237 Loenfis
887 1205 936 1235 lib.

67 1259 98 1287 9.
118 1250 282 1290 Miscellan.
299 1260 323 1280 c.
343 1259 368 1280 1.
381 1249 411 1280 &
426 1249 587 1280 Salmasius
606 1247 651 1278 De
665 1248 738 1278 mod.
750 1250 831 1282 usur.
841 1256 865 1278 c.
886 1249 934 1278 16.

69 1292 158 1332 Quid
175 1300 270 1331 ergo,
294 1291 314 1321 fi
331 1291 477 1321 venditit>
500 1289 583 1320 facia
598 1288 635 1320 fit
651 1297 714 1320 non
730 1288 826 1328 jure?
848 1288 936 1319 nulla

69 1333 132 1364 eit:
157 1332 292 1371 ideoque
307 1332 454 1362 dominus
479 1330 589 1362 mansit
604 1329 749 1368 debitor,
772 1328 936 1370 habetque

67 1373 113 1405 rei
130 1372 189 1403 suae
205 1372 478 1404 vindicationeml.
500 1381 528 1402 2.
549 1371 582 1402 C.
605 1371 639 1401 Si
653 1371 836 1412 vend.pigri.
853 1375 936 1412 agat.

67 1421 197 1451 contra,
219 1413 241 1444 fi
263 1414 332 1453 J'ure
353 1412 436 1444 fasta
460 1411 497 1444 fit
520 1411 684 1450 venditio,
707 1412 853 1452 quamvis
870 1420 936 1443 non

66 1454 242 1486 observatis
267 1463 337 1495 quae
363 1461 496 1494 oportet
516 1452 695 1486 observari:
724 1462 791 1485 non
817 1452 937 1485 idcirco

67 1496 238 1528 resolvitur
255 1496 409 1528 venditio.
435 1502 556 1526 tantum
572 1501 701 1526 tenetur
717 1494 856 1526 debitori
871 1503 938 1526 cre-

68 1537 154 1569 ditor
184 1535 309 1567 actione
341 1535 541 1576 pigneratitia
574 1539 613 1567 ad
643 1534 675 1567 id
698 1536 787 1576 quod
811 1534 941 1568 interest

64 1578 85 1609 l.
97 1587 126 1618 7.
138 1577 169 1608 C.
183 1575 436 1617 declislriift.pign.
452 1576 484 1608 in
510 1585 690 1616 emptorem
703 1586 782 1608 vero
792 1577 876 1609 nulla
890 1577 943 1609 da·

65 1627 116 1650 tur
127 1618 219 1649 actio:
230 1618 301 1648 licet
312 1619 361 1648 vel
372 1617 435 1657 ipse
445 1616 542 1649 fuerit
551 1617 612 1649 doli
623 1619 781 1658 particeps
791 1628 801 1658 ;
812 1626 941 1659 praeter-

69 1668 164 1698 quam
189 1668 252 1689 uno
285 1659 314 1689 in
343 1659 428 1689 casu:
452 1659 505 1699 qui
533 1658 620 1691 casus
642 1658 706 1698 est,
737 1659 758 1691 fi
784 1661 825 1691 de
847 1660 940 1692 bonis

67 1699 271 1731 condemnati
290 1700 454 1731 creditoris
465 1702 597 1740 pecunia
608 1710 672 1731 non
683 1701 824 1741 potuerit
840 1701 938 1741 solvi,

69 1742 99 1772 &
113 1741 281 1781 probatum
301 1739 398 1772 fuerit
410 1764 420 1778 ,
444 1750 621 1781 emptorem
645 1742 723 1773 mala
740 1741 802 1774 fide
819 1742 936 1774 emiss'e.

66 1791 134 1813 tum
150 1783 234 1813 enim
248 1781 373 1822 jubebit
389 1781 503 1814 Praeses
513 1782 703 1823 provinciae,
719 1783 866 1815 debitore
883 1793 936 1824 pe-

67 1824 193 1855 cuniam
209 1824 317 1863 quanti
343 1822 459 1855 fundus
485 1824 573 1855 venit
590 1833 662 1855 cum
679 1824 778 1855 usuris
796 1824 936 1856 offeren-

73 1873 126 1903 te,
149 1864 285 1896 fundum
311 1873 384 1896 cum
407 1864 562 1896 fructibus
578 1866 617 1896 ab
633 1874 777 1905 emptore
794 1867 884 1898 malae
900 1865 934 1898 fi-

68 1905 119 1936 dei
138 1905 257 1937 restitui
272 1907 290 1936 l.
306 1915 330 1947 1.
346 1906 379 1937 C.
396 1906 430 1937 Si
442 1908 528 1937 verul.
542 1907 623 1947 pigri.
639 1914 719 1948 agat.
738 1908 804 1938 utili
819 1908 850 1939 in
868 1917 936 1939 rem

66 1946 194 1978 afflone
207 1948 227 1977 l.
245 1957 274 1986 4.
296 1947 329 1977 C.
345 1949 373 1978 ci.
391 1954 409 1978 t.
427 1947 534 1979 nescio
558 1958 594 1979 an
620 1958 660 1980 ex
676 1948 830 1988 clausula,
854 1948 936 1981 Item

62 1986 84 2019 fi
101 1997 169 2028 quae
192 1988 249 2019 alia
274 1988 352 2019 mihi
374 1988 451 2027 justa
473 1989 562 2020 causa
588 1988 650 2020 ess'e
665 1990 842 2022 videbitur:
866 1999 941 2030 quae*

63 2029 197 2060 clausula
214 2028 258 2060 est
275 2028 379 2060 Edicti
395 2029 424 2061 in
441 2031 460 2061 l.
482 2040 509 2062 1.
527 2030 570 2061 D.
589 2029 677 2073 Quili.
693 2042 729 2063 ex
743 2032 819 2070 causj
835 2033 935 2074 major.

107 2069 250 2102 Effectus
268 2071 389 2102 venditi
409 2072 552 2112 pignoris
569 2073 633 2104 est:
659 2081 692 2103 ut
709 2073 886 2104 dominium
904 2074 934 2105 in

68 2121 247 2151 emptorem
270 2113 438 2143 creditoris
465 2114 638 2145 traditione
656 2113 874 2145 transferatur.
892 2116 935 2146 At

68 2154 152 2184 enim
170 2162 266 2183 nemo
281 2153 382 2192 potest
398 2154 468 2194 plus
485 2155 560 2194 juris
577 2156 609 2187 in
626 2155 723 2187 alium
739 2156 933 2194 transferre,

69 2203 163 2233 quain
180 2194 244 2234 ipse
259 2193 356 2238 liabet
373 2195 392 2225 l.
408 2206 457 2235 54.
480 2196 522 2226 D.
540 2198 572 2226 cle
595 2206 653 2237 reg.
667 2197 730 2238 jur.
749 2197 780 2228 in
798 2198 933 2238 pignore

69 2244 175 2266 autem
193 2236 356 2265 creditoris
376 2235 595 2275 poss'effionem
624 2238 778 2275 dicimus;
800 2234 941 2270 domini-⁸

65 2285 118 2307 um
136 2286 199 2307 non
221 2277 364 2307 uicimus.
390 2276 489 2308 Recte
515 2287 643 2310 mones:
666 2278 718 2310 led
743 2278 897 2319 Ulpianus
914 2279 939 2313 l.'

66 2321 116 2356 46.
136 2317 176 2348 D.
192 2319 225 2347 de
240 2319 353 2358 ccdqiiir.
369 2328 422 2348 rer.
439 2320 542 2349 ttoiiiin.
563 2329 626 2350 non
648 2319 710 2351 else
728 2329 868 2359 novum,
891 2323 937 2353 in-

66 2358 125 2397 fit;
149 2368 183 2389 ut
202 2360 254 2399 qui
274 2358 448 2390 dominium
466 2369 529 2391 non
549 2360 664 2398 habet,
688 2361 738 2392 alii
757 2363 934 2394 dominium

68 2401 217 2444 praebeat.
244 2400 274 2430 ἃ
299 2402 480 2440 exemplum
506 2403 587 2440 petit
603 2412 618 2432 a
634 2402 813 2434 creditore:
838 2408 938 2443 quem'

68 2449 111 2470 ait
134 2441 246 2481 pignus
269 2443 440 2472 vendendo
472 2443 617 2481 praestare
650 2443 773 2474 causam
798 2445 934 2477 dominii

68 2489 163 2519 quarn
178 2481 240 2521 ipse
251 2492 316 2513 non
336 2483 454 2514 habuit.
477 2484 601 2516 Sicille.
625 2484 938 2525 quofundame'nto?

69 2520 163 2567 supra*
183 2523 260 2558 dixi,
278 2533 355 2568 ‘eum
381 2525 521 2556 vendere
548 2535 588 2557 ex
610 2527 731 2557 domini
751 2526 934 2560 voluntate:

73 2571 134 2606 nec
156 2563 320 2608 interesse.
343 2573 448 2597 utrum
474 2565 538 2604 ipse
562 2569 680 2599 vendat
703 2567 870 2607 dominus,
895 2579 934 2602 an

74 2603 151 2648 alius
168 2612 238 2648 *ejus
264 2605 438 2638 voluntate.
462 2607 539 2639 Hoc
561 2607 654 2649 igitur
677 2608 787 2647 misso,
808 2614 937 2650 potius,

72 2645 239 2689 quidinde
256 2645 451 2685 consequens
467 2649 520 2686 fit,
544 2650 722 2690 expediam.
745 2650 844 2691 Igitur
862 2661 936 2684 cum

71 2686 219 2716 dominus
237 2684 272 2716 fit
288 2688 470 2732 moderator
494 2691 522 2721 <St
537 2692 654 2722 arbiter
671 2692 714 2722 rei
733 2691 812 2730 suae,
836 2696 933 2725 etiam

70 2735 251 2770 emptorem
269 2736 410 2766 pignoris
427 2731 522 2762 talem
548 2731 626 2770 esse,
652 2732 776 2765 necesse
793 2733 847 2765 est.
872 2745 934 2766 nec

70 2766 115 2812 cst
129 2768 281 2812 dubium,
297 2769 372 2807 quin
389 2778 529 2805 emptum
545 2775 759 2813 traditumque
776 2776 888 2816 pignus
904 2776 936 2807 ei

68 2816 175 2852 inwto
193 2808 308 2853 auferri
326 2818 462 2848 nequeat
475 2813 496 2841 l.
517 2822 560 2843 ii.
578 2814 616 2845 D.
632 2817 665 2846 de
678 2826 736 2857 reg.
751 2816 809 2856 jur.
828 2826 933 2857 neque

70 2857 87 2879 a
98 2849 243 2894 debitore
253 2849 329 2888 ipso,
341 2859 446 2890 neque
455 2862 471 2882 a
483 2853 618 2885 secundo
626 2848 797 2896 creditore,
809 2865 931 2890 utcum-

69 2899 132 2936 que
149 2889 284 2937 lqlutum
301 2892 435 2931 pretium
454 2892 612 2926 offerente
627 2897 644 2927 l.
660 2908 688 2938 53.
701 2899 738 2930 D.
753 2900 786 2929 cie
801 2897 930 2939 distrafi.

65 2939 148 2972 pigri.
166 2932 205 2961 ht
221 2940 324 2963 tamen
338 2956 347 2971 ,
363 2932 383 2964 fi
401 2936 543 2965 venditio
563 2936 644 2969 facta
660 2940 693 2971 iit
712 2941 771 2970 hac
785 2941 856 2972 leue·
896 2950 930 2972 ut

69 2973 219 3003 creditori
238 2972 330 3018 liceat
342 2976 508 3013 pecuniam
520 2979 651 3010 reddere
661 3004 670 3018 ,
682 2982 710 3012 ὅ(
721 2981 792 3022 pign
799 2965 931 3014 ugre'cu-

66 3022 195 3058 pertire:
208 3023 271 3045 crit
286 3015 328 3046 illi
343 3016 391 3055 jus
403 3038 414 3053 ,
435 3017 537 3056 legem
554 3020 678 3059 exequi.
699 3031 759 3053 nec
772 3025 936 3055 minusde·

67 3055 161 3086 bitori
174 3078 183 3093 ,
200 3055 238 3085 ab
254 3064 299 3086 eo‘
311 3055 427 3088 directa
447 3057 569 3090 actione
585 3063 785 3102 pigne-ratitia
804 3074 934 3104 petere,

68 3105 101 3126 ut
114 3105 189 3142 quas
201 3097 315 3142 liabent
331 3097 471 3131 actiones-
482 3123 491 3137 ,
515 3099 566 3130 libi
584 3108 676 3134 cedat
691 3104 708 3134 l.
722 3111 802 3144 7.pr.
818 3105 934 3137 Ζ).ι1.ι.

66 3136 174 3179 Quid,
197 3141 264 3180 ¹¹.¹¹¹
285 3140 455 3170 vendendo
474 3141 606 3181 pignore
630 3147 820 3176 convenerit
845 3148 928 3180 inter

61 3179 252 3210 creditorem
272 3180 300 3211 ἅ
316 3189 513 3219 emptorem,
531 3191 564 3212 ut
582 3184 691 3216 liceret
709 3185 864 3226 debitori,
881 3188 933 3220 so-‘

60 3220 126 3250 luta
152 3221 442 3260 emptori'pccunia
459 3245 468 3259 ‚
503 3233 568 3255 rem
593 3223 674 3258 ssiam
703 3227 863 3268 recipere,
894 3223 932 3261 ut'

62 3260 181 3333 siicftlpin
198 3262 331 3334 iilili.·=i3›.
347 3263 387 3295 D.
403 3264 530 3306 depign.
556 3264 612 3297 αὲῖ.
640 3268 690 3299 vel
707 3268 761 3308 (ut
777 3270 821 3301 est
841 3270 872 3302 in
895 3272 933 3304 ds

128 3311 181 3333 eiii.
250 3326 257 3333 .

1789 167 1860 212 34?

984 254 1003 284 l.
1024 265 1050 294 7.
1065 254 1095 296 §.
1123 254 1170 294 i.)
1196 252 1216 285 fi
1239 253 1340 286 soluta
1366 264 1381 285 a
1399 254 1548 286 debitore
1571 252 1672 286 fuerit
1690 252 1856 295 pecunia,

984 298 1109 334 emptio
1126 295 1345 327 rescindatur?
1372 294 1503 327 Utrovis
1525 295 1624 327 modo
1648 294 1731 328 facta
1746 296 1784 328 fit
1799 306 1854 338 pa-

985 337 1069 375 ctio,
1094 336 1178 368 faeta
1194 336 1238 367 est
1255 337 1359 375 rect03
1378 338 1521 379 quamvis
1537 336 1678 377 alioquin
1696 345 1793 370 nemo
1809 338 1855 370 al-

976 378 1036 409 teri
1055 378 1245 418 paciscendo
1268 386 1385 408 cavere
1401 377 1496 417 possit
1516 377 1535 409 l.
1559 388 1606 419 73.
1629 377 1660 419 §.
1684 377 1739 410 ult.
1758 378 1802 412 D.
1819 381 1854 410 de

975 427 1035 458 reg.
1056 419 1119 460 jur.
1146 427 1218 450 nam
1243 419 1317 458 quia
1342 417 1474 449 interest
1501 421 1687 460 creditoris,
1712 419 1853 453 debitori

977 459 1030 491 tali
1056 461 1205 499 pastione
1228 459 1413 498 provideri:
1437 460 1570 499 perinde
1588 459 1634 492 est
1652 484 1662 500 ,
1687 470 1722 493 ae
1745 461 1764 494 fi
1786 460 1853 504 ipse

974 500 1029 532 fibi
1052 502 1161 541 paetus
1192 500 1281 532 esset.
1320 500 1396 541 quid
1419 499 1442 532 fi
1467 500 1613 540 pactione
1640 503 1854 544 comprehen-

974 541 1041 574 sum
1057 542 1102 574 est
1127 551 1254 582 tempus
1281 542 1432 573 certum?
1455 543 1499 573 ait
1528 541 1716 582 Papinianus
1737 545 1766 576 d.
1784 544 1804 577 l.
1820 548 1852 586 7.·

973 584 1001 625 §.
1022 592 1049 614 1.
1076 583 1210 622 pecunia
1234 583 1314 615 intra
1335 591 1463 623 tempus
1486 582 1606 621 soluta,
1630 583 1853 626 hypothecam

978 635 995 656 a
1012 625 1160 656 debitore
1176 624 1291 666 recipi:
1305 623 1327 656 fi
1345 634 1422 655 vero
1438 631 1564 665 tempus
1575 627 1784 665 praeterierit,
1799 634 1854 659 aut

978 666 999 698 fi
1015 676 1080 698 non
1102 675 1143 697 eo
1165 666 1259 707 pac'to
1276 675 1325 697 res
1349 665 1507 704 venierit,
1528 674 1595 697 non
1611 665 1700 707 posse
1716 667 1854 701 rescindi

980 707 1222 747 venditionem3
1245 707 1299 739 nifi
1318 706 1446 739 debitor
1461 706 1499 739 fit
1513 707 1619 739 minor
1635 707 1724 739 annis
1741 708 1855 749 viginti

982 750 1144 790 quinque,
1167 759 1221 780 aut
1239 749 1397 790 pupillus,
1420 757 1474 780 aut
1498 748 1684 788 reipublicae
1698 749 1788 782 causa
1803 750 1857 782 ab·

980 791 1066 825 seris,
1092 792 1143 822 vel
1161 791 1193 822 in
1214 791 1319 831 aliqua
1343 799 1449 822 earum
1473 789 1653 830 causarum,
1678 800 1719 823 ex
1736 791 1853 832 quibus

979 831 1097 863 Editio
1111 833 1172 871 (dc
1188 832 1218 863 in
1244 834 1403 871 integrum
1419 830 1689 873 restitutionibus)
1704 832 1856 864 succurri-

978 881 1039 904 tur.
1055 871 1166 903 Tenes
1184 875 1247 904 vim
1259 872 1414 912 pactionis
1425 882 1441 903 a
1457 873 1619 906 creditore
1637 874 1741 906 facte.
1759 872 1860 905 Non--

978 915 1052 946 dum
1071 914 1207 945 formam
1225 913 1301 954 juris
1317 923 1378 954 qua
1395 913 1590 946 sustineatur.
1614 913 1669 946 De
1686 924 1724 946 ea
1739 914 1782 947 fic
1798 913 1856 947 Ul·

980 955 1090 996 pianus
1107 958 1134 986 d.
1153 956 1173 987 l.
1204 964 1251 996 13.
1286 953 1409 996 Scripsit
1432 955 1603 999 Julianus,
1627 955 1666 991 δ’
1680 954 1720 997 est
1735 956 1855 997 rescrip7

979 1003 1060 1035 tum,
1093 999 1125 1028 oli
1142 997 1217 1028 hanc
1240 997 1456 1028 conventionem
1475 999 1674 1038 pigneraiiiiis
1694 996 1857 1037 afflonibusf

985 1040 1078 1070 teneri
1100 1039 1285 1077 creditorem,
1309 1046 1342 1069 ut
1357 1039 1477 1070 debitori
1497 1040 1611 1070 inundet
1631 1048 1667 1070 ex
1681 1040 1798 1071 vendito
1821 1050 1854 1072 a-

984 1080 1102 1112 &ionem
1112 1082 1250 1120 adversus
1257 1086 1418 1121 emptorem.
1435 1079 1521 1112 Vere
1534 1079 1695 1112 hactenus.
1711 1090 1752 1112 an
1762 1082 1856 1122 aeque'

981 1122 1011 1153 in
1032 1121 1263 1163 sequentibus?
1294 1122 1350 1152 Sed
1366 1120 1403 1156 ὅ)
1418 1120 1476 1162 ipse
1498 1122 1606 1152 debitor
1628 1128 1682 1153 aui:
1701 1123 1854 1154 vindicare

981 1173 1041 1195 rem
1052 1165 1174 1204 poterii,
1195 1168 1248 1195 ant
1262 1162 1422 1202 infastum
1436 1161 1689 1204 astionecidveisus
1704 1168 1856 1205 emptorem

980 1215 1074 1246 agere.
1098 1203 1207 1246 Negat
1225 1203 1383 1236 Antonius
1393 1202 1496 1236 Faber
1505 1211 1536 1244 p.
1557 1213 1583 1236 1.
1601 1205 1653 1235 De
1671 1214 1758 1236 error.
1776 1205 1855 1237 Pru-¹

976 1247 1097 1288 gmaiz'c.
1116 1246 1225 1277 Decod.
1250 1255 1299 1277 22.
1326 1244 1429 1276 Error.
1449 1254 1480 1282 9.
1496 1244 1579 1277 hanc
1595 1245 1764 1278 clausulam
1779 1245 1856 1278 Tri-

979 1287 1109 1320 boniani
1142 1287 1224 1326 ess‘e,
1258 1286 1435 1327 suspicatus.
1460 1285 1528 1326 Ipse
1551 1295 1617 1318 non
1639 1287 1754 1325 ausim,
1784 1297 1856 1320 eam

979 1328 1122 1369 Ulpiano
1132 1328 1328 1368 abjudicare:
1344 1328 1514 1360 arbitratus
1525 1350 1535 1365 ,
1547 1327 1699 1368 aequitate
1708 1336 1833 1361 motum
1842 1352 1853 1368 ,

977 1372 1054 1411 iuris
1076 1369 1282 1402 subtilitatem
1306 1379 1324 1401 a
1345 1369 1469 1409 Juliano
1493 1368 1598 1401 adhuc
1615 1376 1792 1410 retentam,
1815 1371 1857 1402 ex'

980 1411 1035 1444 usu
1049 1411 1093 1444 sui
1111 1411 1268 1450 temporis
1281 1409 1475 1452 neglexisse:
1490 1409 1575 1450 quafi
1588 1410 1734 1443 dominio
1751 1412 1858 1443 credi-

980 1452 1061 1486 toris
1077 1453 1227 1493 pactione
1250 1451 1391 1484 debitori
1413 1449 1558 1490 servam,
1583 1450 1653 1496 satis
1667 1451 1801 1485 rationis
1820 1454 1857 1485 sit

982 1496 1022 1527 ad
1046 1494 1291 1528 concedendam
1312 1492 1425 1525 utilem
1448 1492 1721 1532 vindicationem3
1744 1503 1798 1525 aut
1814 1495 1858 1534 ad

982 1535 1232 1575 admittendam,
1256 1533 1367 1567 omiffa
1381 1533 1520 1566 ceffione
1529 1532 1665 1565 actionis
1676 1534 1804 1567 directae
1814 1543 1858 1567 ex
1886 1554 1891 1560 ι

982 1579 1138 1614 vendito,
1151 1577 1183 1609 in
1199 1576 1320 1609 factum
1334 1575 1515 1608 actionem:
1529 1575 1709 1607 accedente
1725 1575 1855 1617 praeser-

984 1620 1041 1651 tim
1060 1618 1198 1651 utilitate
1214 1617 1435 1650 evitandarum
1451 1615 1631 1657 ambagum.
1849 1628 1856 1658 χ

1025 1661 1107 1693 Satis
1124 1661 1165 1692 de
1182 1660 1332 1701 pactione
1347 1667 1410 1701 qua
1424 1658 1477 1690 vel
1486 1657 1641 1690 creditori
1651 1658 1703 1690 vel
1713 1658 1858 1692 debitori

982 1703 1124 1734 servetur
1136 1702 1184 1742 jus
1194 1701 1302 1733 luendi
1313 1700 1453 1741 pignoris
1464 1699 1596 1732 venditi.
1613 1697 1707 1739 Vin’,
1723 1702 1857 1744 addam,

980 1743 1077 1776 simile
1092 1744 1264 1783 aliquando
1290 1740 1460 1782 placuisse,
1484 1741 1630 1781 quamvis
1657 1741 1741 1773 nulla
1758 1743 1858 1774 inter-

980 1785 1106 1817 venerit
1135 1782 1474 1824 hujusmodipafitio‘?
1496 1782 1547 1813 vel
1571 1782 1624 1813 hic
1639 1791 1711 1814 mos
1726 1779 1859 1822 geretur*

979 1827 1046 1858 tibi.
1058 1827 1207 1866 exempla
1223 1826 1278 1857 dat
1296 1823 1479 1855 Marcianus
1496 1823 1562 1854 duo
1572 1823 1590 1853 l.
1600 1833 1629 1864 5.
1639 1823 1666 1864 §.
1682 1824 1804 1855 1.·I).a'e
1813 1825 1862 1855 cli-⁴

970 1867 1075 1908 strati.
1090 1868 1174 1908 pigri.
1186 1868 1240 1905 Si,
1263 1865 1428 1906 inquiens,
1445 1865 1588 1903 secundus
1596 1866 1718 1896 creditor
1731 1865 1865 1903 vel-fide·-

974 1909 1068 1952 juffor
1083 1908 1182 1950 stilum
1208 1908 1351 1948 pecunia,
1371 1908 1494 1948 pignora
1519 1902 1713 1947 susceperint,
1736 1905 1863 1950 retieeisg

979 1951 1120 1991 offertur,
1143 1951 1281 1992 quamvis
1296 1949 1447 1989 emptionis
1470 1948 1555 1978 titulo
1570 1957 1604 1978 ea
1620 1953 1787 1980 tenuerunt.
1811 1947 1858 1980 Et

980 1993 1026 2024 est
1051 1992 1132 2023 ratio
1162 1991 1329 2030 utriusque
1351 1989 1555 2030 exceptionis
1579 1997 1645 2020 non
1669 1989 1833 2030 inelegans
1845 1989 1866 2022 ὲ-

979 2033 1069 2074 quod
1089 2032 1226 2073 pecunia
1239 2032 1279 2063 ab
1295 2031 1363 2069 his,
1386 2040 1451 2062 non
1466 2037 1531 2061 tam
1548 2029 1734 2071 adquirendi
1755 2031 1859 2071 domi-

978 2077 1041 2113 nii,
1065 2083 1158 2114 quam
1174 2074 1251 2113 iuris
1271 2071 1315 2104 sui
1330 2071 1491 2110 servandi,
1513 2070 1603 2103 causa
1621 2071 1693 2104 data
1709 2071 1858 2114 intelligiz

979 2126 1030 2148 tur
1047 2116 1066 2146 l.
1082 2126 1109 2147 2.
1125 2115 1144 2147 l.
1160 2119 1191 2146 6.
1210 2113 1253 2145 D.
1275 2115 1303 2146 d.
1322 2119 1346 2144 t.
1511 2114 1514 2118 '
1553 2123 1555 2125 ’
1851 2113 1853 2124 ³

1018 2157 1167 2189 Vidimus
1183 2158 1246 2187 vim
1266 2155 1405 2187 transsati
1421 2153 1576 2187 dominii:
1592 2163 1661 2196 quae
1673 2153 1768 2185 evicti
1780 2154 1798 2186 ‘s’
1810 2153 1855 2197 sict

977 2208 1074 2239 puta:
1105 2206 1159 2229 aut
1169 2195 1444 2238 rempignoratain
1461 2193 1605 2227 vendidit
1619 2194 1777 2234 creditor,
1800 2202 1856 2227 auc

979 2240 1093 2281 pignus
1110 2239 1209 2271 suum.
1222 2237 1334 2279 priore
1354 2237 1426 2270 casu
1447 2238 1597 2278 sequutus
1620 2245 1792 2268 commune
1805 2234 1856 2278 jus*

977 2281 1152 2321 emptionis
1170 2280 1200 2311 &
1218 2279 1415 2312 venditionis
1427 2303 1437 2317 ,
1453 2279 1592 2319 emptori
1615 2278 1856 2313 teneturinqduss

978 2321 1264 2363 pium,·exempio
1288 2329 1480 2361 caeterorum
1498 2319 1723 2351 venditorum:
1746 2318 1857 2362 posteas

978 2365 1060 2395 tiore
1079 2362 1276 2402 vendiditjus
1291 2362 1381 2402 quod
1406 2370 1448 2392 ex
1471 2359 1607 2402 pignore
1621 2361 1653 2392 in
1671 2369 1704 2392 re
1727 2361 1856 2404 habuit}

978 2404 1153 2444 sufficitque
1178 2404 1242 2442 illi,
1267 2403 1331 2435 hoc
1354 2401 1494 2439 emptori
1517 2402 1651 2441 cedere;
1673 2401 1703 2434 ἃ
1718 2401 1740 2435 fi
1755 2402 1852 2444 poffi-

978 2447 1034 2477 det
1051 2447 1184 2486 pignus,
1207 2445 1332 2476 tradere
1349 2443 1572 2484 poffeffionem
1589 2444 1608 2475 l.
1628 2452 1674 2485 13.
1692 2444 1719 2475 d.
1737 2450 1760 2475 t.
1778 2443 1855 2476 Nec'

981 2495 1086 2518 tamen
1105 2485 1164 2524 erit
1176 2485 1368 2517 audiendus:
1384 2485 1502 2517 deinde
1519 2485 1631 2528 volens
1646 2485 1788 2525 eiusdem
1807 2486 1856 2528 rei=

978 2527 1187 2568 quaestionem
1212 2525 1353 2567 emptori
1370 2536 1411 2558 ex
1426 2526 1484 2557 alia
1500 2527 1589 2559 causa
1605 2535 1753 2559 movere:
1777 2527 1853 2569 quia

978 2569 1088 2609 utique
1103 2569 1202 2600 debet
1218 2569 1247 2599 ei
1264 2567 1411 2608 praestare
1427 2568 1543 2600 bonam
1554 2567 1667 2606 fidem;
1683 2567 1739 2599 etsi
1756 2570 1781 2601 is
1797 2569 1853 2609 qui

978 2612 1050 2649 lege
1068 2609 1211 2650 pignoris
1226 2610 1324 2648 emit,
1347 2609 1390 2640 ob
1414 2608 1605 2642 evictionem
1623 2611 1669 2642 rei
1685 2610 1725 2641 ad
1741 2610 1853 2642 vendi-¹

979 2661 1084 2684 torem
1103 2652 1206 2682 redire
1224 2658 1364 2691 nequeat
1381 2651 1399 2681 l.
1419 2659 1464 2682 10.
1478 2651 1506 2682 d.
1522 2657 1544 2682 t.

1017 2693 1257 2734 Superiorcura
1272 2691 1334 2724 fuit
1343 2691 1484 2724 servandi
1497 2692 1573 2732 juris
1583 2702 1657 2725 cum
1668 2690 1821 2732 emptoris
1836 2712 1848 2730 ,

978 2742 1044 2767 tum
1074 2732 1254 2766 creditoris.
1283 2733 1417 2774 sequens
1436 2733 1572 2774 debitori
1602 2735 1751 2766 debetur:
1773 2737 1850 2763 nam.

977 2786 1040 2807 nec
1054 2775 1106 2806 ille
1124 2775 1333 2821 negligendus
1350 2775 1421 2807 fuit.
1437 2775 1532 2816 igitur
1543 2774 1675 2807 vendito
1691 2774 1849 2813 pignore,-

975 2817 995 2848 si
1013 2816 1116 2848 minus
1137 2816 1320 2849 contectum
1337 2816 1392 2856 fit,
1414 2815 1507 2857 quam
1525 2816 1673 2848 solutioni
1692 2813 1847 2858 sufficiat;

974 2865 1083 2889 manet
1100 2858 1251 2889 creditori
1268 2859 1307 2891 ad
1324 2859 1356 2890 id
1373 2859 1461 2899 quod
1470 2858 1557 2891 deest
1573 2855 1744 2898 personalis
1761 2853 1849 2896 aerios

974 2899 1025 2936 ιο.
1043 2899 1061 2940 §
1095 2908 1117 2930 1.
1135 2898 1175 2930 D.
1196 2901 1229 2930 cie
1246 2898 1373 2940 distrahi.
1388 2900 1474 2942 pign.
1493 2898 1567 2940 quid
1583 2896 1603 2928 fi
1620 2905 1768 2936 exaequet
1790 2896 1847 2926 dea⁴

975 2941 1102 2972 bitum?
1126 2941 1274 2974 liberatus
1290 2942 1481 2983 intelligitur
1496 2939 1632 2971 debitor.
1658 2937 1679 2969 fi
1696 2946 1773 2969 vero
1787 2936 1845 2978 (εκ-ζ

975 2983 1295 3022 cedat3reddendum
1306 2983 1333 3015 ei
1345 2983 1389 3015 est
1398 2980 1585 3022 superfluum
1601 2978 1619 3009 l.
1635 2978 1679 3009 ult
1706 2977 1725 3019 §
1744 2989 1782 3023 .4·
1805 2977 1841 3020 C.

975 3025 1008 3054 cie
1019 3024 1081 3066 jur.
1099 3025 1169 3055 dom.
1186 3026 1297 3066 impeir.
1321 3035 1378 3066 per
1395 3025 1552 3055 actionem
1570 3020 1803 3064 pigneratitiam
1822 3019 1845 3062 123

976 3066 1028 3096 ult.
1047 3066 1079 3097 C.
1100 3067 1133 3096 de
1147 3063 1320 3108 difinpign.
1346 3065 1501 3098 Nimirum
1513 3084 1522 3099 ,
1547 3069 1619 3107 quia
1636 3069 1757 3106 aequius
1774 3059 1841 3107 ests,

976 3108 1063 3146 quod
1085 3107 1225 3148 pignoris
1251 3107 1417 3140 occasione
1441 3110 1605 3143 pervenit,
1621 3104 1668 3148 ‘ad
1685 3101 1843 3147 debitoris

970 3148 1173 3181 commodum
1190 3149 1308 3183 redire.
1326 3155 1417 3186 quam
1437 3145 1524 3175 lucro
1540 3143 1709 3175 creditoris
1724 3144 1843 3175 cedere

970 3199 1010 3222 ex
1026 3188 1178 3226 r'e‚alicna
1192 3192 1210 3222 l.
1231 3200 1275 3222 12.
1292 3189 1319 3230 §.
1339 3197 1363 3218 1.
1384 3186 1430 3216 D.
1449 3186 1507 3216 eod.
1533 3185 1573 3216 At
1591 3185 1675 3216 enim
1693 3187 1781 3216 venit
1799 3193 1843 3215 ex·

968 3232 1036 3272 jure
1063 3233 1206 3272 pignoris
1232 3230 1317 3270 quod
1341 3227 1507 3258 creditoris
1522 3225 1593 3257 fuit.
1617 3225 1727 3258 Erras:
1751 3224 1841 3268 ven-it

970 3283 1010 3305 cx
1035 3274 1254 3344 ῃεξοιιειῑοηε
1278 3271 1318 3302 de
1339 3278 1375 3301 re
1395 3269 1583 3309 pignorata,
1605 3275 1703 3309 atque
1725 3275 1761 3299 ea
1777 3265 1841 3339 {tine

1076 3312 1135 3344 ,Arx
1161 3322 1178 3343 2
1808 3316 1838 3341 g*
