2036 3495
495 125 560 162 An
586 124 669 161 Lm.
699 121 746 161 V.
781 122 880 159 T1T.
908 122 968 158 Hi.
1004 124 1054 161 De
1068 125 1248 162 hereditatis
1261 129 1414 175 petitioee.

51 218 299 254 testamentum?
323 215 410 260 Quid
427 215 581 248 tandem?
604 214 680 246 licet
694 211 741 251 ei,
766 213 924 245 inofficio-

51 263 115 296 sum
133 263 240 298 dicere
258 264 353 302 patris
365 257 584 290 testamentum
607 264 673 295 quo
688 262 811 286 temere
824 255 859 286 sit
870 265 924 300 ex-

50 305 237 338 heredatus:
261 311 316 340 ac,
339 300 360 332 fi
376 301 405 332 in
431 309 470 330 eo
488 298 657 342 obtentum
670 294 741 341 ⁴est3
765 305 804 327 ne
821 297 921 336 pupil-

48 347 113 378 lare
129 345 255 385 quidem
274 342 391 374 valebit
407 341 434 371 d.
451 341 469 371 l.
482 344 510 373 8.
529 338 595 380 §·5-
611 337 750 384 seilicet,
769 347 841 377 quia
856 338 920 369 hoc

48 387 93 419 est
110 396 178 426 pars
197 385 226 416 &
246 383 368 421 sequela
385 381 506 422 paterni
526 379 702 426 testamenti
718 380 787 420 §.5
801 377 874 418 lnst.
886 381 919 410 de

43 429 145 470 pupill.
159 424 245 466 [ubst.
284 423 350 456 Nili
367 423 386 454 si
405 431 463 462 pro
481 429 569 461 parte
591 419 747 466 rescissum
766 420 828 466 est:
853 429 920 452 tum

47 471 130 501 enim
148 463 250 499 adhuc
268 466 373 499 valere
390 463 541 504 pupillare
553 485 561 499 ,
579 461 731 508 Ulpianus
750 470 793 492 ait
808 462 836 492 d.
855 462 920 503 §.5⁶

48 511 67 542 l.
79 516 106 545 8.
128 510 260 550 opinor,
276 507 347 547 quia
364 514 473 536 verum
491 504 535 535 est
547 527 556 541 ,
574 502 734 535 subsistere
752 503 839 544 quod
859 512 919 544 pro

46 559 138 594 parte
155 548 298 587 subsistit,
325 546 379 578 etsi
396 555 462 577 non
479 545 508 576 in
526 551 642 590 totu-m.
822 572 834 590 ·.
854 586 858 591 Ι
880 585 885 590 ι

51 618 54 620 -
91 590 253 625 Postremo
266 587 361 620 cess'at
380 586 512 627 querela·
528 596 558 617 iii
584 586 774 618 testamento
795 586 917 632 militis:

46 634 110 667 five
135 633 170 665 sit
195 628 437 672 paterfamilias,
461 627 523 659 five
547 627 785 674 filiusfamilias,
809 627 872 658 sive
886 628 918 657 id

44 674 239 713 feceritjure
252 670 396 709 militari,
413 669 476 701 five
492 670 560 709 jure
576 668 772 715 communiti.
785 677 813 704 9.
831 668 852 698 l.
869 677 917 706 24.

46 717 115 749 Ch.
127 721 146 746 c.
164 716 332 746 intantum
350 720 427 742 vero
442 711 474 741 id
491 711 614 756 placet:
633 719 665 742 ut
678 709 916 754 Uipianusl.522.

44 758 73 800 ᾗ.
89 768 116 789 2.
132 756 158 787 h.
175 761 196 786 t.
214 754 345 791 scribat,
367 753 408 784 de
428 752 608 784 inofficioio
627 751 816 783 testamento
836 751 915 795 Γοιῐξ-ι

48 799 86 830 tis
105 797 211 829 dicere
237 805 297 827 nec
320 794 451 826 militem
471 793 577 834 poss'e:
603 794 634 824 id
652 792 717 831 est,
741 801 804 824 non
821 800 916 837 magis

42 839 198 876 militem,
222 846 314 877 quam
335 845 501 877 paganum.
537 834 632 866 Valet
649 842 753 866 autem
774 834 837 864 hoc
853 841 913 878 pri-

42 881 212 922 vilegium,
229 878 376 919 quamdiu
393 877 437 908 est
449 877 553 909 inilesc
569 877 636 910 imo
652 876 747 908 etiam
766 875 915 920 postmis-

42 921 160 954 fionem
179 921 260 952 intra
272 919 414 951 annuml.
427 923 454 952 8.
466 918 492 959 §.
503 927 531 957 4.
543 918 571 949 h.
584 926 606 949 t.
633 917 712 963 lnde
726 917 913 957 Papinianus

41 964 124 1004 apud
139 961 312 1002 Ulpianum
332 961 359 991 d.
377 961 396 991 l.
416 964 444 993 8.
461 962 488 1001 ᾗ.
504 969 531 1000 3.
556 958 678 997 scribit,
702 967 813 1003 contra
829 965 912 1003 vete·

41 1006 107 1036 rani
133 1002 367 1045 patrisfamilias
392 1001 614 1032 testamentum
642 1001 729 1041 quod
752 999 914 1043 secitjure

41 1046 223 1082 communi,
247 1043 309 1075 esse
336 1042 501 1074 inofficiosi
519 1042 699 1082 querelam,
722 1041 777 1072 etsi
795 1049 831 1071 ea
850 1039 913 1070 iola

43 1087 129 1118 bona
147 1087 256 1117 habuit
277 1094 345 1125 quae
363 1086 392 1115 in
411 1084 517 1115 castris
534 1084 703 1120 Quaefierat.
739 1082 913 1129 Prudenter

42 1129 137 1169 ponit
154 1136 337 1159 veteranum
357 1125 634 1166 patremfamilias:
651 1134 720 1157 nam
739 1125 827 1163 liuius
847 1131 911 1168 non

45 1169 224 1210 peculium,
249 1167 299 1199 sed
325 1168 408 1198 bona
425 1189 435 1205 ‚
466 1167 619 1199 dicimus:
645 1174 678 1197 ut
701 1166 783 1197 bene
806 1163 911 1210 Qraeci

42 1212 80 1242 lib
108 1220 156 1250 ψ.
169 1208 281 1248 Bafilic.
299 1209 345 1241 tic.
370 1218 394 1239 1.
409 1215 437 1246 ρ.
452 1218 520 1249 2535.
537 1215 602 1239 rom.
618 1218 648 1247 5.
673 1206 798 1251 quodsi
815 1206 918 1238 iilius-‚

40 1245 174 1286 familias
200 1259 365 1282 veteranus
389 1249 425 1280 sit
451 1250 490 1280 de
515 1248 656 1282 castrensi
675 1248 803 1293 peculio
822 1245 911 1278 testa-

42 1301 110 1332 tus,
136 1300 322 1333 quamquam
338 1291 406 1331 jure
424 1290 606 1328 communi,
630 1290 774 1335 adversus
792 1288 823 1319 id
841 1297 909 1319 ces-

42 1334 106 1366 sare
123 1334 281 1374 querelam
294 1355 302 1370 ,
317 1339 422 1362 certus
442 1331 550 1362 ῑιυξὶοι·
563 1332 606 1363 est
618 1330 804 1370 justinianus
822 1329 840 1360 l.
853 1330 907 1360 ulc.

45 1376 79 1406 C.
94 1375 123 1406 h.
143 1380 164 1406 t.
183 1374 333 1413 idemque
350 1372 454 1404 statuit
471 1373 512 1403 ibi
527 1373 587 1412 jam
601 1371 811 1418 generaliter,
837 1380 911 1402 cum

39 1416 116 1448 olim
135 1425 198 1447 non
215 1416 257 1446 ita
273 1414 367 1453 effet,
384 1414 414 1445 in
432 1415 518 1445 omni
537 1415 665 1454 peculio
680 1414 762 1453 quast
778 1412 912 1458 castren-

40 1457 80 1490 fi:
98 1458 203 1488 donec
220 1455 433 1488 filiusfamilias
445 1456 532 1495 cujus
550 1455 621 1486 talia
639 1455 696 1486 fint
713 1455 854 1494 peculia,
873 1453 909 1485 fi-

40 1507 72 1529 at
90 1498 330 1538 paterfamilias:
354 1497 425 1537 quia
445 1498 519 1528 inde
536 1496 680 1528 desinunt
696 1496 757 1527 eil'e
774 1495 908 1543 peculia.

41 1539 148 1570 Video
175 1540 309 1579 ambigi,
332 1547 368 1568 an
394 1538 462 1568 haee
487 1546 606 1569 mutata
628 1537 686 1569 fint
704 1547 720 1569 a
736 1537 909 1581 justiniano

43 1580 160 1613 Noveii.
187 1589 250 1619 115.
269 1590 291 1610 c.
308 1589 334 1617 ii.
359 1578 439 1610 Mihi
460 1579 565 1618 lubet,
587 1579 721 1620 pedibus
736 1589 779 1610 ire
794 1580 824 1610 in
845 1577 908 1609 sen·

45 1622 177 1653 tentiam
197 1620 310 1659 Viglii,
328 1619 366 1651 V.
388 1619 446 1651 CL.
464 1622 500 1651 ad
511 1627 557 1660 pr.
572 1620 642 1661 lnsth
661 1622 693 1651 de
703 1621 784 1651 milit.
802 1618 912 1660 testam.

46 1672 77 1694 n.
103 1671 147 1693 12.
179 1660 402 1699 existimantis,
426 1661 487 1692 ess'e
513 1665 722 1693 mutationem
741 1661 874 1700 faciam,
890 1661 911 1693 fi

45 1698 265 1734 testamentum
291 1703 330 1734 de
356 1703 484 1742 peculio
511 1703 654 1734 castrensi
678 1711 732 1735 aut
756 1703 838 1743 quasi
863 1712 911 1734 ca-

45 1743 151 1776 strenfi
166 1744 199 1775 lit
217 1745 375 1775 communi
392 1744 459 1784 jure
477 1743 609 1775 sactum:
627 1754 689 1776 non
705 1745 724 1776 si
742 1744 856 1776 facturn
875 1744 910 1776 sit

46 1795 86 1816 ex
103 1784 269 1826 privilegio
287 1785 419 1816 militari.
443 1784 580 1817 Novella
597 1785 667 1817 sane
683 1787 722 1817 de
743 1787 910 1827 privilegio

44 1835 109 1858 non
133 1826 291 1866 loquitur:
316 1834 438 1857 tantum
467 1827 561 1864 dicit,
586 1828 770 1859 nonlicere
785 1827 908 1867 liberis,

43 1875 192 1907 parentes
212 1867 281 1897 suos
306 1867 498 1899 exheredare
519 1877 573 1898 aut
590 1871 750 1908 praeterire
768 1870 797 1901 in
817 1870 910 1901 rebus

42 1908 178 1949 propriis
191 1931 199 1946 ‚
216 1908 245 1939 in
264 1909 376 1948 quibus
390 1909 506 1940 habent
518 1909 648 1942 testandi
666 1911 842 1943 licentiam:
859 1921 912 1942 eo-

42 1959 105 1990 que
122 1949 245 1980 videtur
262 1950 360 1987 velle,
379 1950 548 1981 liberorum
560 1952 744 1983 testamenta
756 1975 765 1991 ‚
781 1962 852 1987 cum
872 1953 911 1984 de

40 1989 181 2021 castrensi
201 1999 252 2020 aut
265 1990 345 2030 quasi
363 1991 504 2023 castrensi
524 1993 653 2032 peculio
667 1993 837 2031 testantur,
855 1996 908 2027 de-

42 2031 151 2073 inceps
167 2030 328 2072 subjacere
352 2033 488 2074 querela:
505 2033 689 2067 inofficiosi:
713 2036 742 2068 ἃ
760 2035 909 2070 hactenus

699 2120 1044 2161 ‘strutus

1780 138 1848 179 537

967 214 1083 255 corrigi
1107 219 1233 248 veteres
1253 218 1360 260 leges,
1384 219 1414 250 in
1434 218 1548 260 quibus
1564 219 1758 254 eontrarium
1777 223 1846 254 erac

966 256 1158 295 permlffum.
1198 259 1250 290 De
1269 261 1456 292 militaribus
1473 271 1578 293 autem
1596 262 1733 295 filiorum
1753 265 1845 296 tella-

965 299 1081 328 mentis
1108 308 1179 337 quat:
1204 309 1244 332 ex
1263 301 1434 343 privilegio
1459 304 1584 335 militari
1608 304 1746 344 fiebant,
1771 315 1841 337 vern

964 338 1038 368 bum
1059 348 1121 370 non
1140 340 1236 372 addit.
1268 345 1307 374 ad
1332 343 1398 374 haec
1417 345 1510 385 igitur
1528 344 1684 385 respicere
1702 346 1840 387 Impera-

965 387 1090 423 torem,
1115 390 1179 412 non
1200 382 1264 421 est,
1288 392 1321 414 ut
1340 394 1459 424 putem.
1490 388 1529 418 ad
1549 387 1666 419 liberos
1684 397 1790 419 autem
1808 399 1841 420 c-

964 429 1163 460 tnancipatos
1175 423 1362 465 restringere
1373 427 1437 466 ejus
1450 437 1589 459 mentem
1602 452 1610 466 ,
1624 438 1725 460 minus
1735 429 1840 462 ausim,

1008 459 1076 492 Una
1100 464 1194 494 rellat
1216 465 1375 498 dubitatio
1403 469 1459 500 hic
1479 470 1610 500 minime
1629 472 1838 512 negligenda:

963 512 1002 533 an
1026 502 1119 534 alicui
1144 506 1291 549 concessa
1317 509 1357 539 ab
1374 508 1572 549 Imperatore
1589 512 1686 543 libeia
1704 513 1840 545 testandi

961 543 1137 583 facultate,
1163 547 1217 577 iub
1234 556 1269 578 ea
1288 558 1342 580 aut
1366 550 1454 582 simili
1474 550 1611 583 formula
1630 554 1777 585 concessa
1795 556 1840 586 in-

962 586 1122 626 telligatur
1137 587 1236 619 libera
1254 598 1270 619 a
1288 592 1416 629 querela
1441 591 1609 625 inofficioli
1634 595 1838 635 testamenti,

961 628 1104 666 itemque
1122 637 1138 658 a
1151 629 1343 664 solemnibus
1357 633 1498 673 alioquin
1513 634 1581 674 jure
1598 636 1684 666 civili
1699 636 1838 668 necessa-

961 669 1037 701 riis?
1055 678 1156 709 pone:
1173 670 1419 713 Constantinus,
1436 676 1614 715 approbata
1632 678 1839 710 confirmata-

960 718 1023 748 que
1038 711 1160 750 pridem
1181 710 1355 746 Christiana
1372 715 1508 747 Ecclesia
1521 740 1529 754 ,
1545 725 1619 748 ante
1637 717 1743 750 habita
1761 720 1839 752 Col-

960 751 1077 792 legium
1095 750 1241 785 illicitum
1259 764 1295 785 ac
1316 755 1559 796 superstitiosum
1572 781 1581 795 ,
1606 760 1734 799 publice
1749 761 1840 800 juben

959 792 990 823 in
1001 793 1019 822 Α
1033 801 1056 822 i.
1071 792 1103 822 C.
1115 794 1324 833 desacroliinfb.
1338 799 1429 832 ecclelL
1441 799 1531 839 (nam
1543 800 1587 831 est
1605 801 1656 832 lex
1674 803 1711 832 ad
1731 802 1838 843 Popu-

959 833 1042 873 lum)
1061 843 1322 876 unumquemque
1340 839 1456 872 habere
1475 842 1635 874 licentiam
1650 842 1838 876 sanctiffimo

957 874 1000 905 illi
1017 876 1254 914 venerabilique
1273 879 1423 912 Concilio
1445 883 1656 915 decedentem
1675 885 1838 918 bonorum

957 917 1045 954 quod
1062 919 1243 957 optaverit,
1261 920 1290 950 id
1309 921 1374 961 est,
1392 932 1431 953 ex
1451 924 1543 955 bonis
1563 925 1718 965 quidquid
1737 928 1834 966 velit,

955 957 1020 988 fine
1039 959 1236 999 exceptione
1263 961 1462 1001 relinquere3
1490 965 1519 996 ἃ
1536 976 1599 997 non
1619 967 1679 999 ess't·
1696 968 1835 1009 caffaJu-

956 1000 1038 1029 dicia
1054 1000 1130 1039 ejus.
1155 1001 1222 1040 plus
1240 1003 1302 1040 ait,
1328 1004 1403 1036 nihil
1421 1006 1500 1044 effe,
1518 1009 1604 1047 quod
1621 1010 1718 1049 magis
1734 1011 1836 1042 homi-

956 1040 1048 1071 nibus
1076 1041 1230 1074 debeatur
1245 1067 1255 1081 ‚
1286 1053 1379 1084 quam
1408 1055 1441 1077 ut
1470 1047 1619 1088 supremae
1653 1052 1833 1091 voluntati,

956 1081 1123 1122 postquam
1143 1083 1208 1122 jam
1232 1085 1316 1116 aliud
1343 1087 1425 1118 velle
1445 1098 1509 1120 non
1534 1091 1680 1131 poss'unt,
1704 1093 1784 1124 liber
1799 1093 1836 1125 fit

955 1123 1073 1164 stylus„
1099 1125 1266 1158 &licitum
1283 1129 1372 1166 quod
1395 1130 1509 1162 iterum
1527 1142 1590 1163 nori
1610 1133 1693 1165 redit
1710 1135 1836 1166 arbitri-³

956 1174 1018 1196 um.
1053 1165 1140 1207 Quid
1159 1167 1320 1201 dicimus?
1345 1170 1540 1203 Sanetiliimo
1561 1174 1749 1214 Catholic0‚
1770 1176 1832 1208 Ve-

954 1206 1149 1247 nerabilique
1168 1207 1335 1249 Concilio,
1361 1211 1416 1243 etii
1431 1214 1550 1253 legibus
1563 1215 1625 1255 jam
1645 1217 1782 1255 probato
1799 1219 1831 1250 dc

955 1248 1062 1287 licito,
1088 1257 1190 1281 tamen
1209 1260 1249 1282 ne
1266 1260 1337 1290 quae
1350 1252 1526 1293 superess'et
1544 1257 1720 1297 dubitatio,
1746 1260 1833 1299 paffi—

953 1292 1180 1322 vam'concedi
1200 1292 1378 1325 testamenti
1394 1295 1586 1328 faCtiotiem:
1611 1298 1706 1338 ipsam
1733 1301 1830 1340 pleno

954 1330 1099 1371 honore3
1125 1332 1176 1363 sed
1193 1336 1404 1375 ordinariam,
1423 1346 1459 1368 ac
1477 1338 1670 1378 legitimam:
1696 1351 1759 1372 non
1777 1344 1831 1374 ali-

956 1382 1015 1404 am.
1040 1374 1093 1407 Sic
1111 1383 1200 1414 putu.
1225 1385 1290 1415 quo
1308 1377 1463 1410 auctore?
1485 1379 1677 1419 justiniano:
1694 1384 1781 1422 cujus
1798 1386 1832 1416 in

953 1415 971 1444 b.
991 1425 1040 1454 535.
1060 1416 1093 1447 C.
1114 1417 1142 1447 b.
1161 1423 1181 1447 t.
1200 1417 1269 1448 haec
1289 1417 1358 1449 sunt
1375 1420 1486 1453 verba:
1504 1421 1668 1463 Siquando
1684 1426 1750 1455 talis
1766 1436 1833 1457 con—

954 1466 981 1486 ce
1004 1468 1030 1487 io
1057 1457 1217 1497 Iinperiaii's
1236 1459 1416 1500 procefferit,
1438 1468 1488 1500 per
1512 1473 1600 1503 queam
1619 1465 1717 1496 libera
1738 1467 1830 1498 tella-

954 1500 1053 1529 menti
1064 1499 1160 1530 factio
1175 1502 1359 1540 conceditur,
1374 1503 1447 1534 nihil
1462 1504 1543 1534 aliud
1560 1507 1654 1536 videri
1665 1508 1833 1549 Principem

954 1542 1120 1577 concedere,
1144 1541 1199 1579 nisi
1216 1548 1249 1572 ut
1266 1543 1366 1574 habeat
1379 1544 1539 1585 legitimam
1557 1546 1594 1579 &2⁹
1609 1551 1773 1587 consuetam
1791 1556 1833 1581 te-

947 1579 1276 1622 stamentifaciionem:
1300 1594 1390 1626 neque
1405 1588 1480 1616 em'm
1503 1588 1743 1630 credendumest,
1772 1591 1829 1622 Ro-

953 1633 1073 1656 manum
1090 1624 1255 1665 Principem
1278 1627 1328 1667 qui
1341 1628 1408 1666 jara
1425 1633 1541 1666 tuetur,
1565 1628 1742 1669 hujusmodi
1763 1643 1831 1664 ver«

954 1665 997 1695 bo
1016 1665 1066 1705 (id
1084 1665 1148 1703 est,
1166 1666 1348 1707 hujusmodi
1365 1667 1521 1701 formula:
1538 1671 1578 1700 ita
1596 1672 1720 1703 obtinui
1739 1673 1784 1704 lib.
1799 1685 1830 1707 2.

957 1707 1076 1743 Observ.
1088 1717 1110 1737 c.
1120 1708 1169 1747 9.)
1187 1714 1275 1739 totam
1285 1708 1505 1749 observationem
1517 1709 1749 1751 testamentorum
1758 1717 1832 1747 mul-

954 1750 992 1778 tis
1014 1748 1125 1789 vigiliis
1152 1752 1347 1790 excogitatam
1368 1757 1454 1792 atque
1472 1754 1622 1784 inventam
1640 1755 1711 1785 velle
1726 1760 1830 1790 everti.

953 1788 1063 1820 Tenes
1081 1789 1199 1822 sensum
1218 1792 1244 1822 d.
1264 1791 1283 1821 l.
1306 1796 1330 1823 i'.
1364 1794 1441 1824 olim
1460 1794 1620 1833 plerisque
1638 1796 1780 1829 obl‘curae
1797 1799 1830 1831 &

953 1830 1130 1864 modestae:
1156 1831 1206 1863 sed
1234 1832 1275 1864 sic
1300 1834 1458 1866 evidentis
1484 1835 1632 1868 industria
1657 1839 1831 1875 praesertim

953 1872 1063 1911 jacobi
1085 1872 1285 1905 Gothofredi
1299 1873 1337 1905 V.
1349 1875 1407 1907 CL.
1423 1878 1460 1907 ad
1473 1876 1491 1907 l.
1503 1879 1584 1916 4.tit.
1599 1879 1683 1909 zm).
1699 1885 1742 1912 16.
1759 1883 1836 1915 Cod.'

957 1914 1059 1946 Theod.
1086 1916 1170 1946 unde
1186 1915 1340 1954 descripta
1361 1917 1405 1947 est
1419 1919 1447 1948 d.
1465 1918 1481 1948 l.
1506 1928 1532 1949 1.
1567 1920 1730 1960 liggressus
1748 1923 1831 1955 hanc

955 1957 1049 1987 etiam
1075 1956 1130 1987 suo
1155 1957 1255 1988 modo
1273 1956 1318 1988 est
1341 1956 1521 1991 Gulielmus
1542 1959 1713 1993 Foruerius
1730 1964 1777 1995 lib.
1800 1976 1827 1997 1„

955 1996 1053 2031 Selebi.
1066 2008 1089 2031 c.
1101 2002 1149 2033 28.
1166 1998 1220 2031 sed
1237 2000 1386 2032 omnibus
1402 2000 1526 2041 praessat
1544 2002 1598 2034 ille
1613 2001 1828 2039 Gothofredi.

1101 2126 1172 2161 ΙΙΙ.

716 2197 767 2233 De
785 2198 963 2236 hereditatis
977 2202 1135 2248 petitione.

38 2281 225 2354 Explevi‚
246 2289 282 2314 ut
304 2283 415 2323 spero,
438 2282 596 2324 superiore
618 2285 732 2318 Titulo
749 2286 907 2328 exspecta·

105 2322 225 2355 tionem
245 2325 556 2365 nobiliumjuvenum
573 2328 686 2367 quibus
701 2328 736 2359 fit
752 2329 905 2368 studium,

37 2362 216 2405 intelligere
235 2374 375 2397 naturam
393 2367 557 2406 petitionis
576 2369 779 2409 hereditatis,
794 2371 905 2402 delatae

37 2413 77 2435 ex
93 2405 181 2436 causa
198 2407 237 2437 de
253 2406 443 2439 inofficioso.
468 2407 531 2439 hoc
548 2411 712 2450 experiar,
730 2413 805 2451 quid
821 2413 905 2444 vale·

36 2454 86 2476 am
103 2446 132 2477 in
174 2449 307 2479 etitione
323 2449 507 2480 hereditatis
519 2473 528 2488 ,
552 2452 610 2483 alia
628 2462 667 2484 ex
685 2452 774 2484 causa
792 2455 903 2493 adqui-

35 2485 109 2518 fitae.
163 2487 187 2518 st
204 2499 283 2520 vero
300 2490 350 2521 vel
368 2489 438 2520 haec
454 2491 484 2521 in
505 2501 570 2524 rem
588 2493 670 2524 actio
683 2504 692 2532 ;
707 2501 802 2533 atque
817 2497 855 2526 ad
873 2505 905 2526 u-

35 2525 246 2561 niverfitatcm
264 2531 449 2570 intendens;
465 2532 603 2573 ideoque
613 2534 824 2566 hereditatem
842 2537 904 2568 vin-

38 2567 141 2599 dicare
151 2570 264 2602 dicitur
279 2571 299 2602 l.
313 2577 340 2606 8.
352 2573 407 2603 im.
421 2574 614 2615 poniturque
630 2577 660 2607 in
679 2577 793 2608 ordine
810 2577 905 2609 aetio-

36 2616 112 2640 num
128 2610 158 2640 in
170 2620 234 2642 rem
246 2634 255 2649 ,
273 2612 302 2643 δε
319 2614 348 2644 in
361 2613 497 2645 Rubrica
513 2617 627 2656 petitio
643 2619 820 2658 appellatur
832 2628 904 2659 pro-

34 2650 106 2688 prio
123 2655 251 2683 nomine
270 2653 430 2687 actionum
444 2656 474 2686 in
491 2666 566 2689 rem.
584 2658 602 2689 l.
626 2664 691 2699 178·
709 2660 737 2700 §.
756 2670 784 2691 2.
805 2661 851 2691 I).
870 2663 904 2691 de

37 2691 115 2720 verb.
128 2689 230 2731 fignif.
277 2693 347 2725 Hac
365 2697 486 2727 ratione
503 2698 700 2738 propositum
717 2701 810 2732 etiam
822 2724 831 2738 ‚
848 2711 902 2740 pu-

36 2738 91 2768 to,
108 2741 123 2761 a
140 2732 281 2764 Praetore
295 2734 356 2766 fuit
368 2735 509 2769 Edictum
527 2740 557 2771 in
575 2740 643 2771 haec
660 2742 773 2774 verba:
790 2742 903 2784 Siquis

35 2772 219 2804 hereditatem
232 2777 316 2811 luam
333 2775 383 2815 effe
402 2783 495 2816 petet,
519 2782 544 2810 ei
560 2782 696 2820 adversus
711 2793 775 2814 eum
792 2785 843 2824 qui
859 2785 903 2814 be-

36 2814 184 2844 reditatem
194 2821 247 2854 pro
264 2815 359 2846 herede
374 2824 463 2856 prove
476 2820 540 2860 poffi
550 2821 616 2860 [sore
629 2818 773 2863 poffidebit
789 2848 797 2863 ‚
821 2825 904 2866 judi-

35 2855 113 2885 cium
128 2856 217 2893 dabo,
242 2862 274 2886 ui
290 2855 469 2897 restituatur.
504 2862 624 2900 Aliquis
643 2873 744 2903 petat,
770 2867 841 2897 addi
861 2866 900 2897 se-

36 2897 165 2932 quentia
180 2897 293 2929 verba:
313 2898 442 2937 ltem‚fi
456 2902 525 2941 quid
536 2903 567 2933 in
581 2913 612 2934 ea
626 2907 724 2937 damni
738 2909 839 2938 datum
855 2909 901 2944 fa-

36 2936 151 2968 &umve
175 2939 248 2976 eric,
265 2937 330 2976 sive
352 2941 421 2980 quid
439 2950 467 2972 eo
492 2945 603 2974 nomine
617 2953 669 2976 aut
686 2949 778 2978 abent
795 2949 901 2987 alictii,

34 2984 89 3010 aut
103 2980 141 3009 ad
157 2988 220 3009 eum
231 2982 413 3019 pervenerit,
437 2987 470 3012 ut
486 2983 645 3024 proestetun
670 2986 741 3019 λεια
758 2988 902 3028 inficior,

34 3019 89 3051 tali
106 3019 282 3059 adiectione
294 3020 359 3052 fieri
377 3023 509 3060 mixtam
519 3025 695 3067 achonem,
707 3038 769 3061 tam
788 3031 817 3061 in
835 3040 902 3070 pcr-

30 3060 159 3098 sonam‚
177 3070 269 3102 quam
289 3063 319 3093 in
338 3065 558 3104 rem:qualem
569 3066 629 3099 esse
641 3071 830 3107 petitionem
851 3072 903 3102 he-

32 3102 175 3134 reditatis
190 3126 199 3141 ,
223 3103 253 3134 in
279 3103 481 3144 sequentibus
506 3109 681 3147 apparebit.
724 3111 786 3143 Sed
808 3113 902 3144 malui

32 3142 115 3174 hanc
137 3145 303 3178 omittere:
326 3147 512 3191 arbitratus„
534 3150 724 3189 petitionem
747 3153 901 3185 'neredita-

32 3185 73 3215 tis
91 3184 248 3222 potestate
265 3186 356 3227 liujus
381 3187 483 3220 Edisti
502 3200 566 3228 non
583 3190 674 3223 fuiffe
693 3193 850 3226 actionem
869 3196 899 3228 in

0 3273 2 3277 y
27 3224 216 3301 peffiqliziarpi
229 3227 283 3262 sed
298 3229 330 3264 in
345 3239 430 3266 rem:
445 3229 523 3266 ficut
541 3232 636 3268 etiam
653 3234 686 3277 iti
703 3235 813 3271 ordine
832 3236 898 3273 tali-

951 2301 1002 2323 um
1020 2291 1180 2324 actionum
1193 2293 1257 2326 hoc
1271 2294 1354 2326 loco.
1363 2294 1460 2334 poni,
1478 2295 1578 2328 modo
1595 2297 1723 2329 monui:
1737 2298 1767 2330 ἂ
1782 2298 1828 2332 est

950 2334 1053 2365 verius
1070 2358 1079 2371 ‚
1104 2336 1232 2367 demum
1255 2337 1386 2368 mixtam
1411 2337 1474 2369 effe
1499 2337 1614 2369 factam
1638 2338 1828 2373 auctoritate

948 2374 1267 2415 jurisconsultorum,
1291 2378 1321 2409 in
1347 2377 1419 2409 Fori
1442 2378 1654 2417 disputatione
1672 2381 1828 2420 interpre-

949 2419 1082 2448 tantium
1100 2417 1414 2451 senatusconsultum
1427 2442 1436 2458 ,
1453 2421 1492 2451 ab
1510 2419 1648 2461 Ulpiano
1663 2424 1829 2463 proditum

948 2458 979 2489 in
998 2458 1016 2488 l.
1037 2468 1084 2489 20.
1128 2483 1134 2489 .
1151 2463 1179 2490 6.
1197 2461 1224 2490 cl.
1240 2466 1261 2491 t.

990 2498 1034 2529 Ut
1051 2508 1086 2530 ut
1102 2459 1177 2531 {ritx
1201 2502 1409 2540 expliciturus
1427 2502 1491 2533 hoc
1509 2502 1670 2543 Edictum,
1687 2506 1825 2546 primum

949 2550 1112 2580 quaeram:
1134 2544 1262 2582 quando
1289 2552 1454 2583 competat
1476 2544 1659 2577 hereditatis
1685 2548 1823 2587 petitio:

948 2581 1064 2613 deinde
1081 2581 1150 2615 cui:
1179 2592 1245 2615 tum
1263 2584 1411 2615 adversus
1430 2594 1540 2626 quem:
1564 2587 1680 2618 dehinc
1699 2588 1773 2627 quid
1792 2590 1826 2621 in

946 2632 1016 2654 eam
1037 2624 1159 2655 veniat:
1178 2624 1339 2664 postremo
1356 2627 1442 2666 quod
1463 2628 1491 2658 iti
1510 2637 1546 2658 ea
1563 2627 1599 2659 fit
1616 2630 1735 2667 judicis
1754 2630 1824 2662 offi-

947 2664 1040 2695 cium.
1066 2665 1187 2696 Primus
1206 2667 1294 2698 locus
1311 2666 1388 2706 erit,
1414 2670 1541 2707 quando
1558 2678 1724 2707 competat
1742 2672 1824 2711 peti-

947 2707 992 2736 tio
1009 2706 1203 2737 hereditatis.
1227 2708 1288 2738 huc
1304 2718 1382 2739 vero
1397 2711 1517 2740 ducunt
1529 2712 1627 2751 prima
1641 2711 1743 2744 Edicit
1756 2722 1824 2743 ver-

945 2747 1002 2784 ba,
1019 2747 1051 2777 Si
1066 2748 1132 2787 quir
1148 2749 1330 2780 hereditatem
1338 2751 1427 2789 suam
1444 2750 1586 2792 effepecet.
1607 2753 1768 2792 desumpta
1786 2752 1822 2784 il-

948 2788 974 2818 la
993 2798 1033 2818 ex
1051 2788 1207 2829 Rubrica,
1231 2790 1306 2822 item
1326 2801 1366 2823 ex
1381 2792 1398 2822 i.
1421 2802 1447 2824 1.
1467 2794 1511 2824 l).
1539 2794 1572 2824 Si
1583 2801 1654 2834 pars
1670 2795 1760 2825 bered.
1774 2799 1823 2832 pe-

946 2834 999 2860 tat.
1012 2829 1048 2863 ὃ)
1065 2830 1083 2860 l.
1106 2838 1150 2861 10.
1169 2830 1195 2872 §‚
1220 2840 1245 2862 1.
1265 2833 1311 2863 D.
1330 2833 1391 2864 h.i.
1407 2834 1588 2866 Secundum
1608 2835 1677 2865 haec
1692 2835 1821 2865 obtinet

947 2869 1131 2903 hereditatis
1146 2873 1355 2912 petitio‚non
1372 2875 1394 2906 fi
1413 2876 1481 2906 baec
1494 2884 1547 2907 aut
1566 2877 1615 2907 illa
1629 2884 1754 2914 petatur
1770 2885 1820 2907 res

947 2911 1154 2943 hereditaria:
1179 2912 1229 2945 sed
1248 2914 1267 2946 fi
1285 2914 1443 2949 hereditas
1461 2925 1597 2957 petatur.
1641 2915 1695 2946 Est
1713 2924 1821 2948 nutem

947 2952 1125 2989 hereditas.
1142 2954 1291 2995 (auetore
1308 2956 1391 2997 Gajo
1409 2959 1426 2989 l.
1438 2969 1486 2996 24.
1510 2959 1550 2988 D.
1570 2958 1602 2987 de
1617 2958 1696 2986 verb.
1708 2955 1818 3001 fignif—

947 3002 1039 3033 quam
1056 2995 1092 3025 ad
1110 2995 1173 3026 hoc
1183 2996 1329 3030 Edictum
1341 2999 1479 3040 spectare
1498 2999 1614 3028 indicat
1631 2996 1821 3043 Inscriptio,

948 3034 1118 3075 praeferens
1139 3035 1210 3078 Gaji
1231 3039 1283 3071 lib.
1300 3044 1329 3071 6.
1363 3041 1411 3071 Ad
1438 3039 1582 3070 Edictum
1600 3040 1820 3082 provinciale:

947 3085 988 3108 ex
1004 3086 1067 3116 quo
1084 3077 1150 3109 sunt
1167 3079 1186 3110 l.
1209 3089 1236 3112 1.
1252 3091 1282 3121 3.
1304 3091 1350 3121 15·
1371 3091 1415 3120 ¹7·
1437 3080 1473 3114 &²
1489 3090 1537 3118 41›
1556 3079 1583 3109 h,
1600 3083 1643 3123 t)
1667 3080 1819 3113 iiieceffio‘

944 3116 976 3148 in
994 3118 1168 3151 universum
1181 3121 1229 3161 jus
1245 3126 1334 3162 quod
1353 3120 1519 3153 defunctus
1537 3119 1654 3166 habuit.
1679 3121 1750 3153 Ess'e
1768 3133 1824 3154 ve-

944 3167 979 3189 ro
998 3159 1027 3190 id
1041 3160 1089 3200 jus
1114 3161 1336 3202 incorporale,
1361 3164 1499 3200 ideoque
1526 3170 1608 3202 tangi
1627 3172 1690 3194 non
1711 3163 1820 3202 posse,

941 3199 1025 3232 idem
1042 3203 1141 3234 docet
1164 3202 1263 3244 Gajus
1279 3205 1297 3235 l.
1319 3213 1343 3234 1.
1367 3203 1395 3247 §5
1420 3211 1444 3233 i.
1466 3201 1505 3232 D.
1524 3204 1556 3233 de
1571 3212 1626 3234 rer.
1646 3206 1730 3241 divi).
1755 3209 1818 3236 neo·

940 3242 978 3277 ad
997 3252 1067 3315 ret}
1082 3245 1263 3286 pertinere,
1281 3246 1369 3286 quod
1383 3253 1416 3280 in
1432 3252 1469 3278 ea
1485 3253 1535 3278 res
1550 3247 1733 3287 corporales
1743 3255 1822 3319 cog·

1059 3284 1070 3295 Ἰ
1807 3295 1819 3310 a
