2036 3495
552 78 906 114 Gna-tani
967 71 1004 107 N

132 87 199 128 156

133 173 276 214 loquitur
291 172 330 203 de
346 169 460 203 marito
469 167 603 199 fundum
613 164 742 209 quidem
752 160 930 203 poffidente
946 161 1003 192 bo-

130 224 171 248 na
187 213 268 252 fide,
292 211 343 244 sed
360 220 424 244 non
442 218 481 241 ex
498 206 679 246 hujusmodi
698 204 794 236 titulo
811 204 850 234 ad
867 202 1002 249 dominii

133 255 368 287 transsationem
386 253 516 282 idone0.
541 256 601 278 nec
619 255 651 277 te
669 244 779 284 fallat,
794 245 884 289 quod
895 253 921 276 is
940 253 1001 276 ina-

131 297 210 328 ritus
233 294 367 325 fundum
390 290 517 329 accepit
535 298 576 320 ex
595 289 773 319 donatione
790 294 910 317 uxoris.
930 294 1003 317 nam

131 336 215 369 inter
231 335 332 366 virum
350 334 379 364 δι
395 339 529 363 uxorem
550 329 711 369 prohibita
728 326 772 359 est
788 328 939 366 donatio,
955 336 1003 358 ac-

131 376 303 417 cipientem
318 374 441 405 faciens
452 371 696 412 locupletiorem
708 369 921 414 &donantem
931 378 1005 409 pau-

130 419 302 457 periorem.
326 423 473 456 putemus
489 413 602 453 igitur,
624 409 771 443 interefle
789 418 872 441 inter
889 418 1002 441 utram-

129 467 192 499 que
202 457 349 498 speciem.
368 455 441 488 Nec
458 456 522 486 hoc
535 455 718 494 ignorarunt
732 451 793 483 alii.
809 450 924 482 fateor.
941 451 1004 484 Sed

128 508 224 539 quem
242 499 356 530 habeat
371 499 403 529 id
419 495 570 529 effectum
586 503 639 525 aut
657 493 774 530 finem,
789 502 885 524 nemo
901 494 1003 538 pervi-

128 541 186 572 dit.
211 540 296 577 hunc
310 541 406 581 igitur
423 547 506 570 nunc
526 545 543 567 a
562 545 612 568 me
630 536 753 574 accipe.
799 534 893 579 Apud
915 533 1003 579 ‚lusti-

129 581 256 614 nianum
275 582 305 613 in
329 583 356 612 d.
375 581 405 622 §.
419 590 468 620 135.
501 579 630 618 ponitur
654 577 745 607 bonae
763 573 1004 620 fidei-poliefl'or

129 632 170 654 ex
187 622 276 656 causa
297 633 378 654 verae
402 624 432 653 ἃ
457 629 520 655 non
541 618 728 658 improbatae
752 625 924 656 emptionis
951 624 1004 648 aut

127 663 329 698 donationis:
348 664 378 695 ὃ(
395 663 492 694 videri
506 659 674 701 potcstille
685 658 775 689 fundi
791 667 807 687 a
822 667 885 688 non
902 656 1003 689 donii-

125 715 170 739 no
187 706 287 746 empti
302 713 356 737 aut
373 702 480 735 donati
497 702 669 733 traditione
685 699 769 740 quali
786 699 934 730 dominus
953 699 1005 731 fie-

125 746 171 786 ri3
194 757 296 788 eaque
320 745 443 778 ratione
465 745 495 776 in
514 742 580 783 ipso
599 742 716 773 babere
732 742 778 780 jus
795 741 927 771 aetionis
947 741 1004 772 Pu-

127 788 291 827 blicianae3
315 788 447 828 amplius
470 784 688 824 usucapionis;
712 782 742 826 &t
760 784 875 813 eodem
902 784 1002 814 modo

121 830 172 870 jus
189 831 220 861 in
236 829 356 862 fructus
373 837 464 860 exeo
481 835 592 863 natos,
608 824 670 856 fine
683 824 879 863 diicrimine,
898 833 1002 856 utrum

125 880 166 903 ex
182 872 246 912 ejus
262 870 348 903 facto
365 869 422 902 fint
441 869 525 906 nati,
548 876 587 898 an
604 866 654 897 sua
670 865 783 906 sponte
800 863 866 896 solo
883 875 1002 897 naturae

123 911 303 945 beneficio:
328 911 401 952 quia
428 911 626 951 pendentes,
650 907 900 947 qualescumque
923 906 1000 947 fint,

124 963 238 986 omnes
256 953 326 985 itini:
341 960 447 993 partes
466 951 575 989 fundi,
590 949 677 991 cujus
689 947 934 993 jure-Praetorio
951 950 1000 980 ad-

122 995 229 1028 versus
245 1003 415 1028 extraneos
433 993 568 1026 habetur
584 990 669 1032 quafi
684 993 840 1036 dominus.
868 990 931 1021 Sed
948 991 1002 1022 ali-

123 1045 172 1069 ter
190 1036 234 1068 est
249 1037 333 1076 apud
344 1035 558 1077 Pomponium
576 1032 607 1063 in
625 1034 654 1063 d.
669 1031 688 1062 l.
701 1041 750 1071 45.
770 1031 813 1062 lbl
832 1031 952 1063 collato
968 1034 1000 1063 in

123 1078 269 1110 maritum
293 1087 335 1109 ex
360 1077 470 1109 uxoris
493 1074 671 1107 donatione
695 1071 809 1104 fundo.
841 1082 911 1103 nain
934 1074 1000 1113 ejus

123 1118 214 1151 fundi
232 1120 362 1151 maritus
382 1119 490 1150 uxoris
501 1117 673 1148 traditione
684 1122 744 1146 nec
755 1113 839 1154 quasi
850 1114 1000 1159 dominus

125 1160 213 1200 fieri,
229 1170 290 1192 nec
306 1161 533 1200 usucapionem
548 1157 713 1196 accipere,
731 1163 788 1201 aut
808 1156 917 1201 utilem
936 1166 1000 1188 vin-

124 1201 320 1234 dicationem
343 1200 461 1233 habere
486 1198 673 1239 intelligitur
689 1208 705 1243 :²
730 1205 815 1243 irrita
838 1205 999 1241 inptotum

123 1242 217 1276 fundi
237 1244 433 1282 donatione,
450 1242 479 1273 ἃ
495 1248 609 1272 caetera
620 1247 705 1270 omni
725 1247 790 1278 ejus
799 1238 997 1277 consequen-

124 1285 166 1316 tia
183 1285 201 1317 2.
211 1295 239 1326 3.
257 1284 285 1326 §.
310 1293 355 1316 io.
374 1285 420 1315 D.
438 1284 472 1314 de
487 1284 584 1313 danae.
599 1281 654 1311 int.
672 1281 731 1310 vir.
753 1278 789 1313 &²
807 1289 891 1311 uxor.
909 1279 996 1313 Tan-

122 1334 189 1358 tum
201 1325 306 1367 potest
324 1325 489 1364 quaeri‚an
508 1322 669 1364 prohibita
686 1320 776 1351 fundi
796 1322 994 1366 donatione,

122 1368 217 1400 etiam
244 1366 404 1405 prohibita
427 1365 587 1397 fructuum
612 1363 746 1395 donatio
763 1361 825 1393 esse
844 1364 997 1395 Videatur.

123 1409 170 1441 Ac
185 1409 275 1441 suiffe
290 1409 372 1440 hanc
388 1406 594 1447 quaestionem
613 1404 699 1444 apud
712 1402 865 1443 Veteres,
881 1405 996 1436 intelli-

121 1453 207 1491 gitur
222 1460 262 1483 ex
278 1449 296 1480 l.
318 1459 364 1490 15.
384 1448 412 1490 §.
433 1457 457 1479 1.
476 1446 512 1482 ἐξ
536 1447 554 1478 l.
576 1455 622 1486 17.
640 1445 688 1476 D.
708 1445 742 1475 de
756 1445 855 1476 donar.
868 1446 922 1476 int.
939 1448 997 1478 vir.

122 1491 252 1527 &uxon
278 1490 342 1522 Hic
360 1498 437 1520 vero
452 1488 612 1529 distinguit
624 1485 820 1526 Pomponius
836 1487 918 1519 inter
934 1487 997 1520 fru-

120 1532 187 1564 &us
212 1531 369 1563 naturales
389 1530 418 1561 δι
442 1528 657 1562 industriales:
681 1526 884 1567 existimans,
908 1529 997 1560 indu·

118 1573 267 1606 strialium
285 1570 492 1604 donationem
510 1570 635 1607 valere,
658 1569 845 1600 naturalium
863 1579 928 1602 non
946 1580 996 1601 va-

119 1616 196 1649 lere.
223 1615 396 1652 videlicet,
421 1615 493 1653 quia
519 1621 601 1644 uxor
623 1610 739 1641 horum
762 1611 940 1643 donatione
957 1612 994 1643 fit

118 1656 310 1697 pauperior,
328 1655 356 1687 &
368 1654 497 1686 maritus
512 1652 726 1692 locupletior:
743 1652 991 1685 contraillorum

116 1698 291 1730 donatione
315 1696 445 1728 maritus
465 1695 595 1735 quidem
620 1693 657 1724 fit
672 1692 888 1733 locupletior,
911 1704 992 1726 uxor

110 1748 191 1770 vero
214 1748 280 1770 non
303 1737 340 1770 fit
359 1738 544 1779 pauperior:
568 1743 681 1772 certe,
705 1735 793 1775 quod
811 1737 992 1774 naturales,

113 1789 181 1813 non
199 1779 281 1812 faCta
297 1779 357 1812 hac
379 1777 575 1815 donatione,
598 1777 650 1808 vel
675 1776 759 1816 apud
776 1786 845 1808 eam
862 1776 992 1812 fuiffent

115 1820 229 1863 sponte
246 1822 310 1853 nati
330 1820 530 1861 indulgentia
548 1827 687 1851 naturae:
705 1817 903 1854 industriales
926 1828 992 1851 non

114 1864 212 1903 item,
235 1863 289 1895 nisi
312 1862 412 1894 ess'ent
435 1861 522 1893 faeno
545 1860 685 1891 mulieris
709 1859 864 1900 producti.
895 1861 992 1892 altera

114 1906 212 1946 igitur
228 1904 388 1937 fructuum
399 1901 518 1944 species
528 1900 640 1933 refistit
656 1899 825 1946 manifesto
837 1902 895 1941 juri
907 1925 916 1941 ,
934 1903 991 1934 do-

115 1946 280 1978 nationem
300 1947 384 1977 inter
401 1944 555 1985 conjuges
572 1941 778 1983 prohibenti3
802 1942 899 1974 altera
916 1952 990 1975 non.

115 1997 154 2019 ac
180 1987 353 2020 secundum
377 1986 447 2018 haec
471 1982 739 2026 exponissposs'unt
754 1983 851 2016 etiam
871 1984 991 2025 species

117 2031 145 2061 ά.
163 2030 183 2060 l.
204 2038 250 2069 15.
268 2029 296 2070 ᾗ.
317 2038 342 2061 1.
361 2028 397 2064 &²
411 2030 439 2059 cl.
456 2027 473 2058 l.
497 2036 545 2067 ¹7·
583 2025 665 2056 Illud
682 2024 786 2056 adhuc
801 2024 991 2065 obscurum,

116 2071 206 2110 quod
222 2071 253 2103 in
270 2071 334 2102 fine
352 2071 403 2101 α.ι.
413 2080 462 2109 45.
480 2067 678 2107 Pomponius
694 2065 736 2099 fic
753 2065 877 2099 scribit:
897 2068 993 2099 Sicuti

117 2122 169 2143 riec
185 2112 339 2154 cujuslibet
355 2112 430 2142 home
447 2110 520 2150 fidei
534 2107 706 2150 poffeffori53
731 2107 761 2139 &
777 2109 883 2147 addit,
907 2108 991 2152 Quia

116 2164 172 2186 non
188 2152 313 2193 exfafto
332 2153 393 2194 ejus
409 2153 433 2182 is
446 2150 569 2192 frutius
586 2151 726 2189 nascitur.
765 2150 814 2182 Aci
833 2151 990 2183 tollendas

115 2195 169 2228 has
185 2196 351 2234 tenebras,
368 2203 438 2235 quae
456 2192 525 2225 sunt
543 2193 708 2233 ingentes,
725 2192 824 2224 multa
838 2190 989 2226 adferunt

116 2236 215 2270 Docti
240 2235 455 2277 interpretes,
480 2233 535 2265 suo
557 2234 693 2273 quisque
709 2234 828 2265 modo:
852 2233 905 2266 sed
921 2235 986 2266 nul·

115 2279 177 2310 lam
194 2277 336 2309 inferunt
355 2278 468 2309 lucem.
511 2275 595 2307 Mihi
613 2273 661 2306 fas
683 2272 720 2305 fit
736 2273 898 2315 suspicari,
922 2285 988 2306 non

116 2319 279 2351 cohaerete
296 2329 311 2350 a
328 2318 513 2359 Pomponio
531 2316 655 2356 scripta.
679 2315 710 2347 &
723 2339 733 2354 ‚
757 2314 866 2356 spero,
889 2316 989 2349 facili-

114 2370 150 2393 us
163 2360 224 2392 hoc
241 2360 441 2401 impetrab03
456 2359 529 2399 quia
542 2358 618 2390 nihil
635 2357 781 2396 corrigo:
798 2365 921 2390 tantum
935 2367 991 2398 po-

114 2402 196 2434 stulo
207 2424 215 2439 ‚
225 2402 388 2434 intellectu
399 2401 516 2433 inverti
526 2398 705 2440 disputandi
714 2399 860 2431 ordinem
870 2410 887 2432 a
898 2399 990 2432 Pom-

141 2445 218 2474 onio
235 2443 422 2475 institutum.
448 2451 514 2482 quo
532 2441 658 2473 modo?
676 2441 900 2482 conjungenda
916 2450 989 2474 cum

116 2453 182 2517 goe
199 2485 286 2515 versu
299 2509 308 2523 ‚
333 2484 415 2516 Nam
431 2484 462 2520 fi
496 2493 591 2515 omum
613 2483 778 2523 decerpserit
793 2483 840 2513 vel
856 2493 892 2515 ex
898 2482 989 2524 sfiylvcz

117 2526 216 2561 credit,
232 2535 288 2556 ‘mm
298 2525 337 2565 fic
352 2527 413 2567 ejus
425 2549 433 2563 ‚
449 2535 465 2556 e
511 2523 646 2564 sequens
655 2525 735 2555 ratio
751 2523 901 2564 postremi
918 2534 988 2555 ver-

115 2567 165 2601 sus
176 2591 185 2605 ,
209 2565 291 2609 Quia
315 2576 372 2598 non
389 2577 425 2598 ex
433 2567 518 2606 fatto
533 2566 595 2608 ejus
610 2568 635 2597 is
649 2564 772 2605 fruftus
788 2567 935 2603 nascitur:
959 2566 990 2597 &

117 2617 184 2640 tum
203 2606 391 2647 iubjicienda
402 2608 588 2639 intermedia
605 2607 657 2638 illa
672 2607 891 2647 comparatio,
907 2606 989 2638 Sicu-

116 2651 141 2681 u·
149 2659 200 2680 nec
214 2649 365 2689 cujuslibet
380 2649 536 2687 bonoefidei
547 2648 714 2689 poffefforis.
737 2647 784 2679 lta
804 2648 990 2688 interpreta-

116 2690 209 2723 tione
227 2690 344 2721 sublata
355 2689 528 2729 Synchufi,
545 2692 604 2721 erit
621 2688 989 2730 bonus&superioribus

115 2731 294 2765 conformis
320 2730 491 2769 Pomponii
515 2730 638 2763 sensus:
662 2731 724 2764 Ubi
749 2741 831 2763 uxor
849 2732 916 2762 viro
934 2730 990 2762 do·

116 2775 206 2806 navit
222 2772 379 2808 fundum,
393 2772 476 2802 irrita
493 2772 536 2803 est
553 2773 617 2812 ejus
632 2772 722 2804 fundi
740 2773 890 2805 donatio:
905 2771 989 2803 fasta

118 2816 239 2856 quippe
255 2811 405 2845 adversus
417 2811 762 2854 prohibitionemjuris.
787 2812 988 2854 consequen·

117 2864 167 2889 tei·
184 2857 289 2888 secuta
307 2853 497 2890 traditione,
521 2854 627 2885 transit
642 2856 772 2895 quidem
787 2856 826 2887 ad
841 2855 988 2890 maritum

117 2897 208 2930 fundi
224 2896 373 2928 naturalis
390 2893 534 2936 poffeffio
547 2906 554 2926 :
569 2896 746 2929 dominium
763 2906 840 2928 vero
856 2898 939 2937 apud
957 2906 989 2928 u-

116 2948 233 2972 xorem
253 2944 371 2970 manet.
381 2937 401 2967 l.
414 2935 479 2977 1.§.
491 2946 521 2975 4.
532 2936 579 2966 D.
594 2937 627 2966 de
642 2937 840 2982 ‘qu-P‘Jffiffil
856 2948 885 2980 3.
897 2938 925 2980 §.
942 2946 988 2970 10.

119 2983 168 3014 D.
179 2982 212 3012 de
223 2982 317 3011 donat.
330 2979 384 3009 int.
392 2980 451 3010 vir.
464 2977 501 3012 ὃ)
515 2986 599 3008 uxor.
624 2976 676 3008 Sic
693 2987 845 3017 quantum
862 2981 901 3011 ad
916 2979 989 3011 fun-

117 3025 204 3054 durn.
221 3021 284 3053 Sed
301 3021 342 3052 de
357 3019 513 3052 fructibus
527 3018 603 3059 quid
620 3018 789 3051 dicemus?
812 3021 883 3053 illos
901 3020 989 3061 poffe

117 3064 224 3096 mariti
240 3061 319 3094 fieri.
342 3071 380 3092 an
395 3062 463 3101 J'ure
479 3059 570 3092 fundi
589 3068 629 3090 ex
646 3068 711 3099 quo
727 3061 790 3091 nati
807 3060 902 3093 sunt?
926 3062 989 3094 Ali-

120 3106 191 3147 quis
208 3111 312 3144 putet.
348 3103 411 3134 Sed
429 3111 526 3140 cave,
549 3101 577 3133 ei
594 3101 737 3132 accedas.
762 3110 827 3132 non
844 3104 928 3133 enim
946 3102 989 3136 est

119 3149 182 3180 ita:
205 3146 277 3186 quia
297 3145 426 3176 mai-itus
451 3143 508 3176 illo
530 3143 563 3176 in
579 3141 682 3174 fundo
701 3142 821 3173 nullum
838 3143 930 3182 plane
945 3144 991 3182 ius

120 3188 235 3222 habet:
258 3193 380 3219 tantum
401 3185 527 3226 accepit
548 3184 613 3225 ejus
628 3182 852 3225 poffeffionem
869 3192 991 3216 natura-

1036 80 1234 110 oon‘r
1288 70 1510 109 Corin.

1045 160 1127 204 lem:
1139 160 1187 201 jus
1202 171 1281 194 vero
1290 171 1388 195 omne
1404 163 1487 202 apud
1504 170 1638 194 uxorem
1655 157 1775 196 mansit.
1801 163 1920 198 Ullone

1045 209 1141 248 igitur
1156 203 1258 235 modo
1272 203 1376 245 potest
1387 205 1514 237 maritus
1529 213 1572 235 ex
1587 205 1691 236 alieno
1701 204 1841 238 fundoin
1853 217 1917 247 quo

1046 242 1126 275 nihil
1145 243 1219 285 juris
1237 246 1351 284 habet,
1370 245 1497 281 ,fructus
1520 246 1731 286 percipiendo
1749 245 1818 278 suos
1833 247 1918 280 face-

1047 283 1106 315 re?
1129 285 1246 325 potest.
1271 296 1336 327 quo
1360 287 1429 327 jure
1444 287 1461 319 ‘i
1482 287 1685 319 donationis:
1708 288 1739 319 id
1763 287 1827 327 est,
1849 290 1917 329 iure

1047 327 1263 370 perceptionis
1288 337 1329 359 eit
1355 329 1522 360 voluntate
1547 329 1698 359 dominre.
1730 336 1835 361 tamen
1857 339 1917 362 nee

1048 375 1088 397 ex
1104 367 1155 400 illa
1172 367 1242 401 suos
1258 368 1357 400 faciet
1374 370 1495 402 fructus
1506 370 1657 401 cunctos:
1676 368 1727 401 sed
1745 370 1818 402 illos
1835 371 1917 404 solos

1046 416 1128 453 quos
1145 407 1204 441 suis
1214 411 1320 450 operis
1337 412 1537 451 adquilieiit,
1554 410 1806 452 velutiserendo.
1823 413 1918 453 quid,

1045 449 1067 480 ii
1084 457 1216 488 pomum
1233 452 1445 493 decerpserit,
1471 453 1521 484 vel
1546 462 1586 484 ex
1605 451 1691 494 sylva
1707 454 1835 486 caedat‘?
1855 455 1919 494 jam

1046 498 1112 521 non
1129 489 1265 537 fitleju-s:
1291 493 1350 524 hac
1368 495 1522 527 veriffima
1543 495 1684 532 ratione,
1708 495 1781 533 quia
1798 505 1861 527 non
1877 504 1920 529 ex

1047 530 1135 576 fabio
1152 541 1250 576 ejusis
1265 533 1385 568 fruetus
1403 536 1554 573 nascitur,
1574 536 1603 567 ὃ(
1621 544 1687 567 turn
1699 537 1827 567 obtinet
1847 547 1918 575 pro-

1048 572 1157 618 hibitae
1166 574 1254 604 caula
1265 575 1465 609 donationis:
1476 587 1545 618 quae
1557 577 1610 608 ubi
1628 588 1666 609 ex
1677 587 1776 618 opera
1793 579 1820 609 δέ
1832 578 1918 611 fatto

1048 614 1199 652 nascitur,
1223 624 1289 647 non
1304 617 1367 662 ‚est
1414 618 1512 660 Igitur
1535 628 1700 658 puoemus,
1726 619 1870 652 maritum
1887 621 1919 662 in

1048 655 1234 696 proposito,
1257 666 1330 696 quia
1346 658 1436 692 fundi
1460 659 1631 692 traditione
1654 661 1693 691 ab
1714 671 1814 692 uxore
1837 661 1920 696 satra

1047 706 1088 727 ex
1110 697 1200 743 causa
1224 700 1428 738 donationis,
1452 710 1556 741 neque
1579 700 1615 734 fit
1639 701 1730 733 fundi
1750 703 1918 743 dominus,

1047 747 1152 778 neque
1169 748 1199 770 in
1218 739 1321 770 fundo
1337 742 1452 782 accipit
1468 743 1515 780 jus
1532 742 1661 782 aliquod
1678 745 1824 775 dominio
1843 744 1921 777 fimi-

1047 780 1096 819 le,
1108 779 1161 811 etii
1177 780 1398 820 poss'essioncm
1416 783 1521 814 saltem
1538 786 1710 817 naturalem
1728 785 1845 818 habere
1863 786 1920 817 bo-

1046 830 1084 867 na
1103 820 1166 852 fide
1183 822 1295 861 poss'it,
1314 821 1405 855 fundi
1417 823 1539 855 fructus
1555 825 1764 866 percipiendo
1782 837 1822 859 ex
1841 837 1920 859 uxo·

1046 872 1085 893 ris
1102 864 1270 895 voluntate
1281 888 1290 903 ,
1317 865 1381 896 hoc
1397 865 1460 902 est,
1480 865 1542 897 sola
1556 867 1623 907 ejus
1638 868 1832 907 donatione,
1847 869 1920 901 suos

1044 903 1172 943 facere;
1196 906 1226 936 δι
1244 905 1318 938 ideo
1336 916 1399 939 non
1417 907 1515 945 alios,
1537 916 1631 947 quam
1651 918 1733 948 quos
1751 910 1794 941 illi
1810 911 1849 941 ab
1867 911 1919 942 illa

1045 946 1154 976 donari
1173 945 1243 978 finit
1263 948 1310 986 jus
1333 947 1451 980 civile:
1475 952 1626 989 exemplo
1650 950 1794 982 omnium
1815 951 1921 991 hujus·

1044 988 1132 1018 modi
1149 987 1352 1028 poil'efl'orum
1373 990 1466 1021 bonae
1484 989 1578 1022 fidei:
1601 993 1655 1032 qui
1672 999 1706 1023 ut
1720 990 1855 1024 fundum
1874 1002 1921 1025 te-

1043 1037 1139 1058 neant
1155 1030 1339 1062 naturaliter
1356 1031 1441 1064 bona
1457 1030 1539 1069 fide,
1563 1041 1594 1062 at
1613 1031 1753 1065 destituti
1770 1034 1864 1064 titulo
1880 1034 1921 1066 ad

1044 1069 1302 1105 transferendum
1313 1072 1580 1113 dominiumjuslo
1590 1074 1620 1106 &
1631 1082 1707 1114 apto
1719 1097 1728 1112 ,
1746 1083 1919 1114 numquam

1043 1110 1163 1142 fructus
1187 1112 1310 1153 aliquos
1335 1114 1398 1145 five
1417 1116 1594 1154 naturales,
1617 1114 1681 1147 five
1700 1115 1917 1155 industriales,

1042 1151 1133 1184 fundi
1147 1154 1216 1194 jure
1233 1164 1274 1199 ex
1291 1164 1332 1186 eo
1349 1155 1420 1187 suos
1436 1155 1580 1188 faciunt:
1604 1158 1678 1197 quia
1696 1166 1868 1198 numquam
1884 1158 1918 1190 in

1043 1203 1083 1224 eo
1100 1204 1153 1225 aut
1170 1196 1346 1229 dominium
1365 1198 1505 1236 habent,
1518 1206 1570 1229 aut
1584 1198 1632 1238 jus
1649 1199 1794 1230 dominio
1811 1208 1918 1237 proxi-

1042 1245 1146 1269 mum:
1170 1246 1209 1268 eit
1227 1247 1293 1277 quo
1311 1248 1375 1270 uno
1397 1240 1525 1271 demum
1544 1238 1637 1271 fonte
1651 1240 1700 1279 jus
1716 1240 1916 1281 percipiendi

1040 1277 1160 1322 fructus
1184 1287 1222 1310 ex
1243 1278 1346 1311 fundo
1370 1279 1596 1321 proficiscitur.
1640 1281 1692 1313 Sic
1722 1281 1855 1319 censeo,
1879 1290 1916 1312 ac

1038 1318 1164 1357 nescio,
1189 1329 1227 1351 an
1254 1322 1306 1353 vel
1330 1323 1368 1353 ad
1394 1323 1471 1354 tales
1495 1323 1593 1362 aptari
1611 1321 1798 1362 possessores
1817 1324 1916 1355 etiam

1040 1360 1133 1400 poffit
1154 1360 1217 1392 hoc
1235 1360 1321 1393 Pauli
1341 1363 1371 1394 in
1389 1363 1409 1394 l.
1423 1367 1492 1404 136.
1511 1364 1558 1395 D.
1573 1365 1607 1395 de
1622 1373 1679 1405 reg.
1691 1362 1756 1405 jur.
1778 1364 1860 1396 Βοηιι
1873 1364 1914 1403 fl-

1040 1403 1086 1432 des
1109 1404 1287 1434 tantumdem
1301 1402 1451 1445 poffidenti
1471 1403 1607 1446 praestat,
1632 1410 1775 1446 quantum
1790 1407 1915 1437 veritas.

1041 1452 1072 1474 at
1091 1453 1154 1474 non
1171 1444 1309 1485 ubique,
1326 1455 1387 1477 nec
1406 1446 1545 1487 semper:
1561 1447 1688 1488 quando
1704 1447 1823 1487 igitur?
1846 1456 1914 1488 quo·

1040 1486 1091 1516 ties
1112 1485 1177 1516 Lex
1191 1487 1390 1526 impedimento
1406 1497 1464 1519 mm
1478 1486 1528 1528 eft.

1082 1525 1199 1567 Igitur,
1224 1536 1257 1571 ut
1281 1526 1434 1561 faciamus
1456 1528 1553 1561 finem
1570 1529 1704 1570 prolixae
1724 1529 1915 1568 disputatio-

1039 1568 1086 1600 nis
1104 1569 1144 1599 de
1159 1568 1268 1600 officio
1283 1568 1404 1609 Judicis
1421 1569 1505 1601 circa
1520 1569 1662 1608 fructus,
1677 1578 1828 1611 apparet,
1844 1579 1915 1602 om-

1037 1619 1112 1647 nes,
1135 1619 1209 1641 cum
1224 1609 1442 1650 industriales,
1455 1619 1522 1644 tum
1539 1613 1714 1650 naturales,
1732 1613 1916 1652 perceptio-

1037 1660 1077 1683 ne
1100 1651 1167 1682 fieri
1193 1651 1371 1692 poffefforis
1394 1653 1489 1684 bonae
1515 1652 1612 1692 fidei,
1635 1653 1665 1685 ἀ
1681 1655 1736 1694 (ut
1751 1653 1795 1684 ait
1813 1651 1915 1693 Gaius

1035 1693 1055 1723 l.
1078 1698 1126 1727 28.
1146 1694 1191 1725 D.
1203 1694 1237 1723 de
1253 1695 1368 1734 usuris)
1387 1694 1490 1726 statim
1511 1696 1609 1735 pleno
1622 1694 1702 1734 jure.
1726 1703 1791 1727 non
1808 1702 1918 1728 tamen

1036 1734 1101 1766 fine
1123 1743 1399 1774 temperamento,
1421 1745 1438 1767 a
1455 1735 1554 1768 Paulo
1573 1736 1743 1767 observato
1766 1736 1784 1766 l.
1801 1739 1850 1775 48.
1866 1736 1917 1768 D.

1034 1778 1067 1807 de
1081 1778 1146 1817 adq.
1163 1786 1219 1807 rer.
1237 1778 1342 1809 domin.
1359 1778 1388 1808 id
1407 1777 1526 1818 quale?
1549 1778 1610 1816 ait,
1627 1777 1712 1808 Bonae
1720 1776 1793 1817 fidei
1806 1783 1914 1818 emptos

1034 1827 1093 1848 rem
1108 1828 1166 1848 non
1183 1819 1267 1848 dubie
1280 1819 1458 1860 percipiendo
1474 1818 1592 1857 frut‘i‘us
1606 1821 1695 1850 etiam
1712 1828 1748 1851 ex
1764 1819 1858 1850 aliena
1879 1827 1911 1851 re

1026 1858 1236 1899 suusinterim
1247 1859 1359 1898 facere.
1382 1861 1489 1901 quos?
1511 1871 1569 1891 non
1586 1866 1702 1892 tantum
1721 1869 1765 1891 eos
1780 1862 1832 1901 qui
1844 1860 1913 1892 dili·

1031 1901 1134 1943 gentia
1149 1900 1185 1935 δέ)
1201 1907 1285 1941 opera
1299 1902 1361 1943 ejus
1373 1902 1649 1941 pervenentm,sed
1664 1911 1767 1933 omnes.
1784 1911 1850 1942 quo
1863 1902 1912 1941 ju·

1035 1952 1069 1974 re
1079 1942 1096 1973 2
1113 1944 1183 1983 quia
1196 1943 1271 1982 quod
1280 1942 1444 1982 adfrufr‘us
1453 1945 1557 1975 attinet
1566 1967 1576 1981 ,
1591 1944 1648 1974 loco
1659 1944 1767 1976 domini
1776 1950 1847 1983 pene
1862 1941 1910 1979 est.

1034 1985 1155 2025 denique
1170 1986 1257 2016 eliam
1274 1986 1448 2026 priusquam
1465 1986 1627 2026 percipiat,
1650 1983 1748 2020 statim
1761 1985 1812 2015 ubi
1826 1994 1843 2015 a
1853 1985 1909 2022 solo

1025 2027 1158 2066 separati
1165 2030 1238 2066 sunt
1252 2050 1261 2064 ,
1277 2028 1353 2057 bonae
1362 2025 1435 2066 fidei
1448 2028 1581 2067 emptoris
1589 2025 1682 2065 fiunt.
1705 2024 1823 2057 Omnia
1839 2026 1908 2056 haec

1036 2066 1250 2107 superioribus
1266 2066 1333 2098 sunt
1349 2068 1585 2099 convenientia.
1617 2066 1680 2099 Sed
1695 2067 1771 2107 quid
1787 2067 1908 2098 denun-

1034 2110 1098 2140 ciat
1117 2108 1200 2147 hoc,
1217 2108 1366 2141 Interim?
1390 2117 1483 2150 puta,
1499 2109 1592 2141 bonae
1611 2108 1686 2140 fidei
1703 2107 1908 2150 possefforem

1032 2149 1153 2182 fruetus
1175 2159 1287 2182 omnes
1312 2151 1523 2192 perceptione
1541 2149 1611 2182 suos
1629 2159 1694 2182 non
1713 2159 1814 2190 usque
1831 2159 1907 2190 qua·

1032 2200 1095 2232 que
1120 2190 1246 2229 facere,
1271 2201 1332 2223 nec
1353 2191 1383 2223 in
1409 2201 1616 2232 perpetuum:
1640 2191 1693 2223 sed
1717 2192 1906 2231 dumtaxat,

1032 2234 1182 2273 quamdiu
1207 2242 1299 2265 verus
1322 2235 1470 2266 dominus
1487 2234 1666 2275 ignoratur:
1689 2243 1762 2264 nam
1779 2232 1800 2265 fi
1817 2234 1842 2265 is
1859 2232 1907 2265 su·

1033 2274 1218 2315 perveniat,
1243 2275 1272 2306 &
1301 2273 1438 2307 fundum
1462 2276 1526 2316 eJus
1550 2275 1670 2314 videri,
1693 2274 1812 2314 Judicis
1839 2273 1907 2306 sen·

1033 2316 1131 2348 tentia
1142 2316 1338 2355 declaretur,
1352 2317 1415 2357 jam
1432 2316 1477 2348 est
1494 2317 1547 2351 hic
1562 2317 1685 2353 exitus,
1701 2323 1736 2346 ut
1753 2315 1782 2346 ei
1799 2325 1815 2346 a
1832 2325 1905 2356 pos-

1034 2357 1146 2389 seffore
1171 2357 1250 2389 ficut
1274 2357 1391 2389 fundus
1415 2358 1500 2399 ipse,
1523 2357 1566 2389 ita
1584 2356 1704 2388 fruetus
1722 2356 1752 2387 in
1770 2365 1810 2387 eo
1827 2366 1906 2397 pen-

1033 2400 1130 2437 dens;
1147 2408 1188 2430 ex
1206 2409 1290 2430 eove
1305 2399 1409 2430 adhuc
1427 2408 1556 2436 extans,
1574 2397 1693 2430 restitui
1712 2397 1837 2429 debeat.
1861 2399 1908 2429 ni-

1031 2441 1146 2472 mirum
1157 2462 1166 2478 ,
1182 2441 1254 2479 quia
1266 2441 1380 2471 melior
1391 2440 1436 2472 est
1446 2439 1535 2472 causa
1551 2438 1643 2478 ipfius
1653 2437 1774 2470 domini
1784 2461 1793 2477 ,
1810 2447 1906 2477 quam

1032 2483 1261 2522 cujuscumque
1277 2482 1372 2513 bonae
1395 2480 1468 2513 fidei
1488 2478 1684 2521 poffefforis‚
1708 2480 1760 2520 qui
1779 2490 1812 2510 re
1829 2489 1904 2511 vera

1032 2533 1096 2554 non
1115 2522 1160 2554 est
1176 2523 1343 2562 dominus;
1361 2522 1390 2553 ἃ
1409 2522 1639 2562 quamquamin
1657 2520 1783 2555 afflone
1800 2520 1905 2552 Publi-

1034 2566 1123 2596 ciana
1140 2565 1208 2604 Jure
1227 2563 1383 2596 Praetorio
1404 2564 1551 2601 interim,
1575 2564 1648 2594 dum
1663 2563 1828 2604 ignoratur
1846 2564 1905 2594 do-

1033 2607 1154 2644 minus,
1171 2604 1318 2636 adversus
1333 2613 1520 2636 extraneum
1531 2614 1589 2645 pro
1602 2605 1735 2635 domino
1752 2604 1905 2635 habetur:

1032 2647 1062 2678 in
1080 2656 1115 2678 ea
1134 2655 1238 2678 tamen
1252 2645 1378 2677 anione
1393 2645 1541 2677 adversus
1552 2644 1650 2684 ipsum
1664 2645 1831 2677 dominum
1844 2655 1904 2686 pro

1033 2688 1167 2719 domino
1184 2696 1248 2719 non
1265 2687 1462 2718 liabetur:ut
1479 2685 1754 2726 sequeuteTitulo
1772 2688 1906 2719 demon·

1032 2729 1187 2760 strabitur.
1213 2728 1313 2769 Igitur
1339 2729 1414 2768 quid
1437 2727 1557 2759 restat?
1580 2727 1633 2759 uisi
1651 2729 1739 2767 quod
1756 2728 1852 2760 bona:
1869 2728 1905 2760 fi-

1032 2772 1083 2802 dei
1107 2768 1255 2811 posseffor
1281 2779 1393 2801 omnes
1415 2768 1535 2801 fructus
1561 2771 1774 2809 perceptione
1801 2770 1905 2802 statim

1032 2812 1102 2843 suos
1119 2812 1215 2852 pleno
1223 2811 1292 2851 jure
1305 2811 1402 2842 faciat
1413 2810 1584 2848 haetenus,
1600 2818 1634 2840 ut
1650 2811 1744 2850 poffit
1760 2821 1817 2842 eos
1828 2820 1906 2843 tam-

1031 2862 1125 2893 quam
1151 2853 1300 2885 dominus
1324 2851 1530 2890 consumere,
1555 2852 1583 2883 &
1613 2860 1629 2882 a
1656 2851 1752 2884 tertio
1780 2852 1907 2885 actione

1031 2894 1213 2926 Publiciana
1231 2894 1409 2926 vindicare:
1425 2893 1477 2925 sed
1498 2902 1563 2924 non
1584 2902 1675 2933 aeque
1693 2894 1841 2926 adversus
1860 2894 1907 2935 ip-

1031 2936 1097 2968 sum
1114 2936 1290 2968 dominum.
1309 2937 1383 2976 quin
1400 2934 1423 2967 fi
1437 2935 1463 2967 is
1480 2933 1695 2975 superveniat,
1713 2943 1752 2965 ac
1768 2933 1906 2967 fundum

1032 2977 1190 3016 vindicet,
1216 2986 1310 3018 quam
1327 2976 1438 3015 fundi,
1456 2985 1519 3007 tam
1536 2975 1743 3017 pendentium
1756 3000 1766 3014 ,
1782 2985 1835 3007 aut
1853 2986 1908 3008 ex·

1033 3018 1166 3052 tantiam
1178 3042 1189 3057 ,
1209 3018 1372 3051 fruetuum
1396 3018 1545 3050 dominus
1571 3015 1631 3048 effe
1648 3016 1767 3048 desinat
1784 3016 1905 3056 judicis

1033 3061 1208 3093 iententia:
1224 3061 1356 3101 ejusque
1371 3059 1481 3092 officio
1495 3059 1537 3090 [ic
1554 3067 1699 3090 teneatur
1708 3058 1737 3089 ei
1748 3067 1821 3089 cum
1832 3057 1905 3089 fun-

1034 3104 1077 3134 do
1097 3101 1218 3134 fructus
1241 3101 1423 3133 restituere:
1446 3099 1502 3132 nifi
1526 3110 1583 3132 eos
1607 3108 1659 3130 aut
1676 3099 1906 3139 consumpserit

1033 3145 1060 3175 d.
1075 3143 1105 3185 §.
1121 3153 1169 3185 35.
1188 3150 1241 3175 aut
1257 3142 1435 3183 usuceperit
1451 3143 1511 3180 l.4.
1528 3141 1557 3183 §.
1577 3150 1621 3177 19.
1639 3141 1685 3186 D.-
1701 3142 1737 3186 de⁸
1748 3142 1848 3182 usurp.
1865 3140 1903 3175 ὅ*

1033 3183 1150 3225 usucap.
1183 3186 1285 3218 altero
1309 3184 1400 3224 casti,
1423 3184 1496 3225 quia
1511 3183 1555 3216 est
1568 3183 1637 3224 jure
1654 3183 1740 3215 civili
1756 3183 1906 3254 dominfus

1872 3231 1903 3254 a·

1972 1013 1976 1026 l

1981 955 2000 994 s

2029 1041 2031 1057 l
