2052 3487
268 143 338 186 196

268 240 301 264 te
323 239 379 263 vn.
404 228 492 268 liujus
515 223 586 255 libri
610 219 751 260 tradidi)
774 226 840 249 non
863 217 937 255 lex,
966 215 1021 247 sed
1046 215 1132 254 paci-

266 273 422 305 scentium
439 267 573 302 utilitas,
596 263 692 294 finem
715 261 845 291 nautico
863 258 1005 298 ponebat
1027 257 1132 293 foeno*

264 316 310 353 ri,
334 320 392 352 pro
410 309 532 340 ratione
548 305 673 345 majoris
688 310 742 333 aut
763 301 895 332 minoris
921 299 1053 338 periculi
1078 307 1132 328 cu-

265 356 311 386 ‘us
329 352 466 393 pretium
484 346 636 380 creditori
653 353 694 376 eo
720 343 849 374 foenore
873 341 962 373 refici
988 347 1132 382 oportet.

262 365 374 428 i‘labes
393 399 533 431 priorem
549 386 653 419 casum
678 385 708 416 in
733 394 799 425 quo
815 382 1002 423 justinianus
1024 388 1133 412 cente-

262 437 345 469 fimae
368 432 603 472 stipulationem
622 426 771 469 pei-milit.
813 425 904 456 Alter
928 421 1015 455 casus
1040 422 1085 453 est
1102 423 1152 452 in

255 473 532 520 specierumfoenori
547 470 720 503 dationibus.
745 477 797 503 eas
815 473 921 501 autem
936 468 1046 506 species,
1068 463 1132 494 dici

256 516 405 561 frue'tus,
437 516 542 555 capite
572 520 644 543 v111.
669 510 760 550 hujus
792 508 865 541 libri
895 515 969 538 cum
994 514 1036 537 ex
1064 504 1132 536 aliis

262 557 407 596 ostendi,
431 564 499 588 tum
517 564 558 586 eit
572 552 799 593 Hieronymo,
821 550 859 580 ad
882 548 1060 579 Ezechielem
1083 547 1131 577 lib.

261 607 292 634 6.
309 612 333 632 c.
347 605 434 640 18.p.
454 600 524 630 206.
546 594 654 632 fimul,
678 603 735 625 cur
754 593 854 623 visum
873 588 1049 622 Veteribus?
1063 586 1132 618 fue-

259 644 323 682 rit,
347 651 388 673 ex
413 638 578 682 speciebus
606 635 737 666 creditis
760 633 914 673 majorem
931 655 943 672 ,
973 639 1068 671 quam
1090 638 1131 661 ex

258 693 371 722 mutua
385 681 539 724 pecunia,
562 677 685 710 usuram
700 675 877 716 indulgere.

302 726 461 758 Caeterurn
479 746 489 761 ‚
517 719 691 752 constituta
730 716 891 748 usurarum
927 714 1131 755 quantitate,

258 777 349 800 vetat
374 769 568 805 Imperator:
602 770 642 792 ne
667 769 703 790 ea
729 759 898 797 amplietur
927 764 982 787 aut
1006 754 1130 795 stipula-

259 811 351 841 tione
363 832 371 846 ,
395 816 447 838 aut
464 806 550 835 etiam
567 804 598 833 in
616 801 681 833 aliis
697 803 826 831 omnzlms
841 797 951 837 casibus
973 799 1005 828 in
1026 796 1129 837 quibus

260 853 334 883 citra
343 848 563 891 stipulationem
579 845 657 884 eoi-igi
673 842 767 878 usurae
784 839 886 880 solent.
934 839 967 870 Si
984 840 1049 880 quis
1076 846 1127 868 an-

258 898 316 930 tem
338 890 449 930 aliquid
465 893 566 919 contra
581 887 696 916 modum
717 884 804 926 hujus
822 882 931 923 fecerit
952 877 1128 920 constitutio-

257 936 322 972 nis:
343 932 445 973 juffit,
468 938 541 960 eum
561 927 673 959 nullam
684 926 805 967 penitus
820 926 854 955 cle
863 920 1013 965 superfluo
1030 921 1129 952 habere

259 972 470 1012 afflonem.secl
487 970 523 1005 ὅ)
534 968 561 1008 fi
578 967 779 1009 acceperit,in
787 968 896 1006 sortem
912 965 962 995 hoc
976 964 1127 1002 imputare.

260 1018 343 1054 adeo
363 1025 426 1047 non
445 1015 601 1053 integram
618 1009 778 1050 improbat
794 1006 1052 1048 stipulationem,
1076 1001 1128 1034 sed

259 1057 469 1099 quodillicite
485 1053 639 1094 adJeetum
650 1050 711 1089 est,
723 1059 782 1090 pro
798 1058 863 1080 non
875 1047 1000 1087 adjecto
1013 1045 1127 1076 habet:

258 1100 381 1131 scilicet
396 1122 405 1137 ,
428 1106 469 1129 ne
498 1095 641 1135 alioquin
665 1093 744 1124 utile
768 1100 826 1132 per
849 1090 961 1121 inutile
984 1087 1128 1118 vitietur.

254 1143 414 1181 denique,
437 1137 459 1171 si
476 1137 552 1179 quid
570 1134 703 1176 amplius
727 1132 873 1164 exactum
890 1130 1008 1168 fuerit,
1033 1136 1127 1169 quam

255 1183 314 1214 hac
341 1184 411 1224 lege
430 1181 477 1221 jus
494 1178 550 1216 fit,
575 1177 663 1214 vult,
686 1185 728 1206 eo
751 1173 868 1205 sortem
885 1171 993 1204 minui.

297 1224 370 1256 Fuit
394 1223 471 1255 olim
490 1220 519 1252 &
542 1217 707 1259 quadrupli
733 1225 846 1257 poena:
871 1223 906 1245 ut
921 1223 959 1245 ex
979 1211 1128 1249 Catone,

256 1266 305 1303 De
329 1275 359 1295 re
389 1261 514 1305 rustica,
539 1260 570 1292 δι
597 1258 737 1290 Asconio
763 1258 905 1289 Pediano
932 1257 963 1285 in
989 1253 1130 1284 Divinot.

251 1314 323 1350 pag.
348 1316 397 1347 27.
420 1312 495 1336 ante
521 1300 772 1333 demonstratum
803 1298 864 1329 est:
900 1297 930 1328 ὅ(
953 1297 1034 1326 hanc
1063 1303 1130 1334 poe-

256 1358 351 1388 nam,
375 1345 584 1384 desuetudine
606 1342 838 1379 inumbratam,
863 1338 980 1370 deinde
995 1336 1131 1367 reduxe0

257 1398 328 1422 rant
346 1389 471 1430 Imppp.
490 1384 753 1420 Valentinianus,
776 1379 1003 1416 Theodosius,
1027 1378 1056 1408 <St
1075 1376 1130 1407 Ar·-

258 1432 367 1463 cadius
398 1431 417 1461 i.
443 1439 471 1461 2.
497 1427 567 1458 Coa.
595 1424 696 1455 Theoti.
720 1425 754 1453 de
774 1423 880 1460 usuris.
912 1420 965 1451 sed
995 1428 1032 1450 ea
1054 1418 1130 1456 lex,

260 1475 333 1513 quia
356 1470 469 1503 Codici
488 1478 505 1499 a
526 1465 701 1507 Justiniano
716 1463 831 1496 inserta
848 1471 913 1494 non
931 1460 998 1500 est,
1020 1460 1049 1492 ei
1067 1460 1128 1492 dis-

257 1512 400 1555 plicuiss'e
418 1511 556 1542 videtur.

265 1561 267 1563 ’
299 1554 380 1586 Illud
397 1560 529 1593 quoque
553 1548 749 1589 Imperator,
772 1555 837 1587 quo
858 1543 958 1584 magis
982 1550 1131 1573 occurre-

257 1605 308 1637 ret
336 1594 571 1627 foeneratorum
599 1589 783 1628 fraudibus,
814 1583 1052 1628 prudentisfime
1078 1592 1132 1613 ve-

258 1639 341 1676 tuit;
365 1645 406 1667 ne
431 1635 501 1675 quis
525 1641 561 1664 ex
580 1631 711 1672 pecuniis
725 1629 838 1670 foenori
866 1627 989 1664 dandis,
1019 1624 1131 1665 aliquid

258 1679 440 1714 detraheret,
462 1675 508 1706 vel
530 1674 665 1705 retineret
684 1670 882 1712 filiquurztm,
911 1667 958 1699 vel
981 1665 1130 1707 sportula-

258 1731 345 1760 rum,
366 1719 498 1756 nomine,
521 1715 567 1747 vel
584 1714 703 1746 alterius
722 1713 929 1757 cujuscumque
951 1709 1041 1748 causae
1063 1716 1133 1748 gra·

259 1764 312 1793 tia.
355 1759 410 1792 Est
428 1766 535 1790 autem
552 1755 684 1797 filique,
710 1753 840 1785 auctore
859 1752 999 1787 iudom,
1023 1755 1133 1789 quarta

259 1803 290 1836 &
311 1801 459 1834 vicesima
476 1798 565 1830 solidi
584 1806 653 1838 pars
669 1796 743 1827 inde
755 1794 975 1835 filiquaticam,
1000 1799 1072 1821 cum
1089 1789 1133 1820 di-

255 1844 356 1881 midia
372 1843 480 1883 siliqua
501 1841 533 1872 in
549 1837 697 1870 nundinis
714 1845 755 1868 ex
773 1837 1002 1876 cujuscumque
1018 1831 1133 1863 mercis

257 1883 520 1927 negotiationem
538 1880 678 1921 fingulos
694 1877 813 1909 solidos
837 1875 919 1908 fisco
934 1884 951 1905 a
962 1873 1133 1905 venditore

258 1927 399 1969 exigitur
407 1949 417 1966 ,
428 1927 505 1956 item
516 1923 615 1954 altera
633 1919 760 1952 dimidia
770 1919 809 1950 ab
819 1925 978 1958 emptore.
996 1914 1059 1945 vid.
1072 1913 1133 1945 Cu-

257 1970 316 2010 Jac.
341 1969 390 1999 lib.
410 1971 459 1999 16.
484 1964 553 2004 Obs.
569 1974 593 1995 c.
616 1972 665 2003 23.
690 1958 939 2000 Porrosportulae
954 1956 1042 1994 sunt,
1066 1965 1132 1986 mu-

259 2019 354 2042 nera:
385 2009 414 2040 &
436 2007 498 2039 fuit
523 2007 549 2038 is
579 2005 758 2036 avidiorum
787 2010 858 2033 mos
882 2000 1132 2034 foeneratorum,

261 2062 303 2084 ne
327 2051 513 2082 viderentur
534 2047 629 2085 ullas,
662 2053 716 2076 aut
740 2051 830 2075 certe
853 2042 1007 2081 majores,
1039 2047 1133 2076 quam

262 2094 412 2130 deceret,
443 2090 545 2122 usuras
569 2087 726 2128 stipulari,
749 2084 937 2116 munuscula
960 2080 1133 2120 accipere,

262 2143 316 2166 aut
340 2132 517 2165 detrahere.
543 2129 688 2162 meminit
719 2126 964 2167 Hieronymus,
995 2125 1028 2154 in
1058 2120 1132 2154 Eze-

263 2176 377 2206 chielem
399 2175 445 2204 lib.
466 2177 495 2203 6.
521 2181 545 2202 c.
564 2175 611 2205 18.
637 2170 686 2201 his
706 2168 832 2205 verbis,
856 2166 921 2198 Alii
935 2171 986 2205 pro
1010 2163 1134 2205 pecunia

256 2218 406 2258 soenerata
421 2215 509 2252 solent
531 2210 706 2242 munuscula
720 2211 846 2249 accipere
867 2204 973 2241 diversi
995 2206 1107 2246 generis
1125 2214 1133 2235 :

264 2258 302 2293 ὅ)
318 2266 377 2288 non
401 2256 571 2296 intelligunt
593 2252 711 2287 usuram
733 2250 870 2292 appellari
901 2247 937 2282 ὅ)
953 2248 1133 2287 superabun-

264 2300 413 2337 dantiam,
436 2296 577 2338 quidquid
589 2294 662 2325 illud
679 2290 735 2334 eft,
754 2291 783 2329 fi
798 2293 833 2322 ab
847 2300 876 2321 eo
893 2290 969 2331 quod
983 2288 1133 2324 dederint,

260 2341 329 2382 plus
344 2340 515 2380 acceperint.
540 2335 723 2367 Lactantius
743 2342 872 2373 quoque
894 2332 942 2362 tn.
966 2334 996 2362 6.
1022 2328 1132 2360 Divin.

262 2379 355 2422 instit.
378 2391 402 2411 c.
426 2385 473 2414 18.
498 2379 539 2410 de
555 2378 625 2409 viro
648 2375 730 2416 justo
747 2384 866 2416 agens,
888 2373 929 2404 fic
947 2370 1035 2409 infit,
1059 2369 1133 2402 Ma

264 2434 321 2455 nus
345 2432 402 2454 non
417 2421 540 2461 accipiat
556 2429 574 2450 a
585 2425 730 2460 paupere,
754 2414 825 2454 atsi
840 2416 908 2457 quia
925 2414 980 2455 ipse
998 2409 1134 2452 prestita-

263 2467 323 2503 rit,
346 2474 374 2495 eo
392 2466 495 2494 bonum
510 2459 566 2499 fit,
587 2469 642 2501 quo
658 2458 756 2498 fuerit
775 2458 952 2499 gratuitum.
995 2454 1058 2485 Sed
1076 2452 1134 2484 Im·

263 2514 394 2546 perator
411 2514 475 2536 non
497 2511 621 2534 tantum
632 2499 828 2541 filiquarum,
853 2506 907 2529 aut
913 2496 1135 2537 sportularum,

263 2547 395 2579 nomine
425 2545 544 2585 aliquid
573 2541 695 2574 detrahi
719 2548 773 2572 aut
795 2540 925 2572 retineri
945 2545 1051 2569 vetat:
1084 2535 1137 2566 sed

266 2596 420 2628 praeterea
437 2587 532 2617 etiam
550 2585 668 2617 alterius
684 2583 891 2624 cujuscumque
914 2580 1003 2615 caasae
1023 2579 1135 2619 gratia.

268 2629 371 2671 Quod
394 2628 469 2667 quid
488 2627 543 2664 sit,
566 2626 677 2657 docuit
702 2633 753 2655 me
778 2620 962 2654 Ambrofius
984 2620 1031 2651 De
1050 2619 1137 2650 'I'obia

267 2681 293 2702 c.
321 2679 368 2709 14.
393 2669 479 2708 cujus
506 2668 621 2705 verba,
651 2664 705 2696 etii
729 2665 894 2704 complura
916 2663 996 2699 lint,
1026 2659 1136 2692 adscri-

266 2712 372 2743 benda
396 2709 530 2740 credidi.
552 2707 621 2739 sunt
638 2715 745 2738 autem
769 2706 848 2737 haec.
893 2704 935 2735 Et
957 2703 1029 2745 quia
1049 2701 1137 2742 pleri-

266 2763 320 2795 que
341 2752 518 2792 refugientes
541 2754 680 2789 precepta
700 2748 787 2789 legis,
812 2756 876 2777 cum
899 2745 1030 2777 dederint
1047 2750 1134 2784 pecu-

267 2797 348 2827 niam
365 2792 606 2833 negotiatoribus,
617 2798 675 2820 rzon
689 2790 720 2819 in
732 2790 856 2829 pecunia
872 2790 977 2827 usuras
993 2786 1135 2825 exiguam

260 2838 315 2877 sed
332 2837 364 2866 de
385 2833 523 2865 mercibus
538 2840 633 2862 eorum
649 2835 788 2870 tanquam
803 2830 923 2870 usuram
947 2828 1137 2858 emolimenta

262 2877 449 2920 percipiunt,
480 2874 539 2904 ideo
563 2873 685 2903 ciziciiant
703 2893 713 2906 ,
742 2871 812 2911 quid
839 2871 887 2902 lex
911 2870 1014 2900 dicat:
1045 2877 1136 2908 neque

267 2923 404 2956 usuram,
435 2915 550 2955 inquit,
579 2914 707 2949 escarum
730 2912 847 2951 accipies
862 2935 872 2950 ,
895 2920 985 2952 neque
1009 2910 1136 2940 omnium

268 2969 367 2993 rerum
381 2966 453 2998 quas
465 2954 659 2995 foeneraveris
674 2953 765 2987 fratri
786 2958 853 2983 tuo:
868 2952 961 2990 fratis
983 2952 1057 2981 erzim
1082 2948 1136 2989 ista

269 3003 308 3037 ὅ)
329 2998 550 3037 circumstriptio
568 2996 637 3037 legis
653 2991 711 3033 eft,
732 3002 790 3023 non
811 2992 948 3034 custodia.
992 2992 1035 3022 Et
1048 2998 1138 3032 putas

271 3051 298 3076 te
311 3043 357 3084 pie
366 3041 467 3081 facere
482 3039 550 3080 quia
567 3047 585 3067 a
604 3035 780 3076 negotiatore
802 3036 883 3065 velut
902 3039 1035 3064 mutuum
1045 3032 1137 3072 susci·

265 3084 338 3128 pis?
361 3083 425 3113 inde
442 3082 498 3121 ipse
509 3079 651 3119 fraudem
661 3076 743 3116 facit
763 3075 794 3104 in
811 3076 945 3104 mercium
957 3075 1050 3114 pretio
1061 3084 1070 3109 3
1083 3083 1137 3105 un-

272 3131 305 3160 de
327 3126 379 3156 tibz'
404 3122 490 3164 solvit
513 3121 643 3160 usuram.
660 3116 783 3157 fraudis
806 3115 885 3146 illius
908 3121 941 3144 tu
964 3114 1081 3153 αῑιᾶον,
1105 3121 1139 3145 tu

270 3171 428 3213 particeps,
451 3164 502 3194 tibi
519 3160 635 3203 proficit·
668 3157 788 3199 uiciquid
803 3156 849 3187 iile
860 3156 1057 3195 fraudaverit.
1098 3155 1139 3186 Iit

275 3213 339 3252 esca
354 3209 446 3249 usura
462 3202 500 3245 esi
512 3226 520 3240 ,
545 3201 581 3237 δέ)
603 3168 688 3243 veliis
703 3199 796 3239 usura
810 3195 848 3238 esi
860 3220 869 3235 ,
893 3195 930 3230 ὅ)
945 3197 1139 3237 quodcumque

267 3252 346 3297 sorti
359 3248 487 3285 accedit,
509 3244 600 3285 usura
621 3241 671 3285 est.
714 3239 800 3285 de
814 3239 884 3272 velis
899 3239 924 3271 ei
939 3245 1039 3271 nomen
1053 3237 1137 3277 impo-

868 128 1175 165 GERARDJ

1226 124 1477 160 Noonfr..
1523 154 1525 157 .
1573 126 1581 141 s
1633 155 1644 162 ,
1683 127 1709 139 '‘

1174 224 1246 262 nas,
1269 213 1362 253 usura
1382 210 1431 252 est·
1475 211 1510 244 Si
1525 210 1640 243 licitum
1654 206 1713 252 est,
1738 221 1790 243 cnr
1805 212 1973 247 vocabulum
1995 223 2035 249 re.

1169 255 1282 296 fugis?
1303 259 1355 290 'cur
1377 253 1507 285 velamen
1533 252 1663 285 obtexis?
1693 253 1726 284 St
1747 255 1882 284 illicitum
1902 254 1958 296 est,
1987 266 2037 290 cur

1175 300 1383 328 incrementum
1404 295 1550 336 requiris?
1573 293 1660 338 Quod
1671 295 1753 336 pejus
1777 293 1834 335 eft,
1856 296 1905 326 hoc
1934 298 2036 332 vitium

1174 339 1364 387 plurimorum
1379 334 1437 379 ςΙὶ,
1458 336 1498 381 ’,ᾤ’
1512 337 1782 381 maxime-divitum
1792 337 1913 382 ,quibus
1927 338 1974 369 boc
1991 350 2035 372 nn.

1175 389 1250 417 inme
1265 378 1429 420 struuntur
1443 378 1569 411 cellaria.
1611 377 1644 408 Si
1658 378 1723 418 quis
1739 375 1960 418 instaurandum
1976 390 2036 413 con.

1175 423 1290 452 ‘trivium
1310 417 1398 461 puta't
1412 443 1422 460 ‚
1445 421 1483 450 acl
1507 419 1712 461 negotiatorem
1741 421 1833 451 mittit
1849 443 1858 458 ,
1887 426 1921 450 ut
1944 421 2036 462 absyn-

1176 463 1265 496 thiaci
1280 462 1427 508 cupellam
1427 460 1485 499 fibi
1497 462 1593 509 gratis
1610 461 1721 501 deferat
1737 471 1746 496 ;
1769 462 1806 499 αςί
1829 466 1980 501 cauponem
1995 465 2035 496 di.

1173 506 1246 546 rigit
1257 527 1265 541 ,
1285 511 1322 550 ¹ut
1340 502 1621 541 Picemtn‘vtnumJ,
1635 503 1697 533 'aut
1715 501 1872 545 'syriacum
1894 503 2005 544 require

1174 550 1211 578 aa
1228 546 1358 590 lamam,
1381 549 1415 575 ut
1434 545 1559 577 vulvam
1569 543 1627 581 fibi
1642 550 1795 589 procuret:
1818 545 1857 574 ad
1876 544 2021 584 alium-sa

1169 593 1255 634 poma
1264 585 1320 624 fitz·
1336 587 1467 618 adonim
1486 588 1588 627 itaque
1607 586 1818 621 humanitatem
1829 585 1964 626 judicant
1979 593 2034 629 quc

1174 628 1265 664 alieno
1277 626 1558 669 periculo'constant‘.
1602 626 1705 673 Quod
1718 625 1747 658 s1¹
1767 626 1949 668 hujusmodi
1966 629 2034 668 quid

1175 669 1293 700 factum
1311 668 1431 714 fuerit,
1455 669 1524 701 v'ult
1540 668 1737 708 Imperator,
1761 668 1936 709 principale
1957 669 2035 701 debi-

1174 719 1243 742 tum
1260 711 1299 741 ab
1317 711 1410 741 initio
1423 720 1460 742 ea
1470 711 1758 753 quantitate-minui
1770 733 1779 749 ,
1793 711 1835 741 ita
1851 718 1886 740 ut
1903 717 1964 740 tam
1980 710 2038 751 ipsa

1175 753 1346 825 bminuenda
1363 761 1452 795 pars,
1477 761 1572 799 quam
1596 750 1693 783 usurae
1719 753 1804 792 eJus,
1827 752 1912 793 exigi
1937 752 2036 792 proni·-

1198 802 1318 825 eantur.
1446 810 1449 816 ‹
1885 798 1888 799 ⁷
2028 809 2029 813 =

1210 835 1367 866 Praeterea
1383 843 1455 867 eum
1472 833 1617 866 futurum
1632 834 1920 872 animadverteret,
1939 839 1972 864 ut
1989 823 2036 874 qui

1171 884 1295 908 tantum
1313 877 1445 908 trientes
1461 875 1566 907 usuras
1583 875 1723 917 stipulari
1742 873 1867 915 possent
1880 899 1889 914 ,
1913 874 1967 915 ipsi
1981 876 2036 908 im,

1171 927 1229 965 nus
1245 919 1376 965 darent,
1401 927 1466 950 non
1482 927 1539 958 per
1556 916 1607 954 se,
1631 916 1684 948 sed
1700 918 1758 957 pei·
1774 916 1851 948 alios
1869 917 1982 957 quibus
1994 917 2037 957 Jue

1172 959 1269 1006 esset,
1292 968 1427 999 majores
1451 959 1557 991 usuras
1589 957 1746 999 stipulari,
1780 958 1875 990 etiam
1898 957 1998 998 Jussit,
2018 958 2036 991 fi

1172 1002 1247 1042 quid
1266 1001 1328 1032 tale
1349 999 1467 1033 factum
1485 1000 1694 1041 probaretur,
1717 1009 1782 1030 non
1798 998 1840 1030 iic
1863 1001 2036 1039 computari

1171 1042 1296 1090 usuras,
1323 1042 1405 1083 quali
1422 1045 1452 1073 in
1470 1041 1707 1082 stipulationem
1723 1041 1868 1073 deductae
1893 1040 2000 1072 forent
2021 1049 2036 1076 a

1171 1083 1307 1131 subjecta
1321 1083 1472 1129 persona:
1496 1082 1549 1115 sed
1566 1082 1649 1123 quasi
1666 1081 1731 1123 ipse
1749 1083 1800 1122 qui
1818 1092 1887 1114 eam
1907 1082 2036 1122 subjece-⁴

1171 1134 1232 1174 rit,
1263 1135 1315 1158 eas
1338 1124 1501 1165 stipulatus
1528 1123 1630 1156 esset:
1663 1124 1693 1155 &
1722 1124 1797 1155 ideo
1821 1123 1942 1161 usuras,
1979 1133 2036 1158 non

1171 1177 1327 1208 majores,
1364 1166 1418 1198 sed
1441 1167 1600 1204 minores,
1625 1166 1654 1197 ei
1688 1164 1778 1197 solvi.
1802 1174 1839 1196 ac
1862 1164 1883 1197 fi
1907 1173 1974 1202 uuae
1997 1164 2036 1197 sn.

1173 1208 1273 1256 spicio
1291 1209 1355 1256 ejus
1379 1207 1623 1241 machinationis
1650 1206 1747 1245 effet3
1772 1216 1833 1240 nec
1850 1214 1956 1238 tamen
1973 1215 2038 1247 pros

1173 1251 1238 1282 bari
1259 1249 1378 1291 pollet:
1404 1249 1527 1288 voluit,
1558 1249 1699 1282 debitori
1719 1249 1768 1288 jus
1793 1247 1874 1287 effe,
1905 1249 2036 1280 creditoz

1174 1301 1241 1324 rem
1266 1301 1379 1332 urgere
1408 1291 1446 1323 ad
1472 1290 1670 1332 jurisjurandi
1695 1288 1947 1330 praestationem:
1979 1297 2036 1330 quo

1175 1334 1335 1380 declaret,
1360 1332 1390 1363 se
1420 1342 1472 1364 eas
1496 1331 1618 1370 usuras,
1651 1341 1716 1363 non
1744 1331 1869 1370 alieno,
1893 1330 1947 1362 fed
1971 1329 2037 1371 suoi,

1172 1385 1323 1414 nomine,
1349 1374 1530 1415 stipulatum
1548 1372 1620 1405 effe.
2028 1384 2032 1396 «-

1212 1418 1319 1456 Atque
1344 1415 1412 1447 haec
1443 1415 1591 1447 obtinere
1620 1414 1751 1452 voluit,
1788 1412 1810 1444 fi
1844 1412 2038 1454 stipulatione

1173 1457 1327 1499 promissae
1347 1456 1406 1489 fint
1428 1456 1536 1488 usurae.
1579 1456 1642 1487 Sed
1672 1456 1767 1496 quid,
1790 1453 1813 1487 fi
1836 1454 1899 1487 fine
1924 1464 1960 1487 ea
1989 1456 2038 1487 ‹le-

1174 1502 1308 1532 beantur
1323 1499 1433 1530 officio
1451 1497 1595 1538 ludicis‘?
1618 1497 1703 1529 idem
1729 1505 1834 1537 puto:
1859 1496 1889 1527 ἃ
1913 1496 1977 1528 hoc
1999 1495 2036 1528 se}

1174 1543 1306 1582 quentia
1326 1540 1486 1581 justiniani
1513 1539 1611 1571 verba
1634 1538 1821 1580 indigitare,
1857 1538 1978 1569 Caeteros
1992 1545 2052 1572 ato-i

1173 1590 1227 1615 tem
1256 1581 1396 1623 [ornnes]
1428 1582 1551 1613 homines
1575 1581 1726 1611 dimidiam
1756 1580 1951 1610 tantummodo
1982 1573 2052 1610 cmi

1174 1623 1274 1663 tefimae
1295 1628 1453 1661 usurarum
1477 1621 1637 1666 [nomine]
1662 1620 1738 1662 poffe
1747 1619 1908 1661 stipulari:
1932 1618 2038 1655 &em

1175 1667 1369 1708 quantitatem
1385 1665 1541 1699 usurarum
1558 1664 1646 1695 etiam
1662 1664 1694 1694 in
1712 1663 1777 1698 aliis
1795 1663 1924 1693 omnibus
1938 1659 2052 1699 casibusi

1175 1707 1254 1738 nullo
1276 1709 1355 1738 modo
1371 1706 1523 1746 anzpiiari,
1546 1705 1578 1735 in
1604 1705 1708 1746 quihus
1734 1704 1810 1734 citra
1825 1702 2052 1744 stipulationem*

1176 1750 1256 1790 exigi
1288 1752 1381 1789 usuroe
1401 1741 1506 1787 solent.
1549 1745 1616 1777 Nec
1638 1745 1722 1776 liceat
1740 1745 1838 1786 judici
1865 1750 2052 1777 memoratam

1175 1799 1279 1831 augere
1293 1790 1473 1821 taxationem
1483 1785 1641 1826 ,occasione
1655 1786 1869 1825 consuetudinis
1885 1787 1917 1818 in
1933 1786 2037 1827 regione
2050 1797 2052 1813 ι

1175 1832 1338 1862 obtinentis.
1385 1828 1494 1860 Potest
1523 1828 1619 1869 igitur
1649 1827 1752 1868 judex
1780 1826 1891 1858 officio
1917 1826 1973 1858 suo
2000 1824 2052 1858 se'u

1177 1872 1297 1911 miss'es,
1321 1879 1376 1902 aut
1392 1872 1555 1908 minores,
1577 1868 1680 1900 usuras
1699 1867 1913 1907 constitueret,
1935 1867 1956 1900 fi
1972 1869 1997 1899 is
2009 1868 2052 1903 in*

1179 1915 1315 1955 regione
1333 1922 1405 1944 mos
1421 1912 1474 1944 sit:
1499 1911 1552 1943 sed
1566 1911 1702 1951 majores
1717 1919 1781 1942 non
1800 1909 1917 1951 potest.
1942 1917 2052 1941 exem-¹

1177 1956 1232 1997 plo
1249 1956 1325 1996 juris
1343 1954 1460 1988 veteris
1489 1961 1555 1992 quo
1578 1951 1684 1992 Judex
1701 1952 1796 1983 etiam
1815 1952 1922 1992 potuit
1938 1960 1987 1983 eas
2003 1959 2038 1982 ex

1176 2007 1268 2029 more
1285 1995 1424 2039 regionis
1444 1993 1597 2031 definire3
1620 1994 1720 2025 modo
1736 1993 1757 2024 fi
1775 1994 1857 2024 intra
1874 1993 2052 2034 legitimas‚·

1176 2039 1240 2070 sive
1266 2036 1471 2074 centesimas,
1502 2034 1713 2067 consisteret:
1755 2043 1790 2065 ut
1821 2044 1862 2065 ex
1887 2033 2052 2074 Papiniani-

1176 2080 1282 2111 verbis
1307 2088 1376 2119 quae
1392 2076 1523 2120 apposui
1540 2086 1580 2108 ex
1604 2077 1623 2107 l.
1644 2086 1669 2107 1.
1694 2075 1736 2106 D.
1761 2077 1794 2107 de
1818 2076 1933 2116 usuris,
1957 2074 2039 2106 intel-

1177 2122 1303 2163 ligitur,
1328 2120 1402 2151 Cum
1412 2120 1523 2161 jndicio
1541 2119 1616 2148 bonae
1626 2117 1699 2157 fidei
1714 2117 1908 2157 disceptatur,
1925 2115 2052 2147 arbitrio-

1172 2164 1282 2205 judicis
1299 2165 1454 2202 usurarum
1471 2160 1570 2190 modus
1585 2169 1622 2190 ex
1641 2168 1716 2189 more
1738 2160 1883 2199 regionis,
1913 2159 1962 2189 ubi
1983 2165 2052 2188 con-¹

1177 2203 1302 2235 natium
1324 2202 1381 2243 est,
1405 2200 1614 2242 constituitur:
1639 2202 1682 2231 ita
1706 2206 1820 2238 tantan,
1851 2206 1885 2230 ut
1910 2199 1966 2240 legi
1987 2207 2052 2228 mn·

1176 2245 1314 2287 offendat.
1364 2242 1472 2276 Poss'et
1498 2243 1566 2283 quis
1590 2241 1738 2281 opinari,
1769 2239 1928 2281 posti-ema
1950 2239 2036 2273 verba

1177 2287 1240 2319 effe
1258 2296 1273 2317 a
1295 2284 1498 2316 Triboniano
1515 2283 1635 2324 adjecta
1652 2292 1693 2314 ex
1715 2281 1875 2322 superiore
1899 2281 1976 2322 legis
1991 2280 2036 2321 Ju-

1177 2329 1335 2361 stinianeae
1353 2326 1453 2358 versu.
1496 2326 1559 2357 Sed
1576 2333 1616 2356 ex
1635 2324 1684 2355 his
1713 2333 1783 2364 quae
1808 2324 1873 2355 dixi
1898 2324 1987 2364 capite
2006 2331 2037 2353 v.

1177 2371 1214 2405 &J
1236 2378 1279 2400 vi.
1304 2369 1394 2411 hujus
1418 2368 1500 2406 libri,
1525 2374 1627 2408 puto,
1657 2373 1807 2407 apparet,
1836 2365 1940 2396 verius
1963 2362 2036 2402 effe,

1177 2421 1214 2443 ea
1240 2410 1402 2451 Papiniani
1426 2408 1498 2440 esse.
1530 2407 1672 2449 quamvis
1689 2429 1699 2446 ,
1727 2406 1748 2438 fi
1773 2405 1965 2446 exponenda
1986 2403 2052 2437 {inv

1179 2453 1277 2499 hodie
1293 2461 1333 2483 ex
1348 2451 1509 2492 justiniani
1526 2457 1651 2486 mente,
1675 2457 1742 2479 non
1763 2456 1957 2490 repugnem,
1979 2453 2052 2486 quoi

1178 2503 1282 2526 minus
1309 2503 1349 2525 ex
1374 2493 1433 2524 hac
1457 2493 1529 2532 lege
1559 2490 1718 2531 accipiant
1747 2490 2052 2530 interpretationem*

1179 2545 1273 2576 quam
1289 2544 1363 2565 ante
1379 2543 1443 2565 non
1462 2534 1610 2564 habuere.
1645 2531 1698 2563 Sic
1712 2539 1800 2561 certe
1817 2530 1915 2562 vii'um
1933 2528 2052 2560 Theo·-

1180 2581 1261 2609 ‹lor-0
1280 2575 1396 2614 Bafilic.
1418 2575 1466 2605 lib.
1492 2583 1540 2613 23.
1564 2574 1610 2604 tit.
1626 2582 1655 2613 3.
1669 2572 1777 2612 scholio
1793 2572 1832 2603 ad
1850 2581 1921 2603 eum
1938 2571 2052 2607 locumi

1174 2626 1206 2660 p.
1226 2622 1296 2659 388.
1321 2624 1387 2647 tom.
1411 2626 1439 2657 3.
1465 2624 1560 2652 eum,
1584 2614 1619 2645 In
1643 2615 1747 2651 bonae,
1769 2614 1890 2652 inquit,
1916 2611 2052 2652 fiaetjwi

1179 2661 1262 2691 dicits
1282 2659 1462 2703 perrizittitur
1479 2657 1575 2698 judici
1596 2656 1758 2697 cognoscere
1783 2656 1815 2685 a'e
1839 2655 1952 2694 usuris,
1985 2660 2035 2684 eas·

1179 2710 1233 2743 que
1248 2701 1366 2740 definire
1383 2700 1538 2736 sectandum
1555 2707 1601 2728 eas
1622 2705 1696 2737 quae
1720 2698 1752 2726 in
1775 2696 1888 2736 regione
1905 2696 2052 2735 frequen-i

1180 2748 1302 2780 tantur,
1326 2743 1375 2772 ubi
1391 2739 1569 2771 contractam
1586 2737 1642 2778 est:
1666 2736 1721 2773 nisi
1743 2737 1789 2768 lex
1811 2738 1989 2779 refragetur:
2008 2732 2038 2765 i&

1179 2782 1236 2824 cst,
1260 2789 1331 2814 tunc
1343 2783 1438 2824 judex
1453 2790 1557 2811 morem
1572 2781 1693 2821 regionis
1711 2780 1793 2820 sequi
1816 2779 1912 2817 dehet,
1933 2775 2051 2818 quando*

1177 2825 1267 2865 usura
1278 2834 1361 2866 ‘qnae
1370 2825 1583 2864 frequentatur
1598 2823 1629 2851 in
1646 2822 1775 2861 regione,
1800 2829 1858 2851 non
1880 2818 1986 2852 excedit
1992 2815 2050 2889 sb*

1178 2866 1283 2912 mzffem
1305 2866 1433 2900 usuram.
1477 2863 1577 2906 Quod
1600 2862 1621 2894 fi
1639 2861 1702 2900 est3
1725 2871 1857 2899 vereor,
1881 2870 1921 2893 ne
1943 2856 2036 2899 lapsus

1178 2908 1276 2939 videri
1302 2906 1396 2947 poffit
1419 2904 1569 2937 Claudius
1591 2903 1773 2941 Salmasius,
1806 2901 1853 2934 De
1874 2902 1951 2934 modo
1975 2894 2050 2938 usu-l

1178 2959 1281 2994 rarum
1297 2958 1320 2979 c.
1339 2959 1367 2987 4.
1387 2954 1457 2989 pag.
1486 2949 1554 2978 181.
1578 2947 1609 2977 in
1625 2944 1709 2977 fine:
1733 2954 1806 2976 cum
1823 2944 1863 2975 de
1879 2939 2049 2976 trientibusl

1180 2991 1276 3034 uiuris
1300 2992 1342 3020 ita
1370 2988 1458 3026 infit,
1517 2997 1569 3018 aas
1592 2987 1697 3027 usuras
1719 2987 1839 3016 videtur
1855 2982 2048 3024 Justinianusi

1179 3032 1308 3063 omnibus
1326 3033 1411 3061 bonae
1423 3028 1493 3069 fidei
1510 3028 1702 3060 commentus
1714 3025 1877 3067 praefiniffe
1891 3033 1962 3066 quae
1978 3023 2048 3055 olimi

1181 3083 1217 3104 ex
1238 3082 1312 3103 more
1338 3072 1461 3113 regionis
1478 3071 1597 3101 arbitrio
1617 3070 1728 3110 judicis
1751 3064 1885 3107 constitui
1913 3065 1995 3097 moris
2015 3069 2036 3092 e·

1181 3120 1248 3152 rat,
1271 3115 1339 3145 dum
1355 3122 1390 3144 ne
1405 3112 1601 3152 legitimarum
1615 3111 1728 3141 modum
1749 3105 1914 3145 transirent.

1222 3155 1284 3187 Sed
1300 3155 1395 3196 quid,
1418 3153 1440 3185 fi
1458 3153 1509 3184 lex
1525 3152 1604 3183 velit
1620 3160 1685 3191 quo
1706 3150 1737 3181 in
1760 3148 1831 3180 casu
1854 3148 1987 3187 majores
2007 3151 2035 3175 u·

1182 3195 1264 3227 suras
1293 3194 1494 3236 adjudicari?
1525 3193 1594 3224 fac:
1624 3199 1713 3222 tutor
1741 3189 1851 3230 pupilli
1878 3186 2046 3229 pecuniam*

1181 3239 1267 3276 cujus
1285 3237 1418 3270 tutelam
1435 3232 1686 3271 administrabat,
1708 3231 1740 3265 in
1761 3230 1830 3263 usus
1852 3230 1941 3269 suos,
1963 3227 2034 3258 clam

1970 3273 2045 3299 con-1
