2036 3495
242 134 243 137 ¹
284 141 347 176 An
381 142 469 175 Lia.
497 138 561 175 IV.
595 136 694 173 Τιτ.
723 134 821 171 viii.
858 135 909 171 De
924 136 1061 180 receptis.
1091 134 1323 181 quim-bitriitm
1340 141 1534 180 receperam,
1563 132 1630 174 &aa

55 235 119 272 dit,
139 231 170 264 Iti
192 230 313 262 Labeo.
338 231 508 271 Subjicitur
522 237 600 261 vero
616 236 656 258 ex
666 225 858 272 ‘Paul-ol316.
868 228 894 257 d
906 232 927 258 τ.

53 274 131 307 Etsi
150 283 210 314 qua
226 273 284 304 alia
302 271 551 304 incommoditas
566 270 594 301 ei
613 267 862 313 postnarbitrium
882 278 933 307 in-;

52 317 145 350 cidat.
170 314 221 346 sed
239 316 268 345 iii
287 314 375 345 causa
396 312 614 349 valetudinis,
628 309 840 351 (imilibusve,
858 319 928 341 cau-

52 358 82 390 sa
106 358 254 398 cognita,
279 353 407 387 differre
426 356 563 396 cogitur.
588 351 705 383 Similia
721 352 738 381 l.
758 360 786 386 9.
804 352 832 392 5.
849 362 878 392 3.
897 361 926 390 4.

49 411 82 439 5.
101 399 121 430 l.
145 409 192 430 io.
211 398 247 433 ἐξ
269 407 314 431 11.
331 396 357 429 b.
377 404 397 428 i.
420 395 497 429 item
519 396 537 427 l.
570 403 615 434 17·
643 392 669 435 §.
694 402 719 424 1.
739 403 767 424 2.
788 394 816 424 dt
834 393 852 424 l.
875 403 932 434 32.-

51 441 79 483 §.
106 450 128 472 1·
149 440 185 474 {5⁹
198 445 274 484 seqq.
293 449 360 482 quae
385 439 491 471 omnia
510 445 653 468 enarrare
681 434 812 474 longum
831 434 926 466 foret.

91 481 153 513 Sed
166 491 195 514 in
210 484 301 515 viam.
322 488 469 520 apparet,
487 479 658 515 arbitrum,
677 475 696 507 si
713 476 790 507 nihil
807 475 842 507 fit
859 485 923 515 quo

53 522 222 556 excusetur
237 535 251 555 a
269 521 449 556 necessitate
467 520 609 552 dicendae
619 518 800 556 sententiae,
819 528 834 548 a
848 517 924 548 Prae-

51 573 123 596 tore
141 564 443 607 cogi,'sententiam
460 562 578 593 dicere.
609 559 662 591 13st
678 568 784 591 autem
803 559 936 591 senten-v

52 607 112 642 tia,
138 607 243 638 ultima
265 606 378 641 Iudicis
398 603 617 645 pronuntiatio
636 611 695 641 qua
720 601 744 632 is
763 601 810 632 liti
827 600 924 632 finem

50 648 190 688 imponit
209 641 478 679 condemnatione
495 645 546 676 vel
559 643 759 675 absolutionc
772 643 826 673 rei.
851 642 925 689 inde

50 700 99 722 res
112 690 246 729 judicata
264 689 440 728 appellatur
456 688 473 717 l.
496 696 521 717 1.
545 686 584 717 D.
603 687 635 716 cie
652 685 838 730 rejiidz'cattz.
871 682 925 728 hit

51 732 163 767 etiam,
187 731 236 761 ubi
267 729 421 761 sententia
445 730 484 760 ad
511 727 776 758 interlocutiones
795 733 924 765 porrigi-

52 781 116 804 tur:
136 772 184 802 sed
204 771 249 803 liis
266 771 480 811 opponiturin
497 768 612 800 Titulo
631 768 781 806 Codicis,
802 766 924 811 Desert-

50 815 147 844 teticz'is
163 812 199 847 ὅ)
217 813 484 844 interlocutionibus
495 835 503 849 ,
522 812 664 850 itemque
683 819 712 839 in
729 809 747 840 l.
761 818 807 846 14·
823 809 850 838 ἃ
866 805 924 852 Ti-

49 855 118 886 tulo
135 853 338 895 Digestorum
351 879 359 891 ,
381 853 425 884 1>e
440 863 467 884 re
480 853 634 894 judicata,
653 850 688 885 ὃ)
700 851 733 881 cie
749 849 925 896 effeciujen·

49 897 223 933 tt’ntz'arztm,
248 896 283 931 ὅ)
301 898 334 926 de
350 895 628 926 interlocutionibus.
676 891 729 923 Est
747 900 841 932 igitur
857 892 922 922 ien-

51 938 150 968 tentia
163 939 292 978 proprie
303 936 477 968 definitiva.
497 945 603 974 eoque
613 937 713 965 modo
726 931 863 978 Paulusln.
879 941 926 977 ¹9·

49 978 77 1021 §1
101 988 124 1010 i.
143 978 179 1014 &⁹
196 990 212 1010 2
243 980 270 1010 h⁴
291 985 311 1009 t.
330 980 360 1009 in
378 979 441 1009 linc
458 977 573 1010 Edicto
588 976 775 1007 sententiam
793 981 926 1013 accipit:

48 1022 246 1052 Sententiam
273 1021 439 1059 inquiens,
463 1020 571 1049 dicere
597 1027 670 1048 eum
689 1018 795 1055 quiea
819 1023 927 1046 mente

52 1063 127 1103 quid
144 1063 353 1103 pronunciat,
373 1070 405 1092 ut
417 1060 588 1093 secundum
609 1061 639 1089 id
659 1058 821 1089 discedere
838 1066 893 1087 eos
911 1065 927 1086 a

52 1111 121 1134 tota
138 1103 353 1134 controversia
371 1103 457 1133 velit.
504 1101 592 1133 Bene
608 1101 704 1137 dicit,
728 1109 745 1130 a
769 1106 835 1129 tota
850 1106 926 1128 con-

52 1144 213 1176 troversia.
238 1146 299 1183 ita,
324 1144 344 1176 ss
364 1144 414 1175 de>
428 1144 568 1184 pluribus
590 1143 683 1172 rebus
703 1140 738 1172 sit
763 1140 926 1186 arbitrium

53 1185 239 1226 receptum,
257 1185 310 1217 nisi
327 1195 438 1216 omncs
456 1182 688 1215 controversias
706 1181 844 1218 finierit,
861 1190 926 1210 non

50 1229 181 1259 videtur
197 1227 277 1260 diCta
294 1226 447 1258 sententia
459 1228 485 1257 ci.
502 1226 531 1267 §.
554 1235 579 1256 1,
593 1224 701 1261 Idem;
720 1222 739 1253 fi
755 1224 876 1267 incerta
891 1221 927 1252 sit

51 1270 225 1300 sententia:
252 1269 324 1309 quia
349 1268 470 1298 incerta
488 1277 553 1297 non
572 1266 707 1296 habetur
725 1273 783 1302 pro
802 1263 925 1294 lenten-

52 1312 95 1341 tia
112 1311 131 1341 i.
149 1320 196 1342 21.
215 1311 281 1351 53.
301 1311 329 1340 h.
348 1316 368 1339 t.
394 1306 534 1349 Quid,fi
550 1307 656 1346 iniqua
671 1304 733 1337 fit?
751 1306 791 1335 de
809 1305 867 1335 hac
883 1305 927 1335 ni-

50 1352 96 1383 hil
122 1351 252 1382 Praetor.
275 1352 369 1391 igitur
391 1349 515 1390 qualem
538 1348 654 1379 arbiter
669 1348 753 1379 dicat
778 1345 926 1377 sententi-

51 1403 123 1432 am,
153 1393 190 1424 ad
216 1392 389 1423 Ptaeterem
412 1400 477 1422 non
499 1391 665 1431 pertinet:
696 1388 796 1419 modo
822 1388 927 1424 dicat,

50 1434 138 1476 quod
153 1433 208 1473 ipsi
220 1435 345 1465 videtur
360 1434 389 1464 ci.
404 1432 423 1464 l.
444 1441 491 1469 19.
511 1431 576 1462 hoc
593 1431 677 1461 enim
697 1432 803 1460 animo
823 1430 926 1460 aditur

51 1476 70 1508 Ι.
90 1479 138 1517 76.
159 1475 197 1507 D.
218 1476 274 1506 Pro
294 1475 373 1506 socio.
389 1474 421 1505 in
437 1482 542 1510 eoque
558 1471 665 1504 differt
678 1481 694 1502 a
711 1471 830 1511 Judice.
855 1480 925 1502 nam

51 1517 128 1549 huic
150 1526 236 1548 certa
256 1515 465 1557 praescribitur
479 1514 637 1551 formula,
662 1514 700 1544 ab
716 1523 756 1543 eo
777 1512 927 1544 servanda

53 1559 132 1591 Leo.
153 1558 192 1589 D.
211 1559 244 1589 de
256 1559 393 1600 judicum
413 1556 464 1587 nisi
483 1557 671 1587 convenerit.
690 1558 772 1585 inter
789 1555 923 1595 litigato·

54 1609 125 1635 res,
145 1599 218 1637 quid
237 1606 464 1639 pronuncietur
480 1597 498 1628 l.
517 1601 566 1630 26.
586 1596 626 1627 D.
644 1598 677 1627 cle
693 1606 720 1626 re
732 1596 876 1636 judicata.
896 1602 928 1626 at

56 1651 93 1672 ea
118 1641 237 1672 arbitro
262 1640 345 1671 nulla
373 1641 519 1676 ponitur,
545 1648 584 1670 ne
609 1648 623 1668 a
647 1638 841 1678 litigantibus
860 1638 927 1677 qui-

57 1682 148 1715 dem:
168 1691 303 1722 opinor,
319 1681 391 1721 quia
403 1704 412 1718 ,
428 1681 547 1711 arbitro
568 1679 798 1720 pronunciante
818 1688 857 1709 ex
872 1688 927 1710 eo-

56 1733 127 1756 rum
152 1722 324 1761 consensu,
349 1732 412 1753 non
440 1722 507 1762 plus
535 1720 602 1753 sunt
617 1720 773 1758 babituri,
799 1729 891 1760 quam
907 1719 928 1751 fi

56 1764 113 1804 ipsi
132 1766 211 1795 inter
227 1765 256 1795 se
277 1763 480 1804 paciscantur.
504 1772 592 1794 certe
609 1762 691 1793 actio
707 1769 759 1793 aut
776 1762 928 1802 exceptio

56 1808 102 1837 rei
119 1806 265 1845 judicatae
284 1815 348 1839 non
376 1805 510 1836 nascitur
533 1814 572 1835 cx
595 1804 661 1843 ejus
677 1802 849 1842 sententia,
873 1803 929 1834 etsi

56 1855 192 1887 utraque
209 1855 373 1887 competat
392 1857 431 1878 ex
448 1845 602 1877 sententia
619 1845 746 1884 judicis.
773 1845 802 1876 ἃ
820 1846 893 1876 ideo
909 1844 930 1876 si

56 1886 366 1928 siccompromiffum
379 1887 478 1921 sitan
495 1888 611 1919 arbiter
629 1895 747 1918 certam
764 1890 850 1918 dicat
866 1887 918 1918 sen

58 1931 212 1967 tentiam;
230 1940 295 1961 non
313 1931 395 1960 waiet
412 1930 594 1960 arbitrium·
612 1930 640 1959 in
661 1938 724 1967 quo
742 1927 847 1960 futura
866 1928 931 1968 ejus

57 1970 224 2002 iententiae
249 1971 344 2003 libera
363 1980 424 2001 non
443 1970 478 2001 fit
496 1970 628 2001 facultas
646 1970 664 2000 l.
686 1979 730 2008 ¹7-
752 1969 780 2012 §.
798 1980 826 2011 3,
845 1970 864 2001 l.
885 1979 929 2006 19.

52 2019 101 2054 pr.
117 2013 146 2045 h.
164 2019 185 2044 t.
213 2012 298 2043 Vere
316 2013 411 2053 igitur
424 2010 574 2052 Ulpianus
591 2012 608 2043 l.
621 2022 658 2051 27
688 2011 717 2053 5.
733 2021 761 2042 2.
776 2012 794 2042 b
825 2017 846 2042 t.
866 2011 919 2041 Sta

56 2055 102 2093 ri,
119 2054 241 2094 inquit,
259 2055 356 2084 debet
374 2053 536 2084 sententiae
553 2053 659 2083 arbitri
677 2062 769 2092 quam
789 2053 828 2083 de
846 2063 877 2084 te
890 2053 933 2084 di-

57 2097 159 2128 xerit:
185 2095 247 2127 sive
266 2104 375 2134 aequa,
397 2094 460 2126 {ive
477 2096 582 2132 iniqua
600 2093 653 2125 sit:
679 2095 706 2125 dc
725 2094 777 2125 sibi
797 2096 932 2133 imputet

60 2137 114 2177 qui
130 2136 361 2177 compromisit.
385 2146 455 2167 nam
476 2136 504 2167 ὅ(
523 2136 553 2167 D
586 2135 629 2166 Pii
645 2135 812 2176 Rescripto
827 2137 930 2176 adjici-

59 2186 128 2215 tur,
144 2178 194 2208 vel
212 2178 313 2209 minus
330 2178 528 2218 probabilem
548 2177 734 2209 sententiam
756 2187 848 2218 aequo
866 2178 929 2208 ani-

58 2228 114 2251 mo
138 2218 221 2250 ferre
245 2220 351 2250 debet.
398 2218 580 2250 Videndum
607 2227 709 2249 tamen
735 2219 816 2257 ess'e,
842 2227 931 2259 putat

59 2259 214 2301 Ulpianus
231 2262 258 2292 d.
274 2262 292 2291 l*
316 2270 360 2296 19.
378 2260 397 2302 §
420 2270 445 2291 2.
464 2270 501 2291 an
517 2261 634 2292 arbiter
649 2269 770 2291 mutare
785 2261 931 2292 sententi-

59 2311 109 2333 am
127 2302 230 2342 poffit.
256 2302 285 2332 ἀ
304 2303 377 2332 alias
393 2303 541 2341 quidem,
557 2302 679 2341 inquit,
696 2302 739 2332 est
759 2303 928 2343 agitatum,

59 2343 82 2376 fi
98 2344 215 2375 arbiter
227 2343 309 2384 juffit
325 2344 408 2382 dari,
426 2352 501 2375 mox
517 2345 642 2381 vetuit3
668 2352 769 2375 utrum
787 2354 826 2374 co
844 2344 932 2385 quod

58 2385 159 2426 Juffit,
182 2395 219 2416 aii
237 2395 276 2415 eo
294 2387 380 2424 quod
400 2386 519 2423 vetuit,
539 2384 606 2416 stari
625 2385 748 2416 debeat,
776 2393 841 2416 turn
859 2395 932 2426 por-

59 2436 116 2466 το,
141 2427 170 2458 &
193 2427 343 2463 Sabinus,
369 2426 457 2463 infit,
484 2430 607 2466 putavit
634 2426 732 2467 polit».
778 2428 818 2458 At
839 2427 932 2464 paulo

60 2467 303 2506 imprudentius.
328 2468 369 2499 {ic
392 2469 465 2498 mibi
496 2469 638 2507 videtur3
662 2478 715 2504 ac,
740 2468 794 2500 nisi
819 2468 931 2506 fallor,

64 2509 159 2540 etiam
176 2510 333 2548 Ulpiano,
352 2519 391 2540 ne
409 2509 541 2541 Caffium
560 2510 686 2549 quidem
704 2509 796 2549 fugit.
821 2519 883 2540 non
903 2519 932 2540 e-

62 2549 126 2590 nim
144 2550 205 2580 alio
223 2550 341 2590 speetat
359 2551 598 2591 quodsubjicit3
617 2551 733 2582 Cailius
747 2554 933 2583 tententiam

62 2590 200 2631 magistri
218 2591 257 2622 sui
275 2593 356 2623 bene
368 2592 502 2623 excusat.
521 2591 641 2624 sensus:
658 2593 788 2624 Poterat
800 2603 867 2623 eain
887 2602 932 2623 rc-

62 2633 178 2672 jicere,
193 2641 259 2662 erat
276 2634 358 2663 enim
377 2634 614 2672 improbabilis3
631 2633 683 2666 sed
699 2635 934 2666 maluitictine-

63 2683 99 2704 re
115 2671 217 2712 specie
234 2673 523 2711 interpretationis:
549 2675 675 2714 dicens,
700 2676 850 2707 Sabinum
869 2685 934 2706 non

65 2715 104 2746 de
122 2723 157 2744 ea
174 2713 291 2744 sentisse
311 2714 479 2753 sententia,
508 2725 576 2755 quae
591 2718 753 2749 arbitrium
772 2716 878 2754 finiat,
903 2717 935 2747 id

65 2755 126 2791 cst,
154 2755 193 2785 de
212 2753 559 2789 sententia-definitiva:
584 2758 633 2790 sed
651 2762 689 2790 de
709 2760 936 2799 praeparatione

65 2796 182 2833 causae,
205 2796 237 2826 id
254 2796 314 2833 est,
334 2798 372 2826 de
391 2797 656 2831 interlocutione;
681 2809 713 2831 ut
733 2810 825 2841 puta,
844 2799 934 2838 sijus-

65 2837 158 2877 serit,
182 2837 356 2878 litigatores
374 2835 521 2869 Kalendis
538 2839 658 2875 adesse,
683 2851 756 2872 mox
774 2841 877 2872 Idibus
893 2841 934 2880 ju-

64 2880 150 2911 beat.
175 2888 245 2909 nam
273 2887 393 2909 mutare
412 2889 483 2910 enm
503 2880 584 2911 diem
607 2882 702 2920 posse.
722 2892 890 2918 caererum,
915 2880 937 2912 si

65 2921 295 2954 condemnavit
319 2920 367 2949 vel
390 2921 540 2957 absolvit,
565 2922 712 2961 (quando
735 2926 853 2955 arbrrer
875 2922 936 2953 effe

65 2962 210 2999 desierit)
225 2969 345 2991 mutare
362 2959 546 2992 sententiam
565 2972 627 2992 non
639 2964 724 3002 posse
741 2967 766 2995 d,
779 2966 796 2996 l.
815 2975 849 3001 19
868 2964 895 3005 5.
910 2973 936 2994 2.

64 3004 117 3036 Sic
136 3003 278 3035 Cassitis:
305 3003 435 3041 ejusque
459 3005 680 3035 verecundiam
703 3006 805 3037 laudat
832 3005 937 3044 Ulpia-

63 3055 133 3079 nus.
159 3054 218 3085 ego
231 3044 377 3075 omnibus
395 3044 447 3083 qui
460 3045 609 3085 ingenuas
627 3046 816 3079 profitentur
834 3055 935 3083 artes,

65 3087 87 3119 fi
103 3087 241 3118 habeant
259 3084 476 3122 occasionem,
495 3087 677 3117 imitandam
693 3089 827 3127 censeo3
854 3097 934 3118 eam-

67 3138 148 3169 que,
173 3128 202 3158 ἃ
219 3126 347 3158 similem
370 3127 453 3158 Pauli
473 3126 678 3166 modestiam,
701 3129 763 3170 jam
785 3129 937 3170 depr-zedi-

66 3170 158 3207 cav'i,
175 3169 222 3199 lib.
237 3170 287 3199 Ati
304 3167 440 3198 Ettritum
458 3168 612 3208 Praezoris,
631 3169 675 3199 De
684 3170 761 3209 ραὲὶ.
789 3171 824 3205 &²
843 3177 936 3201 mins-

66 3210 124 3248 ᾳὲῖ.
142 3220 164 3241 0.
185 3220 231 3248 24.
252 3209 345 3249 adfln
389 3210 475 3252 Quid
494 3219 617 3248 tamen,
643 3210 662 3242 ii
681 3211 799 3242 arbiter
815 3212 854 3244 (le
872 3213 936 3252 plu-

66 3252 151 3289 ribus
175 3250 398 3290 controversiis
421 3251 560 3295 sumptus
583 3252 646 3295 est,
670 3254 749 3287 nihil
769 3252 823 3287 fibi
849 3263 936 3288 com·

1739 185 1742 189 Δ
1790 145 1858 177 109

971 223 1139 256 munibus:
1158 224 1238 256 &dc
1255 234 1314 256 una
1333 224 1517 257 sententiam
1528 225 1626 264 dixit,
1643 224 1683 256 de
1693 223 1759 255 aliis
1771 232 1852 255 non-

972 266 1075 298 dum?
1099 266 1254 306 numquid
1272 266 1361 298 desiit
1377 265 1439 298 csse
1458 267 1601 298 arbiter?
1618 266 1781 298 videamus
1800 266 1851 306 igi·

972 315 1023 338 tui-
1037 330 1047 345 ‚
1071 317 1108 338 an
1133 309 1163 339 in
1182 311 1281 348 prima
1299 308 1515 340 controversia
1534 308 1626 349 poffit
1644 316 1766 338 mutare
1784 308 1853 337 ien-

974 349 1107 379 tentiam
1126 349 1165 380 de
1182 359 1243 389 qua
1258 350 1319 389 jain
1340 350 1473 382 dixerat.
1499 350 1539 382 Et
1556 347 1850 387 multuminterest,

974 398 1078 420 utrum
1091 390 1359 430 comprehensum
1368 391 1415 429 iit,
1427 400 1460 423 ut
1471 393 1510 423 de
1521 393 1668 424 omnibus
1680 390 1767 423 simui
1779 399 1852 431 pro-

974 432 1124 469 nunciet,
1148 440 1184 462 an
1204 441 1279 463 non.
1304 442 1375 464 nam
1392 433 1431 472 fi,
1454 441 1488 465 ut
1504 443 1615 466 omnes
1631 432 1739 471 finiat,
1763 441 1851 463 com-

969 470 1151 513 promissum
1169 472 1233 512 est3
1250 476 1372 514 poterit
1388 483 1526 506 mutare:
1540 477 1683 507 nondum
1702 476 1786 506 enim
1804 473 1849 505 di-

970 513 1016 545 xit
1032 513 1229 559 sententiam.
1254 516 1339 555 quod
1358 515 1378 547 si
1402 516 1566 554 separatim
1582 517 1689 548 dicere
1709 516 1848 556 placuit3

969 554 1054 595 quasi
1073 556 1166 595 'plura
1187 559 1254 587 lunt
1277 558 1520 597 compromissa,
1546 559 1576 590 ἃ
1598 559 1673 589 ideo
1692 566 1848 599 quantum

968 598 1006 626 ad
1023 596 1106 627 illam
1124 597 1373 629 controversiam
1389 600 1551 638 pertinet,
1569 599 1758 630 arbiter-elli.-
1771 598 1849 630 desi—

968 639 993 680 it
1010 637 1028 667 l.
1048 648 1097 683 εἰ.
1115 639 1142 669 Ι).
1160 646 1180 668 t.
1203 639 1300 679 Igitur
1312 641 1479 672 coacturus
1499 641 1621 673 Praetor
1639 642 1790 672 arbitrum
1804 642 1849 672 di-

969 688 1043 710 cere
1060 680 1265 718 iententiam,
1285 682 1422 722 imponit
1435 683 1462 713 ei
1475 683 1691 714 neceffitatem
1709 690 1761 713 aut
1773 692 1850 713 con-

970 722 1139 752 demnandi
1157 731 1210 752 aut
1228 722 1412 754 absolvendi
1433 733 1531 755 reum.
1556 725 1642 764 quod
1660 723 1681 755 fi
1700 732 1850 755 neutrum

969 761 1077 792 facere
1096 763 1187 802 poilit
1204 763 1336 795 arbiter:
1354 774 1395 796 ait
1408 766 1580 804 Ulpianus,
1598 765 1617 796 fi
1635 764 1721 797 sorte
1742 775 1849 805 urgea-

970 812 1021 849 tur
1037 813 1053 834 a
1079 803 1218 835 Praetorc
1235 806 1273 836 ad
1293 805 1501 846 sententiam3
1525 807 1731 848 aequiffimuin
1757 806 1850 845 fore,

969 843 989 875 fi
1004 853 1105 883 juret,
1122 845 1176 876 fibi
1194 846 1233 876 de
1248 847 1338 878 causa
1356 850 1496 880 nondum
1516 849 1656 889 liquere,
1674 850 1701 880 ei
1718 848 1852 889 spatium

969 886 1008 916 ad
1027 888 1302 924 pronunciandum
1322 892 1386 919 dari
1405 890 1423 921 l.
1447 899 1491 931 13.
1509 890 1538 933 5
1555 904 1583 929 4.
1603 891 1630 921 h.
1650 896 1671 922 t.

1011 926 1168 967 Exposito
1187 928 1333 960 Praetoris
1352 930 1488 970 Editio,
1506 933 1616 963 liceret
1628 931 1704 964 mihi
1722 931 1852 962 recede·

970 978 1004 1014 rc
1022 969 1060 1014 ab
1080 969 1143 999 hoc
1161 967 1278 1000 Titulo
1296 973 1348 1011 qui
1368 971 1412 1003 est
1433 973 1484 1003 De
1503 975 1661 1013 receptis,
1685 976 1712 1004 ez
1734 974 1785 1008 uui
1805 982 1852 1002 ar-

970 1010 1098 1041 bitrium
1116 1019 1327 1052 receperunt,
1351 1022 1384 1043 ut
1410 1013 1595 1047 sententiam
1615 1016 1740 1047 dicant:
1762 1014 1815 1045 nili
1833 1023 1851 1044 e

970 1061 1004 1082 re
1029 1048 1136 1096 soret,
1161 1053 1312 1093 exemplo
1331 1053 1459 1096 Ulpiani
1477 1057 1495 1087 l.
1514 1067 1561 1098 32.
1581 1057 1608 1099 §.
1633 1067 1665 1095 15
1697 1057 1723 1087 h.
1741 1063 1761 1088 t.
1779 1065 1853 1096 pau-

971 1102 1007 1123 ca
1027 1093 1179 1133 subjicere
1198 1095 1238 1124 de
1257 1094 1367 1126 officio
1383 1099 1510 1136 arbitri,
1537 1099 1566 1129 &
1584 1100 1623 1130 de
1642 1097 1761 1131 effeou
1788 1098 1852 1128 scu-

971 1136 1081 1164 tentiae
1102 1134 1140 1165 ab
1158 1144 1197 1165 eo
1215 1136 1308 1166 dictae
1350 1136 1506 1170 Observat
1527 1149 1603 1170 vero
1624 1150 1666 1177 is,
1693 1138 1853 1170 tractanti-

971 1176 1029 1207 bus
1045 1178 1085 1206 de
1102 1175 1213 1222 officio
1231 1179 1360 1216 arbitri,
1384 1190 1513 1211 omnem
1538 1182 1706 1212 traciarum
1726 1191 1762 1210 ω(
1785 1179 1853 1216 ipso

971 1217 1411 1263 compromillollumenduin
1429 1245 1437 1260 ,
1472 1232 1531 1251 nec
1558 1223 1641 1253 aliud
1665 1224 1707 1254 illi
1735 1223 1853 1261 licere,

973 1268 1066 1299 quam
1078 1260 1239 1306 quodibi,
1256 1270 1287 1291 ut
1299 1262 1427 1293 efficere
1445 1263 1557 1302 possit,
1575 1272 1703 1295 cautum
1715 1262 1769 1297 cst.
1788 1273 1853 1295 non

971 1310 1069 1341 ergo,
1094 1310 1215 1341 inquit,
1233 1304 1403 1341 quodlibet
1420 1304 1556 1337 statuere
1573 1306 1691 1336 arbiter
1710 1306 1852 1345 poterit,

971 1351 1073 1373 necin
1094 1352 1127 1372 re
1145 1344 1304 1382 qualibet:
1320 1345 1374 1376 nisi
1394 1348 1433 1377 de
1450 1356 1511 1387 qua
1532 1357 1566 1377 re
1585 1346 1852 1387 compromiisum

971 1382 1037 1421 est,
1060 1384 1089 1414 ἂ
1114 1392 1268 1423 quatenus
1297 1388 1558 1427 compromissum
1582 1388 1644 1420 est:
1669 1391 1698 1419 ἃ
1720 1389 1853 1428 quidem

970 1428 1076 1465 (quod
1100 1425 1211 1471 Paulus
1231 1436 1320 1458 notat
1336 1429 1353 1459 l.
1369 1433 1416 1468 46,
1434 1431 1513 1471 lm.)
1529 1431 1569 1461 de
1586 1430 1632 1460 bis
1651 1439 1720 1468 quae
1739 1430 1778 1460 ab
1795 1430 1854 1462 ini-

973 1475 1020 1498 tio
1038 1474 1120 1498 inter
1136 1469 1313 1508 litigatores
1332 1469 1441 1509 fuere:
1460 1481 1523 1503 non
1542 1481 1611 1512 quse
1623 1472 1732 1511 postea
1748 1471 1856 1512 super-

973 1517 1140 1540 venerunt.
1166 1508 1345 1553 Quaedixi‚
1365 1512 1533 1552 liquebunt
1549 1513 1702 1553 exemplo
1720 1523 1783 1544 uno
1799 1520 1855 1545 aut:

972 1551 1085 1596 altero.
1133 1550 1231 1590 Igitur
1249 1551 1284 1583 fit
1302 1554 1562 1594 compromissum
1579 1555 1659 1586 intra
1675 1553 1854 1593 Kalendas,

973 1594 1027 1623 nili
1051 1591 1096 1623 est
1121 1594 1282 1631 additum,
1307 1595 1403 1626 licere
1429 1596 1549 1627 arbitro
1576 1596 1661 1627 diem
1687 1595 1854 1635 proferre:

973 1643 1037 1664 non
1063 1633 1169 1674 potest
1195 1634 1341 1674 proferre
1365 1638 1392 1668 d.
1412 1637 1430 1667 i.
1447 1637 1531 1679 32.§
1560 1637 1614 1669 ult.
1644 1636 1791 1669 solutioni
1810 1647 1856 1669 ta-

973 1685 1046 1707 men
1065 1679 1150 1707 diem
1161 1675 1295 1708 statuere
1314 1678 1438 1719 potest:
1461 1679 1600 1719 eoquod
1620 1678 1853 1719 compromisso

974 1717 1160 1748 continetur
1180 1719 1315 1759 ioluti03
1340 1722 1471 1760 ejusque
1490 1730 1559 1761 pars
1574 1720 1616 1751 est
1634 1721 1700 1753 dies
1718 1721 1736 1751 l.
1755 1731 1805 1753 αι.
1821 1721 1863 1762 §.-

973 1769 1000 1791 2.
1014 1760 1038 1789 lv.
1053 1766 1074 1790 t.
1094 1759 1175 1789 Vice
1188 1761 1292 1798 versa,
1310 1763 1352 1792 ita
1363 1761 1503 1802 sumptus
1522 1762 1662 1800 arbiter,
1682 1762 1855 1794 ut&diem

974 1799 1121 1841 proferre
1147 1802 1258 1840 poffit:
1284 1804 1347 1834 hoc
1373 1802 1481 1835 facere
1499 1803 1623 1842 potest,
1649 1803 1770 1835 referre
1787 1814 1855 1837 non

975 1843 1080 1883 potest
1095 1843 1113 1873 l.
1132 1853 1182 1883 33.
1203 1844 1230 1875 h.
1250 1850 1270 1875 t.
1306 1845 1440 1876 Referre
1465 1855 1563 1885 porro
1586 1844 1648 1877 esse
1671 1845 1854 1885 anteferre,

975 1886 1093 1916 dudum
1111 1885 1292 1917 observarit
1308 1887 1445 1926 jacobus
1461 1887 1608 1926 Cujacius*
1625 1888 1671 1918 [ih.
1683 1899 1710 1929 3.
1729 1887 1852 1925 observ.

974 1936 998 1958 c.
1014 1937 1042 1967 7.
1065 1925 1177 1957 Rursus
1195 1937 1279 1967 pone
1296 1938 1336 1959 ex
1357 1930 1375 1957 d
1403 1929 1412 1958 l
1439 1939 1486 1969 32.
1505 1929 1531 1971 5,
1556 1933 1600 1960 16,
1615 1928 1651 1963 &⁴
1666 1939 1718 1970 17:
1736 1930 1853 1961 arbiter·

973 1970 1080 2010 jubet,
1099 1967 1192 2000 aliurn
1210 1970 1286 2000 adiri
1306 1969 1477 2009 arbitrum,
1496 1971 1544 2001 vel
1562 1971 1655 2002 aliurn
1674 1971 1799 2011 adjunrgi
1819 1969 1854 2001 fi-

978 2012 1019 2042 bi.
1044 2018 1190 2041 neutrum
1211 2012 1309 2042 valet:
1333 2020 1406 2050 quia
1430 2011 1584 2043 sententia
1612 2012 1709 2043 debet
1734 2011 1796 2043 esse
1815 2012 1855 2044 de

976 2063 1010 2085 re
1021 2051 1262 2092 compromissa,
1280 2054 1320 2084 de
1336 2061 1395 2091 qua
1413 2053 1481 2083 haec
1499 2063 1562 2084 non
1581 2053 1635 2084 est-
1655 2053 1719 2084 hoc
1731 2064 1771 2084 co
1788 2063 1854 2085 ma-

975 2096 1038 2135 gis:
1061 2094 1132 2133 quia
1151 2095 1283 2125 voluere
1300 2094 1462 2135 litigantes
1482 2094 1549 2125 fieri
1568 2094 1670 2127 litium
1690 2094 1798 2127 finem.
1823 2104 1854 2126 at

975 2138 1000 2168 is
1018 2135 1059 2167 fic
1080 2145 1280 2176 propagatur.
1305 2137 1400 2167 etiam
1419 2136 1511 2176 possit
1527 2135 1689 2168 arbitrium
1708 2134 1772 2174 ibe
1789 2146 1856 2167 mo-

975 2179 1019 2209 do
1037 2176 1197 2208 transferri
1217 2177 1254 2208 ad
1270 2176 1418 2208 inimicos
1440 2179 1612 2219 agentium.
1639 2178 1783 2214 certead
1800 2178 1855 2209 ali-

975 2229 1011 2250 os
1029 2242 1038 2256 ‚
1068 2227 1160 2257 quum
1188 2218 1230 2248 illi
1256 2219 1397 2249 voluere.
1429 2228 1553 2259 optime
1578 2218 1672 2259 igitur
1700 2218 1854 2259 Ulpianus

975 2262 984 2291 l
1004 2271 1041 2300 45
1065 2261 1124 2290 m.
1143 2260 1173 2289 in
1190 2259 1403 2300 coiizpromiffis‚
1422 2260 1544 2301 inquit,
1560 2262 1715 2291 arbitrium
1726 2263 1852 2301 personae

974 2305 1111 2337 insertum
1123 2324 1131 2338 ‚
1151 2308 1300 2341 personam
1317 2312 1374 2332 non
1392 2303 1616 2344 transgreditur.
1666 2301 1780 2333 Rurius
1797 2301 1855 2334 fiti-

976 2354 1033 2385 ge:
1058 2344 1147 2383 (quae
1166 2342 1211 2374 est
1231 2342 1351 2382 species
1374 2345 1400 2374 ci.
1420 2345 1437 2374 l.
1459 2353 1506 2375 ει.
1525 2343 1552 2384 5.
1572 2344 1624 2382 4.)
1661 2343 1783 2375 Arbiter
1802 2354 1857 2376 ve-

978 2394 1039 2422 tat,
1057 2393 1183 2424 poenam
1202 2394 1241 2414 ex
1262 2385 1491 2424 compromisso
1511 2383 1605 2424 exigi.
1631 2393 1668 2416 an
1687 2385 1770 2416 vaiet
1791 2384 1856 2417 scn-

978 2424 1100 2457 tcntia?
1116 2434 1209 2466 negat
1228 2425 1402 2465 Ulpianus:
1421 2426 1450 2457 ἃ
1466 2426 1625 2464 causatur,
1642 2427 1714 2467 quia
1731 2437 1795 2459 non
1814 2428 1855 2459 de

978 2477 1072 2509 poena
1089 2467 1134 2498 est
1150 2467 1421 2507 compi-omissum.
1450 2467 1512 2498 Sed
1528 2476 1680 2507 apparet,
1704 2470 1791 2507 quod
1810 2468 1856 2500 di-

979 2510 1028 2548 xi,
1045 2508 1186 2540 officium
1203 2508 1309 2539 arbitri
1323 2509 1489 2548 penderca
1505 2509 1750 2548 compromiss'o:
1768 2511 1857 2542 idco·

979 2560 1042 2591 que
1060 2550 1192 2583 rationis
1209 2550 1289 2586 ess'e,
1313 2560 1385 2581 eum
1402 2551 1433 2581 id
1447 2550 1563 2582 habere
1579 2550 1701 2591 semper
1718 2552 1762 2583 ob
1778 2562 1857 2583 ocu-

978 2593 1042 2623 los:
1062 2593 1188 2631 quando
1199 2590 1367 2631 praesertim
1379 2589 1463 2622 varie
1473 2592 1855 2634 concipitur:aliquando

978 2635 1018 2666 de
1035 2643 1094 2664 una
1119 2643 1171 2671 re,
1195 2634 1365 2672 aliquando
1384 2633 1424 2664 de
1440 2633 1588 2665 omnibus
1604 2633 1720 2665 litibus.
1747 2645 1855 2676 quam-

979 2684 1073 2715 quam
1092 2675 1154 2705 sive
1175 2675 1214 2705 de
1231 2673 1399 2714 omnibus,
1418 2674 1481 2706 five
1497 2676 1536 2706 ‹le
1553 2685 1611 2707 una
1631 2686 1682 2713 re,
1699 2676 1753 2708 fit:
1776 2676 1855 2708 niliil

981 2716 1010 2748 in
1031 2717 1059 2747 id
1082 2714 1186 2753 xenit3
1203 2715 1255 2746 nili
1271 2716 1311 2746 de
1330 2725 1392 2755 quo
1409 2716 1510 2748 aetum
1529 2717 1583 2748 est.
1609 2716 1659 2749 sed
1676 2717 1720 2748 est
1739 2717 1855 2756 tutius,

981 2757 1000 2789 fi
1020 2758 1088 2796 quis
1106 2759 1145 2787 de
1163 2766 1248 2787 certa
1261 2767 1294 2788 re
1310 2757 1570 2797 compromissum
1587 2757 1726 2790 facturus
1743 2759 1797 2795 iit,
1812 2760 1853 2789 de

980 2809 1016 2830 ea
1034 2798 1097 2829 sola
1119 2797 1148 2829 in
1166 2797 1392 2839 compromisso
1410 2801 1554 2841 exprimi.
1577 2802 1606 2832 d.
1623 2801 1639 2833 l.
1663 2810 1711 2833 21.
1731 2800 1759 2843 5.
1776 2803 1805 2830 6.
1823 2809 1855 2831 e-

980 2841 1142 2879 xemplum
1158 2839 1176 2869 l.
1195 2850 1243 2880 43.
1260 2842 1286 2871 b.
1304 2847 1324 2872 t.

1021 2881 1138 2913 Praeter
1155 2880 1223 2912 liaec
1250 2881 1294 2913 est
1319 2882 1458 2916 officium
1476 2883 1602 2919 arbitri;
1627 2893 1665 2913 ne
1682 2881 1753 2913 alias
1767 2881 1853 2913 dicat

982 2922 1188 2962 sententiam,
1213 2932 1305 2962 quam
1321 2933 1427 2956 coram
1446 2924 1655 2965 litigatoribus
1670 2923 1686 2953 l,
1704 2932 1751 2962 27.
1773 2923 1791 2961 §
1820 2933 1851 2962 4.

981 2965 1006 2994 h.
1026 2970 1046 2994 t.
1065 2963 1094 2994 id
1112 2963 1172 3002 est,
1190 2974 1321 3005 utraque
1338 2975 1427 3005 parte
1446 2965 1617 3005 praelentel
1638 2975 1676 3002 ³4
1705 2966 1731 2993 (l.
1747 2969 1767 2993 z.
1786 2972 1855 2995 mo-

981 3006 1023 3036 do
1045 3015 1106 3036 non
1132 3015 1232 3037 minu<
1258 3009 1383 3046 animo,
1407 3017 1500 3048 quarn
1520 3016 1657 3045 corpore
1672 3029 1681 3042 ,
1701 3004 1758 3036 fint
1776 3015 1852 3045 prae-

982 3046 1090 3078 sentes.
1105 3045 1212 3088 itaque
1228 3047 1382 3087 Ulpianus
1399 3051 1426 3080 A..
1442 3050 1460 3079 l.
1480 3058 1525 3086 ες.
1543 3047 1569 3088 5.
1583 3057 1612 3086 5.
1630 3048 1689 3084 ait,
1706 3056 1780 3077 eum
1797 3057 1853 3078 co·

981 3098 1043 3120 ram
1062 3090 1168 3120 dicere
1185 3089 1237 3130 qui
1255 3088 1444 3130 sapientibus
1460 3090 1552 3120 dicit:
1575 3095 1726 3119 caeterum
1743 3097 1854 3121 coram

980 3129 1099 3161 furioso
1126 3139 1179 3161 aut
1199 3137 1351 3163 demente
1375 3141 1437 3162 non
1457 3128 1530 3159 dici.
1554 3128 1704 3169 idemque
1728 3129 1809 3168 effe,
1831 3130 1854 3162 fi

981 3181 1086 3204 coram
1114 3172 1237 3212 pupillo
1262 3173 1408 3204 dicatur:
1432 3170 1486 3214 nili
1513 3173 1646 3209 praeiens
1669 3171 1728 3202 fuit
1753 3180 1851 3203 tutor.

979 3213 1089 3253 plane,
1114 3213 1134 3244 si
1152 3224 1230 3245 unus
1251 3213 1389 3245 desuerit
1407 3222 1444 3241 cx
1466 3212 1692 3252 litigatoribus,
1720 3223 1783 3243 noti
1804 3222 1854 3243 va-

977 3255 1056 3290 lebit
1071 3256 1246 3329 st'gst'ffiifli
1264 3254 1317 3288 nisi
1335 3256 1366 3287 in
1382 3253 1610 3294 cotiiproiuiffo
1625 3253 1661 3288 sit
1677 3253 1856 3296 specialiter

1145 3306 1164 3340 3
1801 3305 1853 3331 τὶς
