2036 3495
285 80 348 114 An
375 80 463 114 [ΑΒ.
493 78 568 113 ΧΧ.
603 75 704 111 Tit.
732 74 759 126 Ι.
788 74 838 110 De
853 73 1032 120 pignoribus
1055 69 1097 112 ξεῖ)
1115 73 1304 120 hypothecis:
1330 72 1373 115 &⁹
1389 77 1518 122 qualiter
1536 74 1605 118 &c-

55 183 107 207 τοι·
126 169 272 204 adversus
287 178 339 200 me
355 173 427 209 agat
445 167 517 198 utili
535 163 762 211 hypothecaria
778 163 919 210 afflone,

56 216 145 245 suum
160 211 223 244 esse
249 210 355 242 dicens
378 209 490 250 pignus
514 207 598 245 quod
621 215 650 237 ei
675 213 833 250 ignoranti
852 204 887 236 fit
905 214 921 234 a

52 255 145 288 Titio
160 253 252 293 ·cujt1s
275 252 366 282 heres
392 250 476 287 suin,
497 249 685 288 obligatum:
708 254 736 276 ei
754 254 920 293 occurram

54 295 270 336 exceptione,
293 292 391 323 Extra
416 299 508 331 quam
531 288 551 321 fi
573 297 608 319 ea
632 296 681 318 res
699 295 869 333 numquam
889 296 918 318 in

55 338 150 369 bonis
173 334 252 366 Titii
276 332 356 365 fuit:
387 341 420 363 ac
447 331 468 363 fi
493 329 640 370 replicet,
666 328 918 372 seiguel-antem

53 379 117 410 ess'e
131 375 211 408 Titii
228 373 397 406 mendacio
414 375 663 404 circumventum
674 378 730 416 ;·in
746 378 852 416 eoque
868 379 919 416 me

55 420 109 460 qui
125 417 207 449 Titii
225 417 316 447 heres
333 414 397 445 sum
409 436 420 450 ,
442 410 586 456 adversus
603 409 632 440 se
649 412 804 449 adjuvari,
822 420 919 456 aequi-

53 469 151 492 tatem
168 457 356 498 prohibere:
372 454 512 494 negabo,
527 450 588 482 esse
605 451 726 496 causam
739 460 790 482 trie
807 461 860 491 qui
878 452 918 498 de

51 503 187 542 pignore
203 508 280 530 nieae
296 497 339 528 rei
361 502 529 533 numquam
551 502 707 539 conveni,
731 502 835 540 neque
860 491 918 523 Ti-

53 544 119 580 tio,
144 548 177 571 ut
194 536 398 572 conveniret,
420 534 529 565 mittor
551 533 617 571 fui,
640 534 852 578 improbitatis
868 542 916 567 ac·

53 582 190 614 culandi.
215 581 256 611 At
272 579 354 609 enim
378 575 470 607 hei-cs
496 583 623 606 tenetur
639 575 779 621 defuncti
797 574 916 606 factum

53 623 209 665 praestare.
232 619 330 652 Recte
348 626 477 649 mones:
494 618 631 656 ideoque
647 625 712 648 non
728 617 914 655 intercedo,

52 674 118 705 quo
137 663 236 695 minus
259 667 425 697 teneatur,
449 658 512 689 hoc
539 658 651 697 pignus
673 667 757 688 nova
774 667 914 704 conven-

52 707 142 737 tione
157 701 361 735 confirmare:
377 699 418 731 [ic
437 699 520 730 enim
538 698 694 739 praestabit
710 697 850 730 defuncti
868 698 914 729 fa-

53 748 146 778 ctum.
171 743 264 775 facile
280 743 373 774 etiarn
392 741 514 780 patior,
538 750 608 770 eum
625 740 713 777 quod
729 736 913 771 defunftuiii

51 785 279 828 repraesentat,
303 783 338 814 ad
361 783 424 813 hoc
448 780 609 812 conveniri
635 783 791 812 contraria
816 781 913 812 attio-

52 837 94 860 ne
115 824 311 867 pioneratitia
348 826 378 854 in
403 823 577 864 personam.
610 821 670 868 sed·
688 822 757 853 haec
780 832 844 868 non
868 822 914 868 est

49 855 284 908 Pauii‘Zuaestio
312 866 341 896 in
367 865 394 895 d.
421 865 439 895 l.
457 873 506 903 41.
524 863 626 895 omnis
643 873 708 903 ejus
725 863 913 894 deliberatio

52 910 97 942 est
113 910 152 941 de
172 909 238 940 utili
257 906 381 938 actione
398 904 626 946 hypothecaria
650 906 680 935 in
700 913 785 936 rem:
808 914 913 952 eoque

51 961 88 982 ari
116 951 227 990 pignus
252 949 290 979 ab
316 948 377 978 alio
403 947 595 987 obligatum,
617 955 742 993 quartia
760 946 913 984 domino,

50 992 115 1024 fine
134 1000 215 1022 nova
238 987 475 1027 conventione,
499 987 628 1027 sponte,
650 986 812 1034 ipsojure,
836 997 913 1032 con·

50 1032 189 1064 valescat
209 1032 267 1062 liae
285 1040 325 1061 ex
342 1029 445 1068 causa3
470 1030 556 1069 quod
579 1028 831 1074 dominushuius
849 1038 914 1069 pig-

51 1075 160 1112 noris,
174 1072 209 1104 iit
226 1073 317 1104 heres
334 1072 398 1111 eJ'us
417 1070 469 1110 qui
487 1070 525 1101 de
541 1079 581 1101 eo
597 1077 762 1101 convenit.
785 1071 817 1102 ld
835 1079 912 1102 vero

51 1122 147 1155 negat
162 1113 283 1145 Paulus.
727 1152 733 1158 η

93 1147 156 1186 Vix
173 1154 248 1186 milii
268 1161 432 1195 temper03
455 1162 495 1185 ne
511 1152 582 1193 post
599 1151 832 1200 expositionem
847 1153 874 1185 d.
890 1153 911 1184 l.

50 1206 100 1236 41.
119 1198 270 1236 attingam
295 1196 313 1225 l.
340 1205 388 1227 22.
407 1195 454 1225 D.
478 1195 504 1225 h.
523 1200 544 1225 t.
562 1193 592 1224 in
610 1202 671 1233 qua
693 1193 910 1240 Modestinus,

49 1245 85 1269 ut
102 1237 177 1269 inihi
201 1236 391 1277 persuadeo,
414 1236 539 1276 egregie
563 1235 655 1266 fulcit
671 1244 686 1265 a
703 1244 754 1266 me
776 1235 857 1266 uitta
873 1235 911 1266 ad

49 1278 198 1310 Paulum:
222 1277 276 1308 etsi
293 1287 309 1308 a
328 1277 521 1308 Doctiffimis
537 1276 767 1316 Interpretibus
778 1284 911 1320 putatur

51 1318 279 1352 hisadversari:
303 1328 368 1350 non
379 1318 447 1348 satis
457 1316 600 1357 expensis
611 1316 784 1347 Modestini
794 1317 911 1348 verbis.

45 1360 208 1401 Inscriptio
231 1360 307 1399 legis
332 1360 467 1395 indicat,
490 1366 558 1389 eam
582 1356 643 1388 esse
659 1356 852 1403 desumptam
871 1368 913 1390 ex

48 1402 98 1433 lib.
114 1411 143 1441 7.
162 1400 413 1441 Differentiarum.
435 1398 509 1430 inde
532 1398 669 1438 conjicio
694 1398 913 1431 Modestinum

48 1441 81 1476 in
98 1443 148 1474 illa
166 1466 175 1479 ‚
210 1442 295 1473 Pauli
315 1441 487 1478 exemplo,
511 1449 678 1479 utramque
707 1439 912 1479 quaestioneiri

46 1483 206 1522 tractass'e,
222 1483 385 1514 observata
404 1482 565 1521 utriusque
581 1479 779 1512 differentia:
802 1491 909 1522 quam-

47 1534 141 1566 quam
159 1533 216 1565 per
231 1522 432 1555 Architettos
451 1522 530 1562 juris
552 1521 649 1552 hodie
671 1522 767 1553 altera
785 1529 909 1556 tantum

49 1573 148 1597 extet.
175 1564 279 1596 Verba
295 1562 469 1595 Modestini
488 1562 626 1603 apposui.
650 1562 683 1594 Si
701 1562 774 1594 Titio
789 1565 839 1604 qui
853 1574 912 1596 rem

48 1604 138 1638 ineam
156 1607 307 1646 ignorante
323 1613 365 1635 me
381 1604 510 1635 creditori
518 1605 573 1642 suo
584 1604 704 1644 pignori
725 1605 909 1646 obligaverit,

50 1649 127 1680 heres
153 1645 303 1686 exstitiro,
332 1655 367 1677 ex
385 1643 524 1686 postfatio
541 1646 652 1686 pignus
673 1645 776 1677 diretta
798 1647 914 1688 quidem

49 1698 107 1720 non
123 1687 315 1726 convalescit,
329 1688 376 1723 sed
391 1687 470 1717 utilis
485 1687 674 1727 pigneratitia
691 1688 804 1719 dabitur
821 1689 911 1719 credi-

48 1731 112 1761 tori.
138 1728 263 1761 Horum
279 1728 450 1760 verborum
467 1727 567 1760 sensus
583 1726 643 1759 est:
666 1727 699 1760 Si
723 1728 815 1761 heres
832 1731 912 1761 exti-

49 1772 140 1802 terim
159 1769 249 1800 Titio
266 1770 317 1808 qui
337 1777 404 1800 rein
422 1778 541 1808 meam,
566 1778 617 1800 me
633 1768 820 1810 ignorante,
843 1773 912 1812 pig.

51 1812 121 1843 nori
144 1811 315 1851 obligavit:
346 1811 377 1841 id
403 1811 513 1850 pignus
543 1810 684 1848 directo,
708 1811 740 1843 id
764 1810 825 1849 est,
849 1812 913 1844 fine

49 1858 137 1884 novo
154 1851 259 1890 facto,
284 1851 414 1890 sponte,
438 1851 505 1890 ipso
525 1851 612 1891 jure,
636 1861 700 1883 non
718 1852 913 1884 convalescit

50 1895 94 1924 ob
113 1893 162 1928 id,
185 1894 272 1931 quod
289 1892 388 1923 fadus
405 1891 469 1922 sum
487 1891 564 1923 Titii
582 1892 691 1925 heres:
708 1894 759 1924 sed
776 1902 812 1924 ut
829 1895 913 1925 vale-

50 1945 84 1965 re
102 1934 231 1972 incipiat
257 1934 388 1974 pignus,
412 1933 508 1963 debet
531 1942 547 1964 a
571 1942 622 1964 me
646 1934 812 1974 approbari
828 1945 916 1966 novo

49 1974 229 2012 facto,five
244 1983 328 2004 nova
347 1973 582 2005 conventione:
606 1974 636 2005 &
652 1984 685 2005 ut
703 1975 767 2006 hoc
783 1975 916 2016 faciam,

51 2015 210 2055 competit
234 2014 383 2046 creditori
409 2014 554 2046 adversus
583 2024 633 2046 me
651 2017 704 2055 qui
723 2016 813 2048 lieres
831 2017 915 2057 sum,

52 2057 82 2088 &
99 2055 281 2088 defunttum
298 2056 508 2095 repraesento,
540 2058 697 2087 contraria
716 2058 916 2099 pigneratitia

49 2097 149 2136 actio,
173 2106 266 2137 quam
285 2097 485 2129 Modestinus
503 2106 599 2128 vocat
623 2099 732 2129 utilem
750 2099 916 2140 pignerati-

49 2140 135 2170 tiam.
159 2138 328 2176 videlicet,
353 2139 425 2179 quia
451 2138 663 2178 spectantibus
689 2141 727 2171 ad
748 2140 824 2179 juris
850 2141 914 2172 for-

49 2189 154 2217 mam,
177 2188 242 2209 non
264 2179 348 2209 valet
372 2180 462 2210 bonae
484 2178 556 2210 fidei
573 2181 755 2212 contractus
773 2205 782 2219 ‚
814 2183 915 2221 qualis

47 2219 93 2252 est
109 2219 345 2262 pigneratitius:
363 2220 393 2250 in
410 2229 475 2259 quo
492 2220 583 2251 dolus
599 2221 697 2252 malus
707 2221 914 2262 fitadmissus,

50 2263 150 2293 aliena
166 2271 198 2292 re
216 2260 373 2301 ignoranti
391 2260 515 2302 pignori
534 2261 613 2292 data.
669 2262 818 2301 Interim,
841 2265 914 2304 quia

48 2301 177 2334 interest
192 2302 378 2340 creditoris,
395 2302 423 2333 se
442 2311 503 2333 non
525 2302 649 2342 decipi3
670 2301 705 2333 fit
723 2304 912 2343 interpreta-

49 2345 138 2375 tione
158 2344 249 2374 bonae
268 2342 402 2374 fidei:ut
420 2353 468 2375 res
485 2344 614 2382 perinde
630 2344 822 2382 accipiatur,
838 2355 875 2376 :ic
893 2345 914 2377 si

50 2386 177 2417 valeret.
202 2385 275 2415 inde
294 2394 372 2415 vero
390 2385 498 2423 (quod
524 2384 723 2416 Modestinus
746 2386 913 2427 observat)

50 2427 140 2457 datur
162 2425 312 2457 creditori
328 2425 474 2457 adversus
493 2425 670 2456 debitorem
682 2449 691 2463 ,
714 2426 843 2471 ejusque
860 2427 912 2458 lie-

50 2467 176 2504 redem,
194 2468 230 2497 ad
246 2467 479 2498 emendandum
492 2467 597 2498 dolum
615 2467 731 2498 malum
743 2468 825 2498 utilis
841 2477 912 2499 con-

51 2506 143 2538 traria
157 2508 351 2547 pigneratitia
363 2507 462 2540 aCtio:
482 2515 515 2538 ut
525 2517 588 2539 non
604 2508 647 2539 ita
656 2508 779 2548 pridem
794 2509 910 2540 indica-

53 2549 84 2578 vi
101 2548 128 2577 d.
145 2556 169 2577 c.
191 2556 238 2578 12.

94 2587 322 2619 Demonstrato
333 2612 342 2626 ,
358 2590 395 2620 ad
413 2590 554 2632 pignoris
564 2591 821 2631 obligationema
832 2592 914 2624 Prae-

51 2639 123 2661 tore
141 2627 303 2660 desiderari
320 2631 483 2662 creditoris
508 2634 761 2664 conventionem
784 2642 856 2665 Cum
874 2644 912 2665 eo

50 2671 137 2710 cujus
157 2669 186 2700 in
212 2670 304 2702 bonis
329 2670 359 2700 id
382 2681 421 2702 eo
447 2681 593 2712 ternpore
614 2674 692 2705 fuit:
716 2675 844 2705 tandem
863 2685 909 2705 re-

49 2710 127 2749 stat,
143 2711 217 2750 quid
235 2711 260 2740 i's
275 2711 430 2743 bonorum
448 2715 661 2753 appellatione
685 2713 836 2754 defignet.
853 2715 908 2747 Ul·

50 2753 162 2793 pianus
176 2751 195 2782 l.
211 2761 260 2789 49.
279 2750 328 2781 -D.
353 2753 385 2782 de
408 2753 599 2795 verbfignif.
623 2756 685 2795 ait,
709 2756 793 2787 bona
811 2766 851 2788 ex
869 2767 909 2788 eo

49 2793 133 2831 dici,
158 2795 244 2832 quod
269 2793 383 2830 beant,
406 2793 437 2823 id
462 2794 524 2832 est,
547 2796 655 2828 beatos
678 2796 818 2836 faciunt3
840 2798 912 2829 bea·

49 2843 84 2866 re
101 2841 205 2865 autern
225 2831 304 2871 esse,
316 2833 467 2873 prodesse.
492 2836 565 2867 inde
580 2838 684 2877 addit,
698 2838 729 2869 iii
746 2838 838 2870 bonis
855 2848 912 2870 rio-

50 2875 121 2906 stris
145 2874 320 2914 computari
350 2884 413 2905 non
445 2873 541 2907 solum
565 2886 633 2917 quae
656 2879 789 2910 dominii
815 2878 911 2911 nosti-i

51 2915 203 2953 1'unt,sed
221 2914 287 2946 &si
303 2915 386 2946 bona
403 2915 466 2946 fide
483 2925 499 2946 a
515 2918 601 2950 nobis
612 2920 843 2959 poffideantur,
862 2921 914 2952 vel

51 2955 260 2997 superficiaria
280 2955 367 2987 sunt:
388 2957 449 2996 jam
475 2966 563 2996 aeque
579 2958 671 2991 bonis
696 2962 913 3000 adnumerari,

52 2999 146 3029 etiam
164 2997 186 3028 fi
204 2997 281 3036 quid
296 2997 381 3028 estin
399 2998 592 3038 actionibus,
604 3001 828 3042 petitionibus,
846 3012 913 3042 per-

50 3038 280 3072 secutionibus:
298 3047 367 3069 nam
386 3039 452 3069 tinec
467 3041 610 3072 omniain
623 3042 716 3074 bonis
726 3043 788 3074 effe
805 3044 913 3075 videri.

53 3078 252 3112 lvlouestinus
269 3079 315 3109 lib¹
335 3090 362 3120 3.
380 3079 558 3121 Regularum
574 3081 603 3113 in
619 3083 638 3113 l.
657 3093 707 3124 5²·
723 3083 765 3114 D.
791 3086 823 3115 de
845 3087 913 3126 adq.

53 3132 106 3153 rer.
123 3123 195 3151 dom.
211 3120 253 3151 fic
268 3120 426 3160 breviter,
451 3121 540 3159 Rem,
557 3123 677 3163 inquit,
699 3125 730 3154 in
755 3125 834 3155 bonis
859 3135 909 3156 no-

46 3163 118 3204 fisis
132 3162 229 3194 babere
244 3161 448 3204 intelligimur,
458 3165 586 3205 quotiens
590 3162 756 3206 poffidentes
769 3168 906 3208 exceptio-

1772 90 1840 144 343

965 170 1046 200 nem,
1061 168 1113 193 aut
1127 164 1290 195 amittentes
1305 165 1344 196 acl
1357 167 1659 207 recuperandameam
1675 165 1835 207 aaronem,

963 203 1105 234 babemus.
1129 203 1181 234 De
1197 214 1231 235 re
1248 214 1317 244 quae
1334 207 1364 236 i'n
1375 207 1520 239 dominio
1534 207 1596 247 est,
1611 209 1733 240 moneri
1750 209 1830 241 nihil

963 244 1095 282 attinet,
1110 245 1237 276 nemine
1251 247 1417 279 dubitante
1428 272 1439 288 ‚
1450 247 1524 288 quin
1541 258 1592 280 res
1607 250 1727 282 domini
1748 249 1783 281 lit
1799 251 1832 282 in

963 284 1029 324 ejus
1045 285 1156 323 bonis,
1167 285 1206 316 ab
1222 295 1328 326 eoque
1341 289 1410 327 Jure
1425 289 1585 330 obligetur
1597 290 1730 332 pignori.
1743 289 1834 324 Idem

964 326 1135 357 dicendum
1153 327 1193 358 de
1210 337 1243 357 re
1261 328 1420 360 bonafide
1437 330 1583 370 poss‘ess'a:
1606 341 1677 364 nam
1701 332 1731 364 ὅς
1748 332 1832 364 hanc

961 366 992 397 in
1010 366 1102 397 bonis
1119 367 1424 405 eise,intelleximus
1441 381 1481 402 ex
1496 373 1524 403 d.
1541 373 1559 403 l.
1571 383 1621 412 49.
1637 373 1714 414 quin
1730 373 1831 415 vulgo

962 415 1074 438 notum
1093 410 1180 447 quod
1197 409 1283 440 bona
1300 409 1380 441 fides
1407 413 1604 445 tantumdem
1621 414 1744 460 praestat
1760 424 1833 456 pos-

960 447 1091 486 fidenti,
1109 458 1260 487 quantum
1272 451 1406 490 veritae,
1424 454 1833 496 quotiesleximpedinien-

961 496 996 520 to
1012 498 1076 519 non
1094 489 1138 520 est
1155 490 1173 520 l.
1195 494 1261 530 1536.
1275 491 1317 522 D.
1333 493 1366 522 cie
1381 502 1440 534 reg.
1454 494 1516 534 jur.
1535 496 1573 525 ab
1595 497 1656 528 hac
1671 497 1761 529 causa
1777 497 1832 529 ha*

962 530 1016 561 bet
1051 529 1264 563 Publicianam
1296 532 1325 563 in
1355 543 1422 565 rem
1451 535 1620 568 actionem.
1653 539 1681 570 ἀ
1705 541 1832 578 optime

960 571 1074 603 Paulus
1091 572 1110 602 l.
1127 577 1172 606 18.
1192 572 1233 604 D.
1250 574 1278 604 b.
1295 578 1317 605 t.
1344 574 1395 613 Si,
1412 575 1535 616 iuquit,
1559 579 1594 608 ab
1617 588 1644 610 eo
1661 581 1712 620 qui
1728 580 1830 611 Publi-

959 613 1046 643 ciana
1063 615 1108 643 utz'
1122 615 1217 652 potuit
1227 638 1236 653 ,
1249 616 1320 655 quia
1336 617 1495 648 dominium
1508 627 1565 649 non
1580 619 1680 650 babuit
1691 643 1700 658 ,
1713 622 1830 661 pignori

958 655 1053 694 accepi
1063 663 1072 689 ς
1082 653 1126 691 sic
1142 661 1240 686 tuetur
1253 666 1294 686 me
1298 663 1350 696 per
1360 658 1533 690 Servianum
1544 659 1675 699 Frater,
1693 663 1829 702 quemad-

957 696 1071 726 modam
1086 696 1236 727 debitorem
1248 705 1300 737 per
1318 697 1528 732 Publicianam.
1563 700 1715 733 Similiter
1732 712 1828 735 nemo

958 737 1061 772 dicet,
1093 736 1336 776 superficiarium
1361 740 1432 780 jure
1456 742 1540 773 civili
1575 742 1637 774 ess'e
1660 743 1827 776 domitium

957 776 1149 817 superficiei:
1174 780 1203 809 ἃ
1220 788 1326 811 tamen
1346 790 1442 812 nemo
1461 783 1609 824 negabit.
1634 793 1707 816 eum
1732 785 1827 817 instar

958 819 1077 849 domini
1105 821 1241 857 reputari
1263 822 1331 860 jure
1358 821 1532 864 Praetori'o,
1557 834 1623 865 quo
1637 827 1827 867 accepitjus

957 860 990 890 in
1006 869 1040 891 re
1056 858 1075 888 l.
1094 867 1139 894 19-
1159 859 1199 891 D.
1218 863 1251 891 de
1266 863 1363 893 damn.
1389 864 1487 903 inferit.
1505 866 1535 898 &
1555 876 1611 906 per
1629 867 1689 898 hoc
1714 867 1826 900 utilem

956 899 986 931 in
1006 909 1073 931 rem
1101 900 1260 933 athonem
1288 904 1307 934 l.
1341 913 1368 935 1.
1396 904 1424 946 ᾗ.
1441 916 1468 946 3.
1495 905 1537 938 J).
1555 909 1589 939 de
1603 907 1781 949 superficieb.
1804 909 1826 945 l.

957 951 1004 981 7-3.
1022 942 1041 973 l.
1059 949 1107 980 74.
1122 941 1161 986 ὅ)
1179 943 1195 972 l.
1217 953 1267 984 75.
1289 944 1328 975 D.
1346 946 1380 975 cle
1394 948 1437 976 rei
1453 949 1561 979 vindic.
1582 950 1677 991 igitui-
1694 960 1754 981 nec
1772 950 1829 988 dur

955 983 1036 1014 bitae
1053 981 1206 1023 Ulpianus
1223 986 1249 1015 d.
1273 985 1292 1016 l.
1309 995 1360 1026 49.
1385 989 1459 1027 quin
1478 989 1656 1029 superficies
1671 990 1708 1023 fit
1722 992 1753 1023 in
1771 992 1829 1023 bo-

956 1026 1003 1055 nis
1026 1024 1101 1064 ejus.
1127 1023 1309 1057 Marcianus
1331 1036 1439 1060 autem
1465 1030 1485 1061 l.
1515 1041 1560 1072 13.
1589 1032 1617 1073 §.
1648 1043 1676 1073 3.
1698 1033 1741 1064 I).
1758 1033 1785 1064 b.
1802 1037 1825 1064 t.

956 1065 998 1096 Et
1013 1065 1282 1106 insuperficiariis‚
1306 1069 1428 1109 inquit,
1452 1071 1575 1113 legitime
1599 1073 1745 1114 confislere
1768 1083 1826 1105 cre-

958 1108 1035 1137 ditor
1047 1105 1135 1147 potest
1150 1110 1289 1148 adversus
1310 1111 1461 1151 quemlibet
1473 1113 1663 1154 pciffefforem:
1681 1114 1745 1154 five
1762 1121 1826 1147 tan·

957 1154 1018 1178 tum
1040 1148 1155 1188 pastum
1180 1157 1352 1182 conventum
1374 1153 1407 1183 de
1431 1154 1585 1195 hypotheca
1610 1157 1799 1187 intervenerit
1813 1179 1824 1195 ‚

954 1188 1012 1221 sive
1027 1191 1114 1220 etiam
1133 1190 1254 1231 poffeffio
1279 1195 1389 1224 tradita
1410 1195 1521 1235 fuerit,
1544 1198 1643 1228 deinde
1664 1196 1824 1238 amiffafit,

953 1229 1026 1261 Nec
1043 1238 1148 1262 tamen
1166 1234 1381 1265 omittendum
1399 1235 1464 1266 hoc
1489 1236 1575 1268 Pauli
1599 1239 1616 1269 l.
1636 1248 1679 1279 15.
1705 1239 1745 1270 D.
1764 1238 1829 1282 Qui

949 1278 1011 1311 pot.
1029 1272 1059 1302 in
1079 1273 1164 1313 pigri.
1187 1273 1288 1305 Etiam
1297 1275 1466 1316 superficies
1489 1278 1522 1308 in
1536 1279 1629 1310 alieno
1647 1282 1701 1316 solo
1714 1282 1825 1320 pofita,

949 1314 1068 1354 pignori
1085 1315 1152 1345 dari
1163 1313 1271 1354 potest:
1292 1318 1335 1348 ita
1350 1322 1446 1349 tamen
1457 1342 1465 1351 i
1483 1325 1516 1350 ut
1527 1321 1610 1360 prior
1627 1329 1713 1360 causa
1721 1320 1763 1358 fit
1778 1323 1826 1352 do-

956 1356 1029 1385 mini
1033 1354 1092 1394 soli
1099 1378 1109 1393 ,
1125 1353 1154 1393 fi
1169 1365 1225 1387 non
1239 1358 1373 1393 solvatur
1386 1359 1413 1389 ei
1421 1360 1573 1399 solarium.
1591 1361 1679 1393 Idem
1699 1363 1739 1393 de
1755 1362 1828 1394 fun-

956 1396 999 1426 do
1015 1396 1159 1436 vectigali
1177 1397 1339 1438 respondit
1361 1399 1506 1433 Scaevola
1523 1402 1542 1433 l.
1558 1411 1608 1443 31.
1625 1404 1653 1434 d.
1673 1409 1693 1433 t.
1712 1403 1831 1435 Marci-

958 1446 1033 1468 anus
1050 1446 1129 1468 vero
1146 1439 1174 1470 d.
1191 1439 1209 1469 l.
1234 1448 1278 1479 13.
1298 1440 1325 1480 §.
1342 1449 1370 1471 2.
1390 1443 1485 1474 etiam
1503 1444 1615 1484 pignus
1631 1453 1648 1475 a
1664 1447 1828 1477 creditore

957 1477 1082 1519 pignori
1099 1479 1184 1518 dari,
1207 1480 1359 1513 affirmat:
1381 1491 1453 1513 cum
1478 1483 1542 1524 ipse
1567 1493 1698 1525 quoque
1714 1486 1832 1518 habeat

950 1520 1002 1561 jus
1012 1519 1041 1550 in
1053 1530 1087 1551 re
1096 1520 1114 1551 l.
1129 1529 1174 1556 19.
1184 1521 1229 1553 D.
1241 1523 1274 1552 de
1283 1524 1378 1554 damn.
1391 1523 1490 1563 infet't.
1507 1525 1537 1556 ὅ(
1548 1533 1717 1565 propterea
1727 1527 1831 1568 hypo-

955 1561 1127 1593 thecariam
1138 1564 1169 1593 in
1187 1571 1254 1594 rem
1272 1564 1429 1596 actionem
1440 1565 1459 1596 l.
1475 1575 1522 1606 17.
1538 1567 1619 1598 [λὺ.
1630 1574 1651 1598 t.
1665 1567 1717 1599 De
1729 1568 1831 1600 norni-

956 1611 996 1634 ne
1006 1602 1161 1634 debitoris
1171 1602 1232 1635 fuit
1245 1605 1426 1637 dubitatum
1438 1618 1445 1638 :
1457 1605 1544 1639 forte
1560 1609 1648 1648 quod
1658 1609 1760 1641 invito
1774 1616 1830 1643 aut

955 1643 1051 1675 inscio
1066 1644 1233 1684 debitore,
1257 1655 1322 1678 non
1348 1647 1449 1686 posset
1473 1647 1503 1679 ei
1518 1648 1583 1680 hoc
1601 1651 1698 1682 modo
1714 1650 1830 1685 mutari

955 1693 1010 1716 aut
1034 1685 1164 1717 obtrudi
1189 1688 1327 1720 creditor
1344 1712 1354 1728 ,
1386 1689 1471 1721 salvo
1495 1690 1574 1730 Jure.
1596 1691 1760 1732 postquam
1783 1699 1830 1725 ta-

954 1736 1028 1758 men
1044 1726 1138 1759 vendi
1164 1729 1264 1769 coepit
1289 1739 1425 1770 nornen,
1449 1731 1608 1770 obtinuit,
1634 1741 1668 1765 ut
1684 1734 1712 1764 ὁ(
1730 1739 1829 1775 genez

954 1768 1062 1799 raliter
1077 1768 1106 1800 δε
1123 1768 1300 1808 specialiter
1321 1773 1482 1812 pignorari
1506 1772 1614 1814 possit.
1639 1775 1668 1805 ἃ
1687 1774 1829 1816 hocjam

957 1811 1080 1849 pridem
1106 1810 1275 1850 placuisse,
1300 1815 1461 1845 meinoriae
1487 1815 1627 1856 prodidit
1647 1816 1829 1851 Alexander

955 1852 974 1881 l.
991 1860 1020 1889 4.
1039 1851 1071 1882 C.
1099 1851 1172 1896 Quae
1194 1863 1237 1883 res
1253 1854 1372 1895 pignori
1396 1856 1481 1897 oblig.
1500 1856 1569 1897 poffi
1598 1857 1712 1889 Paulus
1730 1866 1829 1897 vero,

957 1899 1118 1931 tamquam
1142 1894 1174 1925 in
1197 1903 1230 1925 re
1255 1904 1341 1927 certa
1360 1896 1389 1928 ὅ(
1406 1898 1572 1937 explorata
1588 1897 1643 1929 suo
1661 1907 1831 1939 ternpore,

959 1934 1007 1971 Si,
1032 1933 1153 1973 inquit,
1176 1937 1359 1975 convenerit,
1381 1944 1416 1968 ut
1430 1948 1530 1969 nomen
1548 1941 1675 1970 debitoris
1694 1941 1749 1970 mei
1759 1941 1828 1981 pig-

957 1976 1022 2006 nori
1046 1976 1098 2006 tibi
1115 1975 1174 2014 fit,
1199 1979 1305 2008 tuenda
1333 1976 1372 2018 est
1396 1989 1414 2010 a
1438 1980 1562 2011 Praetore
1588 1981 1645 2012 hcec
1666 1983 1827 2013 conventio.

959 2014 1037 2058 Quo
1061 2017 1190 2048 modo?
1213 2025 1246 2049 ut
1271 2019 1308 2053 &³
1323 2025 1349 2049 te
1364 2021 1396 2050 in
1413 2022 1554 2061 exigenda
1568 2023 1711 2059 pecunia,
1735 2022 1828 2062 (affi-

959 2057 1074 2088 onibus
1093 2059 1238 2097 utilibus,
1263 2067 1296 2090 ut
1313 2060 1355 2091 cst
1366 2062 1398 2092 in
1407 2064 1434 2092 [l.
1451 2063 1471 2093 l.
1489 2066 1538 2103 4.)
1555 2062 1592 2097 ὅ)
1609 2065 1757 2094 debitorem
1773 2065 1827 2094 ad-

958 2100 1058 2135 versus
1074 2109 1134 2139 me,
1152 2099 1182 2136 fi
1196 2110 1259 2131 cuin
1274 2110 1303 2132 eo
1319 2105 1469 2143 experiar,
1493 2110 1612 2135 tueatur
1628 2105 1647 2135 l.
1669 2109 1716 2138 18.
1734 2104 1775 2136 D.
1792 2106 1826 2135 de

953 2142 1037 2181 pigri.
1063 2140 1120 2172 ati,
1147 2140 1199 2172 Ne
1215 2142 1277 2173 alio
1294 2144 1424 2182 quidem
1443 2145 1526 2176 redit
1545 2145 1609 2176 hoc
1625 2144 1826 2177 Diocletiani

959 2183 987 2212 et
1004 2181 1192 2214 Maximiani
1209 2183 1228 2214 l.
1246 2192 1274 2223 7.
1287 2185 1319 2214 C.
1345 2186 1379 2215 de
1395 2185 1485 2216 bereti.
1500 2187 1546 2217 vel
1573 2186 1628 2218 aa.
1638 2188 1725 2218 vend.
1745 2185 1829 2227 Post-

957 2232 1045 2263 quam
1067 2232 1095 2253 eo
1120 2224 1269 2261 decursum
1290 2223 1349 2266 est,
1372 2232 1406 2256 ut
1423 2229 1568 2259 cautiones
1592 2237 1702 2269 quoque
1723 2229 1828 2260 debito-

956 2274 1022 2294 rum
1033 2265 1150 2304 pignori
1166 2268 1285 2297 dentur:
1307 2269 1485 2299 ordinarium
1510 2271 1605 2306 visum
1621 2270 1672 2309 esi,
1700 2267 1762 2310 post
1777 2280 1828 2301 no·

956 2306 1042 2335 minis
1059 2307 1343 2338 venditioneinutiles
1352 2311 1470 2348 emptori
1485 2308 1575 2349 (ficut
1592 2312 1752 2351 responsum
1767 2309 1826 2352 est)

956 2345 1003 2375 ‘vel
1018 2344 1071 2385 ipsi
1085 2349 1218 2378 creditori
1235 2347 1396 2388 postulanti
1421 2351 1531 2381 dandas
1546 2351 1609 2391 effe.
1642 2352 1757 2384 Similis
1771 2353 1827 2384 de-

956 2386 1102 2417 liberatio
1119 2387 1198 2426 fuit,
1216 2399 1251 2419 an
1269 2389 1460 2423 ususfructus
1478 2392 1601 2433 pignori
1618 2393 1745 2435 obligari
1757 2403 1828 2433 pos·

956 2426 1016 2457 fit?
1040 2427 1069 2458 δε
1088 2428 1215 2467 quidem
1240 2429 1281 2461 ait
1304 2430 1487 2464 Marcianus
1506 2435 1525 2465 l.
1547 2442 1592 2464 11.
1612 2434 1640 2476 §.
1657 2445 1685 2476 2.
1704 2435 1743 2466 D.
1758 2436 1786 2467 b.
1804 2441 1826 2466 t.

955 2467 977 2498 fi
1003 2468 1149 2500 dominus
1175 2473 1380 2510 proprietatis
1400 2482 1472 2505 cum
1490 2474 1544 2505 suo
1568 2477 1727 2508 creditore
1749 2477 1829 2508 con*

955 2510 1080 2540 venerit
1103 2511 1143 2541 de
1168 2511 1338 2552 obligando
1363 2514 1407 2545 rei
1432 2514 1490 2546 suae
1507 2515 1684 2556 usufructu,
1708 2518 1828 2550 nullam

955 2549 1017 2581 esse
1039 2550 1182 2591 causam,
1207 2562 1270 2592 quo
1294 2555 1397 2586 minus
1428 2557 1458 2587 id
1483 2558 1511 2588 ei
1529 2557 1746 2599 indulgeatur:
1771 2570 1827 2591 vo-

954 2591 1042 2622 lente
1059 2593 1280 2631 i·atione‚eum
1297 2595 1354 2626 suae
1371 2597 1434 2636 rei,
1452 2606 1516 2638 quo
1535 2600 1632 2631 modo
1653 2601 1747 2639 velit,
1764 2600 1826 2631 esse

954 2633 1104 2664 arbitrum
1122 2634 1151 2665 ὅ(
1167 2637 1416 2669 moderatorem.
1433 2639 1495 2671 atfi
1510 2641 1549 2671 de
1566 2639 1727 2672 usufructu
1744 2642 1825 2672 obli-

953 2675 1059 2714 gando
1076 2674 1111 2710 fit
1134 2684 1329 2709 conventum
1347 2679 1386 2709 ab
1410 2688 1450 2710 eo
1473 2682 1526 2721 qui
1551 2680 1649 2712 habet
1670 2682 1766 2713 solum
1791 2691 1827 2711 u-

954 2714 1156 2747 iuiiifruttum
1168 2740 1176 2754 ‚
1194 2718 1224 2748 id
1235 2718 1290 2757 est,
1303 2721 1421 2752 nudum
1437 2720 1662 2755 usumfructum
1678 2723 1739 2754 fine
1753 2730 1827 2762 pro-

956 2759 1092 2795 prietate
1105 2780 1115 2795 ‚
1139 2758 1274 2797 potuiffe
1291 2761 1444 2793 dubitari:
1465 2762 1516 2794 sed
1532 2763 1736 2804 Papinianum
1754 2762 1825 2793 scri-

956 2798 1050 2836 bere,
1067 2799 1257 2831 creditorem
1274 2801 1367 2834 etiam
1385 2803 1611 2836 hictuendum.
1629 2804 1680 2843 qui
1699 2801 1825 2843 potest,

956 2838 1036 2870 salva
1049 2838 1122 2878 J'uris
1137 2839 1267 2874 forma?
1289 2842 1424 2875 indicavi
1439 2844 1486 2876 lib.
1509 2855 1534 2879 1.
1558 2847 1606 2876 De
1620 2843 1777 2884 usufructu
1794 2854 1825 2877 c.

955 2889 984 2919 3.
1001 2880 1052 2910 ubi
1070 2880 1163 2919 vide,
1187 2881 1207 2913 fi
1233 2883 1322 2916 lubet
1348 2885 1378 2916 ὅς
1404 2895 1501 2918 vacat.
1528 2887 1630 2925 Major
1655 2886 1759 2925 pugna
1775 2884 1823 2917 est

956 2922 1037 2952 circa
1055 2919 1217 2955 servitutes
1232 2926 1422 2965 praediorum
1440 2929 1630 2958 urbanorum
1645 2928 1674 2956 dt
1691 2925 1821 2957 rustico·

956 2971 1041 2998 rum,
1065 2967 1225 3003 proptera
1253 2966 1369 3008 l.11.§.
1387 2969 1440 2998 ult.
1457 2968 1493 3002 ὃ
1509 2968 1527 2997 l.
1546 2976 1591 2997 12.
1613 2966 1651 2996 D.
1671 2967 1698 2997 b.
1717 2973 1738 2998 t.
1756 2966 1821 2999 Sed

958 3002 1076 3042 refert3
1091 3012 1193 3036 utrum
1206 3015 1362 3047 quaeratur
1378 3010 1417 3039 de
1435 3016 1518 3039 nova
1534 3006 1683 3038 servitute
1708 3017 1724 3038 a
1745 3017 1821 3046 prae-

957 3044 997 3074 dii
1022 3044 1152 3077 domino
1177 3048 1300 3089 pignori
1327 3047 1565 3085 constituenda;
1588 3057 1625 3078 an
1646 3049 1685 3079 de
1709 3057 1819 3082 verere

954 3085 1121 3127 obliganda
1144 3087 1184 3118 ab
1206 3099 1245 3120 eo
1270 3091 1355 3129 cujus
1380 3088 1500 3128 praedio
1520 3088 1583 3127 jam
1600 3088 1634 3120 fit
1649 3089 1818 3130 adquisita:

952 3126 1124 3166 posteriore
1149 3129 1218 3161 casu
1241 3131 1295 3169 qui
1316 3129 1360 3159 est
1376 3130 1401 3159 d.
1417 3129 1437 3159 l.
1458 3137 1504 3160 11.
1519 3129 1549 3170 §.
1568 3129 1621 3161 ult.
1647 3129 1816 3176 Marciano

949 3176 1011 3201 non
1036 3168 1176 3210 placuit,
1198 3180 1266 3203 eam
1281 3168 1426 3209 obligari:
1452 3171 1683 3212 conlideranti,
1704 3174 1817 3245 prssdii

1769 3223 1815 3245 er·
