2036 3495
460 84 528 125 De
566 84 763 122 Pieris
807 90 870 120 ET
911 83 1284 120 Titine-terro

75 185 155 216 rium
170 180 312 219 abilenes,
336 178 430 219 insito
451 178 563 209 nomine
579 184 636 206 non
651 173 750 215 flant,
772 172 824 220 sed⁴
840 173 935 210 trcinfe

74 232 128 257 unt
145 227 176 256 in
194 225 343 265 proprium
369 229 469 252 nomen
485 215 668 251 contraclus:
691 222 722 246 ut
739 221 839 255 emptlo
850 239 859 254 ,
875 224 945 246 ven-

69 268 141 298 ditio
152 289 161 306 ‚
185 266 301 302 locatio,
317 262 464 295 conciuflio
476 284 485 300 ,
493 261 633 299 chz'etas,
652 258 878 294 commodulum,
900 258 945 286 cie-

69 307 214 350 poshwn,
238 306 274 341 ὅ)
290 306 382 336 ceteri
391 303 500 342 fimiles
514 299 686 344 contrahitis.
705 297 733 339 ἓ.
750 308 777 345 g.
796 297 852 327 Sed
869 296 905 332 ὅ)
915 296 945 335 fi

71 351 107 380 ‘in
123 349 214 381 alium
230 344 408 379 commeani
428 352 470 375 res
495 351 552 374 uon
570 343 716 378 tremeat,
732 337 829 384 qubfit
847 345 944 385 famen

75 394 180 429 caula.-
197 385 340 431 eleganter
355 382 450 426 Aristo
467 384 543 419 Cellb
559 382 700 423 respondit
710 379 784 428 ‚effe
799 380 944 421 obligatio-

72 442 155 464 nem:
177 436 210 462 ut
220 435 312 471 pum,
337 429 401 459 dedi
428 428 479 458 libi
503 430 580 463 rem,
604 426 639 454 ut
654 422 724 454 mihz
740 423 829 453 alium
843 424 943 461 dures,

71 475 138 505 aei-ii
149 497 158 512 ,
181 479 214 503 ut
230 471 340 512 aliquid
348 469 467 510 facias,
483 467 532 497 boc
547 465 736 510 συνιέῆωγμοι)
761 465 791 493 id
805 461 860 502 est,
877 472 943 494 con-

71 514 199 545 cratium
222 512 291 554 effe,
315 510 351 545 δὲ’
373 511 440 541 binc
456 508 534 546 nas'cz'
550 505 661 537 civilem
675 505 883 546 obligationem..
896 503 943 549 ἱδὲ’

73 556 135 587 ideo
148 561 218 596 puto
235 552 307 585 refte
330 551 489 592 Julianum
505 560 523 580 α
541 547 729 579 Mauriciano
748 548 944 586 reprebenluiii

70 599 104 629 in
120 598 188 629 boc:
211 595 288 626 Decii
303 594 354 624 tibi
371 592 522 628 Stichum,
540 595 572 620 ut
589 587 774 629 Pamphilum
787 588 942 618 manumit-

73 644 136 676 tas,
153 632 362 675 inanumiststi,
375 632 485 664 evitius
501 630 539 673 est
550 628 839 670 Stichus:Julianus
857 627 942 668 [scri-

73 679 128 723 hit]
152 680 184 709 in
194 676 310 718 fastum
328 674 465 706 czfflonem
481 684 499 704 a
517 673 640 704 Pratore
655 671 800 702 dandam:
822 670 867 700 ille
883 671 943 715 etit,

73 721 188 752 civilem
201 719 303 750 incerti
317 716 454 748 astionem
464 739 473 753 ,
491 715 521 745 id
529 710 586 755 eft,
598 712 768 754 praescriptis
782 710 944 750 verblssuf-

67 761 171 803 ficere:
195 759 245 800 effe
266 760 343 790 enim
366 756 546 789 contrabium
561 755 637 797 quod
659 752 756 793 Aristo
772 755 944 798 συνᾴωοιγμω

71 803 160 841 dicit,
184 795 260 834 u'ncle
276 801 332 831 haec
347 800 479 840 nascitur
495 796 580 829 aelio.
628 794 781 836 Ulpianus
800 793 943 824 bifariam

66 844 182 877 dividit
198 841 277 882 Juris
293 843 437 883 gentium
453 838 698 870 conventiones.
723 844 784 881 ait..
799 835 872 866 alias
889 843 942 874 pa-

72 895 142 918 rere
158 885 315 916 actionem
327 907 336 921 ‚
352 883 425 914 alias
441 882 681 921 exceptionem.
699 878 752 908 lias
771 885 800 907 in
818 875 871 906 suo
889 885 943 906 no-

72 928 159 958 mine
175 925 270 957 stare:
295 925 362 957 illas
377 923 484 955 vocari
502 917 702 957 contractus,
719 925 772 949 aut
791 916 941 964 synallag-

72 978 164 1001 maia.
189 968 319 1004 addam,
343 966 437 998 etiam
455 963 603 1005 negotia,
621 961 673 993 vel
691 966 820 1001 negotia
838 960 943 1006 civ-ilia

71 1011 90 1041 1.
112 1013 155 1049 i7.
173 1008 201 1051 §.
220 1019 250 1050 3.
269 1008 309 1039 D.
331 1008 526 1043 Commodum,
550 1004 559 1034 l
587 1014 615 1043 5.
633 1001 662 1044 §
685 1011 710 1033 1.
729 1002 769 1032 D.
791 1003 824 1030 de
838 1000 943 1046 olqlrg'ct-

72 1051 195 1082 tionibus
212 1050 248 1084 ὦ)
264 1049 443 1085 ustionibus,
469 1047 487 1078 l.
505 1056 554 1086 70.
570 1044 599 1086 §.
617 1055 646 1076 2.
665 1042 705 1074 D.
730 1044 762 1073 de
779 1041 879 1082 legam
893 1043 942 1087 ulf-

74 1101 101 1124 1.
120 1092 136 1123 l.
155 1102 204 1133 33.
223 1091 263 1122 D.
280 1092 312 1122 cie
328 1088 502 1121 cumlifflone
518 1087 652 1123 indebiti,
675 1085 694 1115 l.
712 1092 739 1114 1.
759 1082 800 1113 D.
824 1084 856 1129 cle
872 1079 943 1131 ‹estt-

72 1142 196 1165 maiorm
215 1132 343 1171 afflone,
367 1131 386 1162 l.
407 1138 454 1171 15.
474 1130 559 1171 2322.
579 1126 620 1158 D.
645 1127 677 1156 cie
689 1124 808 1171 praescri
828 1129 863 1172 fis
883 1131 944 1170 ver-

69 1177 132 1213 ·ln's,
155 1174 231 1206 item
248 1172 352 1205 causas
365 1172 384 1203 l.
399 1180 447 1213 39.
470 1169 511 1202 D.
530 1168 562 1201 de
575 1166 793 1209 obligationibus
825 1206 828 1210 ,
859 1163 945 1194 atizo-

70 1218 173 1254 m‘lms,
199 1215 249 1246 vel
267 1215 388 1255 plenius
406 1209 510 1244 causas
526 1209 635 1241 civiles
647 1232 659 1246 „
679 1206 830 1253 appellari
854 1205 872 1236 l.
891 1212 942 1250 49.

66 1258 98 1300 ξ.
118 1268 144 1289 2.
163 1256 206 1288 D.
224 1258 255 1287 (le
268 1256 388 1295 peculio.
409 1253 452 1284 est
469 1256 618 1296 quoque,
634 1249 687 1280 ubi
705 1248 793 1278 caula
809 1254 944 1286 emptio·

69 1300 137 1336 nis,
154 1301 230 1329 item
246 1295 336 1327 causa
353 1293 522 1327 locationis
540 1293 656 1326 dieitur
672 1289 691 1319 l.
716 1298 748 1335 1..
758 1287 786 1329 ᾗ.
804 1291 833 1318 6.
851 1287 893 1318 D.
912 1289 944 1317 de

68 1341 193 1382 pecunia
209 1336 380 1379 constituta,
396 1336 491 1367 etiam
508 1333 612 1365 forma
628 1337 749 1376 negotii
766 1328 857 1370 §.ult
871 1326 942 1368 ἶφι-[ἰ.

73 1383 107 1412 de
126 1383 280 1418 inundato,
305 1379 335 1410 dt
351 1376 520 1410 locationis
539 1372 828 1410 conductionisque
845 1379 943 1417 nego-

70 1422 150 1454 tium
170 1422 189 1452 l.
209 1431 257 1453 22.
273 1420 316 1452 D.
342 1420 374 1450 de
410 1413 560 1458 raes'cripiz‘s
582 1415 694 1452 verbis,
717 1420 753 1444 ac
779 1418 944 1452 negotium

70 1463 254 1495 contractus
273 1464 292 1494 l.
313 1471 359 1498 19.
375 1425 418 1492 ὅ.
432 1460 490 1490 eod.
508 1459 555 1489 tir.
579 1457 608 1487 &
628 1457 699 1486 vice
714 1452 802 1486 versa
818 1462 944 1483 contra-

69 1505 139 1536 etus
156 1504 377 1545 negotiorum,
400 1501 484 1542 apud
502 1500 538 1530 A.
555 1497 698 1529 Gellium
714 1496 763 1526 lib.
784 1504 832 1526 20.
851 1494 942 1540 Nobi.

72 1547 168 1578 Aztic.
193 1556 216 1577 c.
244 1551 270 1576 1.
308 1544 354 1575 Ita
377 1543 468 1575 simus
491 1539 641 1572 subdufila
658 1538 697 1584 ad
715 1545 781 1582 rein
800 1541 943 1582 rationc;

72 1588 192 1627 duplex
217 1585 261 1617 est
284 1585 478 1617 conventio:
502 1582 554 1613 vel
580 1581 663 1612 enim
688 1588 720 1610 in
738 1579 794 1609 luo
811 1586 944 1623 nomine

72 1626 142 1661 stat.
166 1629 194 1659 δε
212 1629 292 1659 nuda
311 1626 503 1662 conventio,
525 1622 588 1655 five
608 1620 672 1653 sola
688 1624 886 1658 conventio,
908 1618 943 1666 ii-

72 1681 114 1703 ve
142 1677 264 1701 tantum
286 1668 463 1700 conventio
489 1672 640 1701 vocatur3
667 1669 702 1693 ut
725 1660 877 1702 sequente
900 1661 945 1708 di-

71 1721 143 1745 carn
168 1712 291 1751 capite:
316 1709 365 1740 vel
389 1707 433 1739 est
458 1705 657 1743 contractus,
679 1701 752 1748 five·
768 1707 945 1749 conventio

74 1755 127 1784 cui
143 1752 242 1784 subest
258 1750 348 1782 causa
362 1749 483 1787 civilis,
507 1747 538 1778 id
555 1742 619 1784 est,
643 1752 810 1791 negotium
830 1744 942 1783 ciVile‚

74 1793 139 1826 five
163 1792 252 1824 causa
275 1792 325 1823 vel
349 1790 516 1831 negotium
534 1788 600 1828 jure
622 1787 707 1817 civili
724 1785 945 1826 approbatum.

75 1834 121 1867 est
143 1834 238 1876 igitur
264 1832 466 1870 contractus,
489 1828 665 1861 conventio
688 1826 742 1858 usu
759 1826 830 1857 'uris
848 1827 946 1859 civilis

74 1880 226 1916 recepta,
250 1884 355 1914 eoque
376 1874 493 1904 idonea
509 1873 547 1902 ad
570 1869 734 1915 producen
760 1876 809 1899 am
826 1868 947 1909 obliga-

77 1918 201 1949 tionem
219 1917 248 1948 &
267 1916 443 1953 actionem,
466 1912 520 1944 etsi
544 1921 609 1943 non
629 1911 752 1956 adjuta,
777 1916 880 1950 neque
896 1911 948 1942 ad-

76 1959 258 1991 miniculata
275 1957 400 1998 speciali
416 1956 496 1996 lege.
528 1954 668 1992 alioquin
682 1960 750 1997 *non
766 1951 948 1998 contractus

78 2001 214 2038 dicitur,
237 1998 288 2030 sed
306 1998 429 2039 paetum
446 1996 633 2036 legitimum.
657 1993 708 2024 Sic
726 1992 854 2033 quidem
870 1992 947 2024 mihi

77 2042 214 2074 videtur.
254 2041 295 2071 At
313 2040 401 2070 aliter
419 2037 530 2069 definit
548 2035 606 2066 Vir
621 2033 872 2066 eminentiffimae
889 2035 947 2065 do-

78 2083 204 2120 ctrinae,
221 2081 358 2121 jacobus
374 2079 531 2119 Cujacius.
554 2077 578 2109 is
594 2076 654 2114 ait,
680 2075 878 2121 contractum
899 2084 946 2106 es-

77 2122 108 2155 se
131 2124 382 2155 conventionem
406 2120 577 2152 habentem
594 2126 731 2163 nomen3
755 2125 828 2154 aut,
852 2116 872 2148 si
890 2126 946 2148 no-

75 2165 162 2196 mine
177 2172 289 2202 vacat,
310 2162 454 2194 causam:
476 2169 611 2201 eamque
639 2160 769 2190 datione
791 2166 844 2204 aut
860 2158 947 2189 facto

79 2205 317 2238 circumscribit.
365 2204 398 2235 In
420 2212 485 2244 quo
507 2210 639 2239 vercor,
663 2209 703 2231 tie
726 2199 878 2246 Egregius
895 2199 949 2231 ille

80 2244 139 2278 Vir
149 2247 261 2278 erroris
275 2245 311 2277 fit
325 2243 520 2278 manifestim.
539 2252 609 2274 nam
626 2249 661 2274 ut
676 2240 948 2287 datio&la6tum,

80 2297 153 2318 cum
169 2286 379 2318 conventioni
395 2286 571 2321 accedunt,
595 2283 622 2314 ei
642 2283 804 2323 praebeant
820 2283 949 2314 civilem

80 2329 243 2370 obligandi
267 2327 409 2366 causam3
432 2336 494 2358 non
521 2326 595 2356 ideo
620 2324 709 2355 causa
725 2324 872 2362 datione,
896 2332 951 2357 aut

80 2370 167 2401 fastu
186 2371 381 2401 terminatur.
399 2368 435 2400 fit
449 2372 688 2408 argumentum:
704 2367 791 2406 quod
809 2364 949 2406 Ulpiano

81 2412 100 2442 l.
117 2421 146 2448 9.
166 2411 209 2443 D.
235 2412 267 2442 de
281 2411 363 2441 rebus
377 2410 510 2448 creditis,
535 2407 570 2441 ὅ)
588 2408 607 2438 l.
627 2416 651 2438 1.
668 2405 686 2448 §
709 2410 738 2437 6.
759 2405 799 2437 D.
823 2409 856 2437 cie
865 2414 950 2448 pecu·

81 2454 130 2484 nia
144 2451 318 2494 constituta,
332 2451 453 2482 causam
472 2449 694 2491 qualicumque
708 2448 811 2489 Jungit
824 2456 948 2494 contra·

83 2492 164 2532 Ciui3
185 2494 247 2525 sive
264 2493 300 2525 fit
316 2501 440 2531 cei-tus,
456 2491 519 2523 five
537 2491 696 2528 incertus3
717 2490 747 2520 id
764 2489 808 2521 est
820 2513 829 2528 ,
846 2498 947 2521 nomi-

84 2541 172 2565 natus
195 2543 248 2565 aut
271 2533 501 2565 innominatus:
526 2539 621 2572 atque
644 2532 725 2561 adeo
741 2539 813 2563 cum
829 2532 949 2572 aliqua,

82 2574 175 2605 etiam
190 2581 260 2606 cum
277 2574 561 2613 nulla‚interveiiit
577 2573 663 2603 datio
677 2581 731 2603 aut
746 2572 863 2604 saelum
876 2584 883 2604 :
896 2582 950 2603 vo·

82 2613 168 2645 lente
194 2615 296 2647 forma
318 2616 469 2647 nominati
493 2614 694 2651 contractus,
717 2614 806 2645 verbi
831 2615 952 2655 gratia,

84 2655 273 2695 emptionis:
295 2656 350 2688 etii
364 2666 400 2687 ea
411 2655 500 2688 causa
517 2659 547 2687 in
564 2654 729 2687 commeta
746 2655 798 2696 qui
819 2656 949 2687 nomine

83 2704 190 2733 caret,
213 2702 340 2728 non'ex
363 2698 599 2728 conventione:
623 2695 673 2728 sed
692 2706 731 2727 cx
750 2697 880 2728 datione
895 2704 950 2727 aut

82 2735 171 2768 fatto
193 2728 400 2776 proficiscitur
417 2738 437 2768 l.
456 2747 482 2770 1.
498 2737 526 2778 §.
546 2747 562 2768 2
590 2736 631 2769 D.
648 2739 680 2768 de
698 2747 792 2769 rerum
802 2743 950 2778 permuta-

84 2784 170 2809 tione.
201 2777 284 2816 imo,
307 2779 390 2809 idem
406 2778 437 2810 in
453 2779 617 2810 nominato
636 2787 765 2819 quoque
783 2779 950 2814 contractu

84 2819 137 2859 qui
157 2827 190 2849 re
207 2818 425 2856 contrahitur,
448 2827 482 2849 ut
499 2827 611 2851 mutuo
634 2820 663 2850 ὅι
680 2819 826 2859 deposito
843 2820 951 2852 eveni-

82 2870 139 2898 re,
162 2859 276 2890 Paulus
293 2858 438 2890 observat
454 2859 473 2890 l.
494 2868 540 2900 17.
556 2859 597 2891 D.
620 2861 653 2891 de
667 2861 771 2901 pactis,

126 2901 279 2933 Putemus
297 2901 411 2941 igitur,
427 2898 599 2940 Ulpianum
614 2903 641 2932 d.
654 2901 672 2931 l.
687 2911 714 2941 7.
730 2900 759 2944 §.
783 2911 806 2934 1.
827 2902 869 2934 D,
889 2903 949 2934 eod,

80 2944 131 2974 tit.
152 2942 243 2982 (nam
262 2941 324 2973 huc
344 2942 537 2972 redeundum
555 2941 620 2981 est)
642 2944 856 2982 appellatione
873 2952 950 2974 con-

82 2983 199 3016 tractus
217 2982 379 3020 indigitare
396 2981 648 3014 conventionem
668 2984 717 3014 cui
735 2984 836 3016 subest
848 2984 952 3017 civilis

81 3025 190 3058 causa:
205 3024 268 3056 five
277 3024 440 3065 negotium
451 3024 625 3062 antiquitus
642 3024 850 3063 approbatum
862 3035 949 3057 com-

82 3067 231 3099 munibus
244 3065 318 3106 juris
330 3065 433 3096 civilis
444 3064 571 3106 regulis.
585 3065 682 3096 taleni
699 3068 951 3099 conventionem

80 3109 125 3139 ait
140 3106 295 3148 Ulpianus
312 3116 376 3138 non
395 3106 473 3138 stare
498 3107 529 3137 in
547 3105 599 3136 suo
623 3107 754 3144 nomine
797 3107 848 3139 sed
868 3115 949 3141 tran-

78 3147 136 3181 sire
153 3151 182 3180 in
202 3149 365 3189 proprium
383 3157 499 3179 nomen
522 3146 729 3180 conti-astus:
752 3130 947 3190 significans,

79 3190 141 3223 hos
166 3190 216 3231 qui
238 3190 286 3230 jus
311 3189 405 3223 civile
428 3189 643 3223 condiderunt
671 3189 780 3230 primis
797 3193 947 3233 tempori-

1304 97 1324 121 N
1345 96 1355 120 1
1377 99 1395 120 ti
1416 97 1433 121 ι’
1452 100 1477 122 5.
1793 96 1862 129 413

991 173 1069 212 bus,
1085 174 1236 214 noluili‘e,
1254 175 1346 207 cives-
1359 174 1428 208 suos
1447 174 1510 208 fine
1529 175 1618 207 causa
1638 174 1770 216 obligari
1789 183 1862 206 con-

990 216 1197 247 veiitionibus
1213 216 1468 258 quibuscumque
1486 218 1525 258 ad
1543 218 1614 249 vitae
1631 217 1801 249 ministeria
1819 218 1863 247 in«

988 256 1139 302 utilibus:
1163 257 1216 289 sed
1233 259 1360 290 demum
1380 260 1650 291 conventionibus
1667 260 1705 290 ad
1727 259 1862 299 juvanda

988 305 1060 328 Vitae
1076 299 1250 330 commoda
1266 301 1520 340 pertinentibus:
1537 310 1655 342 easque
1667 299 1860 331 conventio-

988 348 1044 370 nes
1062 339 1189 380 publice
1206 349 1351 382 receptas
1367 342 1641 383 approbamsque,
1658 341 1767 373 dixisse
1783 348 1861 372 con-

988 379 1115 412 traClus.
1159 380 1273 414 Sextus
1296 382 1443 415 Caeeilius
1466 384 1549 424 apud
1567 385 1603 416 A.
1624 383 1786 421 Gellium,
1809 383 1859 412 lib.

987 431 1036 453 20.
1055 421 1146 453 Nost.
1167 423 1261 463 Actic.
1281 434 1305 456 c.
1327 434 1353 456 1.
1375 424 1418 456 iic
1433 425 1603 465 exprimit:
1627 424 1723 456 Fidem
1739 423 1859 465 majores

986 460 1075 503 nostri
1091 464 1122 494 in
1140 466 1315 504 negociorum
1331 466 1525 497 comrafflbus
1534 467 1712 507 sanxerunt.
1744 474 1858 506 praeter

986 504 1075 543 haec,
1093 512 1192 544 puto,
1211 504 1546 548 fignificatUlpianus,
1564 507 1697 539 Veteres
1709 516 1766 539 eos
1783 516 1860 538 con-

987 546 1102 578 tractus
1120 547 1150 577 ὅ(
1168 556 1301 579 numero
1320 549 1349 579 &
1367 550 1498 581 nomine
1524 548 1633 580 fecitte
1651 556 1774 587 certos;
1800 548 1859 579 eti-

986 596 1036 618 am
1060 587 1143 619 suam
1167 589 1282 629 cuique
1299 589 1417 621 dedisse
1433 589 1590 629 formam,
1615 590 1858 630 aCtionemqueg>

987 628 1017 660 ἃ
1042 637 1209 670 utramque
1234 629 1301 671 ipso
1323 631 1425 663 statim
1445 632 1594 671 nomine,
1619 632 1695 662 licet
1713 632 1790 662 nihil
1807 631 1859 661 ad-

987 670 1097 708 datur,
1115 671 1247 712 intelligi
1265 672 1408 704 voluiss'e.
1434 672 1498 704 hoc
1516 674 1610 714 igitur
1626 673 1727 704 modo
1744 673 1859 703 dicitur

988 710 1130 752 Ulpiano
1147 712 1177 742 in
1196 714 1223 743 d.
1240 713 1258 743 l.
1277 723 1306 749 9.
1333 723 1439 746 certus
1455 714 1638 746 contradus
1656 714 1740 745 idem
1757 715 1859 745 nomio

987 762 1073 784 nato.
1105 753 1179 784 inde
1196 756 1280 794 apud
1298 754 1504 795 Papinianum
1524 757 1650 796 prodita
1671 764 1707 787 ac
1726 755 1860 795 vulgaris

987 794 1089 832 aetio,
1105 794 1135 824 <St
1153 795 1317 835 proprium
1335 796 1466 830 aetionis
1483 807 1601 829 nomen
1619 797 1636 828 l.
1652 805 1678 828 1.
1691 796 1732 827 D.
1749 797 1861 836 depree-

977 836 1098 875 scripcz's
1114 836 1226 880 verbis,
1244 836 1273 867 ὅ(
1289 840 1374 877 apud
1392 837 1517 870 Celsum
1532 839 1669 879 vulgaria
1690 846 1786 878 atque
1803 835 1859 867 usi-

987 883 1051 907 tata
1077 875 1236 921 aelionuin
1263 879 1391 910 nomina
1415 880 1433 910 l.
1455 891 1483 912 2.
1509 880 1551 912 D.
1570 881 1627 911 eod.
1645 881 1691 911 tit.
1717 879 1858 919 Julianus

987 925 1117 958 quoque
1129 917 1188 962 *illo
1202 918 1288 962 sensu
1304 920 1363 957 ait,
1374 920 1509 952 existere
1524 922 1706 953 contrastus
1723 927 1859 961 quorum

986 958 1218 999 appellationes
1236 959 1304 990 lunt
1318 960 1385 1000 jure
1401 962 1486 994 civili
1505 964 1639 1003 proditae
1655 963 1673 994 l.
1691 972 1719 1004 3.
1739 961 1781 993 D.
1799 962 1859 992 eod.

987 1005 1033 1031 tit.
1057 999 1170 1045 Paulus
1187 999 1206 1030 l.
1228 1009 1255 1032 1.
1273 999 1301 1041 §.
1322 1011 1350 1032 2.
1367 1001 1409 1033 D.
1432 1004 1464 1034 de
1480 1005 1800 1045 rerumperniutalione
1815 1002 1861 1034 in-

987 1042 1042 1080 fit,
1066 1049 1120 1081 qui
1137 1049 1255 1072 nomen
1272 1043 1358 1073 suum
1384 1043 1513 1076 habent.
1557 1045 1691 1077 Fontem
1710 1045 1800 1085 hujus
1814 1044 1862 1083 ju-

987 1084 1027 1114 ris
1044 1081 1149 1114 iiescio
1167 1091 1204 1113 an
1221 1083 1341 1114 indicet
1352 1083 1526 1127 Dionysius
1544 1085 1795 1118 Halicarnasseus
1810 1086 1860 1116 lib.

986 1135 1016 1163 ii.
1037 1123 1158 1154 Roman.
1175 1125 1268 1166 antiq.
1298 1125 1338 1156 de
1363 1125 1477 1158 Servio
1501 1126 1613 1159 Tullio
1638 1137 1712 1169 rege
1729 1129 1772 1158 ita
1789 1126 1861 1158 scri-

988 1166 1078 1196 bens.
1105 1166 1196 1206 Leges
1212 1168 1245 1196 cle
1261 1166 1452 1198 conuallibus
1469 1167 1504 1202 ὅ
1520 1169 1553 1199 de
1568 1170 1686 1210 injuriis
1704 1169 1771 1200 tulit
1789 1177 1862 1210 quas

987 1207 1108 1238 curiatis
1123 1207 1242 1237 comitiis
1252 1214 1330 1238 ratas
1337 1208 1418 1245 fecit.
1443 1215 1527 1239 eram
1537 1216 1634 1240 citatem
1650 1216 1766 1240 numero
1776 1210 1862 1250 quin<-

985 1249 1148 1289 quaginta,
1173 1258 1299 1289 quarum
1319 1249 1490 1281 mentionem
1508 1251 1609 1288 facere
1622 1251 1687 1292 jam
1703 1260 1760 1281 non
1779 1249 1817 1291 est
1835 1261 1862 1280 o·

980 1297 1048 1331 pus.
1073 1289 1123 1320 Sic
1134 1290 1197 1320 ille.
1223 1290 1276 1322 sed
1286 1289 1307 1322 fi
1318 1300 1370 1322 eas
1381 1293 1545 1323 memoriae
1557 1291 1762 1333 prodidiffet:
1779 1301 1863 1332 quae-

988 1333 1059 1363 dam
1085 1332 1209 1371 plenius
1233 1332 1494 1373 intelligeremus.
1526 1342 1628 1372 nunc,
1652 1333 1738 1373 quod
1766 1333 1861 1369 licet,

988 1373 1110 1411 dicam,
1134 1382 1185 1403 eas
1208 1373 1295 1414 leges
1320 1374 1436 1405 deinde
1460 1376 1490 1406 iri
1516 1373 1701 1406 Duodecim
1720 1373 1863 1406 Tabulas

988 1414 1167 1452 traiissataS‚
1184 1423 1241 1446 eos
1258 1415 1440 1448 contractus
1457 1425 1474 1447 e
1491 1416 1620 1447 rudibus
1638 1416 1667 1448 ὅ(
1685 1417 1789 1455 parvis
1807 1416 1864 1447 inii-

989 1457 1039 1488 tiis
1055 1457 1094 1487 ad
1111 1455 1195 1486 illam
1213 1464 1306 1496 quam
1324 1457 1478 1488 habemus
1493 1456 1629 1489 formam
1641 1482 1649 1496 ,
1669 1457 1743 1489 Fori
1760 1457 1863 1498 dispu-

987 1498 1128 1571 gatiosilie,
1155 1499 1184 1528 <Sc
1208 1499 1261 1529 usu
1283 1498 1359 1538 juris
1385 1499 1489 1530 civilis
1506 1499 1607 1541 longo
1625 1506 1773 1540 tempore
1791 1508 1864 1540 pei·-

1010 1548 1061 1570 uxr
1090 1549 1117 1569 e.

1026 1579 1089 1612 Sed
1114 1580 1143 1611 &
1159 1579 1178 1612 fi
1201 1581 1323 1622 (pergo
1345 1582 1429 1613 enim
1447 1590 1520 1613 cum
1540 1580 1683 1622 Ulpiano
1700 1582 1731 1613 in
1749 1581 1777 1612 d.
1795 1580 1813 1612 l.
1834 1588 1864 1621 7.

986 1620 1016 1669 §.
1037 1632 1065 1654 2.
1082 1621 1125 1653 D.
1141 1624 1175 1653 de
1187 1621 1301 1663 patris)
1329 1624 1360 1655 in
1385 1624 1480 1655 alium
1504 1623 1724 1663 contractum,
1746 1624 1864 1663 nempe

987 1664 1207 1703 nominatum,
1230 1673 1300 1703 res,
1324 1666 1356 1696 id
1381 1665 1445 1704 est,
1469 1666 1665 1704 conventio,
1688 1674 1754 1696 non
1781 1673 1864 1706 tran·

988 1707 1071 1745 seat,
1094 1705 1187 1737 sublit
1214 1713 1319 1737 tamen
1344 1705 1454 1746 causa3
1479 1707 1531 1748 (id
1555 1705 1620 1746 est,
1643 1706 1737 1739 subfit
1759 1705 1865 1737 adhue

989 1746 1097 1787 causa,
1120 1746 1184 1779 five
1201 1746 1293 1778 subsit
1312 1755 1420 1789 tamen
1437 1749 1570 1788 perinde
1586 1749 1694 1787 causa,
1719 1755 1754 1779 ut
1770 1748 1800 1778 in
1819 1746 1866 1778 su-

990 1789 1117 1830 periore
1130 1788 1253 1829 specie)
1269 1789 1433 1830 eleganter
1450 1790 1553 1822 Aristo
1571 1789 1664 1821 Celso
1681 1789 1866 1829 respondit,

992 1829 1054 1862 effe
1077 1829 1331 1871 obligationem
1354 1830 1417 1863 five
1442 1832 1661 1870 contraitum,
1685 1834 1739 1872 qui
1765 1831 1867 1870 pariat

991 1871 1120 1903 civilem
1146 1871 1397 1921 obligationem:
1421 1882 1487 1914 quo
1504 1873 1591 1905 sensu
1607 1874 1637 1904 in
1653 1873 1673 1904 l.
1695 1883 1741 1910 19.
1763 1872 1805 1905 D.
1832 1871 1866 1903 de

990 1914 1139 1945 verborum
1147 1912 1362 1955 fignzficatz'oize
1371 1915 1429 1953 air,
1442 1915 1640 1947 contractum
1652 1913 1713 1946 esse
1729 1915 1813 1946 ultro
1823 1913 1867 1945 ci-

991 1963 1108 1996 troque
1124 1953 1364 1995 obligationem.
1390 1956 1572 1997 exemplum
1590 1954 1731 1997 Ulpiano
1747 1957 1775 1988 d.
1793 1956 1822 1998 §.
1834 1965 1864 1987 2.

991 1996 1010 2027 l.
1034 2006 1062 2037 7.
1086 1995 1171 2027 Dedi
1191 1997 1246 2028 tibi
1264 2006 1351 2036 rem,
1375 2004 1409 2028 ut
1429 1998 1505 2029 mihi
1527 1998 1619 2030 aliam
1638 1999 1748 2037 dares,
1771 1998 1867 2036 dedi,

991 2045 1026 2069 ut
1042 2038 1160 2079 aliquid
1177 2037 1285 2069 facias.
1316 2048 1348 2069 tu
1368 2038 1464 2071 cellas
1485 2039 1558 2071 dai-e
1575 2046 1628 2070 aut
1646 2038 1762 2070 facere.
1788 2040 1867 2080 quid

992 2079 1174 2119 Ulpianus?
1200 2082 1366 2119 nimii-um,
1391 2079 1452 2111 effe
1478 2088 1510 2112 te
1535 2082 1572 2112 ad
1598 2082 1736 2112 dandum
1753 2089 1806 2112 aut
1823 2081 1868 2112 fa-

990 2121 1139 2153 ciendum
1156 2120 1342 2161 obligatum.
1366 2122 1501 2162 atquiea
1512 2122 1688 2153 conventio
1705 2129 1793 2153 caret
1809 2132 1867 2154 no-

990 2164 1088 2194 mine.
1121 2161 1206 2193 esto:
1223 2163 1355 2193 sednon
1374 2161 1502 2194 subfistit
1520 2164 1600 2195 intra
1615 2164 1752 2204 primum
1771 2164 1867 2204 placi-

993 2213 1072 2236 tum.
1102 2211 1214 2234 contra
1239 2203 1282 2234 est
1300 2204 1387 2244 quod
1403 2214 1419 2235 a
1438 2214 1488 2237 me
1504 2204 1542 2237 ad
1561 2213 1592 2236 te
1613 2206 1760 2245 pervenit
1777 2214 1867 2237 certa

993 2246 1074 2287 lege.
1104 2252 1170 2285 quo
1189 2244 1259 2275 casu
1279 2246 1476 2285 conventio,
1501 2247 1577 2278 licet
1595 2248 1725 2279 nomine
1741 2254 1866 2286 cai-eat,

993 2297 1060 2318 non
1085 2285 1264 2317 destituitur
1287 2286 1373 2318 civili
1393 2288 1501 2327 causa,
1525 2297 1586 2320 nec
1603 2288 1703 2320 debet
1722 2289 1804 2319 nuda
1821 2288 1866 2319 vi-

994 2328 1079 2360 dei-i:
1103 2336 1143 2358 ne
1160 2327 1250 2358 aliter
1268 2326 1514 2368 definientibus,
1532 2338 1566 2360 tu
1584 2339 1624 2361 ex
1642 2336 1695 2360 tua
1711 2329 1866 2369 improbi-

993 2378 1059 2401 tate
1077 2377 1148 2399 eum
1166 2376 1234 2400 mea
1247 2369 1363 2409 jactura
1379 2370 1435 2401 fias
1453 2370 1657 2411 locupletior.
1683 2370 1824 2402 obtinuit
1840 2371 1865 2402 i-

991 2412 1077 2452 gitur
1094 2410 1264 2451 paulatim3
1289 2419 1322 2442 ut
1342 2410 1364 2442 fi
1390 2412 1467 2452 quid
1484 2413 1592 2443 datum
1609 2410 1772 2444 factumve
1787 2411 1866 2444 esset

992 2455 1053 2484 hac
1072 2451 1279 2491 conditione,
1304 2461 1339 2483 ut
1355 2460 1467 2483 conti-a
1486 2455 1579 2485 detur
1595 2460 1649 2484 aut
1666 2452 1739 2492 fiat,
1763 2452 1866 2495 synal-

992 2494 1113 2534 lagma,
1133 2493 1165 2525 id
1181 2492 1244 2532 est,
1261 2489 1441 2525 contractus
1454 2517 1463 2533 ,
1479 2493 1543 2525 five
1565 2494 1660 2525 civile
1678 2497 1865 2536 negotium,

992 2534 1140 2566 contrahi
1165 2533 1415 2568 existimaretur:
1438 2543 1504 2567 non
1531 2536 1660 2577 quidem
1684 2543 1808 2568 certum
1828 2546 1866 2570 ac

992 2576 1212 2614 nominatuin;
1229 2575 1280 2606 sed
1293 2584 1327 2606 ut
1343 2576 1408 2607 (lixi
1420 2578 1595 2615 ,incertum
1613 2585 1710 2618 atque
1726 2578 1865 2610 innomi-

992 2626 1112 2649 natum.
1136 2615 1234 2657 Gajus
1251 2626 1372 2648 novum
1389 2619 1555 2659 negotium
1572 2619 1649 2651 dicit
1665 2619 1684 2650 l.
1701 2628 1750 2652 22.
1772 2619 1814 2650 D.
1833 2621 1867 2652 de

987 2660 1159 2701 prescriptis
1169 2659 1274 2689 verbis.
1301 2655 1455 2700 Ulpianus
1472 2661 1636 2700 negotium
1653 2661 1774 2702 proprii
1786 2671 1864 2694 con·

993 2700 1111 2732 tractus
1126 2699 1144 2731 l.
1168 2709 1212 2736 19.
1232 2698 1274 2730 D.
1291 2701 1350 2732 eod.
1368 2701 1414 2731 tit.
1437 2701 1468 2732 id
1489 2700 1557 2741 est,
1578 2703 1742 2742 negotium
1761 2704 1865 2744 quod-

992 2742 1062 2773 dam
1077 2740 1116 2772 ab
1133 2741 1225 2772 initio
1242 2749 1308 2772 non
1317 2748 1481 2782 receptum
1500 2741 1611 2786 Populi
1627 2743 1762 2776 Romani
1781 2743 1864 2775 insti-

993 2783 1070 2813 tutis
1096 2789 1150 2813 aut
1174 2781 1330 2813 moribus:
1354 2782 1405 2815 sed
1428 2784 1544 2817 deinde
1569 2785 1728 2826 prioribus
1750 2785 1863 2818 formis

993 2833 1078 2854 nova
1103 2823 1228 2854 ratione
1254 2822 1498 2864 superadditum.
1531 2827 1649 2868 placuit
1666 2836 1763 2865 vem,
1787 2826 1863 2857 hinc

993 2864 1074 2896 nasci
1092 2864 1249 2896 astionem
1270 2865 1440 2899 incertam:
1465 2876 1507 2899 eo
1523 2869 1608 2901 enim
1626 2868 1757 2900 nomine
1772 2866 1864 2908 infig-

993 2906 1079 2952 nitu'r
1099 2906 1119 2936 l.
1139 2916 1167 2947 3.
1194 2906 1226 2939 C.
1251 2907 1284 2937 a'e
1305 2907 1458 2940 inutilibus
1466 2906 1720 2951 stipulationibus:
1743 2908 1865 2949 quippe

992 2956 1126 2979 veniens
1150 2955 1189 2979 ex
1213 2948 1337 2980 incerto
1356 2952 1519 2983 contractu
1532 2975 1541 2990 ‚
1565 2952 1596 2983 id
1613 2947 1678 2988 est,
1700 2949 1788 2988 cujus
1805 2959 1864 2980 no-

993 2996 1067 3020 men
1084 2997 1148 3020 non
1165 2987 1209 3020 est
1250 2991 1388 3023 roditum
1404 2992 1488 3025 civili
1505 2992 1606 3033 juret.
1629 3000 1655 3021 1.
1673 2999 1701 3021 2.
1720 2999 1748 3030 3.
1763 2987 1805 3021 D.
1828 2991 1864 3022 de

988 3029 1162 3071 proescriptis
1171 3037 1221 3062 ver
1240 3031 1275 3064 is.
1301 3032 1417 3064 dicitur
1435 3035 1530 3065 etiarn
1547 3032 1649 3063 civilis
1663 3031 1681 3061 l.
1691 3037 1721 3071 5.
1740 3029 1769 3071 §.
1779 3041 1806 3063 2.
1825 3030 1864 3068 ἐξ

995 3070 1015 3102 l.
1037 3080 1081 3112 15.
1101 3070 1143 3104 D.
1159 3073 1217 3109 eod.
1233 3073 1280 3104 tit.
1305 3083 1345 3105 eo
1363 3076 1451 3115 quod
1470 3073 1514 3106 est
1530 3080 1660 3113 recepta
1678 3074 1766 3105 civili
1781 3076 1862 3116 jure.

994 3112 1169 3153 appellatur
1192 3122 1290 3154 porro
1307 3115 1393 3147 utilis
1411 3116 1429 3148 l.
1450 3120 1478 3147 6.
1497 3115 1530 3146 C.
1553 3116 1587 3146 de
1603 3113 1864 3162 transafflonibus,

989 3153 1065 3185 item
1080 3155 1111 3185 in
1128 3151 1246 3187 saelum
1263 3155 1283 3187 l.
1304 3165 1330 3188 1.
1348 3156 1390 3187 D.
1412 3158 1445 3187 de
1455 3156 1632 3197 praescriptis
1649 3157 1763 3197 verbis,
1785 3160 1815 3192 ὅ(
1830 3162 1864 3196 in

989 3191 1105 3230 fastum
1127 3195 1228 3230 c‘ivilis
1251 3198 1278 3229 cl.
1295 3197 1314 3229 l.
1339 3206 1360 3228 iv
1381 3197 1408 3238 §.
1428 3207 1456 3228 2.
1474 3195 1510 3231 ὃ*
1528 3197 1555 3229 d.
1578 3197 1598 3229 l.
1614 3206 1642 3238 5.
1661 3196 1690 3239 ς.
1707 3207 1736 3235 2.
1760 3209 1863 3245 puto,

1785 3245 1859 3284 quio.
