2036 3495
335 114 398 156 An
425 112 516 154 Lrn.
543 114 601 151 XI.
636 112 732 149 '1'1‘12
759 101 859 148 VHI.
893 101 945 148 De
961 110 1080 148 mortuo
1098 103 1255 160 inferendo
1274 98 1479 160 &sspuic'hro
1496 98 1564 154 &a

50 207 219 250 terdic'tum
234 205 277 249 ,de
293 218 422 244 mortuo
435 206 603 240 inferendo
621 203 736 235 dicitur
752 202 920 251 conti-nere

50 258 172 291 ‘causam
192 255 288 287 veluti
308 250 510 293 'proprietatis
531 248 551 278 l.
569 256 600 293 2.Δ
614 246 644 287 §.
667 247 694 277 2.
712 245 759 275 D.
784 246 817 275 de
833 251 920 291 ruter-

46 300 140 332 distis.
185 297 230 329 Ea
246 294 338 327 etiam
363 293 486 324 ratione
510 288 690 329 prohibitus
711 289 785 317 meo
811 294 855 317 uti
875 285 918 316 se·

51 341 206 382 pulchro,
231 346 297 369 utar
323 337 386 367 lioc
412 330 596 364 interdifito:
627 329 919 368 quemadmodum,

50 383 72 416 Ii
84 383 159 423 quid
170 382 250 412 ineo
261 377 330 415 fiat,
341 374 463 416 possum
475 371 608 413 experiri
627 369 801 400 interdicto
818 368 919 410 Quod
948 369 950 377 ”

49 424 81 454 vi
100 431 152 454 aut
167 423 246 452 clam
258 443 267 457 ,
284 425 471 458 quamquam
490 413 631 453 alioquin
649 420 745 443 nemo
763 410 919 449 iepuithri

50 465 197 497 dominus
215 462 256 492 est
273 461 291 491 l.
306 469 348 499 ¹3·
365 458 391 500 §.
408 468 438 497 5.
457 455 498 487 D.
515 454 602 497 de
617 454 650 484 υἱ
665 459 717 484 aut
732 452 815 483 clam.
840 451 920 483 lllud

49 507 161 546 quale,
185 503 270 544 quod
294 502 445 539 Ulpranus
465 499 495 528 in
519 498 536 526 l.
559 505 581 526 i.
602 495 629 537 §.
649 504 677 526 2.
705 495 750 525 D.
777 494 804 524 b
829 499 849 524 t.
881 492 921 524 iic

49 545 181 578 icribit?
200 541 355 575 interritae
371 541 403 571 de
418 544 528 570 mortuo
543 537 692 577 inferendo
707 537 839 566 dommus
857 538 921 575 pro·

44 587 180 629 prietatis
197 586 241 616 uti
260 580 368 624 potest,
391 582 466 621 quod
490 580 576 610 etiam
600 580 632 609 de
649 579 705 623 loto
720 584 792 617 puro
814 583 919 613 compe-

48 631 95 660 tit.
141 627 223 659 Mihi
250 625 374 655 videtur
390 623 454 653 hoc
472 622 598 661 optimo
622 620 684 650 dici
706 618 802 649 sensu.
823 626 918 656 quan-

49 671 117 703 do?
141 669 161 700 fi
180 667 247 709 quis
269 666 383 697 habeat
400 663 598 705 sepulchrum
623 670 653 692 in
672 660 772 692 fundo
787 659 861 697 suo3
882 666 919 703 *ut

48 713 81 743 in
104 711 122 742 l.
141 720 188 741 22.
208 708 243 742 ὃ)
260 717 309 746 24.
330 705 369 737 D.
387 707 419 736 de
436 704 563 736 contruh.
586 709 669 744 enipi.
696 711 767 733 nam
794 701 856 731 tale
873 700 917 730 le-

47 752 214 793 pulchrum
234 749 397 787 separatim
416 747 509 778 vendi
526 745 656 784 nequit,
682 752 716 775 ut
734 753 788 784 per
807 741 835 772 se
852 741 917 772 riul-

46 794 107 826 lius
126 791 186 823 est:
209 798 238 821 at
257 798 412 831 quatenus
427 789 552 819 accedit
573 786 693 824 fundo,
714 785 766 824 qui
785 783 829 814 est
847 792 917 822 pro-

46 835 153 875 prius,
171 832 259 873 ‚quasi
283 831 445 871 proprium
471 829 620 860 babetur:
645 828 691 864 δι,
716 826 817 857 fundo
844 833 917 870 veri-

47 876 135 914 dito,
160 874 178 906 si
197 883 261 906 non
280 872 379 904 fuerit
403 880 576 911 exceptum
620 876 799 908 emptorem
822 865 919 912 sequi-

46 924 117 954 tur3
140 917 292 956 venitque
317 923 372 955 per
395 912 674 952 consequentiam,
708 918 780 940 cum
804 916 914 947 princi-

46 959 161 1000 paliter
179 966 243 988 non
263 957 427 987 vendatur.
449 954 555 985 Minus
568 953 698 984 dubium
709 949 920 988 habet3quod

46 1002 78 1032 in
105 1001 135 1030 d.
158 999 177 1030 l.
191 1009 219 1030 2.
245 997 273 1040 §
293 1007 322 1029 2.
350 1005 447 1037 porro
471 994 591 1035 subjicit
620 992 775 1033 Ulpianus
792 1014 801 1029 ,
834 988 921 1031 Quod

47 1043 134 1072 ettam
152 1041 184 1071 de
200 1040 255 1070 loco
268 1045 342 1080 puro
362 1038 501 1082 competit⁴
543 1034 655 1067 Sensus
674 1032 821 1081 Ulpiani,
847 1032 920 1063 i-ioc

47 1082 254 1115 interdictum
280 1081 319 1112 de
337 1089 466 1111 mortuo
491 1077 660 1109 inferendo
678 1084 771 1106 etiam
791 1082 919 1113 compe-

50 1133 119 1155 tere
143 1123 276 1154 domino
299 1121 503 1161 proprietatis
522 1130 532 1157 3
562 1118 581 1149 fi
607 1117 813 1162 prohibeatur
836 1123 916 1162 mor-

49 1172 140 1196 tuum
164 1163 282 1195 inferre
305 1165 335 1194 in
360 1164 466 1193 locum
491 1169 601 1201 purum
618 1168 669 1198 qui
691 1158 724 1189 fit
741 1159 836 1204 pleno
851 1165 919 1201 jure

50 1215 145 1246 atque
170 1206 200 1236 in
229 1204 362 1236 solidum
388 1205 453 1243 ejus
474 1203 637 1241 propriusz
656 1200 823 1237 videlicet,
846 1206 919 1237 quia

50 1255 181 1288 oportet
201 1255 272 1277 euin
290 1245 347 1276 suae
366 1247 410 1276 rei
429 1244 490 1275 ess'e
505 1244 742 1274 moderatorem
758 1249 853 1285 atque
874 1247 917 1268 ar·

50 1290 180 1320 bitrum.
226 1287 287 1319 Sed
310 1287 404 1327 quid,
428 1286 447 1317 si
473 1285 585 1316 habeat
606 1284 719 1314 nudam
742 1287 917 1326 proprieta-

51 1336 146 1368 tem‚'
161 1329 190 1361 ἃ
210 1327 401 1359 ususfructus
425 1326 461 1358 sit
484 1324 637 1356 alterius?
662 1323 777 1354 Movet
795 1323 918 1353 dubita-

51 1372 190 1402 tionem:
212 1369 298 1410 quod
316 1369 463 1399 dominus
486 1363 709 1406 proprietatis,
733 1364 835 1408 inuito
855 1362 905 1393 fru

50 1412 188 1449 Quane,
212 1421 277 1447 non
299 1409 377 1440 facit
401 1410 507 1441 locum
533 1404 730 1447 religiosum:
756 1403 809 1436 nisi
831 1404 919 1435 forte

48 1453 148 1495 ipsum
165 1453 215 1491 qui
232 1450 458 1483 usumfructum
475 1449 648 1490 legaverit,
666 1447 829 1485 intulerit3
846 1455 919 1476 cum

49 1495 82 1526 in
100 1494 193 1526 alium
212 1494 317 1525 locum
333 1491 442 1523 inferri
457 1501 519 1522 tam
539 1498 720 1530 opportune
738 1497 800 1519 non
817 1486 920 1528 posset

51 1536 70 1567 l.
88 1546 115 1567 2.
131 1535 157 1577 §.
169 1545 195 1575 7.
217 1534 256 1566 D.
274 1535 305 1565 de
319 1534 439 1575 religiosi
464 1532 552 1563 Nihil
573 1531 636 1563 hoc
653 1538 794 1568 mutare,
810 1529 920 1575 austor

52 1577 98 1608 est
119 1577 302 1615 Papinianus
327 1575 346 1606 l.
364 1585 413 1615 43.
433 1574 471 1604 D.
493 1575 550 1604 eod.
575 1576 619 1605 tit.
643 1571 731 1609 Esse,
757 1572 921 1610 inquiens,

54 1617 204 1658 personas
223 1626 292 1657 quae
311 1624 498 1656 quamquam
515 1613 693 1655 religiosum
713 1614 819 1645 locum
836 1611 920 1643 face-

53 1669 88 1691 re
107 1667 285 1699 nequeant,
307 1657 477 1689 interdicto
501 1665 604 1687 tamen
625 1656 664 1687 de
688 1663 817 1686 mortuo
840 1652 918 1684 infe-

53 1701 156 1732 rendo
179 1700 297 1730 utiliter
327 1707 433 1739 agunt.
463 1707 498 1729 ac
519 1707 559 1729 ne
580 1696 697 1728 deeffet
721 1696 921 1735 exemplum3

54 1740 116 1773 effe
133 1741 214 1779 tale,
239 1741 358 1780 inquit:
382 1733 402 1771 fi
420 1740 565 1770 dominus
583 1738 785 1780 proprietatis
805 1740 833 1768 in
851 1736 919 1768 fun-

55 1783 129 1814 dum
147 1784 232 1822 cujus
250 1781 370 1813 fructus
386 1782 504 1812 alienus
521 1780 584 1816 est,
609 1788 770 1812 mortuum
787 1777 922 1817 inferat,

55 1832 111 1855 aut
131 1823 248 1855 inferre
266 1824 353 1854 velit.
377 1832 447 1854 nam
465 1822 483 1853 fi
501 1821 660 1860 intulerit;
677 1830 740 1852 non
759 1819 863 1851 facere
876 1820 922 1860 ju-

54 1865 137 1897 stum
154 1864 370 1906 sepulchrum:
397 1864 447 1895 sed
465 1863 485 1895 si
501 1864 707 1904 prohibeatur
730 1861 867 1900 inferre3
894 1871 912 1892 u

7 1916 11 1919 ⁵
55 1905 332 1938 tiliterinterdzeto
342 1906 394 1945 qui
413 1906 526 1945 dejure
537 1904 667 1935 dominii
686 1904 924 1944 queritur,age·

54 1957 100 1979 re.
126 1957 218 1987 quam
233 1949 276 1978 ob
293 1957 357 1978 rem
370 1947 387 1979 ἵ)
412 1956 451 1977 ne
467 1956 584 1986 corpus
601 1945 790 1986 insepultum
803 1946 924 1984 jaceat,

54 1989 162 2020 donec
180 1990 257 2020 alius
282 1988 460 2019 inveniatur
483 1988 572 2019 locus
597 1997 688 2028 aeque
713 1995 924 2028 opportunus.

53 2025 142 2062 lde'm
161 2029 223 2062 effe
245 2030 289 2061 ait
308 2029 494 2068 Papinianus
516 2029 547 2060 in
563 2028 650 2060 socio
667 2029 719 2069 qui
744 2031 773 2059 in
792 2027 924 2059 fundum

53 2080 277 2109 communem,
296 2071 398 2102 invito
414 2069 520 2109 socio,
534 2078 695 2102 mortuum
712 2069 828 2102 inferre
847 2070 924 2101 vult.

55 2111 140 2144 Nam
157 2122 217 2144 nec
236 2112 300 2144 hoc
317 2113 471 2143 convenit
494 2113 610 2153 regulae
625 2112 699 2152 juris
722 2120 813 2152 quarn
837 2110 921 2151 Papi·

56 2155 168 2185 nianus
185 2153 329 2195 indigitat
346 2153 479 2184 strictam
496 2155 744 2191 rationem:quo
756 2154 885 2184 nornine
897 2152 926 2184 &

57 2195 129 2226 alibi
155 2204 223 2226 eam
247 2194 353 2226 vocari
381 2196 531 2226 annotavi
562 2196 610 2225 lib.
633 2204 656 2226 1.
682 2194 824 2225 Probibtc.
851 2204 874 2224 c.
898 2203 922 2225 1.

57 2236 119 2267 Sed
138 2237 254 2277 regulae
279 2237 370 2276 juris,
396 2235 459 2267 five
485 2235 594 2267 striCtae
620 2235 752 2273 rationi,
778 2235 923 2274 praestare

56 2277 202 2308 favorem
222 2278 401 2318 religionis,
427 2276 612 2317 Papinianus
632 2278 684 2308 ait.
721 2276 926 2317 Regulajuris

57 2327 139 2356 crat,
166 2320 251 2359 quod
271 2321 299 2349 in
318 2319 381 2359 pari
399 2319 486 2349 causa
506 2320 615 2358 potior
631 2318 673 2349 est
692 2320 838 2349 conditio
857 2328 925 2358 pro-

55 2361 207 2391 hibentis.
238 2360 331 2390 favor
362 2361 523 2401 religionis
549 2368 615 2390 erat
639 2359 767 2400 publica
789 2360 926 2397 utilitas,

56 2411 98 2432 ne
115 2401 269 2441 insepulta
284 2403 424 2441 jacerent
441 2403 605 2432 cadavera.
631 2409 762 2441 propter
788 2401 866 2431 lianc
885 2402 927 2431 ait

55 2442 244 2482 Papinianus
258 2467 266 2482 ‚
285 2443 418 2474 strictam
438 2444 592 2473 rationem
613 2442 738 2482 insuper
755 2442 926 2474 habemns:

56 2483 88 2515 id
108 2483 168 2521 est,
191 2485 252 2524 (ut
275 2483 420 2524 Cujacius
443 2485 669 2522 interpretatur
692 2484 738 2513 lib.
758 2493 786 2524 3.
804 2484 924 2518 Olaserv.

58 2535 83 2555 c.
108 2527 176 2563 22.)
200 2526 374 2557 omittimus
402 2526 429 2556 δι
456 2525 651 2566 negligimus.
678 2526 765 2555 addit
785 2524 925 2564 Papinia-

57 2575 135 2637 'ilus'
159 2566 315 2598 Summam
339 2567 400 2599 effe
418 2568 571 2598 rationem
592 2575 662 2606 quae
685 2575 743 2606 pro
770 2566 926 2606 religione

76 2615 148 2637 aeit.

102 2647 199 2688 Igitur
214 2657 277 2679 non
294 2649 359 2681 vult
377 2649 514 2689 Praetor,
539 2649 709 2681 habentem
726 2650 774 2690 jus
792 2648 929 2680 inferen-

60 2689 91 2720 di
110 2698 288 2727 mortuum,
313 2690 492 2729 prohiberi,
516 2700 557 2721 eo
580 2701 657 2721 eave
676 2701 740 2731 quo
762 2700 865 2730 quave
885 2690 928 2722 illi

58 2731 105 2771 jus
124 2730 186 2767 est,
210 2738 370 2762 mortuum
395 2731 522 2763 inferre.
578 2732 657 2763 Haec
681 2741 786 2763 autem
812 2732 928 2769 verba,

60 2781 114 2812 quo
128 2781 239 2811 quave,
265 2781 339 2803 item
355 2783 382 2802 eo
396 2782 483 2811 euve,
506 2774 589 2804 credi
609 2774 675 2805 vult
695 2772 869 2813 Ulpianus,
893 2774 927 2804 il-

59 2814 113 2844 ]uc
130 2821 307 2852 pertinei·e;
335 2822 368 2843 ut
384 2812 446 2843 five
464 2814 532 2852 quis
551 2815 757 2853 prohibeatur
773 2816 802 2845 iii
823 2815 929 2845 locum

61 2853 228 2893 sepulturae
254 2854 389 2891 inferre,
420 2853 482 2884 siv'e
507 2856 536 2885 in
561 2856 674 2886 itinere
699 2865 863 2892 arceatur,
888 2854 926 2886 vi-

60 2896 173 2926 deatur
191 2895 373 2934 prohiberi,
392 2903 550 2925 mortuum
569 2895 684 2927 inferre
701 2898 719 2928 l.
744 2897 801 2938 i.§
832 2905 855 2927 ι.
872 2897 930 2927 im.

58 2934 102 2968 Et
118 2936 301 2974 exemplum
319 2935 408 2975 ponit
422 2934 570 2975 Ulpianus
587 2938 616 2968 in
632 2938 694 2979 §.3
711 2939 740 2970 Si
755 2963 762 2974 .
774 2939 930 2978 inquiens,

60 2977 137 3009 mihi
156 2977 185 3008 in
204 2977 305 3008 fundo
324 2979 372 3008 via
393 2977 546 3008 debeatur
572 2979 602 3008 in
621 2988 714 3018 quem
734 2979 868 3011 fundum
887 2979 929 3008 in-

59 3018 147 3050 ferre
173 3019 250 3049 volo
266 3042 274 3054 ,
307 3018 336 3049 &
370 3019 416 3048 via
451 3018 637 3059 prohibear.
670 3020 734 3051 hoc
759 3020 931 3051 interdicto

58 3059 147 3102 posse
162 3069 212 3091 ine
229 3059 363 3099 experiri
379 3059 593 3098 placuit:quia
609 3057 726 3092 inferre
744 3061 930 3101 prohibeor,

60 3104 113 3141 qui
133 3103 180 3132 via
200 3101 243 3131 uti
268 3098 453 3140 prohibeor.
477 3101 573 3138 idque
591 3103 650 3132 erit
666 3103 886 3141 probandum3
911 3102 930 3132 fi

60 3143 119 3172 alia
145 3142 275 3175 servitus
297 3142 458 3173 debeatur.
499 3140 592 3177 Hoc:
617 3142 636 3173 si
653 3144 806 3174 debeatur
823 3143 872 3173 via
892 3144 930 3174 ad

57 3180 205 3215 fundum.
236 3193 267 3215 at
298 3182 383 3224 finge
403 3195 411 3215 :
449 3183 561 3223 aliquis
597 3183 692 3215 liabet
715 3183 930 3225 lepulchrum:

57 3224 510 3299 vitffffimadllsepulchrumss0n
531 3224 650 3266 habet,
675 3225 704 3258 &
727 3234 744 3257 a
761 3226 867 3259 vicino
884 3228 929 3258 ire

1775 113 1843 151 2'1i

965 201 1164 242 prohibetur.
1209 201 1254 234 Ea
1281 202 1580 245 quaestio'traffiatur
1597 203 1636 235 ab
1655 202 1794 244 Ulpiano
1810 201 1841 244 iii¹

962 245 982 274 t.
1002 252 1046 276 12.
1068 246 1110 275 l).
1127 246 1159 275 de
1174 245 1226 275 reli
1248 243 1331 283 iofis,
1355 245 1425 277 sane
1447 246 1595 288 elegante
1617 247 1644 276 ἃ
1672 247 1722 277 hic
1747 247 1841 286 digna

963 285 1102 356 {xponh
1129 285 1184 317 niss
1201 284 1269 317 ea‘n
1286 285 1497 327 expoiuiffein
1521 285 1568 318 lib.
1590 295 1615 319 1.
1636 280 1683 318 De
1706 283 1841 324 Ufufru-

992 335 1011 356 u
1033 336 1056 355 c.
1073 331 1102 360 8,

1004 366 1122 398 Praeter
1138 368 1339 399 interdielum
1358 369 1398 400 de
1410 377 1538 401 mortuo
1550 368 1720 401 inserendo
1732 393 1740 407 ,
1752 367 1840 410 quod

963 407 1008 453 est
1026 408 1086 438 inl.
1102 415 1125 440 t.
1143 409 1200 440 Lat.
1215 410 1309 440 etiam
1329 410 1487 450 proposita
1507 421 1522 442 a
1540 411 1680 443 Praetore
1696 411 1739 443 est
1756 411 1839 443 actio

962 459 992 481 ln
1011 448 1130 480 facium
1155 449 1183 480 ei
1200 450 1253 489 qui
1270 451 1448 490 prohibitus
1472 451 1505 482 fit
1529 462 1690 484 mortuum
1720 452 1839 493 inferre

963 491 1122 535 inlocum
1141 500 1214 522 eum
1239 501 1305 531 quo
1325 502 1352 523 ei
1372 492 1528 524 inferendi
1551 495 1599 534 jus
1620 494 1675 532 sit,
1698 494 1753 525 etli
1774 501 1839 526 noil

962 532 1026 573 ip!e
1045 532 1225 571 prohibitus
1242 533 1296 569 sit,
1322 533 1373 564 sed
1391 538 1582 574 procurato*
1605 537 1687 576 ejus:
1705 537 1777 575 quia
1796 545 1840 567 in*

963 573 1093 605 tellecta
1111 573 1218 614 aliquo
1237 574 1301 614 ipse
1319 575 1497 614 prohibitus
1519 576 1644 607 videtur
1662 577 1679 607 l.
1689 582 1717 611 8.
1734 577 1762 618 §.
1783 577 1838 608 ult„

963 618 1008 646 l).
1024 617 1057 645 de
1074 614 1220 655 religiosis.
1269 615 1367 647 Venit
1384 625 1489 647 autem
1510 617 1540 648 in
1566 618 1646 648 nanc
1662 619 1817 649 actionem
1829 640 1839 657 ,

963 656 1071 696 quanti
1090 656 1272 688 interfuerit
1288 658 1644 698 attoris‚·pi·onibitum
1670 668 1733 690 non
1760 658 1840 691 esse?

964 699 993 730 in
1012 707 1147 737 eamque
1166 701 1443 739 computationem
1461 702 1544 730 cadit
1562 699 1624 731 loci
1651 703 1750 739 empti
1771 710 1840 741 pre·

963 741 1061 778 tium,
1084 746 1137 769 aut
1159 740 1309 771 conducti
1334 739 1456 772 merc'es
1474 763 1484 779 ,
1515 741 1591 772 item
1618 740 1658 772 sui
1692 742 1753 773 loci
1773 752 1840 782 pre*

964 783 1062 818 tium,
1081 789 1176 820 quern
1195 783 1284 822 quis.
1303 782 1355 813 nili
1376 783 1526 821 coaetus,
1543 781 1722 824 religiosum
1742 783 1840 814 ficiu-

962 832 1014 854 rus
1033 831 1096 853 non
1121 820 1207 853 esset.
1250 823 1311 855 Sed
1330 825 1600 864 quemadmodum
1626 834 1661 855 ea
1684 825 1766 857 actio
1785 824 1839 863 ipss

964 866 1053 894 datur
1080 864 1132 902 qui
1157 862 1192 894 sit
1210 865 1410 904 prohibitus,
1442 866 1471 897 ἁ
1494 865 1640 897 adversus
1668 866 1840 906 prohihen-

963 912 1049 936 tem:
1073 903 1113 935 fic
1137 906 1259 948 putavit
1278 905 1394 946 Gajus,
1419 917 1487 938 eam
1514 916 1618 947 neque
1636 908 1762 945 heredi,
1788 917 1841 939 nea

963 956 1025 986 que
1041 947 1187 976 adver-ius
1205 946 1357 978 heredem
1374 950 1436 979 dari
1454 949 1477 980 lx
1490 958 1517 984 9.
1537 949 1575 979 D.
1595 952 1622 980 cl.
1641 957 1660 980 t.
1681 949 1765 980 &ait
1783 950 1841 980 ibi·⁴

964 990 1054 1031 dem,
1081 987 1145 1017 hoc
1168 989 1330 1032 constare:
1356 999 1470 1031 nempe
1495 992 1577 1021 inter
1608 999 1722 1022 omnes
1746 991 1840 1030 juris-

964 1029 1144 1060 conlultos:
1168 1029 1218 1060 led
1246 1028 1275 1060 se
1299 1031 1420 1069 mirari,
1447 1041 1543 1071 quare
1562 1032 1706 1063 constare
1732 1034 1841 1063 videa-

963 1079 1023 1101 tur.
1049 1069 1181 1117 subjecta
1200 1070 1258 1102 hac
1276 1073 1407 1104 mirandi
1427 1073 1530 1104 causa:
1553 1073 1637 1105 Num
1652 1082 1685 1104 ut
1701 1081 1838 1115 apparet,

957 1113 1135 1153 pecuniariae
1150 1114 1327 1153 quantitatis
1351 1117 1425 1146 ratio
1442 1117 1474 1146 in
1489 1125 1550 1146 eam
1575 1117 1741 1147 deauicz'iur:
1765 1116 1839 1146 certe

956 1161 1092 1194 perpetuo
1115 1162 1147 1183 eu
1170 1156 1245 1184 incer
1266 1157 1337 1195 ipsos
1359 1158 1498 1196 competit.
1552 1156 1647 1197 Igitur
1671 1158 1839 1196 persuadet:

962 1194 1014 1226 sibi
1035 1195 1179 1233 Cuiacius
1202 1196 1239 1226 lib
1268 1201 1295 1230 8.
1313 1197 1435 1235 Observ.
1462 1208 1485 1229 c.
1508 1206 1550 1229 12.
1575 1199 1626 1229 liic
1649 1198 1710 1230 esse
1731 1208 1840 1231 exem-

963 1237 1048 1275 plum
1073 1236 1143 1281 ejus·
1164 1241 1250 1277 quod
1274 1238 1389 1270 dicitur
1413 1241 1442 1270 in
1467 1239 1485 1269 l.
1513 1249 1559 1270 21.
1588 1239 1628 1272 D.
1651 1242 1683 1270 cle
1708 1241 1836 1281 legibus,

962 1277 1039 1309 Non
1059 1287 1200 1310 omnium
1220 1288 1290 1319 quae
1315 1289 1330 1310 a
1356 1281 1528 1321 majoribus
1555 1280 1728 1312 constituta
1752 1284 1839 1321 lunt,

962 1320 1120 1351 rationein
1145 1320 1236 1351 reddi
1261 1320 1357 1360 posse.
1404 1323 1470 1353 Alia
1495 1322 1675 1353 inciderunt
1696 1323 1841 1354 Antonio·

963 1360 1087 1399 Fabm,
1113 1360 1289 1393 Rationalis).
1307 1364 1345 1394 ad
1363 1364 1389 1394 d.
1406 1364 1422 1393 l.
1442 1374 1469 1400 9.
1491 1363 1519 1394 ὅ(
1537 1363 1660 1403 jacobo
1677 1363 1841 1395 Gutherio·

963 1403 1001 1433 lib
1029 1413 1057 1443 3.
1072 1403 1177 1445 dejur,
1197 1413 1273 1434 mun.
1290 1414 1313 1435 c.
1335 1409 1380 1436 16.
1409 1405 1470 1436 Sed
1489 1406 1564 1436 mihi
1587 1405 1692 1446 placet
1720 1405 1841 1446 Cujacii

964 1444 1128 1489 sententia.
1156 1442 1331 1477 Occasione
1347 1448 1374 1477 d.
1394 1447 1412 1477 l.
1429 1457 1458 1484 9-
1479 1455 1541 1477 non
1563 1447 1657 1479 debui
1676 1449 1844 1486 omittere,v

964 1486 1051 1525 quod
1069 1495 1098 1516 in
1117 1496 1151 1516 ea
1173 1493 1324 1526 praeterea
1349 1490 1474 1519 monuit
1492 1486 1591 1528 Gajus
1605 1512 1613 1526 ‚
1638 1489 1772 1520 liberum
1793 1498 1844 1520 esa

964 1527 994 1558 se
1012 1528 1061 1564 ei,
1080 1529 1132 1567 qui
1152 1529 1362 1568 prohibeatur
1380 1538 1562 1567 mortuum,
1582 1528 1687 1561 offiive
1705 1532 1844 1570 mortui,

964 1568 1102 1607 inferre,
1127 1578 1179 1599 aut
1205 1569 1304 1600 statim
1332 1570 1374 1601 uti
1396 1571 1568 1601 interdicito
1594 1580 1659 1610 quo
1686 1572 1844 1611 prohibe*

965 1618 1013 1642 tur
1033 1609 1061 1640 ei
1080 1613 1125 1640 vis
1143 1611 1229 1648 fieri,
1255 1619 1308 1642 aut
1332 1612 1394 1643 alio
1415 1612 1550 1650 inferre,
1576 1613 1605 1644 δι
1624 1611 1730 1652 postea
1750 1614 1779 1643 in
1799 1612 1845 1644 faa

965 1652 1048 1683 etum
1067 1661 1180 1692 agere,
1193 1653 1302 1691 quanti
1322 1654 1386 1694 ejus
1404 1653 1585 1685 interfuerit
1599 1663 1679 1691 ,non
1698 1654 1760 1685 ess'e
1772 1664 1844 1695 pro-

964 1693 1110 1724 hibitum.
1137 1692 1280 1725 Tantum
1300 1696 1339 1726 de
1356 1704 1461 1735 priore
1482 1695 1625 1726 Rubricae
1645 1705 1742 1735 parte.

1011 1734 1169 1766 Posterior
1186 1734 1231 1766 est
1250 1735 1301 1767 De
1324 1736 1492 1777 sepulchro
1515 1737 1846 1778 aedificando-eoque

968 1778 999 1808 in
1023 1776 1041 1807 l.
1066 1785 1088 1807 1.
1116 1776 1181 1818 §.5
1218 1778 1245 1808 h.
1269 1783 1290 1808 t.
1319 1777 1433 1818 l'pectat
1468 1779 1598 1818 sequens
1623 1779 1846 1811 interdictum&

969 1818 1036 1862 Quo
1055 1818 1098 1849 illi
1115 1820 1166 1860 jzts
1191 1817 1229 1858 est
1254 1820 1347 1850 invito
1365 1827 1390 1850 te
1408 1826 1553 1851 mortuum
1568 1821 1692 1861 inferre,
1717 1830 1771 1862 quo
1794 1821 1848 1851 mit·

970 1869 1026 1890 nus
1042 1861 1086 1890 illi
1102 1870 1133 1890 m
1153 1870 1181 1891 eo
1198 1862 1254 1891 loco
1266 1861 1448 1901 sepulchrum
1460 1861 1524 1899 fine
1540 1862 1599 1892 dolo
1616 1863 1688 1893 malo
1701 1861 1850 1900 certificare

968 1902 1222 1941 liceat,vz'rizfieri
1237 1909 1300 1933 veto
1338 1902 1411 1934 Hoc
1431 1912 1561 1944 quoque
1579 1902 1779 1935 interdistum
1797 1913 1848 1935 es-i

970 1942 999 1974 se
1023 1943 1291 1984 prohibitorium,
1316 1945 1454 1975 ostendit
1478 1945 1630 1984 verbum,
1663 1951 1727 1975 veru
1746 1969 1755 1984 ,
1780 1954 1847 1985 quo

969 1985 1069 2016 utitur
1083 1984 1209 2016 Praetor.
1228 1984 1381 2025 Ulpianus
1401 1985 1512 2027 vero§
1539 1990 1569 2018 6.
1590 1988 1616 2017 d.
1638 1988 1656 2017 l.
1677 1985 1848 2025 observat,

970 2026 1033 2057 hoc
1049 2026 1252 2058 interdictum
1271 2036 1439 2067 propterea
1457 2027 1518 2059 elic
1535 2027 1749 2068 propolitum:
1773 2029 1849 2067 quia

969 2067 1099 2099 interest
1116 2069 1276 2109 religionis
1292 2078 1498 2100 monumenta
1517 2069 1630 2100 exstrui
1649 2070 1678 2100 ἃ
1690 2071 1850 2102 exornari.

970 2109 1011 2140 Et
1031 2108 1074 2140 est
1097 2109 1137 2141 iic
1156 2110 1341 2149 rescriptum
1364 2120 1380 2141 a
1396 2110 1565 2142 Gordiano
1590 2111 1608 2141 Ι.
1627 2120 1653 2151 7.
1675 2111 1706 2141 C.
1727 2114 1759 2141 (le
1784 2110 1851 2141 reli-

966 2150 1069 2192 giofis:
1092 2151 1214 2182 Statuas
1236 2152 1379 2191 sepulchro
1404 2153 1646 2193 superimponere,
1672 2152 1717 2183 vel
1748 2162 1851 2187 menw—

971 2199 1064 2223 menco
1087 2194 1161 2233 quod
1190 2202 1208 2224 a
1237 2200 1262 2223 ze
1288 2191 1467 2234 exstructum
1482 2194 1649 2235 profiteris,
1680 2198 1849 2225 ornamenta

970 2244 1032 2275 quae
1048 2241 1156 2274 putas,
1180 2236 1368 2274 superaddere
1393 2245 1449 2265 nrm
1469 2237 1636 2276 prohiberis.
1678 2236 1722 2265 Ac
1742 2237 1849 2274 placei:

971 2276 1106 2315 subjecta
1126 2277 1224 2308 ratio:
1250 2276 1321 2306 Cum
1337 2278 1404 2318 jure
1417 2278 1466 2312 suo
1485 2286 1579 2307 eorum
1599 2286 1660 2317 quae
1674 2278 1767 2306 virinus
1782 2283 1850 2315 pro-

970 2318 1061 2348 hibita
1079 2320 1163 2355 lunt,
1189 2319 1345 2359 uuicuique
1355 2318 1490 2357 facultas
1508 2318 1593 2348 libera
1610 2328 1665 2348 non
1683 2319 1850 2360 denegetun

971 2358 1173 2389 Conceditur
1190 2360 1283 2400 igitur
1303 2360 1504 2390 interditStum
1523 2362 1563 2389 de
1584 2358 1750 2399 sepulchro
1774 2360 1850 2391 aedi-

970 2399 1099 2431 ficando
1118 2402 1146 2430 ei
1164 2409 1215 2439 qui
1240 2400 1333 2431 habet
1350 2401 1397 2440 jus
1416 2399 1573 2432 inferendi
1600 2409 1779 2439 mortuum,
1804 2402 1850 2433 in·

971 2443 1039 2472 vito
1066 2442 1270 2482 prohibente.
1303 2442 1413 2472 auctor
1444 2443 1594 2479 Ulpianus
1619 2441 1647 2483 §.
1669 2453 1696 2483 7.
1727 2444 1753 2473 d.
1778 2443 1794 2474 l.
1823 2451 1849 2474 1„-

971 2481 1076 2514 Datur
1101 2493 1177 2513 vero
1201 2483 1346 2514 adversus
1375 2492 1447 2514 eum
1471 2485 1523 2523 qui
1549 2484 1718 2524 prohibet,
1751 2484 1852 2525 sepul·

972 2523 1083 2555 chrum
1103 2523 1250 2555 {edificari
1267 2533 1307 2554 eo
1327 2523 1357 2555 in
1379 2525 1453 2555 loco
1478 2526 1507 2555 in
1527 2533 1591 2564 quo
1607 2525 1783 2557 adversario
1799 2527 1848 2566 jus

971 2565 1016 2596 est
1031 2573 1195 2596 mortuum
1213 2564 1331 2596 inferre
1365 2575 1471 2604 eoque
1485 2565 1515 2597 in
1535 2576 1668 2597 numero
1686 2566 1779 2598 etiam
1799 2569 1851 2599 ha«

973 2607 1084 2643 betur,
1110 2610 1160 2646 qui
1180 2615 1262 2647 agt,
1288 2616 1321 2636 ut
1340 2607 1461 2638 labatur
1484 2607 1695 2647 sepulchrum.
1723 2618 1792 2639 nam
1817 2609 1849 2640 &

973 2648 1025 2679 ille
1046 2648 1109 2679 hoc
1129 2648 1242 2678 Emeto
1258 2655 1384 2679 tenetur
1400 2651 1427 2679 d.
1443 2649 1462 2680 l.
1482 2658 1493 2680 1
1523 2648 1550 2690 §.
1566 2659 1608 2681 io.
1623 2650 1679 2681 lm.
1705 2649 1849 2682 Verbum

973 2698 1070 2729 porro
1087 2689 1248 2729 AEdificare
1263 2690 1324 2720 late
1341 2698 1443 2729 patet:
1469 2699 1501 2721 ut
1520 2691 1679 2723 aedificare
1696 2691 1851 2732 intelliga-

975 2739 1024 2761 tur
1042 2740 1104 2761 non
1131 2731 1228 2762 solum
1247 2733 1299 2770 qui
1318 2740 1400 2771 opus
1425 2741 1544 2764 novum
1564 2733 1714 2772 molitur3
1739 2742 1850 2763 verum

976 2773 999 2802 is
1018 2781 1148 2811 quoque
1166 2771 1217 2811 qui
1239 2772 1306 2803 vult
1330 2772 1461 2804 reficere
1483 2774 1508 2804 d.
1528 2774 1546 2804 l.
1571 2783 1593 2805 1.
1610 2774 1638 2816 §.
1658 2785 1685 2810 9.
1714 2775 1782 2805 Plus
1802 2775 1850 2803 di-

975 2822 1064 2850 cam,
1089 2823 1152 2843 non
1172 2811 1414 2845 aedificationem
1433 2822 1554 2846 tantum
1572 2814 1763 2852 coinplecti3
1794 2813 1848 2845 sed

979 2855 1552 2892 praetereaomniaadvedificationem
1570 2856 1758 2897 pertinentia
1790 2856 1849 2885 liat.-

976 2897 1101 2926 ratione
1118 2897 1160 2926 ait
1182 2894 1334 2936 Ulpianus
1357 2899 1383 2928 ιί.
1402 2898 1411 2927 l
1441 2907 1463 2929 1.
1480 2898 1508 2940 §.
1530 2903 1557 2932 8.
1584 2900 1668 2934 quod
1690 2895 1850 2927 aedificare

976 2937 1146 2976 prohibet,
1171 2937 1199 2968 ὅ(
1224 2938 1276 2976 qui
1294 2938 1443 2978 prohibet
1467 2938 1606 2970 convehi
1627 2937 1788 2968 materiam
1807 2946 1849 2967 ae-

975 2977 1083 3009 dificio
1097 2978 1397 3012 neceffariain:item
1417 2980 1467 3020 qui
1490 2980 1580 3019 operi
1600 2977 1787 3009 necessarios
1798 2988 1852 3011 ve»

977 3024 1043 3050 nire
1059 3019 1228 3060 prohibet;
1253 3021 1280 3052 ἃ
1299 3021 1319 3059 fi
1341 3022 1518 3053 machinam
1538 3021 1672 3059 allegare
1689 3021 1757 3059 quis
1777 3029 1851 3059 pro*

976 3060 1072 3092 hibet.
1098 3060 1197 3093 Haec:
1223 3061 1241 3093 si
1263 3062 1337 3093 nihil
1358 3062 1532 3094 aedificetur
1550 3061 1627 3091 dolo
1656 3061 1750 3091 malo.
1775 3068 1850 3094 nam

974 3101 1037 3133 hoc
1058 3101 1175 3134 Praetor
1195 3103 1349 3143 postulat:
1374 3106 1400 3134 ἀ
1418 3104 1460 3133 est
1478 3102 1680 3140 exemplum3
1705 3101 1725 3133 fi
1743 3102 1852 3143 prohia

974 3144 1053 3174 bitio
1069 3153 1110 3175 eo
1127 3143 1180 3175 fiat
1199 3146 1273 3176 loco
1290 3147 1343 3185 qui
1362 3143 1541 3174 servitutem
1559 3145 1666 3175 debet.
1685 3151 1851 3187 caeterum,

973 3184 992 3216 si
1007 3186 1037 3216 in
1057 3194 1131 3217 meo
1150 3187 1216 3218 solo
1236 3186 1313 3218 velis
1331 3185 1506 3217 machinam
1527 3194 1740 3224 ponere,non
1761 3194 1853 3217 tene.

971 3226 1032 3260 bor
1046 3226 1215 3302 EIdJierQsi
1230 3228 1299 3269 Jure
1316 3235 1348 3259 te
1365 3235 1430 3259 non
1447 3229 1547 3266 patiar
1564 3226 1584 3259 1.
1609 3235 1633 3259 1.
1652 3226 1678 3268 §.
1693 3227 1852 3301 {fcligfd

1116 3270 1135 3300 d
1158 3278 1177 3300 21
1784 3267 1793 3277 Ἰ
1838 3284 1850 3299 2·
