2052 3487
194 100 262 138 163

198 190 269 222 quae
308 182 506 218 habuerant,
547 187 619 210 cuin
647 178 677 209 in
700 176 858 217 desertum
887 177 1035 208 venirent
1055 199 1065 216 ,

197 226 336 265 ineptius
360 223 403 254 est
421 246 430 260 ‚
460 230 552 261 quain
571 228 604 251 ut
622 218 835 259 sapientibus,
860 218 890 249 ὃς
914 221 953 250 ad
972 218 1064 265 liqui-

199 267 274 298 duiii
300 265 465 295 veritatem
490 261 731 301 explorantibus
747 282 756 297 ,
797 260 925 299 probari
958 260 1061 300 poliit.

198 309 281 339 ratio
299 308 382 337 enim
407 304 435 333 &
453 303 633 334 communis
659 301 810 332 reclamat
829 300 939 332 seusus*
965 310 1062 341 atque

198 356 234 380 ut
249 350 360 378 deuius
379 367 388 382 ‚
420 353 525 384 neque
544 342 665 379 vestes,
698 351 802 382 neque
827 343 954 374 calceos
975 344 1062 373 attri-

200 399 250 421 tos
268 385 474 428 quadraginta
491 385 578 417 annis
597 383 708 422 fuiffe3
733 391 838 414 tamen
852 385 920 423 quis
936 384 1062 421 credat,

198 432 325 462 easdem
345 426 446 457 vestes
461 449 470 465 ,
502 428 701 464 eosdemque
718 426 866 463 calceos,
889 425 1064 456 infantibus

198 470 375 509 adultisque
399 467 612 499 conveniffe‘?
636 466 690 498 nisi
714 467 841 497 interim
864 476 928 497 non
954 475 1065 511 creve-

198 523 231 544 re
259 511 423 542 homilium
449 509 546 549 pedes
570 517 607 539 ac
624 508 782 545 membra3
807 516 860 538 aut
886 517 959 538 curn
979 507 1065 548 pedi-

197 555 255 585 bus
278 551 491 591 membrisque
517 550 616 589 calcei
648 549 816 589 vestesque
842 558 984 579 crevere.
1019 555 1063 579 at-

198 604 261 635 que
278 593 341 624 hoc
356 591 483 632 Judaeos
499 592 670 630 affirmare,
684 591 794 622 11116101·
812 590 856 621 est
867 589 966 631 Hugo
978 588 1062 620 Gro-

197 637 277 673 tius,
300 635 336 665 ad
354 633 558 665 Deuteronom.
584 643 607 664 c.
630 637 657 667 8.
682 633 711 674 §.
733 643 761 672 4.
786 632 863 663 illud
889 634 986 662 vicleo
1002 630 1064 661 Sal-

198 678 325 708 vianum
346 677 474 707 censere
489 675 536 705 lib.
558 683 583 706 1.
610 673 657 705 De
668 675 877 716 gubernatione
895 672 972 710 Dei,
993 681 1065 717 cuin

197 718 239 751 iic
264 718 350 756 infit,
380 718 464 748 Adde
486 716 611 747 homines
636 718 668 746 in
686 715 775 746 nullis
798 716 1065 753 membroriimsuo-

199 770 265 791 rum
276 760 409 800 partibus
432 756 573 797 acceffus,
599 756 636 791 ἐξ)
651 756 773 797 deceffus
795 757 989 787 humanorum
1004 764 1064 785 cor-

193 811 301 843 porum
324 801 474 835 nescientis
490 822 499 837 ,
530 808 643 839 ungues
662 808 719 829 non
740 797 860 836 austes,
892 798 986 828 dentes
1009 806 1066 826 non

199 844 364 873 imminutos
380 865 390 880 ‚
422 840 535 879 capillos
562 844 667 881 semper
686 840 806 881 aquales
822 862 832 878 ,
865 849 923 870 non
950 839 1066 869 citlrilos

192 886 297 925 pedes,
320 893 377 913 non
393 881 497 922 sciffas
521 879 631 922 vestes,
662 881 850 912 calceamenta
871 890 929 911 non
951 885 1039 920 rupta
1055 902 1064 917 ,

199 926 410 956 redundantem
433 924 578 954 hominum
605 924 735 954 honorem
760 931 849 964 usque
872 922 909 953 ad
926 923 1064 952 induvia-

199 977 265 998 rum
286 966 391 996 vilium
415 966 598 1005 (lignitatem.
642 964 693 995 Sic
717 964 904 995 Salvianus:
937 962 988 993 icti
1008 971 1064 1006 nu-

199 1018 254 1050 gas
282 1014 393 1039 narrat.
425 1005 444 1037 fl
473 1007 557 1038 enim
583 1016 658 1037 vera
688 1005 764 1037 esset
787 1005 852 1045 ejus
886 1003 1065 1041 sententia,

201 1050 313 1089 utique
340 1047 543 1087 consequens
564 1046 676 1086 foret,
711 1055 745 1078 ut
771 1047 825 1087 qui
851 1045 988 1077 infantes
1013 1052 1068 1075 aut

200 1091 292 1132 pueri
318 1089 418 1121 effent
442 1088 600 1121 desertum
626 1089 770 1130 iugi-effi,
797 1087 866 1128 post
884 1088 1066 1127 quadragin-

201 1141 233 1164 ta
255 1141 355 1164 annos
386 1131 502 1162 eodem
528 1130 697 1162 infantium
724 1138 962 1169 puerorumque
988 1128 1068 1159 statu

199 1174 377 1214 habituque
410 1182 450 1203 ex
476 1171 602 1204 deserto
631 1171 742 1212 egi-effi
777 1169 901 1202 effent:
928 1179 970 1216 ’ac
996 1177 1068 1200 curn

200 1216 368 1256 plerique,
394 1221 486 1245 aetate
505 1223 608 1254 prope
626 1214 733 1245 adulta
751 1212 910 1244 desertum
927 1209 1069 1251 ingreffi,

200 1259 236 1288 in
263 1267 304 1289 eo
331 1257 536 1297 quadraginta
561 1264 716 1286 annorum
741 1253 841 1294 spatio
863 1252 961 1284 effent
984 1261 1068 1284 moi·-

203 1299 269 1337 tui,
304 1299 450 1338 exceptis
473 1295 565 1336 Josua
584 1296 614 1328 ἃ
642 1296 765 1328 Calebo
784 1318 793 1332 ,
828 1294 951 1326 Numer.
977 1303 1000 1325 c.
1021 1302 1066 1331 14.

201 1340 231 1382 §.
249 1336 298 1371 22.
331 1337 367 1374 ὅ)
390 1338 465 1380 seqq.
491 1337 693 1369 Deuteronom.
715 1346 740 1368 1.
763 1336 799 1371 ἐξ
819 1337 916 1376 Josuae
940 1346 964 1366 c.
984 1346 1013 1376 5.
1038 1335 1067 1375 ᾗ.

201 1392 232 1418 4.
257 1379 294 1416 &³
318 1391 348 1420 5.
372 1390 397 1411 c.
420 1389 467 1418 14.
491 1379 519 1420 §.
539 1383 567 1410 6⁴
601 1378 637 1413 ὅ)
655 1380 736 1419 seqq.
769 1380 846 1408 item
872 1375 1070 1422 consequens

202 1421 294 1454 foret
312 1422 450 1453 Salviani
475 1420 654 1458 sententiae‚
688 1428 721 1450 ut
739 1419 880 1459 Populus
905 1427 944 1449 ex
968 1419 1069 1449 deler-

203 1472 240 1495 to
264 1462 401 1503 egressus
421 1485 430 1500 ,
459 1462 521 1502 jam
546 1462 651 1492 atiuita
674 1470 711 1491 ac
732 1459 800 1491 satis
824 1460 975 1500 provecta
999 1466 1070 1489 aeta-

205 1512 238 1536 te
256 1528 265 1542 ‚
284 1498 362 1535 *non
388 1503 447 1533 alia
466 1527 476 1542 ‚
509 1512 602 1542 quarn
631 1501 791 1533 infantum
812 1510 1068 1541 puerorumque,

203 1545 319 1577 statura
345 1544 451 1575 fuerit.
485 1552 549 1583 quo
580 1543 657 1574 nihil
687 1544 826 1583 ineptius
855 1544 917 1573 dici
951 1542 1066 1582 potest.

204 1586 289 1627 Jani,
316 1594 388 1616 curn
407 1593 496 1615 tanto
521 1585 664 1616 mortalis
690 1586 750 1615 aevi
771 1583 870 1624 spatio
887 1583 995 1614 auctus
1017 1592 1068 1623 ge-

204 1627 373 1660 neratione
389 1625 486 1657 fuerit
507 1626 663 1667 Populus,
694 1627 791 1657 etiarn
810 1625 933 1657 neceii‘e
950 1624 1068 1663 fuerit,

206 1670 297 1701 aliter
315 1667 584 1706 existimantibus,
617 1667 646 1698 in
666 1667 791 1698 deserto
815 1674 908 1697 natos
927 1675 979 1696 aut
997 1675 1069 1697 cuin

206 1710 346 1741 vellibus
372 1709 551 1748 calceisque
577 1718 669 1740 natos
696 1708 775 1747 ess'e,
808 1716 860 1738 aut
883 1708 997 1749 deinde
1016 1717 1070 1738 nu-

207 1752 267 1784 dos
285 1750 389 1792 egill'e.
414 1752 502 1790 quoni
525 1750 544 1782 fi
561 1774 570 1788 ,
601 1758 636 1781 ut
663 1749 707 1780 est
722 1773 730 1787 ‚
762 1759 840 1780 vero
861 1758 1007 1790 proprius
1025 1749 1068 1779 vi·

207 1795 317 1831 detur,
344 1793 390 1823 liis
407 1801 624 1832 comparatum
645 1790 735 1822 suill'e
755 1790 934 1822 vestiarium
951 1813 959 1828 ,
983 1791 1070 1830 quod

206 1842 279 1866 ante
305 1843 369 1864 non
388 1833 504 1872 fuerit;
529 1833 630 1864 curin
651 1833 775 1863 caeteris
794 1832 884 1863 aliter
900 1832 1070 1863 dicemus?

205 1886 245 1907 an
265 1885 334 1915 quae
357 1875 521 1906 necessitas
539 1874 589 1905 vel
611 1875 641 1904 iii
662 1874 722 1905 illis
745 1872 901 1917 statuendi
919 1882 984 1903 rein
1006 1881 1070 1904 tam

207 1917 397 1948 absurdam?
423 1917 516 1948 nulla.
541 1924 576 1947 ut
592 1915 676 1946 enirn
696 1915 820 1946 mittam
847 1914 945 1955 spolia
968 1923 1038 1954 quae
1055 1923 1071 1945 a

207 1958 340 1991 deViffis
363 1957 503 1990 hostibus
527 1966 658 1998 cepere:
683 1957 752 1997 quis
770 1965 883 1997 neget,
916 1965 954 1986 ex
975 1965 1068 1995 peco-

206 2010 242 2032 re
269 2000 356 2038 cujus
381 2001 491 2040 ingens
519 1999 550 2030 in
576 1997 681 2029 castris
710 1998 803 2037 copia
832 1996 924 2027 fuiffe
955 1997 1070 2028 dicitur

207 2041 413 2073 Deuteronoin.
438 2048 498 2081 cop.
518 2051 547 2081 3.
573 2047 687 2080 praeter
704 2039 772 2078 lac,
794 2039 822 2069 &
839 2037 957 2075 foetus,
974 2039 1070 2083 etiam

208 2084 333 2124 pilum,
365 2082 394 2113 δε
420 2081 519 2113 lanam
537 2105 546 2120 ‚
576 2082 605 2112 <Sc
633 2081 732 2121 pelles
750 2103 760 2118 ‚
792 2079 993 2120 percepiss'e?
1018 2080 1071 2110 led

207 2133 314 2161 neque
335 2123 500 2154 verisimile
524 2122 587 2161 cst,
612 2130 675 2153 tarn
690 2122 843 2163 ignavos,
869 2129 922 2152 aut
939 2121 1071 2160 stultos,

208 2163 300 2196 fuill‘e
325 2164 469 2195 homines
483 2187 492 2203 ‚
528 2165 573 2195 rei
594 2173 748 2203 pecuariae
764 2163 827 2202 jam
852 2163 926 2194 inde
942 2172 958 2193 a
976 2163 1073 2202 majo-

206 2206 296 2238 ribus
313 2205 484 2243 studiosos,
509 2213 542 2236 ut
559 2204 644 2236 usum
665 2207 825 2241 materiae,
852 2213 944 2243 quam
966 2204 1072 2244 paffim

210 2247 296 2278 utilis
315 2247 407 2278 rebus
427 2246 588 2284 humanis,
613 2254 677 2277 tam
696 2244 893 2284 necessariae,
924 2246 980 2276 illo
997 2255 1071 2285 prae·

209 2288 318 2319 sertim
338 2297 441 2318 ieiuni
466 2287 563 2326 statu,
587 2296 639 2317 aut
663 2287 882 2327 neglexerint,
905 2295 959 2317 aut
982 2288 1072 2327 igno-

208 2337 360 2362 raverint.
403 2329 464 2359 Sed
481 2330 503 2359 is
522 2328 640 2359 fructus
660 2329 711 2358 cui
729 2328 797 2359 vilis
816 2329 1073 2368 aut.incognitus

210 2370 256 2402 est
272 2370 289 2402 ’ἓ
320 2369 472 2410 Ulpianus
499 2370 528 2401 &
553 2370 666 2400 Paulus
688 2370 707 2400 l.
730 2379 779 2410 23.
803 2369 831 2411 §.
850 2370 903 2400 ult.
926 2371 946 2402 l.
964 2380 1012 2408 24.
1037 2368 1073 2404 &¹

208 2413 232 2444 l.
253 2422 300 2452 25.
325 2411 366 2442 D.
390 2414 423 2442 de
438 2421 527 2447 auro,
552 2417 688 2452 argento,
712 2411 828 2442 mundo.
874 2409 968 2450 Vestis
987 2413 1075 2442 eliam

211 2463 249 2484 cx
274 2453 391 2492 pellibus
417 2451 563 2493 constabit.
595 2462 659 2483 cum
684 2451 721 2486 &²
746 2455 860 2483 tunicas
885 2452 920 2487 ἐξ
937 2451 1074 2494 stragula

209 2495 324 2536 pellicia
338 2495 471 2525 nonnulli
493 2495 624 2525 habeant.
648 2499 816 2535 argumento
834 2494 902 2530 lunt
920 2495 1008 2524 etiam
1025 2504 1076 2524 nci-

212 2537 302 2566 tiones
320 2537 468 2576 quaedanz,
492 2536 584 2566 veluti
602 2535 806 2566 Sarmatarum
822 2545 882 2576 quae
896 2536 1018 2575 pellibus
1036 2542 1074 2565 te-

209 2583 337 2619 guntur.
389 2575 491 2608 Varro
515 2577 561 2608 lib.
581 2586 610 2607 2.
641 2576 688 2607 Dc
708 2586 738 2607 re
759 2575 869 2617 rustica
896 2587 919 2607 c.
942 2577 996 2607 ull.
1031 2576 1074 2607 Ut

205 2616 346 2659 frustum
369 2618 430 2647 ovis
451 2627 464 2647 e
487 2617 556 2648 lana
572 2619 610 2648 ad
626 2616 845 2658 vestimentum,
862 2617 906 2656 fic
928 2627 1014 2658 capra
1031 2620 1073 2657 pi-

212 2660 255 2691 los
279 2656 426 2698 ministrat
452 2660 489 2689 ad
512 2659 595 2698 usum
619 2660 769 2690 nauticum
788 2659 824 2693 ὅ)
841 2661 878 2690 ad
896 2660 992 2690 bellica
1018 2667 1072 2690 ior-

213 2705 333 2737 menia,
366 2699 401 2733 δέ)
426 2701 463 2730 ad
487 2700 611 2739 fabrilia
632 2701 713 2740 vasa.
746 2710 835 2742 neque
858 2711 914 2731 non
947 2702 1076 2741 quadam

214 2742 346 2773 nationes
363 2741 466 2771 harum
487 2741 606 2780 pellibus
617 2746 688 2779 suni
705 2740 832 2782 vestita,
857 2747 889 2772 ut
907 2743 937 2772 in
956 2742 1075 2773 Gelulia

214 2782 252 2817 ὅ)
284 2782 432 2813 Sardinia,
470 2782 552 2822 cujus
584 2783 667 2822 usum
692 2785 770 2822 apud
802 2786 937 2825 antiquos
966 2793 1076 2825 quoque

214 2825 329 2856 Groecos
350 2821 438 2864 fuiffe
465 2828 591 2862 apparel.
622 2823 655 2853 id
680 2834 757 2854 vei-0
786 2823 807 2855 fi
830 2824 899 2862 est,
938 2825 1013 2865 quid
1043 2827 1075 2856 ni

213 2866 286 2897 liaec
307 2864 390 2905 apud
407 2863 552 2901 vicinos,
573 2871 627 2894 aut
646 2864 784 2896 advenas
803 2874 997 2897 mercatores
1023 2876 1076 2906 pe-

215 2907 308 2938 cunia
325 2928 334 2943 ‚
372 2912 426 2936 aut
450 2905 543 2936 rebus
569 2903 744 2936 necessariis
762 2929 772 2945 ,
808 2908 1077 2947 permutavcrint3

213 2947 376 2990 pastorum
402 2956 492 2978 more
522 2945 561 2976 de
591 2955 656 2985 quo
686 2946 835 2987 Virgilius
860 2949 906 2979 lib.
928 2959 956 2988 3.
990 2949 1078 2979 Geor-

214 2991 272 3029 gic.
302 2988 376 3027 vers.
403 2997 472 3029 305.
503 2986 539 3020 δ”
559 2986 639 3027 seqq.
672 2986 702 3017 &
735 2989 885 3029 exemplo
919 2991 1077 3021 exercitus

218 3030 409 3062 Graecorum
431 3030 470 3063 de
496 3037 561 3071 quo
586 3028 629 3059 ita
654 3026 818 3062 Homerus
840 3029 946 3062 Iliados
969 3031 1013 3063 H.
1038 3033 1077 3063 ad

212 3071 270 3111 fin.

802 88 1106 123 GERARD1
1156 85 1387 124 Noonr

1146 177 1230 208 Hinc
1249 179 1362 219 quidem
1380 180 1483 210 vinum
1505 180 1633 211 emebant
1650 181 1754 212 comati·
1777 182 1887 217 Achivi
1897 190 1913 226 ,·
1939 194 1941 197 ·

1145 219 1208 249 Alii
1224 221 1342 259 quidam
1358 230 1429 259 are,
1454 221 1505 252 alii
1526 227 1622 253 autem
1632 223 1782 263 splendido
1790 224 1892 265 ferro,

1145 259 1210 290 Alii
1229 270 1295 292 vero
1310 263 1449 302 pellibus,
1473 264 1525 294 alii
1543 270 1639 294 aulem
1658 262 1725 305 ipfis
1745 266 1862 305 vaccis,

1147 301 1212 332 Alii
1231 308 1327 333 aulem
1343 305 1505 344 mancipiis.
1565 331 1567 335 ,

1107 340 1192 383 Quid
1211 366 1220 381 ,
1254 343 1274 374 si
1300 344 1410 375 addam
1426 368 1434 383 ,
1467 348 1498 377 in
1522 345 1734 378 Hebraeorum
1761 347 1866 381 castris
1884 349 1972 385 fuiss'e

1107 385 1160 424 qui
1187 384 1288 417 vestes
1311 394 1457 417 texerent
1473 386 1490 418 ‚9
1521 397 1585 419 non
1608 389 1692 420 enim
1720 389 1826 430 potest
1844 394 1972 434 negari,

1108 426 1194 465 quod
1219 426 1328 458 Moses
1351 427 1450 459 refert
1484 428 1583 460 Exodi
1605 437 1665 470 cap.
1684 441 1734 470 25.
1753 436 1801 462 26.
1828 431 1864 466 &³
1881 439 1926 467 28.
1951 437 1974 466 i-

1108 474 1162 497 tem
1194 474 1254 507 cap.
1279 478 1328 509 35.
1351 473 1401 509 36.
1424 479 1473 510 37.
1498 475 1546 511 38.
1572 480 1619 512 39.
1647 471 1737 503 suill'e
1756 474 1786 504 in
1807 473 1854 504 his
1871 476 1972 507 omnis

1107 517 1233 550 generis
1259 508 1397 542 artifices
1422 511 1502 550 qui,
1536 522 1574 543 ne
1601 514 1640 544 de
1659 514 1724 545 aliis
1747 514 1850 546 dicam
1869 539 1879 554 ,
1911 515 1974 549 san·

1107 549 1192 580 cium
1219 550 1458 583 tabernaculum
1478 576 1488 592 ,
1528 563 1658 595 ejusque
1681 554 1887 587 instrumenta
1903 581 1913 596 ‚
1943 558 1975 591 δε

1109 599 1262 630 praeterea
1287 591 1487 626 sacerdotum
1517 596 1618 627 vestes
1649 603 1745 636 atque
1767 607 1974 641 ornamenta,

1108 631 1256 663 fecerint.
1290 634 1355 664 imo
1381 634 1489 667 Moses
1512 647 1536 667 c.
1557 647 1606 678 35.
1631 637 1658 679 §.
1679 648 1728 678 25.
1754 638 1861 670 scribit
1880 663 1890 679 ,
1918 640 1974 673 fin-

1107 674 1197 714 gulas
1215 674 1362 706 mulieres
1377 676 1561 716 industrias,
1592 679 1709 710 nevili'e
1727 680 1871 713 manibus
1895 680 1975 722 suis,

1108 723 1204 755 atque
1230 715 1364 747 attuliss'e
1386 725 1495 750 netum
1521 720 1783 761 hyacinthinum,
1808 721 1838 753 i&
1856 731 1974 763 purpu-

1109 765 1196 787 reum
1214 779 1223 794 ,
1255 757 1284 787 ὁ(
1310 759 1500 791 coccineum
1523 762 1697 801 dibaphum
1717 763 1746 793 <Sc
1764 764 1921 804 xylinuin.
1943 765 1974 797 &

1108 796 1137 838 §.
1155 801 1203 828 26.
1229 806 1325 829 etiam
1343 800 1490 833 mulieres
1507 802 1656 834 industrie
1672 802 1790 835 nevisse
1807 804 1909 836 lanam
1926 815 1975 837 ca-

1109 848 1245 878 prarum.
1259 841 1298 885 ‘oc
1316 850 1340 871 c.
1357 850 1406 881 39.
1429 841 1457 883 §.
1476 853 1524 875 22.
1550 846 1612 882 ait,
1632 844 1768 877 artifices
1786 844 1894 877 fecisse
1913 847 1977 887 pal-

1109 881 1184 911 lium
1205 882 1332 911 amiculi
1350 905 1367 925 ,¹
1391 893 1491 922 opere
1514 887 1615 917 textili
1634 909 1644 925 ,
1668 894 1772 918 totum
1799 887 1975 928 hyacinthi-

1109 931 1209 952 num:
1244 925 1271 953 <St
1295 922 1389 968 §.⁴27.
1415 924 1523 956 fecill'e
1550 928 1672 958 tunicas
1699 929 1767 960 illas
1795 938 1813 960 e
1841 931 1974 971 xylin0‚

1111 972 1211 1003 opere
1230 965 1354 1002 textili,
1380 965 1518 998 Aharoni
1540 969 1568 999 ὅ(
1587 967 1660 1000 filiis
1680 970 1755 1009 ejus.

1149 1006 1210 1050 &5³0¹
1228 1013 1263 1035 ut
1285 1005 1349 1035 boc
1364 1015 1511 1047 agamus,
1537 1018 1609 1040 cum
1627 1011 1676 1042 lex
1695 1011 1850 1043 faenebris
1867 1021 1884 1042 a
1900 1011 1976 1043 Mo·

1111 1044 1141 1075 se
1160 1046 1195 1077 lit
1223 1054 1344 1077 tantuin
1371 1049 1414 1079 ob
1431 1049 1558 1081 civilem
1585 1052 1752 1084 utilitatem
1777 1054 1858 1092 lat33
1882 1063 1978 1094 appa-

1112 1095 1178 1126 ret,
1202 1096 1271 1118 earn
1290 1097 1395 1128 neque
1417 1094 1559 1122 omnium
1577 1093 1718 1133 gentium
1731 1117 1740 1132 ,
1764 1104 1870 1134 neque
1886 1104 1978 1126 aeter-

1111 1138 1183 1160 naui
1200 1128 1308 1160 fuisse:
1337 1131 1387 1162 led
1408 1133 1566 1172 propriam
1586 1136 1697 1174 populi
1715 1136 1836 1174 judaici
1880 1143 1978 1175 atque

1112 1171 1176 1200 hoc
1203 1170 1345 1211 subiato,
1376 1171 1439 1203 ess'e
1465 1174 1602 1206 dcliiffc:
1634 1177 1766 1215 pei-inde
1797 1184 1831 1208 ut
1852 1185 1977 1208 caetei·ae

1112 1211 1230 1243 desiere
1248 1212 1333 1253 leges
1352 1222 1420 1253 quae
1440 1215 1504 1254 ejus
1523 1217 1706 1256 reipublicae
1730 1218 1832 1250 fuere.

1152 1253 1213 1291 At,
1238 1253 1361 1293 inquies
1381 1279 1390 1293 ,
1423 1256 1531 1288 auctor
1554 1258 1663 1293 Psalmi
1684 1268 1750 1299 15.,
1775 1260 1804 1291 ἃ
1822 1259 1978 1292 Ezechiel

1113 1304 1143 1340 c.⁴
1160 1299 1204 1328 18.
1229 1304 1296 1325 eain
1314 1296 1417 1337 legem
1432 1299 1529 1338 magis
1548 1300 1587 1330 ad
1610 1300 1714 1331 bonos
1739 1310 1844 1332 mores
1868 1301 1977 1333 huma-

1114 1345 1143 1366 ni
1163 1338 1289 1376 generis
1306 1360 1315 1375 ‚
1346 1347 1438 1377 quain
1460 1341 1497 1370 ad
1514 1341 1561 1380 jus
1586 1342 1723 1373 civitatis
1747 1343 1904 1382 Judaicae,
1930 1353 1979 1375 re-

1114 1376 1246 1410 ferunt:
1280 1379 1380 1423 virum
1408 1380 1527 1412 bonum
1547 1381 1737 1414 definientes
1758 1385 1797 1415 ab
1820 1394 1860 1416 eo
1888 1385 1978 1425 quod

1114 1421 1281 1458 pecuniam
1300 1420 1381 1451 luam
1401 1431 1465 1453 non
1484 1423 1624 1454 collocat
1642 1424 1772 1456 foenori.
1797 1424 1861 1457 Nili
1879 1436 1979 1466 opor-

1115 1468 1160 1490 tet
1182 1469 1350 1501 utrumque
1376 1465 1475 1504 accipi
1505 1474 1544 1496 ex
1562 1466 1630 1504 jure
1653 1466 1813 1498 Mosaico.
1838 1477 1978 1508 nempe,

1114 1511 1147 1531 ut
1169 1504 1215 1532 vir
1233 1502 1336 1547 bfmus
1356 1504 1391 1535 fit
1414 1505 1443 1535 in
1466 1505 1622 1538 Hebraica
1641 1508 1804 1548 republica
1828 1508 1977 1548 Jutiaeus,

1113 1552 1178 1588 non
1201 1553 1254 1589 qui
1279 1545 1375 1583 nulli,
1401 1544 1451 1577 sed
1471 1549 1521 1587 qui
1539 1547 1650 1587 Juoaeo
1667 1573 1676 1588 ‚
1708 1559 1772 1580 non
1795 1551 1847 1581 dat
1869 1549 1978 1582 foeno-
2009 1559 2011 1561 ·

1113 1594 1156 1615 ri:
1181 1588 1236 1615 etii
1258 1589 1427 1626 peregrino
1447 1590 1512 1619 det.
1537 1590 1577 1619 iic
1597 1591 1682 1622 enini
1700 1592 1806 1622 locuta
1829 1592 1882 1622 lex
1900 1591 1977 1624 Dei.

1113 1635 1183 1666 quae
1204 1635 1277 1658 curii
1302 1637 1419 1659 mutata
1437 1639 1501 1661 uon
1520 1629 1574 1668 fit,
1598 1631 1697 1662 stante
1715 1634 1896 1672 republica,
1920 1642 1978 1665 cur

1113 1668 1218 1698 valere
1247 1669 1476 1707 prohibeatur?
1508 1673 1645 1711 proinde
1663 1683 1794 1712 vereor,
1828 1683 1861 1705 ut
1879 1674 1979 1706 affen-
2027 1683 2032 1686 ⁴

1114 1709 1163 1739 tiri
1183 1710 1518 1756 polliiiiliieiwnyino
1534 1714 1581 1744 lib.
1598 1718 1627 1745 6.
1650 1716 1680 1744 in
1696 1714 1872 1745 Ezechielem
1890 1726 1913 1747 c.
1929 1720 1979 1749 18.
2008 1732 2010 1734 v

1114 1759 1186 1781 cum
1215 1752 1255 1781 iic
1277 1750 1393 1783 oillei-it
1412 1777 1420 1790 ‚
1453 1754 1493 1784 Ec
1516 1756 1552 1784 acl
1569 1758 1688 1794 usuram
1710 1766 1766 1786 non
1786 1758 1979 1788 coiiiinodave-

1113 1794 1171 1822 rit.-
1187 1789 1253 1829 five
1276 1798 1309 1822 ut
1336 1792 1439 1824 LXX.
1464 1794 1701 1835 transtulerunt:
1726 1800 1978 1838 pecuizianisuam
2007 1814 2009 1817 r

1114 1834 1151 1863 acl
1166 1837 1284 1871 usuram
1302 1843 1359 1865 non
1378 1836 1494 1866 dederit.
1520 1838 1550 1867 in
1569 1838 1712 1869 Hebraico
1729 1838 1902 1870 carinarum
1918 1840 1978 1880 spe·
2005 1848 2009 1852 ’

1114 1875 1221 1904 cierum
1244 1878 1333 1909 usura
1351 1878 1528 1915 prohibetur.
1561 1879 1592 1910 in
1618 1879 1720 1911 LXX.
1756 1887 1872 1912 lantum
1890 1876 1979 1922 pecu-

1113 1917 1177 1946 nim.
1196 1916 1290 1957 juxta
1315 1918 1390 1957 quoa
1414 1917 1450 1952 ὅ)
1473 1920 1504 1950 in
1528 1928 1630 1960 quarto
1654 1923 1757 1953 decimo
1780 1923 1885 1962 psalmo
1903 1923 1978 1962 scri·
2005 1932 2008 1935 ⁴

1110 1963 1193 1997 plum
1220 1955 1258 1997 ⁶st
1277 1967 1286 1988 :
1316 1958 1379 2004 Qui
1397 1962 1551 1999 pecuniam
1565 1963 1654 2001 suam
1676 1973 1733 1993 non
1755 1964 1830 1994 dedu
1854 1965 1892 1995 ad
1910 1966 1980 2000 usu-

1113 2008 1185 2028 ram.
1230 1998 1270 2029 Ei
1292 2003 1426 2039 quomodo
1447 2002 1572 2034 dicitur:
1588 2004 1688 2041 fratri
1711 2011 1759 2035 luo
1782 2015 1839 2036 non
1849 2006 1981 2045 faenera-

1113 2041 1171 2070 bis.-
1194 2039 1283 2070 alieno
1302 2046 1397 2072 aulem
1420 2042 1583 2079 foenerabis.
1638 2045 1694 2076 Sed
1717 2047 1783 2076 vide
1798 2047 1979 2086 profestum:

1114 2083 1144 2111 in
1156 2082 1299 2120 principio
1314 2082 1384 2122 legis
1406 2094 1423 2113 a
1440 2084 1583 2121 fratribus
1600 2092 1715 2117 tantum
1725 2087 1828 2126 foenus
1848 2089 1981 2119 tollitur:

1113 2123 1145 2152 in
1157 2123 1295 2163 propheta
1313 2124 1347 2153 ab
1366 2125 1494 2155 omnibus
1515 2129 1605 2165 usura
1620 2128 1788 2166 prohibetur
1813 2129 1923 2160 dicente
1939 2129 1984 2160 E-

1115 2164 1249 2194 zecoiele:
1268 2163 1427 2195 Pecuniam
1441 2166 1522 2201 suam
1540 2177 1597 2198 non
1614 2169 1688 2199 deaii
1704 2170 1741 2200 ad
1758 2170 1884 2209 usuram.
1909 2170 1981 2201 Por-

1115 2214 1145 2235 ro
1172 2205 1204 2234 in
1232 2204 1390 2246 Euangelio
1420 2208 1542 2238 virtutis
1574 2216 1762 2250 augmentum
1783 2210 1821 2251 eft
1838 2235 1847 2250 ,
1876 2213 1980 2252 praeci-

1111 2247 1208 2287 piente
1225 2247 1352 2278 delmino:
1377 2246 1568 2280 Foencramini
1583 2250 1625 2281 his
1649 2262 1666 2282 a
1690 2253 1795 2292 quihus
1813 2263 1868 2283 non
1878 2254 1992 2293 spera-,

1117 2290 1154 2318 tis
1173 2289 1301 2327 recipere.
1344 2287 1430 2320 Idem
1453 2291 1586 2323 dixerim
1611 2293 1650 2323 de
1676 2292 1819 2334 Hugone
1838 2293 1979 2333 Grotio,

1117 2330 1242 2369 inclyto
1261 2330 1290 2359 ἂ
1309 2329 1474 2370 praestante
1495 2332 1564 2363 viro
1583 2356 1593 2372 ,
1624 2343 1696 2365 cum
1718 2335 1764 2365 De
1781 2337 1849 2377 jure
1865 2337 1926 2366 belli
1943 2335 1980 2371 &⁶

1112 2372 1193 2411 pacis
1224 2371 1262 2401 lib
1291 2381 1320 2402 2.
1346 2381 1368 2402 c.
1391 2381 1436 2403 12.
1472 2373 1500 2415 §.
1522 2384 1569 2405 20.
1602 2374 1644 2406 fic
1675 2375 1808 2416 scribit,
1845 2376 1980 2418 Sufficere

1117 2413 1195 2443 nobis
1213 2414 1288 2442 debet
1304 2412 1351 2443 lex
1368 2424 1385 2444 a
1406 2413 1466 2444 Deo
1485 2414 1612 2447 Hebroeis
1632 2418 1721 2456 data,
1744 2428 1807 2459 quae
1822 2426 1903 2449 ‘zielar
1921 2419 1982 2449 He-
2005 2428 2008 2430 ’

1118 2455 1202 2484 braeos
1237 2452 1365 2484 Hebraeis
1385 2459 1539 2495 pecuniam
1570 2459 1638 2489 aare
1659 2459 1778 2498 foenorii
1831 2458 1884 2500 Est
1906 2462 1981 2491 enim

1117 2495 1204 2535 hujus
1228 2494 1295 2536 legis
1312 2498 1450 2534 numeria,
1469 2496 1498 2534 fi
1512 2508 1570 2529 non
1592 2500 1745 2539 necessaria
1761 2525 1770 2539 ‚
1802 2508 1875 2532 cerie
1899 2502 1981 2533 hone-

1111 2534 1342 2577 ftafmoralilem
1367 2540 1442 2568 unde
1460 2538 1496 2573 ὅ)
1517 2539 1583 2570 aliis
1606 2543 1731 2572 maxime
1752 2544 1905 2574 moralibus
1930 2552 1981 2574 an-

1117 2584 1288 2608 numeratur
1316 2578 1427 2617 Psalmo
1453 2581 1505 2621 qui
1527 2582 1605 2621 apud
1626 2581 1761 2613 Hebraeos
1789 2581 1827 2624 eft
1856 2585 1989 2618 decimus,

1117 2620 1235 2660 quintus
1253 2642 1262 2656 ,
1296 2621 1373 2660 apud
1394 2620 1513 2652 Latinos
1529 2624 1651 2653 decimus
1667 2629 1790 2664 quartus
1805 2648 1814 2662 ,
1843 2625 1879 2658 δέ)
1903 2625 1980 2665 apud

1118 2660 1295 2691 Ezechielem
1320 2663 1411 2702 capite
1434 2663 1536 2693 decimo
1560 2662 1669 2695 oflavo.
1694 2675 1756 2706 quae
1774 2672 1869 2697 autem
1892 2667 1980 2707 hujus

1115 2704 1228 2743 generis
1244 2701 1320 2742 sunt
1337 2725 1346 2741 ,
1381 2701 1557 2743 Christianos
1578 2715 1688 2747 quoque
1711 2707 1855 2749 obligant,
1878 2709 1979 2749 quippe

1117 2749 1232 2774 vocatos
1262 2744 1299 2773 ad
1331 2744 1443 2786 majora
1474 2747 1621 2777 virtutum
1635 2747 1822 2788 specimina:
1853 2748 1889 2783 {ff
1919 2743 1980 2791 aua

1118 2790 1189 2815 tunc
1214 2783 1307 2825 officia
1338 2785 1446 2817 homini
1469 2786 1589 2818 Hebraeo
1606 2794 1659 2819 aut
1685 2790 1793 2832 alioqui
1818 2792 1979 2828 circumciso

1119 2826 1323 2866 (nain‘hujus
1346 2836 1410 2857 cuin
1433 2826 1552 2859 Hebraeo
1572 2837 1629 2868 par
1650 2831 1735 2867 causa
1757 2832 1844 2872 erat)
1865 2831 1980 2872 prasta-

1120 2868 1147 2898 ri
1163 2867 1305 2909 jubentur
1320 2890 1329 2905 ,
1358 2877 1391 2898 ea
1412 2878 1491 2899 nunc
1518 2868 1678 2909 prestanda
1694 2872 1767 2912 sunt
1789 2874 1896 2904 homini
1918 2873 1976 2904 cui-

1120 2909 1166 2939 vis
1181 2932 1190 2947 ,
1227 2909 1304 2939 omni
1329 2909 1499 2949 populorum
1528 2912 1689 2951 discrimine
1709 2920 1763 2954 per
1784 2914 1979 2956 Euangelium

1111 2950 1228 2990 sublato
1245 2973 1254 2989 ‚
1286 2949 1430 2992 latiusque
1448 2953 1560 2992 extenso
1581 2955 1711 2993 proximi
1733 2955 1885 2987 intellectu.
1927 2954 1979 2986 Est

1121 2998 1226 3023 tamen
1252 2991 1339 3031 quod
1366 2992 1488 3024 mii-eris
1506 3017 1515 3032 ,
1548 2995 1684 3034 potuisse
1708 2997 1868 3038 egregium
1891 2997 1978 3028 illum

1121 3033 1222 3064 virum
1255 3033 1294 3063 ad
1328 3033 1407 3064 hanc
1441 3035 1610 3067 decurrere
1635 3036 1847 3070 sententiam:
1884 3046 1980 3078 quum

1120 3073 1293 3114 praesertim
1310 3075 1338 3105 ei
1362 3076 1521 3108 conti-aria
1536 3075 1714 3119 scripserit,
1735 3079 1978 3112 Annotacionz'bus

1119 3115 1158 3146 ad
1176 3115 1288 3147 Lucam
1310 3123 1370 3157 cap.
1388 3121 1419 3148 6.

1914 3240 1940 3274 C
1946 3247 1985 3275 Aa:
