2036 3495
187 89 267 134 336*
311 73 335 92 ⁹

183 176 256 209 nuit
279 177 362 208 libro
391 184 440 208 Π.
463 173 560 206 malle
574 174 659 206 enim
679 173 764 205 libro
779 183 883 214 xm,
906 176 1014 217 (quod
1035 178 1066 210 ’δε

185 226 262 249 ante
278 217 401 249 ostendi
420 225 461 246 ex
476 218 505 246 d.
516 215 536 246 l.
555 224 599 252 19.
612 215 653 247 D.
674 217 707 245 de
715 214 1068 258 stipulationeservorum

185 268 259 297 quae
280 268 319 289 ex
343 266 383 288 eo
404 256 486 287 libro
505 256 570 296 est)
591 255 715 288 servum
733 257 822 297 quia
840 259 966 290 duobus
982 260 1068 292 bona

186 299 251 332 fide
275 298 448 338 poffidetur
464 319 474 335 ,
508 306 580 328 cum
608 307 649 328 ex
672 307 707 329 re
732 299 862 331 alterius
888 300 1066 341 poss'ess'oris

185 341 370 379 stipulatur,
387 337 451 369 sive
468 347 509 369 ex
522 337 601 379 jussu
619 339 686 379 ejus
702 339 790 380 cujus
809 349 859 373 res
876 341 939 381 est,
954 341 1019 374 five
1036 344 1067 375 ei

185 381 375 413 :nominatim
400 378 588 419 stipuletur,
610 382 640 412 ei
666 379 799 413 solidum
829 384 978 415 omnibus
1003 385 1065 417 illis

185 421 305 452 caiibus
323 419 503 453 indistinete
519 422 696 462 acquirere.
744 421 788 453 Et
802 425 889 455 addit
909 427 1065 459 rationem

184 461 367 503 Ulpianus:
390 471 426 492 ea
450 464 531 494 ratio
556 463 612 495 est.
657 464 742 496 Nam
766 463 802 498 ὅ)
826 466 901 496 illud
923 474 1066 508 receptum

184 501 243 544 est,
266 509 299 535 ut
322 503 453 544 quociens
472 506 748 545 communisservus
768 508 901 538 omnibus
916 510 1066 550 acquirere

183 555 241 576 non
252 545 361 588 potest,
384 545 410 575 ei
422 545 474 584 loli
490 550 624 588 acquirat
638 548 687 577 cui
696 545 799 587 potest.
839 547 994 589 Ulpianus
1010 559 1062 592 pe-

183 587 223 617 tit
247 594 471 628 argumentum
494 597 510 618 a
531 588 620 619 servo
645 588 782 619 duorum
801 592 982 624 communi:
1007 592 1063 632 qui

183 626 206 660 fi
225 628 390 669 stipuletur
403 638 468 660 rem
483 638 552 669 quae
568 628 674 670 potest
692 630 819 669 utrique
834 631 978 671 adquiri,
994 642 1063 665 eam

182 671 312 711 utrique
330 671 488 710 adquirit:
511 670 553 702 fin
573 672 697 707 minus,
721 671 932 712 soliadquirit
957 675 986 705 ei
1012 677 1064 706 cui

182 711 308 751 potest:
333 711 388 743 etii
412 720 520 752 neque
542 712 608 752 ejus
624 711 727 752 juffii,
751 722 857 753 neque
875 714 903 745 ei
921 716 1065 748 nomina·

182 753 240 784 tim
257 752 420 794 stipulatus
437 752 483 784 fit.
508 762 605 793 atque
623 755 666 784 ita
682 753 840 794 Julianum
858 756 1064 796 existimasse,

183 803 225 825 ex
244 803 349 836 eoque
376 794 456 834 saepe
479 793 619 826 retuliss'e
639 794 689 834 se,
715 794 869 836 Ulpianus
891 799 945 829 ait.
977 800 1066 837 quod

182 844 294 867 verum
323 835 387 874 est,
411 836 442 866 &
457 844 591 876 apparet
614 845 654 867 ex
677 837 695 867 l.
715 845 743 877 7.
770 837 798 879 §.
823 847 850 870 1.
870 838 911 869 l).
932 839 1066 882 deftipu-

180 876 287 908 latione
309 878 478 916 flavorum,
502 876 539 912 ὅ)
564 877 585 910 Ζ.
609 887 653 910 12.
677 877 718 908 D.
747 881 780 909 de
801 878 973 912 austoritate
989 888 1064 913 tuto-

179 928 256 949 rum.
290 917 366 949 Hoc
384 919 480 958 igitur
490 927 562 949 cum
574 919 604 950 in
615 921 779 951 communi
793 922 938 953 obtineat
950 923 1064 963 serv03

180 960 269 991 idem
288 961 355 991 vult
380 959 526 991 Scaevoia
542 961 569 991 d.
586 960 635 992 lib.
656 969 734 992 xrii
750 984 759 998 ,
776 971 817 994 ex
834 972 940 1004 eoque
956 963 1064 1005 Ulpia·

180 1009 242 1032 nus
258 1002 286 1031 h.
303 1001 331 1043 §.
358 1002 454 1033 etiam
473 1002 622 1033 obtinere
639 1002 668 1033 in
688 1003 779 1034 servo
799 1013 816 1034 a
836 1005 962 1037 duobus
979 1006 1065 1038 bona

179 1040 245 1073 fide
261 1042 412 1083 poisesso:
438 1052 573 1084 nempe,
596 1052 650 1082 ut,
672 1043 693 1075 fi
709 1053 751 1075 ex
776 1054 810 1076 re
830 1047 919 1077 unius
936 1046 1064 1086 stipule-

179 1091 251 1122 tur,
275 1084 339 1116 sive
360 1083 562 1124 simpliciter,
585 1084 650 1116 five
666 1085 733 1125 ejus
754 1085 854 1126 jumi,
878 1087 943 1119 five
959 1089 987 1119 ei
1007 1094 1064 1120 no-

178 1126 346 1165 minatim,
369 1126 551 1159 indistinete
565 1127 593 1158 ei
611 1125 743 1158 solidum
760 1129 922 1167 adquirat:
939 1137 1063 1163 tantum

181 1168 256 1206 quia
284 1177 349 1199 non
378 1166 484 1208 potest
508 1168 598 1199 alteri
623 1177 665 1199 ex
687 1177 721 1199 re
741 1169 868 1202 alterius
884 1171 1061 1211 adquirere.

182 1208 246 1240 Sed
263 1206 426 1240 finiamus:
452 1208 522 1241 satis
546 1209 630 1240 enim
655 1209 870 1242 demonstravi
896 1213 984 1252 quod
1009 1214 1062 1245 de-

180 1248 422 1283 monstrandum
441 1249 522 1289 fuit,
547 1258 652 1282 toturn
672 1249 802 1292 Ulpiani
820 1253 927 1285 locum
946 1254 999 1293 qui
1016 1254 1062 1286 est

179 1292 213 1323 in
233 1292 260 1322 d.
279 1290 297 1321 l.
316 1301 366 1332 23.
385 1291 412 1332 §.
430 1301 459 1332 3.
478 1291 521 1322 D.
540 1293 573 1322 de
595 1293 772 1333 adquirendo
799 1303 895 1325 rerum
919 1295 1062 1334 dominio,

176 1331 244 1364 esse
260 1331 325 1363 hoc
343 1333 574 1364 restituendum
593 1334 704 1365 inodo.
737 1334 770 1365 Si
785 1337 850 1375 quis
865 1337 973 1367 duobus
990 1338 1062 1368 bona

175 1372 238 1415 fide
246 1375 382 1412 serviat:
401 1375 517 1415 utrique
532 1375 684 1415 adquiret,
697 1374 882 1417 sedfingulz's
899 1386 935 1407 ex
951 1387 981 1408 re
989 1377 1060 1417 sua.

179 1414 268 1460 Quod
277 1420 373 1446 autem
388 1424 424 1446 ex
440 1424 471 1446 re
486 1416 607 1446 alterius
620 1414 678 1456 est,
688 1422 791 1447 utrum
803 1424 856 1457 pro
868 1423 953 1457 parte
969 1419 995 1449 ei
1011 1419 1060 1449 cui

180 1459 254 1488 huna
265 1455 326 1496 fide
341 1457 450 1494 servit,
461 1462 515 1496 pro
531 1462 612 1497 parte
629 1457 741 1488 domino
753 1480 763 1495 ‚
773 1456 802 1495 fi
810 1458 916 1497 servus
924 1457 983 1497 stt:
1005 1465 1059 1491 aut

172 1497 203 1537 fi
217 1498 286 1529 liber
296 1496 356 1535 fic,
373 1495 450 1533 sibi:
472 1506 512 1528 an
529 1506 596 1528 vero
618 1499 643 1528 ei
669 1498 768 1529 debeat
793 1499 944 1540 adquirere
968 1506 1060 1532 totam

179 1548 216 1570 ex
237 1539 321 1578 cujus
347 1546 379 1567 re
395 1535 454 1577 esi,
477 1537 655 1569 videamus?
676 1548 766 1580 quam
774 1541 898 1580 speciem
913 1542 1058 1574 Scaevoia

177 1585 295 1622 qaoque
307 1577 416 1609 iraaai
433 1577 486 1611 lib.
500 1589 528 1611 2.
548 1579 771 1622 Quaestionum
789 1582 832 1612 ait
848 1584 940 1614 enim.-
948 1582 977 1622 fi
991 1584 1059 1615 alie-

177 1630 235 1653 nus
240 1618 350 1660 servus
367 1621 478 1652 duobus
496 1621 570 1653 bona
580 1620 644 1661 fide
660 1623 790 1662 serviat,
809 1622 846 1658 ὅ)
860 1633 896 1655 ex
913 1626 1002 1657 unius
1016 1634 1060 1656 eo-

178 1671 244 1695 rum
260 1671 291 1692 re
309 1662 467 1703 adquirat3
487 1663 629 1694 rationem
637 1663 755 1703 facere,
770 1669 804 1695 ut
821 1667 846 1695 ei
862 1666 1012 1699 duntaxat
1028 1668 1062 1698 in

167 1703 299 1747 solidum
314 1703 472 1745 adquirat,
491 1703 513 1735 fi
525 1702 605 1744 juss'u
624 1705 691 1745 eJus
710 1705 895 1746 stipuletur:
904 1709 958 1747 sed
966 1707 997 1747 fi
1010 1710 1061 1745 ad-

172 1746 261 1789 jiciat
276 1745 339 1786 ejus
354 1754 457 1776 nomen
469 1767 480 1784 ,
502 1754 539 1776 ex
562 1746 647 1788 cujus
663 1756 693 1777 re
702 1744 881 1787 stipulatur:
904 1758 956 1780 nec
980 1751 1062 1781 dubi·-

174 1787 302 1819 tandum
326 1785 379 1827 effe
402 1788 467 1825 tiit,
491 1788 564 1828 quin
579 1790 604 1818 ei
618 1787 670 1826 soli
685 1789 872 1829 adquiratur.
904 1791 974 1832 quia
988 1791 1024 1826 &²
1036 1791 1063 1828 si

174 1837 216 1861 ex
231 1836 262 1860 re
270 1826 354 1869 ipfius
364 1826 565 1869 stipulamur
581 1828 667 1860 alteri
682 1838 719 1861 ex
733 1830 872 1867 dominis,
890 1834 1062 1865 nominatim

169 1868 346 1912 stipulando
361 1869 516 1912 [lblidum]
533 1871 559 1901 ei
573 1871 715 1912 adquiret.
751 1870 792 1903 Et
809 1874 839 1903 in
857 1872 1062 1907 inferioribus

177 1911 342 1954 [probat]:
365 1917 419 1951 ut,
442 1913 578 1953 quamvis
600 1921 658 1943 non
681 1915 853 1945 nominatim
871 1937 880 1953 ,
911 1925 962 1947 nec
978 1915 1062 1958 juffu

176 1963 237 1985 meo
252 1975 262 1991 ,
283 1963 320 1985 ex
341 1962 372 1984 re
395 1958 492 1984 tamen
506 1962 569 1984 mea
581 1951 743 1994 stipulatus
759 1954 821 1995 fit,
844 1966 910 1987 cum
927 1957 1061 1997 pluribus

178 1995 257 2027 bima
275 1994 337 2035 fide
349 1995 499 2036 serviret:
518 1995 590 2027 mihi
594 1995 654 2036 Jolz'
672 1996 819 2037 adquirat.
853 2007 921 2031 nam
936 1999 973 2034 δ’
989 1999 1062 2031 illud

777 87 1087 125 Gnnannr

1151 86 1382 126 Noun-r

1109 183 1252 219 receptum
1274 177 1332 221 est,
1353 186 1388 213 at
1409 182 1541 222 quotiens
1563 185 1720 217 communis
1730 186 1836 226 servus
1852 193 1980 225 omnibui-
2035 186 2036 202 ³

1109 220 1148 251 ad
1170 222 1263 252 uirere
1287 232 1344 254 non
1366 220 1475 263 potest;
1492 226 1519 255 ei
1526 224 1586 264 fiili
1601 234 1664 257 eum
1680 228 1847 269 adquirere,
1868 235 1916 264 ειη·
1928 243 1980 274 1¹⁰-

1111 228 1173 302 test.
1213 262 1256 293 Ei:
1272 263 1323 294 hoc
1336 263 1496 304 Julianum
1510 275 1621 308 quoque
1628 268 1774 309 scribere,
1792 272 1863 312 laepe
1877 275 1984 307 retuli:

1110 312 1196 344 eoque
1205 304 1273 345 jure
1288 307 1410 337 utimur.

1151 344 1226 376 Huc
1243 355 1342 387 usque
1367 347 1407 378 de
1428 348 1610 381 commodis
1634 348 1797 383 fructuarii
1814 351 1907 385 servi.
1925 354 1980 388 se.

1109 393 1251 425 quuntur
1274 397 1388 420 onera:
1413 398 1484 421 nam
1505 389 1536 421 &
1559 389 1630 422 haec
1647 391 1796 425 sustinere
1820 395 1979 429 fructuari-

1109 436 1184 466 um,
1208 428 1339 460 rationis
1368 429 1429 461 est:
1454 440 1494 462 eo
1518 433 1607 472 quod
1631 433 1790 475 obligatur
1810 434 1902 467 servo
1924 438 1979 476 illo

1109 477 1173 500 non
1195 470 1297 502 minus
1320 471 1365 502 uti
1392 480 1484 512 quam
1508 472 1581 504 frui.
1614 473 1660 506 est
1682 484 1788 508 autem
1806 477 1851 508 uti
1868 477 1978 520 servo,

1109 519 1181 542 euin
1194 520 1347 543 exercere
1363 513 1401 544 ad
1421 515 1553 545 modum
1570 515 1644 547 boni
1663 516 1895 556 patrisfamilias
1912 519 1979 553 solil·

1107 551 1130 582 ti
1142 559 1203 583 tarn
1215 553 1294 584 servi
1306 562 1405 585 onera
1419 554 1524 593 ferre,
1535 565 1629 596 quam
1645 558 1898 598 ejus·cornrnoda
1912 569 1979 600 perl-

1107 593 1225 633 cipere.
1250 603 1300 626 res
1322 595 1481 635 loquitur-3
1504 597 1534 628 ἀ
1559 599 1641 638 apud
1666 599 1824 632 Catonem
1842 624 1852 639 ,
1883 601 1929 633 De
1949 612 1979 635 re

1106 632 1234 675 rustica,
1249 644 1273 666 c.
1293 646 1324 675 5.
1343 636 1373 666 in
1391 635 1507 669 officiis
1526 639 1623 671 villici
1641 649 1750 680 extat,
1769 641 1894 674 Familiae
1909 645 1979 676 male

1107 675 1210 714 nesti,
1232 685 1268 706 ne
1292 676 1386 717 algeat
1403 696 1420 716 ,·
1435 688 1471 713 ne
1491 682 1609 721 esuriat.
1652 681 1743 726 Quin
1769 684 1907 722 Seneca,
1931 685 1977 717 De

1108 716 1270 756 beneficiis,
1293 718 1342 748 lib.
1358 720 1387 758 3.
1406 729 1431 750 c.
1451 729 1500 752 21.
1533 720 1605 762 Est,
1629 724 1760 764 inquit,v
1777 725 1889 767 aliquid
1905 727 1979 767 quod

1109 760 1240 790 dominus
1253 757 1388 798 praestare
1404 760 1490 798 servo
1514 763 1610 795 debeat
1625 775 1636 796 .-
1657 771 1692 796 ιιι
1705 766 1825 798 'cibaria
1841 790 1850 805 ,
1873 767 1977 808 vestia-

1109 801 1198 831 rium.
1230 800 1304 837 Ait,
1328 801 1434 832 debeat.
1460 806 1627 843 quomodo
1644 806 1827 840 Marcianus
1845 808 1865 839 l.
1880 819 1928 846 40<
1948 808 1978 851 §.

1111 851 1138 873 1.
1158 842 1202 872 D.
1219 841 1373 881 depeculio
1388 864 1398 880 ‚
1427 842 1478 882 Si,
1502 845 1626 886 inquit,
1649 849 1680 879 id
1704 847 1978 891 adquz‘siitservus;
2005 865 2007 873 ι

1108 884 1183 924 quod
1197 884 1331 914 dominus
1347 883 1449 924 neceffl
1463 894 1520 916 non
1533 887 1615 918 habet
1624 887 1773 929 praestare,
1790 892 1820 921 id
1834 890 1884 930 effe
1893 895 1979 932 pecu*-

1105 925 1196 955 lium:
1213 924 1244 962 fi
1264 933 1331 955 vero
1350 927 1465 956 tunicas
1480 935 1533 958 aut
1548 929 1658 970 aliquid
1666 930 1779 969 fimile,
1802 934 1878 972 quod
1892 934 1917 963 ei
1931 934 1978 964 αρ’·

1107 967 1204 997 minus
1219 965 1321 1005 neceffe
1338 965 1421 997 imber
1432 966 1585 1008 praestare,
1608 975 1664 1002 nori
1681 971 1732 1011 effe
1744 973 1900 1012 peculium.
1933 974 1978 1007 lta

1105 1007 1167 1048 jam
1191 1016 1255 1038 non
1281 1006 1378 1038 officii
1402 1017 1451 1040 res
1474 1008 1541 1042 est:
1561 1013 1662 1051 coepit
1684 1014 1874 1045 neceffitatis
1896 1015 1976 1049 else:

1108 1048 1212 1089 pofito
1236 1048 1393 1091 Praefecto
1411 1048 1512 1089 Urbi,
1534 1053 1586 1092 qui
1608 1054 1715 1085 audiat
1739 1053 1861 1087 servum
1879 1056 1918 1088 de
1934 1056 1977 1088 fa-

1107 1100 1159 1122 me
1176 1091 1205 1121 ἃ
1224 1091 1340 1121 duritie
1357 1098 1557 1130 quei-entem.
1588 1095 1672 1127 clare
1687 1094 1842 1135 Ulpianus
1864 1098 1881 1128 l.
1903 1107 1928 1130 1.
1947 1098 1976 1141 §.

1108 1136 1136 1165 8.
1155 1130 1198 1163 D.
1213 1132 1246 1162 de
1263 1129 1352 1171 officio
1368 1131 1503 1172 Proefetiii
1518 1135 1599 1166 urbi.-
1615 1137 1643 1167 ἀ
1663 1146 1736 1168 ante
1753 1138 1892 1177 Seneca,
1908 1140 1936 1172 d.
1950 1150 1976 1172 c.

1107 1182 1157 1204 21.
1180 1173 1276 1203 vei-ba
1294 1172 1432 1205 Senecae.
1460 1173 1507 1204 De
1520 1177 1640 1217 injuriis
1656 1179 1833 1210 dominorum
1842 1182 1873 1210 irz
1885 1187 1977 1216 servor

1105 1215 1158 1255 qui
1181 1215 1284 1244 audiat
1300 1212 1411 1252 pofitus
1434 1212 1492 1254 est,
1516 1219 1566 1258 qui
1589 1218 1626 1252 &⁴
1645 1221 1807 1259 seviciam,
1835 1221 1871 1256 &⁹
1885 1221 1977 1254 libidi-

1105 1265 1173 1292 nes,
1197 1254 1234 1289 ἐξ
1251 1256 1282 1285 in
1291 1256 1450 1294 prebendis
1467 1259 1505 1287 ad
1523 1257 1636 1290 vibium
1650 1261 1809 1301 neceffiiriis
1824 1265 1979 1295 avaritiam

1105 1300 1266 1335 compescat.
1296 1296 1348 1327 Sic
1366 1297 1396 1327 in
1414 1298 1558 1330 domino.
1590 1301 1741 1333 miramur
1758 1304 1870 1344 igitur,
1893 1305 1978 1337 idem

1104 1338 1136 1369 in
1152 1336 1324 1369 frudiuario
1339 1337 1401 1368 effe
1415 1338 1431 1370 2
1446 1342 1532 1380 atqui
1544 1350 1677 1382 oportet
1693 1342 1895 1376 fruetuarium
1913 1356 1989 1379 non>

1104 1379 1144 1410 ad
1160 1377 1246 1409 suum
1257 1401 1268 1417 ,
1281 1377 1333 1410 sed
1342 1380 1381 1411 ad
1396 1380 1516 1412 domini
1529 1384 1659 1416 modum
1673 1386 1716 1416 uti
1727 1385 1799 1416 frui.
1812 1387 1904 1428 igitui-
1915 1396 1977 1419 nee

1104 1420 1240 1460 qualiter
1251 1420 1386 1458 qualiter
1402 1421 1508 1454 alet&
1521 1424 1634 1455 vestiet
1646 1425 1768 1458 servum
1780 1438 1788 1458 ε
1799 1428 1854 1468 (ca
1872 1427 1978 1460 forma

1103 1470 1165 1501 qua
1181 1460 1454 1493 describunturilli
1472 1465 1554 1504 apud
1571 1466 1738 1507 Apulejum
1755 1468 1793 1498 lib
1817 1469 1977 1500 1x.Meta2

1101 1501 1209 1543 morph.
1234 1500 1336 1541 Sciffili·
1351 1506 1520 1536 centunculo
1536 1508 1627 1547 magis
1637 1510 1889 1550 inumbratiqztam
1904 1512 1976 1542 obce-

1103 1542 1162 1575 sti:
1181 1544 1315 1574 nonnulli
1337 1545 1442 1585 exiguo
1466 1547 1547 1587 tegili
1570 1551 1766 1580 tantummodo
1784 1552 1888 1590 pubem
1905 1552 1975 1593 inje-

1104 1583 1160 1616 ai.-
1186 1583 1284 1616 cunffl
1299 1591 1393 1616 tamen
1402 1585 1447 1625 fic
1465 1589 1608 1628 tunicati,
1624 1595 1657 1620 ut
1673 1590 1759 1630 efferii*
1769 1598 1822 1632 per
1831 1594 1976 1632 pannulos

1104 1624 1269 1667 manifesti)
1291 1624 1343 1658 sed
1366 1634 1400 1658 ut
1419 1627 1574 1669 Ulpianus
1599 1632 1660 1669 ait,
1683 1632 1702 1662 l.
1721 1641 1767 1672 15.
1787 1632 1815 1674 §.
1836 1643 1864 1665 2.
1883 1633 1924 1666 D.
1942 1636 1975 1666 de

1105 1667 1282 1708 usufrueim
1306 1667 1405 1700 debet
1419 1669 1606 1704 fructuarius
1630 1671 1823 1705 sufficienter
1841 1675 1924 1707 alere
1942 1676 1975 1708 δε

1102 1709 1239 1749 vestire,
1264 1709 1436 1742 secundum
1459 1713 1605 1745 ordinem
1628 1714 1656 1745 ἀ
1680 1715 1867 1756 dignitatem
1892 1726 1977 1749 man-

1105 1751 1276 1791 cipiorum.
1307 1750 1399 1783 fuisse
1414 1761 1519 1785 autem
1536 1755 1595 1786 alia
1619 1756 1830 1797 urbanorum,
1854 1758 1912 1790 alia
1928 1768 1977 1790 ru-

1104 1791 1255 1824 sticorum
1273 1793 1411 1833 cibaria,
1433 1803 1565 1836 apparet
1579 1806 1618 1828 ex
1636 1797 1657 1828 l.
1675 1807 1726 1834 99.
1753 1797 1788 1831 D.
1818 1800 1851 1830 de
1875 1800 1974 1841 legatis

1104 1834 1153 1865 lib.
1170 1844 1198 1876 3.
1220 1833 1383 1875 postremo
1398 1844 1510 1868 monet
1535 1836 1633 1878 Gajus
1647 1839 1666 1869 l.
1689 1850 1738 1879 45.
1753 1839 1794 1870 D.
1813 1842 1846 1871 de
1859 1841 1975 1880 usufru-

1104 1874 1171 1914 δὶα,
1195 1876 1283 1917 quod
1307 1875 1385 1907 ficut
1409 1878 1570 1918 impendia
1588 1880 1779 1912 cibariorum
1796 1881 1826 1913 in
1852 1881 1972 1916 servum

1105 1917 1193 1957 cujus
1210 1916 1403 1949 ususfructus
1418 1921 1456 1950 ad
1475 1920 1611 1960 aliquem
1632 1922 1791 1961 pertinet,
1814 1924 1856 1953 ita
1876 1923 1905 1955 ὅ(
1923 1932 1974 1954 va-

1105 1958 1255 1990 letudinis
1270 1958 1431 2000 impendia
1447 1961 1487 1993 ad
1504 1971 1578 1994 eum
1592 1963 1768 2005 respicere,
1785 1973 1896 1997 natura
1911 1973 1973 1997 nia-

1104 1998 1255 2033 nifestum
1271 1998 1328 2033 est.

866 2102 895 2138 C
921 2115 942 2140 Λ
963 2115 982 2139 P
1008 2114 1031 2140 u
1056 2115 1080 2139 τ
1134 2103 1273 2142 XVII.

886 2183 938 2220 De
955 2183 1127 2232 Usufrzit‘lu
1136 2187 1266 2232 pecoris.

181 2286 366 2361 Tantum
380 2284 419 2316 de
437 2283 598 2318 usufructu
613 2286 703 2318 servi.
725 2286 820 2318 restat
836 2287 1063 2328 pecorisznam

1105 2288 1138 2321 id
1154 2288 1263 2321 facere
1278 2288 1400 2322 bonum
1418 2289 1695 2331 patremfamilias,
1718 2294 1805 2334 cujus
1822 2297 1972 2337 exemplo

266 2328 333 2368 eius
343 2335 475 2373 quoque
486 2327 677 2360 ususfructus
688 2328 923 2368 expositionem
937 2329 1064 2370 promisi
1106 2331 1151 2362 uti
1168 2330 1374 2363 sruCtuarium
1393 2340 1525 2372 oportet
1542 2332 1570 2374 §.
1581 2338 1632 2373 38.
1650 2331 1723 2375 inst.
1740 2338 1773 2365 de
1790 2346 1885 2369 rerum
1898 2339 1970 2369 divi-

182 2367 214 2400 in
241 2367 305 2399 fine
330 2368 444 2409 capitis
474 2378 523 2400 ιν.
550 2371 593 2401 ait
615 2377 720 2401 autem
738 2369 875 2401 isidorus
899 2371 948 2402 lib.
966 2380 1061 2403 xvxi.

185 2409 305 2451 Origin.
324 2420 348 2440 c.
359 2413 389 2440 6.
402 2414 475 2451 pag.
488 2419 576 2449 1242.
595 2410 718 2442 Fructus
727 2413 842 2452 proprie
857 2413 914 2442 dici
928 2421 1064 2453 agrorum

184 2451 222 2485 ὅ*
237 2453 369 2482 arborum
388 2453 492 2491 quibus
509 2454 610 2493 utique
629 2454 752 2484 utimur.
776 2454 808 2483 in
822 2454 996 2484 animalibus
1013 2464 1061 2485 ve-

180 2501 214 2523 ro
228 2490 346 2530 abufive
364 2491 402 2527 δέ’
419 2493 592 2524 translative
605 2495 705 2525 vocari
713 2493 846 2534 frti-Eius.
878 2494 950 2526 Esse
967 2496 1062 2535 igitur

183 2531 307 2565 Isidoro
325 2534 456 2564 videtur
474 2535 601 2575 pecoris
617 2535 757 2567 fruetus:
788 2537 818 2567 in
838 2546 878 2567 eo
905 2546 944 2567 ue
962 2536 1059 2569 assen-

182 2574 320 2605 tientem
345 2573 400 2605 sibi
421 2574 518 2607 habet
534 2576 713 2608 Varronem
730 2576 779 2607 De
793 2587 823 2607 re
838 2545 963 2619 rustica,
986 2586 1059 2609 toto

181 2615 267 2647 libro
284 2613 435 2647 secundo.
459 2617 528 2649 talis
544 2616 665 2650 fruetus
683 2617 748 2656 est,
765 2619 854 2650 verbi
865 2620 983 2661 gratia,
1000 2619 1059 2652 foe-

181 2664 252 2694 tus,
277 2664 431 2696 praetcrea
457 2657 522 2696 lac,
546 2659 627 2698 pilus
652 2659 682 2690 ὅ(
700 2659 779 2690 lana.
809 2660 893 2692 clai-e
921 2660 1059 2701 Impera-

182 2704 236 2729 tor
260 2696 289 2738 §.
307 2706 357 2736 37.
384 2695 458 2737 Infl.
478 2700 511 2729 de
526 2709 621 2731 rerum
636 2699 789 2739 divifiorze,
813 2700 901 2733 forte
918 2711 958 2733 ex
976 2701 1058 2743 Gajo

181 2738 202 2771 1.
220 2742 269 2773 28.
289 2737 331 2768 D.
350 2739 383 2768 de
403 2741 518 2779 usuris)
534 2741 570 2772 In
583 2743 877 2782 pecwiumdnquit,
890 2743 994 2781 frusta
1009 2746 1059 2775 eii·

180 2790 230 2812 am
241 2779 337 2818 soetus
353 2776 393 2818 est
404 2801 412 2816 ,
425 2779 499 2816 sicut
516 2781 578 2820 lac,
594 2784 671 2822 pilus
683 2783 721 2818 ὅ)
735 2784 815 2815 lana.
835 2785 951 2826 itaque,
969 2786 1057 2827 agni,

180 2822 272 2859 haedi,
297 2819 334 2855 ὅ)
350 2820 460 2856 vituli,
485 2820 522 2855 δὲ)
541 2825 658 2863 equali,
681 2824 719 2859 ὅ)
734 2825 837 2865 saculi
848 2824 954 2867 fizitim
971 2833 1056 2857 natu-

180 2863 240 2895 rali
249 2862 318 2904 jure
335 2862 454 2892 dominii
464 2862 721 2904 frustziarz'isunt.
746 2866 843 2902 idque
863 2869 893 2899 &
909 2867 1058 2900 Sabinum

181 2902 359 2936 &Caffium
374 2903 415 2934 de
431 2901 515 2933 foetu
526 2903 588 2934 effe
603 2907 768 2946 opinatos,
785 2907 941 2949 Ulpianus
957 2910 1058 2941 refert

180 2946 201 2977 l.
220 2949 270 2980 68.
296 2943 326 2985 §.
344 2953 371 2976 1.
391 2943 433 2976 D.
445 2945 478 2975 de
502 2944 672 2984 usufruftu.
706 2957 768 2979 nec
792 2951 875 2982 male
898 2950 938 2983 de
958 2953 1057 2983 ariete

178 2986 335 3019 Manilius
351 2985 400 3018 lib.
417 2994 447 3025 4.
465 2982 656 3027 Astronomic.
674 2997 749 3019 vers.
772 2995 840 3025 128.

218 3027 258 3061 In
280 3027 468 3069 ‘ugulumque
483 3028 562 3058 dabit
569 3026 713 3067 frustm,
739 3029 774 3063 ἐξ
793 3032 869 3062 mille
882 3039 934 3074 per
948 3039 1034 3065 artes.

223 3038 340 3101 Vellem
357 3069 483 3108 diversos»
495 3069 574 3109 exse
583 3071 731 3115 parientia
747 3070 879 3111 quastus.

181 3111 225 3142 At
240 3110 319 3142 ficut
337 3110 407 3141 haec
417 3110 540 3150 aliaque
557 3118 683 3149 pecoris
693 3115 862 3144 commoda
873 3116 1055 3156 perceptio·

180 3159 223 3183 ne
238 3151 400 3183 fructuarii
418 3151 494 3192 iuris
505 3150 605 3182 fiunt:
621 3152 663 3181 ita
674 3160 797 3192 aequum
816 3153 960 3191 est‚eum
978 3166 1055 3189 con.

178 3193 367 3226 venientem
390 3193 504 3234 pecori
532 3192 685 3226 adhibere
707 3193 862 3227 culturam
887 3196 917 3227 δι
934 3205 1052 3231 curam.

1098 2371 1197 2411 fione,
1222 2382 1286 2404 non
1304 2374 1407 2404 minus
1425 2383 1472 2404 res
1488 2375 1643 2414 postulat,
1656 2385 1750 2416 quam
1765 2375 1896 2410 suadent
1911 2381 1973 2420 ple·

1105 2414 1196 2454 rique
1213 2414 1258 2445 rei
1274 2414 1395 2446 rusticae
1411 2413 1590 2455 scriptores.
1622 2415 1740 2457 Neque
1758 2429 1836 2451 vero
1854 2421 1972 2460 refert,

1104 2463 1209 2487 utrum
1233 2454 1268 2486 fic
1291 2457 1383 2487 unius
1405 2455 1597 2488 ususfructus
1616 2460 1749 2499 capitis,
1773 2470 1810 2491 an
1828 2462 1971 2501 plurium.

1105 2506 1176 2528 nam
1202 2495 1223 2528 fi
1247 2497 1338 2529 unius
1363 2496 1399 2528 fit
1422 2498 1536 2538 capitis
1560 2497 1771 2534 ususfrutius:
1795 2503 1891 2534 debet
1907 2502 1970 2534 fru-

1105 2538 1240 2569 &uarius
1255 2539 1309 2575 id,
1331 2539 1482 2578 quamdiu
1505 2539 1603 2578 vivit,
1628 2542 1738 2573 colere
1759 2543 1835 2575 boni
1851 2545 1909 2575 viri
1923 2553 1968 2575 ar-

1102 2579 1231 2610 bitratu.
1256 2578 1571 2612 mortuum'domino
1595 2591 1740 2622 reparare
1765 2594 1806 2616 ne
1833 2584 1972 2616 substitu-

1101 2621 1191 2652 tione
1203 2620 1332 2662 quidem
1348 2624 1453 2661 agnati
1469 2623 1580 2661 capitis
1596 2624 1701 2663 potest
1718 2635 1770 2657 aut
1781 2627 1877 2658 debet
1888 2637 1895 2658 :
1906 2635 1969 2658 non

1101 2662 1219 2702 magis,
1243 2670 1336 2702 quam
1354 2662 1474 2693 servum
1495 2673 1656 2696 mortuum
1669 2689 1679 2705 ,
1694 2674 1747 2697 aut
1763 2667 1891 2700 domum
1905 2668 1967 2699 coi-

1101 2703 1228 2743 lapsam.
1254 2704 1343 2744 quod
1360 2703 1445 2735 enim
1463 2705 1557 2744 priori
1576 2705 1768 2739 substituitur
1782 2717 1969 2749 caput,non

1101 2744 1146 2776 est
1165 2745 1249 2776 idem
1267 2745 1355 2786 quod
1372 2745 1453 2783 fuit,
1477 2744 1529 2777 sed
1546 2746 1640 2779 aliud.
1671 2757 1733 2780 nec
1747 2749 1793 2781 est
1809 2752 1875 2781 haec
1893 2759 1968 2782 con-

1101 2786 1182 2818 ditio
1208 2786 1272 2817 dati
1299 2785 1512 2819 ususfructus:
1536 2796 1571 2820 ut
1594 2788 1802 2831 fruCtuarius,
1825 2791 1966 2823 extincto

1100 2827 1189 2868 quod
1207 2828 1333 2867 accepit
1350 2829 1473 2868 capite,
1496 2838 1555 2869 pro
1571 2840 1612 2861 eo
1632 2831 1716 2863 aliud
1736 2833 1867 2864 domino
1883 2831 1966 2864 resti-

1100 2876 1184 2901 tuat:
1198 2868 1249 2900 sed
1265 2877 1300 2900 ut
1313 2869 1345 2900 id
1361 2869 1527 2901 constante
1544 2870 1704 2905 usufructu
1715 2882 1965 2913 tueatur‚quan-

1101 2917 1168 2942 tum
1189 2910 1285 2941 licet:
1304 2910 1335 2941 &
1352 2909 1464 2952 finito,
1483 2912 1591 2951 (quod
1604 2912 1640 2945 fit
1657 2915 1722 2955 ejus
1741 2916 1966 2953 interitu)tan-

1100 2959 1168 2983 tum
1186 2952 1274 2992 quod
1292 2951 1449 2992 superest,
1473 2953 1623 2987 restituat.
1648 2954 1717 2994 Sic,
1739 2954 1759 2986 fi
1777 2956 1865 2985 unius
1880 2955 1966 2990 capi-

1102 2993 1142 3026 tis
1163 2992 1198 3024 fit
1217 2991 1421 3025 ususfruetus.
1455 2993 1543 3027 Idem
1560 2995 1624 3034 est,
1647 2996 1668 3027 fi
1684 2995 1890 3040 complurium
1909 2994 1966 3041 sit,

1099 3042 1131 3065 at
1157 3042 1338 3066 certorum:
1364 3044 1435 3067 nam
1462 3036 1491 3067 &
1516 3045 1581 3068 tum
1599 3037 1694 3068 debet
1710 3036 1893 3081 fructuarius
1911 3036 1965 3068 illa

1099 3076 1250 3116 quamdiu
1267 3076 1394 3115 vivent,
1406 3086 1514 3108 curare
1531 3079 1679 3109 arbitratu
1696 3076 1770 3122 boni
1788 3084 1854 3107 viri.
1880 3085 1965 3108 mor-

1099 3118 1162 3149 tuis
1183 3126 1290 3149 autem
1314 3118 1373 3148 alia
1389 3117 1575 3150 substituere
1600 3128 1675 3158 non¹
1690 3125 1814 3156 cogitur
1828 3116 1850 3146 l.
1866 3126 1914 3158 70.
1933 3118 1965 3160 §-

1096 3168 1127 3200 3.
1146 3157 1187 3190 D.
1207 3160 1241 3190 de
1255 3158 1419 3199 usufrutff'tu.
1453 3158 1496 3191 Ut
1519 3162 1601 3191 enim
1620 3158 1656 3191 fii:
1673 3156 1861 3189 ususfructus
1877 3168 1964 3191 com-

1095 3200 1235 3239 plurium
1251 3207 1411 3242 capitum,
1435 3208 1541 3233 tamen
1563 3199 1753 3241 ungulorum
1771 3198 1962 3273 uiusfrucias

1906 3250 1922 3272 e
1951 3264 1963 3273 .
