2036 3495
162 113 231 156 „588

164 200 194 228 6.
213 196 319 227 Divin.
338 191 402 234 insi.
420 203 444 224 c.
462 201 511 224 20.
534 189 641 221 Verba
659 189 824 227 utriusque
839 186 906 217 loci
922 184 1034 232 adscri-

162 239 254 274 bain,
279 235 332 267 etsi
352 234 534 272 complura:
558 232 628 270 quia
643 239 658 260 a
676 229 770 268 stirpe
791 226 1034 273 tollunt-litem,

166 287 184 309 a
207 277 286 309 Viro
310 274 506 314 Ampliffimo
524 278 654 302 motam.
702 269 809 300 Verba
831 276 942 309 prioris
960 268 1035 300 loci.

172 317 254 361 Quid
273 324 331 347 tam
347 316 480 345 horribile
491 336 500 351 ,
517 318 576 343 tam
594 317 717 350 tetrum,
735 320 821 351 quam
837 310 958 340 bominis
977 315 1037 340 tru-

166 358 295 389 cidatio?
317 358 376 386 ideo
393 352 578 395 severiffimis
603 353 711 393 legibus
733 352 798 382 vita
819 348 916 391 nostra
934 351 1036 381 multa-

168 406 237 430 tur.-
259 399 318 427 ideo
345 396 414 427 bella
430 394 600 427 execrabilia
608 396 692 433 sunt.
723 395 844 424 inventa
862 400 957 422 tamen
975 401 1037 422 con-

165 439 282 477 suetudo
293 461 301 476 ,
324 443 464 478 quatenus
488 436 671 467 homicidium
688 433 752 472 fine
769 434 835 464 bello
846 457 855 472 ,
879 443 913 464 ac
921 431 985 470 sinc
1002 433 1038 462 le-

163 481 248 522 gibus
260 480 380 518 faciant
391 502 400 517 ,
416 477 452 513 ἃ
469 478 518 509 hoc
532 482 565 510 ut
576 476 670 515 scelus
682 476 840 506 vindicent.
864 476 938 516 quod
951 474 979 512 si
993 475 1037 504 in-

164 520 259 561 tereffe
284 521 450 558 homicidio,
466 518 585 560 sceleris
612 517 784 555 conscientia
806 514 862 555 eft,
888 515 924 549 &³
946 517 1039 546 eodem

161 562 296 602 facinore
301 561 448 602 speciator
463 557 610 600 obflriifius
627 557 665 598 est
676 582 684 597 ,
708 567 763 599 quo
781 557 817 591 ἐξ
833 555 983 596 allmiffor:
998 566 1038 587 cr-

163 613 200 644 go
211 602 247 637 δ’
255 603 299 634 his
312 603 508 645 gladiatorum
516 600 671 640 sceleribus
688 609 745 629 non
754 600 849 629 minus
865 607 965 628 cruore
977 605 1037 638 per-

159 641 309 685 funditur
324 645 374 685 qui
383 643 513 685 spectat,
535 650 622 683 quam
645 640 691 671 ille
706 641 757 681 qui
770 640 864 678 facit:
886 648 936 670 nec
949 637 1039 680 potest

168 685 219 726 effe
237 686 373 718 immunis
388 696 405 716 a
414 685 562 725 sanguine
574 683 624 723 qui
638 681 731 712 voluit
746 680 859 722 effundi
867 691 876 717 3
891 686 944 711 aut
959 681 1038 711 vide-

168 729 197 758 ri
211 737 268 758 non
284 725 452 767 interfeczffe
466 725 517 766 qui
532 722 708 761 interfectori
724 721 760 757 δ’
772 723 861 761 favet
878 721 914 756 65⁹
926 723 1040 761 preemi-

170 778 220 800 um
233 766 401 808 postulavit.
440 765 483 797 Et
498 764 586 806 post:
612 764 703 795 Vetus
715 770 886 804 prceceptum
901 762 959 804 est,
981 772 1039 794 non

170 811 302 841 occidere.
326 810 400 850 quod
414 806 458 846 fic
482 807 573 847 accipi
589 807 683 843 debet,
707 815 764 836 non
782 811 927 846 tamquam
939 805 1038 847 jubea—

171 860 237 882 mur
253 852 287 881 ab
309 850 456 881 homicidio
472 854 605 886 tantum,
630 848 705 888 quod
723 848 808 877 etiarn
825 847 933 887 legibus
945 847 1040 887 publi·

170 893 211 923 cis
225 892 360 931 jubetur,
383 899 485 922 manus
501 887 658 930 abstinere:
677 889 727 926 sed
748 889 801 919 hac
813 886 936 929 juffione
951 888 1039 918 inter-

165 932 276 974 pofita,
298 942 348 963 nec
363 933 446 963 verbo
465 931 528 962 licet
550 930 708 971 periculum
728 931 823 960 mortis
839 930 966 968 inferre,
991 938 1042 960 nec

171 974 315 1014 infantem
332 983 432 1005 necare
449 979 501 1004 aut
516 978 671 1012 exponere,
687 980 738 1001 nec
754 971 783 1009 se
799 972 889 1010 ipsum
907 972 1041 1001 volunta-

170 1018 214 1047 ria
231 1021 316 1046 morte
332 1017 476 1046 damnare.
503 1013 606 1045 Verba
626 1013 738 1052 prioris
755 1013 816 1042 loci
837 1012 959 1043 cernis:
977 1011 1039 1052 ipsa

170 1058 210 1088 ad
228 1057 469 1088 demonstranda
485 1063 556 1095 quae
573 1053 741 1093 expectas,
754 1053 881 1093 liquida.
905 1052 1044 1093 Sequen-

173 1099 216 1129 tia
234 1098 301 1129 sunt
317 1097 520 1139 posteri-oi·iS‚
546 1097 575 1126 ἂ
591 1095 754 1134 aliquanto
781 1095 934 1135 pleniora.
981 1093 1043 1136 Qui

173 1139 330 1177 hominem,
353 1138 488 1181 quumvis
505 1138 536 1167 ob
551 1137 653 1167 merita
669 1137 857 1173 damnatum,
882 1136 913 1165 in
931 1143 1042 1174 conspe-

176 1180 225 1212 cta
234 1182 289 1220 suo
307 1181 444 1222 jugulari
461 1187 513 1219 pro
529 1178 676 1217 voluptate
693 1184 855 1216 computat,
879 1177 1042 1215 conscienti-

173 1232 220 1254 am
229 1222 316 1261 suam
321 1221 443 1260 polluit,
459 1226 518 1251 tam
526 1219 637 1259 scilicet
648 1242 656 1256 ,
674 1228 760 1259 quam
769 1217 798 1256 fi
814 1218 956 1249 homicidii
970 1218 1045 1259 quod

168 1263 208 1304 fit
222 1262 344 1300 occulte,
357 1261 497 1303 spectator
513 1259 548 1295 &³
561 1260 705 1301 particeps
717 1259 783 1299 fiat.
806 1259 868 1290 Hos
888 1266 983 1290 sanun
1001 1259 1044 1289 lu-

177 1306 226 1335 dos
243 1310 368 1342 vocant,
393 1304 424 1334 in
447 1303 551 1344 quibus
574 1301 716 1332 humanus
734 1299 1041 1342 lizrrguis‘effunditur.

174 1346 254 1377 Adeo
271 1344 350 1386 longe
373 1346 408 1376 ab
431 1344 588 1375 hominibus
604 1339 704 1382 leceffit
727 1342 907 1378 hamanitas,
930 1347 964 1371 ut
980 1350 1045 1371 cum

175 1388 287 1418 animas
307 1388 454 1417 hominum
477 1383 653 1422 interficiant
672 1406 681 1420 ,
710 1384 804 1413 ludere
819 1382 851 1421 se
875 1382 1044 1421 opinentur,

175 1428 346 1459 nocentiores
370 1429 406 1458 iis
430 1426 558 1457 omnibus
583 1433 704 1465 quorum
711 1424 885 1463 sanguinem
899 1423 1045 1462 voluptati

175 1470 288 1501 habent.
312 1468 416 1510 Qraero
434 1475 531 1502 nunc,
554 1474 592 1494 an
605 1463 708 1503 poffint
720 1464 763 1503 pii
780 1463 815 1497 &³
829 1464 864 1505 jn
880 1465 904 1495 ιί
919 1464 1042 1494 homines

176 1509 227 1550 effe
237 1533 245 1548 ,
261 1511 312 1550 qui
328 1507 494 1548 constitutos
506 1507 556 1542 sub
571 1504 632 1535 iau
646 1506 762 1543 mortis,
778 1515 811 1535 ac
824 1506 1043 1541 misericordiam

175 1554 366 1587 deprecantes,
391 1557 447 1578 non
464 1552 579 1577 tantum
599 1547 757 1586 patiuntur
773 1547 861 1576 occidi
872 1569 881 1584 ,
895 1548 948 1585 secl
965 1544 1040 1587 effia-

172 1593 271 1632 gitant
283 1613 291 1628 ‚
308 1590 470 1631 feruntque
484 1589 520 1619 ad
535 1593 652 1618 mortem
669 1587 793 1618 crudelia
801 1586 970 1628 suffragia,
993 1596 1044 1617 nec

176 1632 346 1663 vulneribus
363 1631 491 1670 satiati,
515 1638 564 1659 nec
590 1637 688 1659 cruore
704 1630 839 1658 contenti.
871 1631 942 1670 quin
960 1629 1046 1659 etlam

170 1672 313 1714 percuffos
331 1673 516 1714 jacentesque
532 1671 619 1710 repeti
632 1670 749 1709 jubent,
770 1669 805 1703 ὅ)
822 1671 965 1700 cadavera
981 1669 1044 1700 icti-

174 1717 225 1746 bus
235 1712 361 1754 diffipari
371 1738 379 1751 ‚
397 1723 431 1744 ne
446 1714 510 1754 quis
519 1711 580 1741 illos
585 1709 725 1749 fimulata
739 1716 823 1741 morte
833 1712 959 1741 deludat.
976 1712 1046 1742 iras·

176 1762 287 1788 cuntur
303 1756 390 1786 etiam
402 1753 622 1796 pugnantibus,
645 1750 699 1788 nifi
715 1752 838 1783 celeriter
853 1761 866 1782 e
882 1753 989 1783 duobus
1007 1752 1048 1783 al-

176 1804 219 1830 ter
234 1799 340 1836 occisus
357 1795 395 1837 est
406 1819 414 1834 ,
440 1795 475 1830 ὅ)
490 1800 637 1835 tamquam
651 1794 809 1824 humanum
820 1793 998 1835 sanguinem
1007 1792 1048 1830 fi-

174 1840 272 1878 tium,
295 1839 416 1870 oderunt
432 1845 534 1868 moras.
579 1834 660 1866 Alios
677 1835 734 1865 illis
749 1841 891 1874 compares
907 1836 972 1866 dari
984 1841 1048 1875 pos-

176 1886 246 1913 cunt
262 1881 446 1917 recentiores,
463 1884 496 1909 ut
513 1886 600 1918 quam
613 1877 734 1917 primum
749 1876 839 1907 oculos
846 1878 927 1917 suos·
931 1878 1048 1915 satient.

177 1921 248 1955 Hac
263 1921 465 1962 consuetudine
489 1919 607 1956 imbuti,
630 1918 840 1948 humanitatem
850 1919 1048 1958 perdiderunt.

175 1963 280 2005 Itaque
296 1973 353 1995 non
367 1967 494 2004 parcunt
518 1961 604 1991 etiam
618 1959 834 1996 innocentibus,
849 1960 903 1997 secl
918 1965 1050 1990 exercent

176 2006 208 2036 in
224 2014 336 2043 onmes,
360 2005 433 2046 quod
456 2005 488 2034 in
511 2001 646 2032 malorum
669 2000 860 2031 trucidatione
878 2001 1048 2031 didicerunt.

178 2045 283 2087 Hujus
298 2048 389 2088 igitur
402 2044 510 2086 publici
526 2043 669 2073 homicidii
677 2042 767 2081 socios
784 2040 820 2075 ὅ)
833 2042 986 2082 participes
1001 2041 1051 2081 effe

179 2096 238 2118 non
262 2089 394 2118 convenit
416 2096 459 2117 eos
485 2085 534 2125 qui
551 2081 673 2125 justina
694 2084 775 2113 viam
797 2088 888 2113 tenere
902 2084 1049 2114 nituntur.

178 2128 252 2161 Non
267 2130 341 2158 enim
357 2137 421 2158 cum
439 2127 562 2157 occidere
584 2124 664 2155 Deus
687 2129 787 2161 vetat,
811 2123 981 2154 latrocinari
999 2133 1050 2154 nos

179 2174 294 2201 tantum
308 2169 450 2209 probibet,
468 2168 541 2208 quod
557 2176 591 2196 nc
603 2173 655 2206 per
670 2165 741 2206 leges
750 2166 862 2206 quidem
875 2165 1002 2204 publicas
1016 2164 1049 2194 li—

177 2216 238 2242 cet.-
248 2211 300 2248 secl
315 2219 348 2240 ea
364 2218 473 2250 quoque
488 2216 521 2237 ne
533 2206 629 2245 fiant,
653 2212 763 2244 monet,
786 2216 847 2247 qute
866 2207 944 2246 apud
964 2206 1048 2236 homi-

177 2261 228 2283 ues
237 2258 290 2291 pro
305 2251 394 2281 licitis
410 2251 560 2280 habentur.
591 2250 633 2278 ita
649 2257 738 2288 neque
754 2249 878 2278 militare
887 2245 966 2289 justo
985 2247 1048 2277 lice-

177 2293 236 2330 bit,
260 2292 346 2334 cujus
361 2291 465 2323 militia
480 2288 517 2330 est
536 2290 566 2319 in
581 2290 639 2328 ipsa
660 2287 796 2329 justitia:
818 2298 908 2329 neque
923 2297 989 2319 vero
1006 2298 1049 2319 ac-

177 2334 276 2372 cusare
291 2341 461 2375 quemquam
476 2331 595 2362 crimine
611 2330 748 2370 capitali,
772 2331 840 2371 quia
857 2330 930 2361 nihil
945 2327 1050 2370 distat,

179 2381 316 2407 utrumne
324 2374 426 2414 ferro,
448 2382 488 2404 an
504 2373 586 2403 verbo
601 2372 697 2412 potius
712 2373 838 2409 occidas,
861 2373 995 2412 quoniam
1010 2381 1051 2401 oc-

179 2414 243 2454 czfio
257 2416 318 2456 ipsa
330 2415 505 2456 prohibetur.
532 2413 635 2454 Itaque
651 2414 681 2443 in
700 2413 750 2443 hoc
768 2411 825 2443 Dei
840 2419 976 2453 praecepto
993 2411 1055 2442 nul-

181 2457 240 2488 lam
259 2457 377 2497 prorsus
393 2455 584 2495 exceptionem
601 2453 672 2493 ficri
695 2459 818 2494 oportet,
842 2456 912 2494 quin
935 2455 1056 2484 occidere

180 2498 318 2529 bominem
340 2496 375 2533 lit
399 2500 511 2537 semper
526 2496 627 2535 nefas,
650 2505 733 2536 quem
750 2494 975 2535 DeusJanc'tum
991 2496 1055 2525 ani-

181 2539 238 2571 mal
253 2538 303 2578 effe
319 2539 422 2571 voluit.
461 2538 540 2579 Ergo
556 2547 590 2568 ne
606 2537 678 2567 illud
692 2538 806 2577 quidem
825 2537 936 2567 concedi
951 2536 1057 2577 aliquis

180 2578 318 2619 existimet
335 2602 344 2617 ‚
373 2585 406 2610 ut
428 2586 547 2610 recentes
574 2583 656 2609 natos
679 2578 762 2608 liceat
785 2577 901 2608 oblidere
925 2587 987 2619 quae
1010 2577 1057 2608 vel

181 2621 310 2653 maxima
324 2618 363 2661 est
378 2622 518 2661 impietas.
541 2621 578 2651 ad
596 2620 690 2650 vitam
705 2620 780 2650 enim
798 2619 878 2649 Deus
894 2619 1045 2658 inspirata

182 2663 296 2700 nimos,
319 2670 376 2691 non
391 2664 428 2692 ad
444 2666 570 2693 mortem.
603 2660 713 2692 Wrum
728 2660 868 2698 homines,
883 2670 919 2690 ne
933 2661 1006 2701 quod
1016 2658 1057 2697 fit

173 2703 319 2744 facinus,
344 2711 396 2742 quo
413 2712 515 2733 nianus
530 2703 605 2743 suas
620 2711 677 2733 non
690 2701 843 2742 polluant,
866 2702 988 2732 rudibus
1008 2702 1054 2732 ad·

181 2745 238 2776 huc
247 2741 462 2783 &simplicibus
477 2746 580 2775 animis
596 2745 738 2785 abnegant
748 2743 838 2774 lucem
854 2752 911 2773 non
930 2753 948 2773 a
961 2742 988 2779 fe
1004 2743 1055 2773 da-

182 2791 252 2818 tam.
287 2782 436 2824 Exspecta
449 2793 514 2815 vero
530 2785 653 2826 aliquis,
677 2790 709 2816 ut
727 2784 818 2815 alieno
828 2784 974 2825 sangnini
985 2791 1055 2824 par-

183 2832 271 2865 cant,
295 2827 346 2867 qui
368 2834 425 2856 non
446 2831 572 2865 parcunt
599 2826 655 2857 suo.
679 2826 732 2865 sed
749 2827 777 2856 hi
793 2824 852 2862 line
870 2826 930 2856 ulla
946 2831 1054 2856 contro-

183 2866 277 2907 verfia
288 2866 442 2906 scelerati,
468 2864 504 2899 ὅ)
520 2864 629 2906 injusti.
652 2868 722 2907 quid
737 2866 780 2897 illi
794 2876 862 2908 quos
872 2866 952 2906 falsa
962 2867 1057 2907 pietas

184 2910 261 2952 cogit
270 2906 431 2950 exponere?
449 2906 521 2938 Non
532 2907 645 2946 poffunt
656 2908 817 2939 innocentes
833 2906 992 2947 existimari
1005 2907 1057 2949 qui

183 2953 294 2991 viscera
310 2950 363 2988 sua
379 2950 411 2979 in
424 2948 551 2988 praedam
567 2949 684 2978 canibus
698 2950 836 2989 objiciunt
847 2972 856 2988 ,
867 2949 902 2983 ξύ)
913 2955 1056 2990 quantum

186 2993 220 3024 in
235 2990 300 3032 ipfis
318 2988 375 3032 est,
388 2988 533 3021 crudelius
548 2995 667 3025 necant,
682 2999 769 3029 quam
777 2989 806 3026 fi
813 2988 1055 3031 Jirangulaffent.

185 3033 265 3079 Quis
279 3034 405 3069 dubitet,
429 3031 500 3072 quin
519 3030 623 3070 impius
632 3027 671 3065 fit
686 3031 735 3069 qui
749 3031 847 3061 aliena
862 3033 1058 3072 misericordie

186 3076 279 3107 locum
292 3083 349 3105 non
369 3070 495 3104 tribuit?
506 3072 557 3113 qui
571 3068 680 3106 etiamfi
695 3072 841 3110 contingat
857 3074 898 3110 ei,
914 3075 989 3114 quod
1006 3083 1056 3103 vo-

185 3116 241 3147 luit
252 3141 260 3152 ,
276 3121 309 3146 ut
328 3116 445 3152 alatur,
463 3113 578 3144 addixit
592 3117 663 3142 certe
677 3110 846 3150 sanguinem
855 3114 944 3150 suum
958 3114 1005 3145 vel
1020 3115 1058 3145 ad

175 3158 354 3198 servitutem
366 3156 412 3186 vel
428 3155 467 3186 ad
483 3154 617 3194 lupanar.
644 3151 717 3196 Quae
732 3158 827 3182 autem
836 3152 942 3192 poffint
957 3155 1004 3185 vel
1010 3155 1058 3194 Jo-

185 3199 263 3230 leant
285 3198 409 3230 accidere
431 3197 462 3228 in
484 3194 690 3236 utroquesexu
710 3192 757 3225 vel
768 3198 819 3233 per
835 3201 972 3233 errorem,
995 3197 1058 3235 qais

772 93 1357 148 GexanntNoonr

1076 192 1134 215 non
1149 183 1306 225 intelligit,
1324 183 1388 224 quis
1404 181 1546 223 ignorat?
1568 183 1643 224 quod
1659 183 1705 214 vel
1718 177 1806 217 tinius
1823 186 1943 228 Oedipo-

1077 226 1121 256 dis
1137 225 1260 256 declarat
1277 224 1454 264 exemplum,
1471 224 1578 264 duplici
1580 223 1685 263 scelere
1693 226 1798 266 consus
1797 237 1854 260 um.
1875 229 1946 260 Tam

1078 267 1168 307 igitur
1183 266 1331 305 nefarium
1347 263 1386 306 est
1402 271 1539 305 exponere
1550 288 1558 303 ,
1580 274 1666 305 quam
1682 275 1790 298 necare.
1815 268 1945 301 Lactan-

1081 310 1141 338 tius
1156 307 1239 338 inter
1253 316 1366 338 caetera
1383 315 1453 346 qua:
1470 307 1562 337 nobis
1580 312 1646 337 lunt
1663 307 1693 338 in
1710 308 1900 349 quaestione,
1916 311 1948 342 ii—

1080 357 1120 379 ne
1133 346 1278 386 scrupulo
1289 349 1421 389 probat,
1438 348 1535 379 etiam
1546 346 1702 379 infantum
1716 350 1945 388 expositionem

1082 388 1111 419 &
1130 397 1243 419 necem
1259 390 1341 428 apud
1360 387 1508 424 Gentiles
1524 390 1652 429 quidem
1671 390 1724 420 l'uo
1744 397 1890 431 tempore
1903 395 1948 433 ju-

1081 438 1114 460 re
1132 430 1261 469 publico
1277 429 1367 462 fuisse
1383 429 1576 470 permistam:
1599 440 1630 461 at
1645 441 1661 462 a
1679 430 1861 464 Christianis
1875 442 1950 466 tam·

1082 478 1176 515 quam
1200 471 1327 511 impiam
1349 470 1440 502 fuiffe
1462 472 1658 504 damnatam:
1683 471 1788 512 fimul,
1812 473 1947 507 Minucii

1082 510 1197 542 Felicis
1214 512 1310 542 verba
1320 535 1330 551 ,
1344 513 1437 543 Nobis
1453 513 1636 545 homicidium
1651 523 1702 544 nec
1711 514 1762 551 fas
1770 515 1884 554 videre,
1901 525 1949 548 ricc

1081 552 1201 590 audire,
1219 554 1420 592 aconvicio,
1440 553 1561 586 fallacia
1574 577 1583 592 ,
1600 555 1629 586 δε
1645 557 1826 595 protervia,
1841 557 1872 588 id
1889 557 1951 596 est,

1081 593 1126 666 iibri)
1147 593 1367 633 objurgatione
1390 594 1524 628 Domini
1550 595 1619 628 Van
1640 596 1873 638 Bynkerslioek
1890 599 1950 630 ess‘e

1095 644 1102 665 i
1129 643 1224 666 eram.

1121 675 1237 721 Similis
1260 676 1296 708 fit
1321 676 1436 710 solutio
1459 679 1634 721 aenigmatis
1658 680 1698 712 de
1719 682 1906 722 impunitate
1923 686 1952 717 a⁴j

1082 717 1209 748 dulcem
1221 740 1230 755 ,
1254 726 1270 748 a
1288 717 1435 750 Minucio
1461 720 1570 753 Felice
1587 720 1769 754 Gentilibus
1785 723 1865 754 falso
1880 732 1952 763 pro-

1083 767 1238 798 terveque
1256 759 1352 805 objici
1369 769 1386 791 a
1402 761 1480 793 Viro
1497 762 1694 803 Ampliffimo
1713 765 1845 796 credita.
1868 764 1954 797 Nam

1082 809 1122 846 ne
1132 799 1213 845 lianc
1228 802 1360 846 quidem
1373 801 1718 838 somniavitMinucius.
1735 815 1866 845 contra,
1883 815 1956 837 cum

1084 842 1162 873 dixit
1181 841 1308 880 objecto
1323 842 1398 874 loco
1412 867 1421 882 ,
1444 844 1488 874 At
1504 853 1556 875 nos
1570 845 1710 877 Pudorem
1725 857 1782 878 non
1785 848 1885 887 facie,
1900 848 1955 887 stul

1082 887 1174 913 mente
1185 881 1373 923 prestamus,
1396 887 1488 915 unius
1503 887 1678 918 matrimonii
1692 890 1808 919 vinculo
1824 890 1954 920 lubenter

1083 924 1270 960 inboerente53
1291 925 1388 956 solum
1405 926 1527 965 voluit,
1546 927 1632 968 Lege
1646 928 1724 967 Julia
1737 930 1777 961 de
1792 931 1956 962 adulteriis

1085 965 1114 996 ὅ(
1129 964 1239 1010 stupris
1254 967 1442 999 coercendis
1455 968 1493 999 ad
1509 970 1672 1009 complura
1690 972 1853 1003 conniveri
1869 972 1955 1003 adul-

1087 1007 1156 1036 terii
1174 1006 1309 1053 &stupri
1324 1017 1460 1048 genera:
1477 1018 1494 1040 a
1511 1010 1624 1050 quibus
1637 1034 1646 1049 ,
1663 1011 1718 1043 etsi
1736 1013 1829 1044 licitis
1841 1022 1878 1044 ea
1894 1012 1955 1043 Le-

1086 1057 1148 1088 ge,
1164 1047 1337 1094 Christiana
1351 1049 1511 1091 disciplina
1528 1050 1597 1083 suos
1612 1052 1780 1092 abstrahit,
1796 1062 1956 1094 tamquam

1086 1099 1102 1119 a
1120 1096 1243 1135 vetitis:
1260 1098 1331 1122 nain
1343 1091 1472 1131 jubere,
1490 1094 1558 1123 iuos
1575 1094 1665 1126 unius
1682 1095 1874 1127 matrimonii
1890 1096 1958 1127 vin-

1087 1131 1161 1162 culo
1184 1133 1239 1176 (id
1253 1131 1315 1170 est,
1340 1141 1399 1163 una
1425 1142 1542 1166 uxore:
1566 1136 1781 1166 matrimonium
1797 1136 1879 1167 enim
1897 1145 1955 1176 pro

1087 1181 1189 1202 uxore
1209 1174 1306 1211 dicit3
1331 1182 1364 1205 ut
1392 1172 1474 1214 saepe
1503 1175 1658 1217 Veteres)
1681 1176 1743 1208 esse
1765 1185 1957 1209 contentos:

1088 1222 1147 1257 nec
1164 1213 1248 1253 sequi
1263 1215 1355 1251 alias,
1374 1224 1438 1247 non
1460 1216 1563 1248 dicam
1584 1226 1742 1250 matronas
1753 1227 1806 1250 aut
1823 1219 1959 1260 virgines

1088 1256 1236 1285 viduasve
1263 1255 1408 1287 honestas
1425 1266 1442 1287 a
1458 1257 1570 1296 quibus
1589 1258 1752 1298 abstineri,
1777 1261 1870 1292 etiam
1890 1260 1961 1293 Lex

1085 1294 1164 1340 julia
1188 1296 1339 1337 imperat:
1364 1296 1415 1329 sed
1440 1307 1501 1329 nec
1519 1299 1647 1331 ancillas
1670 1300 1787 1332 aliasve
1809 1302 1958 1333 mulieres
1999 1318 2001 1321 .

1088 1337 1219 1375 liberas,
1245 1339 1322 1369 viles
1338 1362 1347 1377 ‚
1372 1339 1516 1380 vulgares
1543 1343 1725 1374 meretrices
1747 1351 1820 1374 cum
1844 1343 1960 1383 quibus
1996 1370 2000 1374 ,

1088 1377 1156 1408 Lex
1177 1378 1257 1417 ,iulia
1281 1381 1469 1412 adulterium
1496 1380 1677 1421 stuprumve
1704 1384 1827 1419 admitti
1853 1393 1960 1424 neque
1992 1397 2023 1422 ‚a

1087 1426 1196 1457 vetat,-
1218 1429 1322 1460 neque
1339 1421 1501 1453 admissum
1523 1432 1581 1463 pro
1603 1423 1761 1464 adulterio
1778 1433 1829 1456 aut
1852 1425 1961 1464 stupro
2015 1429 2018 1431 ’

1086 1460 1187 1499 punit.
1211 1470 1298 1492 certa
1314 1462 1381 1493 haec
1396 1472 1436 1494 ex
1450 1464 1469 1495 Ι.
1489 1472 1536 1496 22.
1555 1465 1574 1495 l.
1592 1474 1639 1504 25.
1657 1465 1677 1497 l.
1697 1475 1744 1502 29-
1763 1466 1794 1498 C.
1821 1467 1870 1497 Ad
1885 1467 1958 1506 Leg.

1086 1500 1152 1540 Jul.
1171 1503 1204 1531 de
1218 1503 1310 1534 adult.
1334 1513 1395 1535 nec
1412 1505 1576 1546 incognita
1590 1505 1711 1539 Ovidio
1727 1507 1773 1539 lib.
1793 1516 1820 1540 1.
1838 1507 1885 1538 De
1899 1515 1960 1539 arte

1086 1544 1204 1573 amandi
1218 1545 1291 1584 vers
1310 1554 1358 1584 31.
1379 1545 1505 1587 &seqq
1538 1545 1654 1579 Verba.

1130 1581 1198 1624 Este
1213 1586 1310 1625 procul
1324 1588 1404 1617 vittae
1421 1593 1534 1626 tenues,
1559 1587 1670 1630 infigne
1683 1590 1820 1630 pudoris,

1174 1625 1301 1668 Quaeque
1316 1630 1387 1669 tegis
1403 1629 1525 1668 medios,
1549 1628 1648 1668 instita
1664 1630 1767 1672 longa,
1786 1632 1880 1672 pedes.

1133 1666 1198 1699 Nos
1215 1667 1354 1700 Venerem
1370 1676 1465 1700 tutam
1480 1670 1659 1713 conceffaque
1673 1672 1759 1710 furta
1776 1682 1918 1703 canemus.
1935 1689 1941 1692 -

1091 1707 1201 1740 Tenes
1225 1708 1266 1740 fic
1292 1710 1453 1743 laxitatem
1474 1712 1609 1750 publica:
1626 1711 1804 1745 Gentilium
1827 1713 1959 1754 discipli-

1091 1760 1150 1781 nae.
1176 1751 1287 1790 quaeris
1303 1753 1439 1792 rigorem
1456 1752 1658 1792 Christianae,
1675 1755 1714 1785 ab
1732 1755 1784 1786 illa
1793 1755 1962 1786 abhorren-

1093 1793 1133 1823 tis
1150 1801 1190 1823 ex
1208 1791 1360 1824 sententia
1381 1794 1515 1826 Minucii
1533 1794 1655 1827 Felicis.
1688 1796 1809 1836 Accipe
1826 1797 1865 1827 ab
1885 1796 1960 1828 Hie-

1093 1843 1242 1874 ronymo.
1268 1836 1292 1865 is
1307 1833 1436 1874 Epistola
1453 1837 1490 1867 ad
1502 1836 1652 1868 Oceanum
1664 1843 1731 1879 pag.
1745 1847 1815 1870 200.
1826 1839 1893 1869 edit.
1906 1837 1960 1868 Ba-

1086 1873 1134 1913 fil.
1160 1877 1232 1906 anni
1257 1885 1344 1916 1524.
1371 1884 1436 1908 rom.
1465 1886 1489 1908 1.
1514 1877 1555 1909 fic
1572 1877 1693 1909 scribit:
1718 1878 1872 1920 Aliaesurzt
1890 1878 1962 1920 leges

1094 1917 1237 1956 Ccefiirum
1254 1941 1263 1955 ‚
1296 1919 1356 1948 alite
1385 1916 1500 1959 Christi.
1532 1919 1613 1950 aliud
1638 1919 1822 1960 Papinianus
1836 1943 1845 1958 ,
1878 1920 1961 1950 alincl

1092 1958 1205 1989 Paulus
1229 1956 1321 1999 noster
1335 1961 1475 2000 praecipit.
1512 1962 1587 2000 apud
1610 1960 1671 1990 illos
1688 1961 1762 1991 viris
1779 1962 1962 2001 impudicitia

1085 2000 1177 2039 frena
1192 2000 1335 2031 laxantur
1345 2024 1352 2037 ‚
1370 1998 1578 2040 &solostupro
1593 2009 1679 2042 atque
1689 2001 1826 2031 adulterio
1842 2003 1962 2033 (Iamna-

1094 2047 1120 2070 ιο
1131 2064 1139 2077 ,
1158 2040 1258 2080 paffim
1280 2049 1330 2079 per
1353 2041 1507 2081 lupanaria
1524 2040 1560 2076 ἐξ
1577 2042 1730 2072 ancillulas
1747 2043 1831 2073 libido
1845 2044 1962 2081 permit-

1093 2083 1182 2117 titur3
1205 2082 1286 2122 quafi
1309 2082 1421 2122 culpam
1446 2084 1573 2124 dignitas
1590 2083 1706 2123 faciat,
1731 2093 1788 2114 non
1808 2084 1963 2114 voluntas:

1092 2124 1169 2162 apud
1183 2132 1232 2153 nos
1250 2125 1323 2164 quod
1339 2133 1395 2153 non
1412 2123 1474 2153 licet
1482 2124 1622 2163 feminis,
1638 2134 1713 2165 aeque
1721 2134 1777 2155 non
1792 2125 1856 2155 licet
1869 2125 1962 2160 viris,-

1093 2164 1129 2198 &
1146 2167 1238 2194 eadem
1244 2165 1377 2204 servitus
1389 2166 1457 2204 pari
1471 2165 1628 2196 conditione
1642 2166 1778 2206 censetur.
1817 2165 1869 2196 Sic
1883 2164 1960 2197 Hie-

1092 2214 1255 2246 ronymus.
1288 2215 1347 2236 nec
1363 2206 1464 2236 minus
1486 2205 1666 2237 Lactantius
1682 2208 1729 2237 lib.
1746 2210 1776 2238 6.
1793 2206 1901 2238 Divin.
1919 2208 1963 2237 in-

1085 2245 1150 2287 stit.
1169 2258 1191 2276 c.
1210 2256 1258 2288 23.
1276 2246 1305 2277 ἃ
1322 2249 1352 2277 in
1377 2246 1505 2287 Epitome
1528 2256 1552 2277 c.
1577 2251 1606 2278 6.
1627 2247 1679 2278 sed
1697 2248 1787 2279 Iocus
1804 2249 1891 2289 prior
1904 2246 1963 2278 suf-

1094 2286 1192 2320 ficiet.
1216 2289 1240 2318 is
1258 2286 1299 2319 fic
1315 2288 1420 2319 habet.
1448 2288 1590 2319 Nondum
1604 2289 1700 2320 omnia
1717 2287 1857 2330 castitatis
1870 2287 1962 2329 officia

1094 2335 1229 2360 executus
1247 2331 1333 2369 sum.
1358 2339 1444 2370 quam
1465 2339 1524 2359 non
1544 2331 1621 2360 modo
1644 2329 1727 2361 Deus
1742 2332 1820 2362 intra
1831 2331 1964 2371 privatos

1091 2371 1234 2411 parietes.
1251 2371 1297 2405 fed
1311 2372 1396 2408 etiam
1409 2371 1569 2411 praescripto
1578 2369 1676 2402 lectuli
1685 2373 1836 2407 terminat,·
1851 2376 1883 2401 ut
1897 2380 1962 2401 cum

1098 2414 1163 2453 quis
1183 2413 1283 2443 babeat
1307 2421 1443 2450 uxorem,
1466 2421 1556 2453 neque
1572 2413 1690 2452 servam
1706 2436 1715 2451 ,
1737 2421 1823 2454 neque
1846 2411 1962 2443 liberam

1099 2455 1198 2484 habere
1219 2453 1332 2493 iusuper
1357 2453 1427 2484 velit
1443 2476 1452 2491 ,
1476 2453 1530 2489 sed
1552 2454 1732 2485 matrimonio
1750 2453 1837 2494 fidem
1852 2453 1960 2493 servet.

1099 2494 1171 2526 Non
1187 2495 1262 2525 enim
1275 2493 1347 2527 ficut
1359 2495 1436 2535 juris
1451 2494 1558 2535 publici
1576 2495 1649 2525 ratio
1665 2493 1720 2534 est,
1735 2495 1797 2536 sola
1813 2494 1913 2526 mulier
1934 2504 1964 2524 a-

1099 2535 1212 2566 dultera
1230 2533 1268 2576 est
1280 2558 1287 2571 ,
1310 2545 1371 2576 quce
1386 2536 1466 2566 habet
1484 2535 1591 2567 alimus
1614 2538 1736 2568 maritus
1750 2541 1861 2574 autem,
1878 2536 1963 2566 etiam

1097 2576 1122 2614 fi
1142 2577 1238 2617 plures
1253 2575 1359 2607 'haheat
1370 2600 1379 2615 ,
1402 2587 1420 2608 a
1436 2577 1554 2607 crimine
1568 2578 1705 2608 adulterii
1712 2577 1825 2618 solutus
1841 2574 1897 2617 est.-
1911 2577 1963 2616 sed

1100 2620 1202 2649 divina
1218 2617 1263 2648 lex
1277 2619 1319 2648 iza
1335 2619 1406 2648 duos
1425 2619 1456 2648 in
1472 2619 1702 2657 matrimonium,
1719 2619 1793 2660 quod
1810 2616 1847 2659 eft
1863 2619 1893 2649 in
1908 2626 1964 2648 cor-

1094 2667 1151 2700 pus
1168 2668 1278 2697 unum,
1290 2661 1358 2699 pari
1367 2660 1437 2701 jure
1454 2659 1622 2701 conjungit,
1638 2666 1672 2691 ut
1686 2660 1797 2691 adulter
1810 2661 1962 2696 habeatur,

1100 2701 1230 2742 quisquis
1258 2707 1416 2742 compagem
1449 2703 1570 2741 corporis
1598 2704 1628 2732 in
1653 2702 1764 2741 diversa
1790 2698 1962 2741 distraxerit.

1100 2742 1163 2773 Sed
1182 2742 1257 2781 quid
1278 2751 1338 2782 ego
1362 2751 1403 2773 ex
1422 2741 1588 2773 Lactantio
1608 2742 1637 2774 δι
1656 2742 1855 2784 Hieronymo
1871 2740 1966 2772 sector

1102 2783 1236 2814 Minucii
1264 2782 1378 2814 Felicis
1403 2781 1548 2815 sensum?
1571 2792 1642 2816 cuin
1669 2784 1699 2815 in
1724 2783 1848 2815 octavio
1871 2792 1894 2813 c.
1934 2791 1965 2820 5.

1100 2824 1169 2855 haec
1187 2825 1380 2864 comperiam
1406 2825 1471 2865 ejus
1489 2825 1601 2856 vei-ba':
1625 2825 1658 2856 Si
1673 2826 1815 2856 ‘trobiscum
1831 2823 1899 2855 Chri
1924 2822 1968 2853 ia-

1100 2867 1133 2896 ni
1149 2872 1359 2906 comparemur,
1383 2867 1519 2907 quamvis
1540 2867 1571 2897 in
1594 2866 1738 2897 nonnullis
1754 2865 1902 2906 disciplina
1916 2872 1966 2894 no-

1093 2905 1159 2947 stra
1182 2909 1274 2937 minor
1291 2904 1348 2948 est,
1372 2907 1461 2938 multo
1481 2913 1576 2938 tamen
1593 2908 1672 2938 vobis
1687 2906 1811 2938 meliores
1824 2904 1968 2944 deprehen·

1101 2950 1208 2979 demur.
1244 2948 1302 2979 Vos
1319 2950 1394 2980 enim
1411 2948 1553 2980 adulteria
1564 2949 1720 2989 prohibetis
1737 2946 1901 2990 &faci'tisf
1916 2953 1967 2975 nos

1100 2989 1236 3021 uxoribus
1250 2995 1364 3021 tanturm
1378 2991 1438 3021 viri
1452 2991 1609 3029 nascimur.
1631 2987 1741 3020 Sensus
1755 2987 1890 3031 Minucii
1905 2984 1962 3016 Fe-

1091 3032 1187 3063 licis:
1206 3031 1348 3063 Licetex
1359 3030 1541 3063 Christianis
1557 3030 1743 3067 nonnullos,
1760 3027 1821 3058 five
1831 3026 1968 3073 aliquot,

1101 3082 1166 3104 nou
1186 3074 1339 3110 omnino,
1356 3081 1390 3103 nt
1408 3079 1559 3113 oportet,
1577 3072 1607 3103 in
1624 3069 1731 3101 officio
1749 3073 1855 3113 peneat
1873 3066 1966 3113 Chri-

1101 3114 1197 3145 stiana
1226 3114 1408 3155 disciplina3
1431 3122 1536 3154 eoque
1560 3111 1645 3143 forte
1669 3110 1699 3140 in
1724 3108 1772 3139 his
1789 3107 1824 3139 fit
1843 3117 1965 3148 minor,

1102 3154 1167 3186 sivo
1184 3156 1278 3196 poffit
1294 3156 1396 3187 miuus
1413 3154 1528 3186 efficax
1543 3152 1657 3183 videri:
1671 3149 1892 3195 multatamen
1911 3157 1969 3179 vo-

1102 3197 1224 3229 biscum
1251 3196 1446 3237 comparati,
1464 3204 1491 3236 ‚0
1517 3192 1681 3230 Gentiles,
1706 3190 1799 3224 vobis
1815 3213 1826 3230 ,
1853 3191 1885 3223 id
1906 3188 1969 3262 fist,

1868 3239 1906 3263 ve
1937 3239 1966 3261 ra
