2036 3495
413 130 479 177 An
506 139 596 175 hta.
623 139 649 174 Ι.
684 135 784 174 Τῐτ.
812 136 911 174 XVI.
947 137 998 174 Do
1017 135 1130 184 Officio
1150 135 1341 184 Proconsulis
1357 133 1398 177 &²
1414 135 1539 183 Legati.

710 228 1066 264 Τιτυιυε

1126 227 1238 263 XVI.

673 291 724 341 De
743 303 856 351 Officio
875 292 1066 352 Proconsulls
1087 302 1127 343 &³
1147 296 1275 351 Legati.

146 396 380 440 Magistratibus
405 396 543 429 Urbanis
563 395 686 428 transeo
712 396 750 428 ad
769 393 949 426 Provincia·

159 441 215 472 les.
248 443 278 473 in
305 441 418 481 quibus
442 439 561 480 primus
588 438 729 469 occurrit
754 435 949 473 proconsul,

79 482 281 523 Magistratus
306 482 403 521 maior
419 503 428 519 ‚
458 480 541 511 idem
568 479 752 511 senatorius
768 502 777 516 ‚
803 479 833 509 <St
858 477 950 508 initio

80 533 202 557 tantum
228 523 417 555 Consularis.
449 530 520 552 nam
545 520 699 552 Consules
717 544 725 559 ,
749 519 841 551 finito
866 528 950 550 anno

79 564 288 603 Consulatus,
310 564 340 595 in
359 563 561 595 Provinciam
578 563 789 594 mittebantur
806 569 878 591 cum
895 561 951 591 im-

78 609 170 649 perio
188 605 359 637 consulari:
383 602 438 635 etsi
456 603 507 634 usu
524 604 712 642 invaluerit;
728 602 835 643 (quod
855 610 951 633 anno·

79 649 157 680 tavit
183 645 358 684 Reindius,
381 646 419 677 ad
444 644 663 686 Inscriptionem
683 649 733 676 26.
760 643 845 684 Cloff.
869 652 896 674 2.
919 648 952 683 p.

78 699 158 730 270,
179 688 211 719 ἃ
228 687 389 719 Salmasius
404 687 443 718 ad
461 686 657 727 Vopiscum,
678 686 769 717 Probo
786 696 811 716 c.
835 683 901 725 13.)
919 690 953 714 ut

79 730 172 762 etiam
200 730 249 761 alii
273 738 344 760 cum
373 738 409 759 ea
433 728 593 768 potestate
615 727 693 759 miffi
711 750 720 767 ‚
745 724 952 758 Proconsules

77 774 284 809 dicerentur,
317 770 461 811 quamvis
486 769 642 801 Consules
667 778 732 800 non
758 766 895 799 fuissent.
920 765 952 797 in

75 814 184 855 primis
208 812 260 850 id,
284 811 305 843 fi
329 813 471 843 audimus
497 809 640 842 Dionem
665 811 714 842 lib.
730 819 789 850 53,
812 807 952 839 obtinuit

76 854 146 896 post
163 853 350 886 divisionem
363 853 601 885 Provinciarum
618 852 657 883 ab
669 850 808 892 Augusto
823 848 949 880 factam.

24 910 26 913 ·
77 895 278 937 Obtingebat
296 903 395 934 porro
413 892 462 925 sua
482 894 599 934 cuique
614 893 783 925 Provincia
800 890 897 921 sorte:
917 896 952 919 ut

76 946 189 970 notum
201 960 209 975 ‚
224 938 253 968 ὅ(
271 936 415 968 meminit
431 935 544 967 Paulus
561 935 580 965 l.
602 938 650 975 536.
665 934 692 975 §.
712 943 736 964 1.
756 932 794 963 D.
810 933 842 962 de
858 932 951 971 adopt.

78 979 214 1020 Infignia
231 977 470 1009 proconsularia
489 976 539 1006 ses
557 976 657 1007 fasces
674 974 764 1006 fuisse
776 997 785 1012 ‚
802 973 951 1013 Ulpianus

79 1023 123 1052 ait
138 1022 159 1052 l.
179 1029 224 1059 14.
241 1020 268 1050 b.
287 1025 307 1050 t.
331 1019 419 1050 Dion
438 1027 516 1050 vero
533 1019 559 1048 cI.
576 1017 625 1048 loc.
642 1024 691 1048 tot
703 1014 952 1059 habuilse‚quot

79 1063 111 1094 in
126 1061 213 1093 Urbe
232 1060 350 1092 habere
369 1062 412 1091 eis
429 1068 484 1099 per
504 1059 590 1100 leges
609 1059 731 1090 liceret.
762 1058 903 1095 Uterque
921 1063 950 1085 in

79 1113 121 1134 eo
142 1101 322 1140 consentit,
339 1100 564 1132 proconsulem
576 1100 644 1131 haec
659 1097 814 1138 accepiss'e
830 1096 929 1128 statim
942 1119 950 1133 ‚

79 1153 178 1184 atque
194 1145 305 1175 urbem
324 1142 547 1183 egrederetur,
564 1151 624 1173 nec
643 1137 948 1185 minus-jurisdictio-

80 1195 173 1224 nem,
197 1185 334 1216 maxime
361 1183 579 1215 voluntariam.
611 1179 842 1212 contentiosam
867 1187 951 1209 enim

81 1227 256 1258 exercebat
271 1226 397 1257 demum
408 1247 417 1263 ‚
440 1223 606 1264 postquam
622 1230 754 1253 venerat
771 1222 800 1252 in
821 1220 951 1265 Provin-

80 1269 161 1300 ciam
178 1268 196 1298 l.
216 1276 241 1299 1.
257 1266 292 1301 &⁹
307 1276 334 1297 2.
351 1266 377 1296 h.
395 1271 415 1296 c.
440 1264 599 1295 Caeterum
620 1272 689 1303 quae
706 1269 773 1293 erat
789 1261 952 1301 ejusjuris·

81 1310 197 1345 dictio.
215 1308 283 1339 haec
302 1307 417 1338 dicitur
431 1306 605 1345 jurisdictio
623 1304 812 1344 pleniffima:
830 1302 883 1333 sub
901 1311 948 1333 ea-

83 1359 148 1391 que
172 1348 386 1389 appellatione
410 1353 514 1387 partes
536 1347 677 1378 omnium
699 1345 752 1384 qui
769 1343 878 1375 Romae
898 1343 949 1374 vel

78 1390 161 1431 quasi
183 1388 400 1429 Magistratus,
417 1388 467 1419 vel
485 1395 575 1419 extra
591 1387 735 1418 ordinem
749 1385 797 1425 jus
815 1386 927 1417 dicunt
941 1408 950 1424 ,

77 1433 117 1463 ad
133 1430 230 1472 ipsum
244 1430 404 1471 pertinere
418 1429 473 1470 ¹⁴7·
488 1429 516 1471 §.
525 1428 578 1460 ult.
593 1429 620 1460 h.
637 1433 657 1459 t.
675 1428 704 1459 δι
723 1428 781 1461 la.
803 1427 947 1465 additur,

76 1472 326 1510 Proconsulem,
351 1471 425 1502 ideo
455 1471 552 1511 maJ'us
571 1470 738 1511 imperium
762 1469 793 1500 in
812 1477 848 1499 ea
874 1467 948 1499 Pro—

77 1515 183 1546 vincia
197 1513 316 1544 habere
332 1512 479 1544 omnibus
492 1511 561 1552 post
577 1511 774 1550 Principem:
789 1519 849 1541 nec
860 1509 949 1550 quidss

79 1565 175 1596 quam
193 1554 256 1586 effe
272 1555 303 1585 in
322 1553 488 1585 Provincia
508 1553 595 1593 quod
620 1562 686 1584 non
702 1561 759 1593 per
782 1550 880 1591 ipsum
900 1560 951 1582 ex-

81 1597 238 1638 pediatur.
271 1594 341 1627 sane
361 1594 382 1626 fi
398 1594 509 1634 fiscalis
526 1594 704 1635 pecuniaria
721 1592 810 1624 causa
829 1591 862 1624 sit
879 1601 948 1631 quae

81 1638 119 1668 ad
143 1638 384 1669 Procuratorem
396 1636 548 1676 Principis
564 1634 710 1674 respicit,
727 1634 838 1666 melius
849 1633 949 1665 factu·

82 1683 150 1710 rum
163 1700 171 1715 ,
196 1677 216 1709 si
234 1678 386 1708 abstineat
402 1677 419 1707 l.
438 1685 465 1712 9.
480 1677 506 1707 h.
530 1682 551 1709 t.
574 1677 661 1716 quod
679 1676 754 1716 quid
773 1675 828 1714 sit,
849 1684 947 1715 expo-

83 1729 154 1752 nam
174 1719 254 1750 infra
272 1719 325 1750 sub
343 1717 400 1749 Tit.
413 1717 460 1748 De
475 1716 546 1758 offic.
567 1718 688 1749 Procur.
707 1717 837 1756 Caesaris.

127 1760 309 1792 Proconsuli
333 1759 508 1791 addebatur
526 1758 662 1800 Legatus
679 1768 694 1789 a
711 1758 847 1797 Senatu,
871 1757 951 1798 saepe

83 1812 101 1834 a
117 1801 275 1840 Principe.
300 1801 362 1831 vid.
388 1799 548 1841 Lamprid.
565 1800 712 1832 Alexand.
731 1800 828 1830 Sever.
850 1809 873 1830 c.
891 1803 950 1838 46,

84 1845 115 1874 ἃ
127 1842 256 1883 Vopisc.
275 1842 360 1874 Proh.
377 1851 401 1873 c.
416 1851 462 1882 13.
487 1841 595 1882 ibique
610 1844 642 1872 in
657 1841 746 1873 Notis
759 1839 950 1872 salmasium.

83 1885 269 1924 Utcumque
286 1892 391 1915 tamen
410 1883 486 1914 esset
501 1882 710 1921 constitutus;
735 1882 811 1914 nihil
829 1882 950 1923 propri-

82 1935 134 1957 um
155 1927 281 1963 habuit,
303 1933 473 1964 antequam
491 1925 520 1955 ei
543 1934 558 1955 a
578 1923 771 1956 Proconsule
791 1924 952 1955 mandare·

86 1974 136 1997 tur
149 1966 323 2006 jurisdictio
343 1966 362 1997 l.
385 1975 430 2006 13.
448 1966 474 1996 h.
494 1973 515 1996 t.
532 1975 592 1997 nec
609 1967 706 2007 magis
723 1965 883 2006 propriam
900 1974 951 1996 ac-

80 2015 187 2047 cepit,
211 2017 282 2039 cum
299 2007 516 2046 mandaretur;
539 2006 593 2039 nisi
612 2008 707 2047 quid,
731 2014 765 2038 ut
781 2007 899 2046 tutela,
923 2007 952 2038 ei

78 2048 256 2089 specialiter
279 2048 349 2089 lege
373 2047 561 2080 deferretur.
593 2048 734 2089 alioquin
768 2057 832 2079 non
857 2049 952 2080 dabat

80 2090 132 2122 lex
157 2090 375 2130 principaliter
398 2091 576 2122 mandatam
598 2089 875 2130 iurisdictionem3
899 2090 952 2121 sed

78 2132 259 2163 mandatam
273 2129 491 2163 confirmabat.
517 2133 557 2162 ita
575 2130 710 2171 Legatus
726 2132 890 2172 proprium
909 2131 951 2162 ni-

81 2172 126 2204 hil
152 2172 266 2211 habet‚
290 2171 342 2205 sed
367 2172 567 2204 Proconsulis
590 2173 642 2212 qui
667 2173 844 2211 mandavit,
864 2173 952 2213 juris·

81 2213 222 2245 dictione
233 2214 331 2245 utitur
346 2213 365 2245 l.
384 2223 409 2245 1.
426 2213 455 2255 ᾗ.
478 2223 502 2246 1.
523 2213 564 2245 D.
580 2214 613 2244 de
626 2212 698 2254 offic.
720 2214 782 2256 ejus
800 2215 858 2247 cui.
883 2214 950 2247 Pla-

80 2264 122 2286 ne
148 2263 276 2295 poterat
299 2255 474 2287 Proconi'ul
505 2264 574 2286 eam
602 2255 750 2287 mandare
768 2278 777 2293 ,
809 2256 860 2288 vel
885 2265 951 2288 non

80 2298 239 2327 mandare>
265 2303 332 2327 erat
349 2297 433 2328 enim
452 2296 561 2328 hocin
580 2296 710 2328 arbitrio
728 2297 795 2337 ejus
810 2297 829 2327 l.
839 2297 897 2338 6.§
922 2307 948 2330 r.

79 2337 108 2368 h.
126 2343 148 2370 t.
171 2338 258 2379 quod
275 2337 373 2369 miror
388 2337 513 2379 negasse
530 2337 695 2378 Cujacium
711 2338 758 2370 lib.
775 2347 804 2379 7.
827 2338 947 2378 Observ.

697 2421 1054 2461 Tlrutus

991 406 1014 428 c.
1028 403 1076 427 21.
1103 393 1180 426 Non
1201 394 1304 425 minus
1323 391 1653 432 licebatProconsuli‚
1670 393 1793 436 Legato
1807 395 1874 429 adi:

992 446 1080 469 mere
1105 436 1284 468 mandatam
1302 444 1318 465 a
1337 435 1365 466 se
1391 433 1662 474 jurisdictionem:
1686 445 1750 468 non
1768 444 1874 467 tamen

991 477 1176 513 inconsulto
1195 476 1343 516 Principe
1362 477 1389 506 cl.
1407 477 1426 506 l.
1445 479 1474 506 6.
1492 475 1519 517 §.
1544 485 1568 506 1.
1609 477 1689 508 lllud
1708 478 1813 508 nescio
1832 486 1872 509 an

993 521 1124 557 addam,
1141 517 1484 559 quodjurisdictioncm
1500 517 1649 549 mandare
1665 519 1794 550 demum
1813 528 1870 559 po-

995 561 1054 593 test
1067 559 1237 592 Proconsul
1250 559 1448 599 provinciam
1460 557 1629 598 ingressus:
1647 567 1719 591 ante
1738 569 1800 591 non
1814 569 1871 600 po-

995 602 1065 634 test.
1097 602 1141 633 est
1158 602 1240 632 enim
1263 609 1412 640 perquam
1432 598 1596 631 absurdum
1609 623 1618 637 ,
1642 609 1811 639 antequam
1828 602 1873 641 J'u-

996 644 1216 676 risdiclionem
1241 641 1305 682 ipse
1331 639 1547 678 nanciscatur,
1572 641 1656 681 (non
1682 643 1765 673 enim
1786 643 1872 682 prius

996 687 1025 717 ei
1052 687 1230 725 competit,
1256 692 1350 724 quam
1373 683 1404 713 in
1432 682 1629 722 provinciam
1654 683 1798 723 venerit)
1821 684 1873 721 alii

996 736 1065 758 eam
1086 727 1244 757 mandare.
1270 724 1320 755 fed
1339 724 1368 755 &
1384 723 1405 755 fi
1423 730 1496 754 ante
1513 722 1647 762 fecerit,
1674 724 1702 755 ὅ(
1719 724 1872 764 ingressus

995 767 1217 805 Provinciam,
1234 768 1266 797 in
1285 765 1397 796 eadem
1416 765 1584 796 voluntate
1600 764 1715 803 fuerit3
1734 767 1871 796 creden—

996 810 1070 840 dum
1093 807 1157 846 est,
1184 808 1337 847 Legatum
1365 806 1482 837 babere
1503 806 1756 846 jurisdictionem
1772 829 1781 845 ,
1806 816 1873 839 non

995 850 1111 881 exinde
1137 859 1176 880 ex
1196 858 1261 889 quo
1289 849 1436 879 mandata
1453 846 1517 885 est,
1541 846 1592 879 sed
1613 849 1729 879 exinde
1746 857 1786 879 ex
1805 857 1871 888 quo

994 891 1199 923 Provinciam
1220 888 1391 921 Proconsul
1411 889 1560 928 ingre-isus
1578 889 1622 919 esl
1641 890 1661 920 l.
1678 901 1707 928 4.
1720 889 1749 931 §.
1770 889 1822 920 ult.
1842 890 1872 921 h.

994 939 1016 963 t.
1040 931 1146 972 potest
1174 939 1279 961 tamen
1308 929 1482 961 Proconsul
1500 931 1693 970 aliquando,
1716 930 1772 964 etsi
1791 940 1873 962 non—

995 975 1069 1005 dum
1095 974 1124 1003 in
1157 971 1354 1012 provinciam
1380 973 1588 1010 pervenerit,
1616 972 1872 1011 jurisdictionem

994 1015 1154 1047 mandare.
1181 1013 1257 1053 quid
1274 1013 1378 1050 enim,
1404 1011 1424 1043 si
1445 1012 1644 1044 necessariam
1662 1023 1783 1045 moram
1801 1015 1830 1045 in
1851 1015 1872 1045 i-

996 1058 1096 1088 tinere
1121 1055 1257 1094 patiatur
1274 1075 1284 1091 ,
1314 1053 1516 1084 maturiffime
1540 1064 1645 1086 autem
1674 1054 1811 1096 Legatos
1839 1058 1872 1087 in

995 1096 1197 1130 Provinciam
1223 1102 1432 1134 perventurus
1455 1094 1514 1127 iit?
1536 1095 1553 1125 l.
1570 1106 1599 1135 5.
1617 1097 1645 1126 h.
1663 1103 1683 1127 t.
1731 1097 1869 1136 Accepit

995 1140 1090 1180 igitur
1119 1137 1254 1178 Legatus
1275 1136 1530 1175 jurisdictionem
1557 1146 1598 1167 ex
1624 1139 1774 1169 mandato
1797 1138 1871 1170 Pro-

995 1179 1146 1211 consulis.
1171 1187 1231 1210 nec
1249 1185 1354 1208 tamen
1367 1186 1513 1208 omnem:
1533 1176 1584 1209 sed
1599 1188 1667 1209 eam
1687 1189 1780 1218 quam
1795 1180 1872 1211 Pro-

994 1221 1102 1253 consul
1122 1219 1334 1259 habebatjure
1352 1218 1562 1259 Magistratus.
1588 1229 1659 1251 nam
1676 1220 1696 1251 fi
1714 1230 1807 1252 uuam
1821 1220 1874 1252 ba·

994 1263 1091 1295 bebat
1118 1271 1207 1293 exrra
1232 1261 1461 1300 ordinem-jure
1480 1259 1622 1300 specialis
1641 1262 1871 1302 delegationis:

993 1304 1062 1336 haec
1086 1313 1149 1335 non
1179 1309 1306 1344 poterat
1323 1302 1484 1339 mandari3
1510 1311 1569 1332 noc
1588 1303 1734 1334 mandata
1749 1303 1872 1342 jurisdia

994 1346 1100 1378 ctione
1118 1343 1264 1376 transibat
1280 1343 1299 1374 l.
1324 1353 1348 1374 1.
1372 1342 1412 1373 D.
1432 1345 1464 1374 cle
1480 1341 1554 1383 offic.
1570 1344 1632 1384 ejus
1649 1346 1704 1374 cui.
1739 1343 1809 1375 Hac
1826 1353 1874 1375 ra-

993 1388 1083 1419 tione
1104 1385 1289 1427 quaefitum,
1313 1394 1350 1415 an
1367 1385 1434 1425 quis
1449 1385 1531 1425 apud
1552 1384 1705 1426 Legatum
1727 1385 1872 1418 Procon-

992 1428 1064 1460 sulis
1083 1427 1175 1468 possit
1195 1426 1438 1464 manumittere,
1455 1434 1507 1457 aut
1525 1426 1696 1466 adoptare:
1717 1429 1815 1466 item,
1832 1437 1873 1460 an

992 1469 1055 1511 ipse
1072 1478 1195 1501 tutores
1213 1469 1305 1506 dare,
1322 1476 1374 1498 aut
1393 1476 1515 1498 merum
1532 1468 1700 1507 imperium
1717 1478 1872 1500 exercere

995 1511 1116 1552 possit?
1140 1510 1191 1541 sed
1213 1510 1286 1549 quia
1304 1509 1343 1540 ‹le
1360 1508 1406 1540 his
1425 1508 1573 1539 omnibus
1589 1511 1638 1549 egi
1649 1509 1695 1540 lib.
1716 1520 1743 1541 2.
1765 1509 1811 1540 De
1821 1511 1874 1551 ju-

993 1552 1157 1584 risdiblione
1180 1550 1216 1586 ὅ)
1235 1551 1371 1591 imperio,
1395 1558 1520 1588 parcam
1539 1549 1736 1587 supervacuo
1755 1552 1874 1584 labori-

995 1595 1154 1626 Caetcrum
1181 1601 1216 1624 ut
1239 1592 1417 1623 mandatam
1441 1590 1694 1631 Jurisdittion'em
1721 1592 1869 1633 liabucric

992 1636 1148 1677 Legatos:
1172 1643 1236 1665 non
1255 1634 1377 1664 idcirco
1396 1642 1524 1674 negem,
1551 1634 1632 1663 inter
1652 1642 1724 1663 eum
1746 1633 1775 1664 δί
1793 1630 1872 1665 alios

991 1677 1201 1710 mandatarios
1226 1674 1316 1705 fuiffe
1343 1673 1555 1705 differentiam
1578 1682 1671 1714 quam
1688 1684 1728 1705 ex
1746 1675 1764 1704 l.
1786 1674 1871 1709 m&

994 1720 1015 1752 l.
1036 1728 1061 1751 1.
1082 1718 1122 1749 D.
1141 1717 1217 1760 Quis
1235 1715 1270 1750 {9³
1287 1726 1304 1746 a
1321 1725 1375 1757 qzlo
1389 1716 1544 1756 appelletur
1561 1716 1729 1746 annotavit
1748 1715 1874 1756 Cujaci—

994 1770 1030 1792 us
1047 1762 1074 1792 (l.
1093 1760 1140 1791 lib.
1161 1769 1187 1800 7.
1209 1757 1329 1798 Observ.
1347 1767 1371 1788 c.
1394 1766 1442 1788 21.
1465 1756 1547 1788 illud
1565 1757 1740 1788 meminisse
1757 1767 1815 1789 nos
1835 1767 1872 1788 o-

994 1802 1157 1843 portebit,
1182 1798 1409 1831 Proco‘nsulem
1433 1808 1532 1838 usque
1554 1799 1591 1829 ad
1614 1799 1786 1830 adventum
1805 1797 1872 1830 suC=

995 1843 1123 1876 cessoris
1149 1841 1255 1874 omnia
1282 1840 1399 1871 debere
1419 1849 1530 1881 agere:
1555 1849 1627 1871 cum
1644 1838 1681 1871 fit
1697 1849 1782 1871 unus
1796 1840 1873 1872 Pro-

995 1884 1195 1921 consulatus,
1219 1883 1249 1913 &
1265 1882 1384 1913 utilitas
1403 1881 1575 1921 provinciae
1595 1881 1722 1922 exigat,
1737 1881 1800 1922 esse
1818 1882 1871 1919 ali-

995 1935 1089 1967 quem
1115 1935 1171 1966 per
1195 1933 1292 1964 quem
1316 1924 1446 1963 negotia
1472 1921 1520 1953 sua
1539 1923 1752 1963 provinciales
1770 1921 1872 1964 expli-

995 1976 1080 1999 cent.
1109 1976 1186 2006 ergo
1205 1967 1236 1997 in
1260 1965 1432 1995 adventum
1451 1963 1632 1995 successoris
1648 1964 1746 1995 debet
1759 1964 1807 2003 jus
1824 1965 1871 1996 di-

995 2018 1069 2040 cere
1086 2008 1106 2041 l.
1129 2018 1174 2040 10.
1192 2008 1219 2038 h.
1241 2012 1262 2038 t.
1302 2005 1457 2046 Legatum
1485 2014 1615 2046 quoque
1633 2003 1717 2037 suum
1737 2014 1775 2036 ne
1795 2002 1870 2037 ante.

995 2051 1026 2082 se
1050 2051 1090 2081 de
1107 2049 1274 2090 provincia
1296 2048 1455 2085 dimittat,
1480 2047 1509 2078 &
1530 2047 1599 2087 lege
1622 2045 1701 2085 Julia
1717 2054 1870 2087 repetun-

995 2093 1122 2130 darum,
1146 2090 1176 2121 ἃ
1195 2088 1361 2127 Rescripto
1380 2086 1454 2119 Divi
1476 2087 1626 2119 Hadriani
1645 2088 1683 2119 ad
1703 2087 1870 2128 Calpurni÷

995 2142 1048 2165 um
1073 2131 1210 2171 Rufum,
1227 2129 1452 2162 Proconsulem
1471 2129 1617 2169 Achajae,
1633 2129 1823 2162 admonetur
1837 2128 1869 2162 d.

995 2175 1015 2206 l.
1037 2184 1081 2207 10,
1124 2197 1129 2203 .
1154 2182 1178 2204 1·
1759 2202 1761 2207 ,

1037 2174 1211 2247 ΡνοὲοηΓυῐ
1239 2220 1365 2253 portam
1391 2212 1500 2244 Romae
1526 2212 1675 2254 ingressus
1691 2236 1700 2250 ‚
1731 2212 1869 2252 deponit

993 2257 1161 2297 imperium
1179 2255 1198 2285 l.
1216 2255 1270 2285 ult.
1290 2256 1317 2286 b.
1337 2260 1357 2285 t.
1382 2254 1423 2286 sic
1446 2264 1486 2286 ex
1508 2262 1617 2285 vetere
1641 2254 1803 2286 instituto:
1828 2254 1872 2286 de

993 2307 1059 2338 quo
1077 2297 1166 2329 Dion
1183 2297 1210 2327 d.
1228 2296 1276 2328 lib.
1294 2295 1503 2337 53,&Justus
1520 2295 1641 2337 Lipsius
1659 2297 1699 2328 ad
1714 2290 1871 2328 Taciturn

993 2339 1042 2374 lib.
1061 2349 1092 2381 3.
1109 2338 1222 2370 Annal.
1242 2348 1267 2370 c.
1286 2347 1331 2375 19.
1348 2347 1377 2370 η.
1397 2347 1447 2378 4²·

1112 2423 1242 2460 XVII.

695 2492 745 2534 De
763 2496 875 2544 Officio
894 2500 1041 2548 Praefeai
1060 2498 1252 2547 Augustalis.

78 2584 177 2654 Ut
195 2587 247 2619 hic
262 2586 392 2619 Titulus
409 2596 481 2620 cum
500 2587 652 2629 sequente
668 2588 880 2631 intelligatur:
897 2594 946 2621 're-

98 2670 102 2675 '
178 2629 350 2668 petendum
367 2629 430 2668 est,
446 2631 533 2671 quod
549 2631 656 2662 obiter
671 2631 761 2672 attigi
779 2642 818 2663 ex
836 2631 947 2663 Dione

82 2669 129 2698 lib.
146 2678 204 2707 53,
227 2669 456 2716 Imperatorem
477 2671 667 2712 Augustum,
693 2672 858 2713 postquam
879 2682 947 2713 pas·

78 2709 128 2756 sus
146 2718 232 2748 erat,
254 2710 315 2756 fibi·
330 2710 524 2750 persuaderi,
547 2720 581 2744 ut
603 2713 757 2745 retineret
779 2715 947 2753 imperium

79 2760 167 2797 cujus
183 2750 415 2790 depositionem
432 2751 648 2793 simulaverat,
669 2763 741 2785 cum
762 2754 887 2796 Populo
905 2755 948 2786 di-

77 2791 396 2838 v1sisse'Provincias:
411 2801 601 2834 pacatasque
616 2796 646 2826 ei
663 2795 800 2835 dediffe,
817 2804 947 2827 caeteras

77 2832 134 2865 sibi
151 2832 322 2873 accepiffe:
339 2833 402 2864 hoc
419 2841 592 2873 praetextu,
608 2836 690 2876 quasi
710 2837 834 2877 Populo
853 2838 947 2870 relin-

78 2882 193 2921 queret
212 2874 332 2913 otium,
349 2874 379 2905 ἃ
397 2874 538 2906 laborem
554 2884 590 2906 ac
608 2877 744 2916 pericula
760 2878 895 2910 sumeret
910 2878 945 2909 fi—

76 2915 127 2947 bi:
151 2924 224 2947 cum
248 2915 312 2946 hoc
333 2924 459 2955 ageret3
482 2923 535 2952 ut,
561 2916 671 2949 inermi
696 2917 838 2959 Populo,
865 2919 946 2952 solu-s

75 2965 162 2988 arma
180 2958 212 2988 in
229 2955 276 2987 sua
295 2955 453 2996 potestate
471 2956 613 2988 haberet.
644 2960 736 2999 igitur
752 2969 842 2992 more
859 2968 945 2991 vete-

76 2999 159 3030 rein
182 2997 292 3033 Populi
312 2998 491 3038 provincias
509 2998 652 3030 aSenatu
673 3001 752 3032 mitti
772 3002 946 3033 Proconsu-

74 3040 138 3072 lem
157 3048 229 3071 cum
249 3038 373 3080 Legaro
392 3038 539 3078 permisit.
571 3039 635 3079 ipse
652 3041 681 3072 in
702 3039 766 3073 suas
785 3043 946 3075 Provinci-

75 3090 108 3113 as
125 3080 206 3112 milit
224 3079 396 3121 Legatum:
421 3081 473 3119 qui
501 3081 666 3113 dicebatur
692 3081 827 3122 Legatus
847 3083 945 3115 Caeta-

75 3123 136 3160 ris,
151 3123 322 3162 aliquando
340 3122 435 3153 etiam
452 3122 634 3161 simpliciter
653 3121 808 3163 Legatus:
824 3125 878 3164 (ut
893 3135 947 3157 no·

78 3163 140 3193 tavi
163 3164 210 3193 lib.
228 3173 257 3195 2.
286 3162 334 3193 De
354 3162 470 3203 Jurisd.
498 3162 535 3197 δέ’
560 3163 632 3201 Imp.
654 3174 676 3194 c.
695 3166 792 3206 Vll.)
813 3174 946 3206 eratque

75 3202 164 3234 causa
181 3204 267 3243 hujus
285 3213 441 3241 nominis,
466 3205 552 3245 quod
572 3205 637 3245 ipse
655 3206 684 3237 in
701 3205 766 3238 suas
786 3208 941 3246 provinci-

74 3254 108 3277 as
118 3243 360 3318 1lJOrochJr—i'sulare
385 3247 555 3288 imperium
579 3247 722 3281 haberet.
752 3250 893 3283 indicant
911 3250 944 3283 id

70 3304 72 3306 v
160 3296 196 3319 m.
264 3310 271 3319 .

991 2589 1223 2630 Imperatorum
1249 2588 1351 2621 tituli:
1378 2589 1408 2621 in
1430 2588 1545 2629 quibus
1564 2591 1646 2621 inter
1664 2594 1800 2621 caeteros
1822 2589 1868 2620 est

990 2631 1190 2669 Proconsul,
1215 2641 1249 2662 ut
1276 2640 1410 2670 notum,
1436 2632 1466 2662 ὅ(
1494 2631 1639 2668 meminit
1667 2629 1755 2662 Dion
1774 2632 1801 2662 d.
1819 2631 1869 2661 lib.

990 2682 1041 2713 53.
1055 2679 1085 2714 p.
1103 2679 1182 2714 581,
1199 2673 1228 2704 &
1248 2672 1467 2711 Capitolinus,
1484 2672 1632 2703 Antonino
1649 2672 1702 2702 Pio
1720 2682 1742 2702 c.
1754 2682 1785 2712 4.
1803 2672 1868 2702 An-

991 2716 1089 2744 tonino
1114 2714 1279 2754 sz'lolopbo
1297 2723 1321 2745 c.
1337 2717 1367 2744 6.
1392 2714 1600 2745 mittebantur
1623 2721 1729 2744 autem
1756 2715 1785 2744 in
1813 2712 1867 2743 has

991 2755 1172 2794 provincias
1187 2754 1297 2795 Legati
1314 2754 1378 2786 non
1393 2763 1457 2785 uno
1474 2756 1583 2787 modo.
1608 2764 1679 2787 nam
1696 2755 1745 2786 alii
1762 2755 1867 2783 mitte-

991 2796 1105 2827 bantur
1117 2796 1177 2827 Pro
1189 2796 1348 2833 Praetore3
1364 2797 1489 2835 quidam
1508 2796 1568 2828 Pro
1585 2795 1743 2827 Consule:
1759 2800 1792 2823 ut
1808 2792 1866 2823 do—

992 2845 1045 2868 cet
1066 2836 1151 2869 Dion
1168 2839 1196 2869 d.
1213 2838 1262 2868 lib.
1283 2848 1341 2878 53,
1359 2838 1387 2869 &
1406 2837 1586 2876 Salmasius,
1602 2838 1640 2869 acl
1654 2834 1805 2875 Vopiscum
1819 2834 1866 2863 vi-

991 2883 1021 2909 ta
1043 2878 1128 2909 Probi
1145 2889 1168 2908 c.
1190 2888 1234 2920 ¹3-
1260 2878 1336 2910 Erat
1355 2888 1452 2919 porro
1468 2880 1628 2920 AEgyptus
1645 2878 1698 2916 (ut
1717 2874 1866 2921 intelligi-

991 2928 1060 2950 mus
1078 2929 1119 2952 cx
1136 2919 1254 2951 Tacito
1272 2921 1319 2951 lib.
1337 2930 1366 2953 ρ.
1384 2921 1496 2953 Annal.
1517 2931 1540 2951 c.
1557 2929 1616 2960 59,
1643 2918 1678 2951 ἐξ
1695 2916 1740 2945 lib.
1762 2923 1787 2945 1·
1810 2915 1867 2945 Ht-

984 2959 1054 3000 stor.
1077 2970 1102 2992 c.
1124 2963 1189 3000 ll.)
1215 2961 1354 3002 Augusto
1374 2961 1527 3003 suspecta:
1552 2969 1623 2990 cum
1647 2958 1719 2997 quid
1744 2963 1863 2994 potens

991 3009 1078 3040 erat,
1100 3003 1129 3034 ἃ
1145 3013 1278 3035 annonae
1296 3002 1468 3036 foecunda:
1494 3011 1559 3033 tum
1576 3006 1708 3043 propter
1725 2997 1864 3031 mobiles

990 3043 1216 3084 AEgyptiorum
1233 3045 1356 3077 animos
1367 3070 1376 3083 ‚
1400 3046 1429 3076 ὅ(
1441 3043 1600 3075 difficilem
1612 3040 1784 3079 provinciae
1799 3039 1863 3070 adi-

992 3092 1074 3116 tum:
1098 3094 1162 3125 quo
1185 3085 1280 3118 facile
1304 3095 1429 3127 poterat
1446 3084 1474 3115 se
1492 3082 1572 3114 tueri
1589 3078 1863 3125 adversus-ingen,-

990 3132 1038 3157 tes
1054 3128 1229 3160 exercitus:
1247 3128 1410 3160 &interim
1429 3125 1548 3156 Urbem
1566 3129 1661 3160 atque
1677 3120 1798 3152 ltaliam
1814 3120 1862 3152 fa—

988 3176 1038 3199 me
1055 3178 1209 3209 premere.
1238 3169 1289 3201 Ne
1305 3170 1399 3210 igitur
1415 3174 1530 3206 poiens
1545 3163 1697 3197 Senator.
1722 3170 1775 3193 aut
1791 3163 1862 3194 illu-

987 3208 1054 3241 stris
1071 3209 1176 3250 Eques
1199 3220 1235 3242 ea
1253 3213 1430 3251 potiretur;
1445 3216 1508 3237 non
1527 3205 1650 3244 putavit
1668 3213 1685 3235 e
1697 3213 1730 3235 re
1746 3203 1796 3234 sua
1813 3213 1862 3234 es·

988 3249 1019 3283 se
1043 3251 1221 3327 Aussustus,
1245 3261 1314 3287 eam
1337 3249 1544 3283 committere
1565 3246 1733 3279 Senatorio
1759 3244 1863 3317 Mggiss

1141 3303 1158 3326 2
1790 3313 1800 3317 ,Α
1818 3295 1862 3317 r&-
