2036 3495
140 90 215 134 516
742 78 1052 115 GERAnDi

143 178 308 211 arbitrium
332 175 413 213 fuit,
436 171 535 205 libera
557 167 732 210 republica.
756 174 853 212 atque
868 166 894 197 is
912 168 1020 206 neque

143 219 267 261 semper
281 214 516 251 conveniebat,
532 211 562 243 &
577 219 650 242 cuni
668 216 858 240 conveniret-
868 230 878 246 ,
893 206 945 237 sua
960 214 1021 237 tar-

144 262 214 293 dius
237 256 450 298 expediebat,
472 261 566 293 quam
593 250 675 291 saepe
700 250 818 282 utilitas
844 255 1020 293 pateretur.

147 309 199 333 tot
215 299 435 335 difficultates,
453 302 503 326 tot
519 292 769 333 impedimenta,
786 298 836 322 tot
853 299 958 321 moras
972 297 1019 320 in-

145 341 318 374 veniebant
331 335 488 369 factiones
505 333 698 374 sordesque;
715 340 766 364 tot
777 330 874 363 causae
889 340 905 362 a
919 330 1020 371 fingu-

144 383 182 415 lis
208 390 272 412 non
288 379 327 410 ab
343 378 454 410 eadem
471 382 581 417 parte,
604 384 710 415 neque
725 374 840 406 eodem
858 372 958 404 modo
978 372 1022 402 in·

144 422 268 464 spectae.
292 420 392 461 Igitur
409 417 588 450 constituto
598 415 765 456 Principe,
780 415 939 446 creditum
957 413 1021 450 est,

146 462 321 495 convenire
346 460 477 502 egregio
503 458 655 499 publico,
679 457 744 497 ejus
768 457 938 497 imperium
955 463 1022 486 non

144 503 294 537 Praetoris
312 508 367 534 aut
391 499 537 534 Consulis
549 500 618 540 jure
636 498 739 537 finiri,
762 498 813 529 scd
831 497 966 528 liberum
985 504 1023 526 ac

142 547 298 577 summum
321 543 396 576 esse.
426 550 618 584 quamquam
640 549 726 579 non,
750 547 785 570 ut
808 547 869 578 pro
891 537 1023 568 libidine

143 587 195 622 sua
218 586 350 617 haberet
373 585 423 625 J‘us
441 585 527 624 leges
543 581 637 622 justas
655 588 752 621 atque
769 580 861 611 utiles
878 578 1023 610 mutandi

142 627 342 666 tollendive;
363 627 416 658 sed
439 625 527 666 quod
550 622 678 663 Populo
704 622 795 653 licuit
811 621 843 652 in
860 619 1021 658 comitiis,

141 668 209 700 hoc
223 676 257 700 ut
267 668 407 708 Principi
425 668 555 702 liceret,
572 665 659 706 leges
675 664 786 702 duras,
802 669 856 693 aut
873 661 1002 693 inutiles
1013 683 1023 699 ,

140 710 273 742 mitibus
288 716 385 749 atque
401 707 529 740 utilibus
544 704 707 737 inflectere
725 711 779 735 aut
797 711 941 741 mutare,
963 711 1022 741 ac,

141 750 165 783 fi
183 751 254 792 quis
279 757 429 792 appareat
454 747 540 780 casus
563 756 665 778 novus
688 754 785 786 atque
813 743 1023 785 improvisus,

142 793 240 825 etiam
258 793 308 832 ei,
331 801 390 833 pro
408 790 501 831 copia
524 797 561 820 ac
581 787 750 829 sapientia,
775 786 954 818 remedium
967 785 1020 816 da-

140 843 186 866 re.
223 833 323 878 Quod
341 833 419 873 quid
437 830 522 863 aliud
540 829 604 869 est,
622 838 717 870 quam
735 838 808 860 eum
830 828 900 868 lege
919 826 1020 867 Regia

141 885 273 908 omnem
292 874 405 914 Populi
424 871 616 914 potestatem
633 869 807 910 accipere?
819 869 895 909 quid
913 868 996 899 aliud
1008 890 1017 906 ,

141 925 237 957 quam
256 916 424 956 imperium
441 913 560 945 habere
575 912 749 950 summum,
773 911 912 950 denique
930 910 961 941 in
977 909 1018 940 le-

141 968 218 999 ges3
241 957 294 989 sed
310 957 398 998 quod
415 955 621 987 nihilominus
644 953 773 994 publica
796 952 953 989 utilitate,
976 958 1017 981 at-

141 1009 224 1041 que,
247 1007 282 1030 ut
304 999 357 1030 lex
384 997 486 1038 Regia
511 996 681 1036 loquitur,
710 993 873 1033 majestate
898 992 1017 1023 divina-

140 1050 230 1079 rum,
245 1040 452 1072 humanarum
463 1061 472 1077 ‚
487 1037 684 1079 publicarum
702 1035 960 1076 privatarumque
971 1042 1017 1064 re-

140 1092 210 1116 rum
227 1079 527 1113 circumscribatur?

181 1122 256 1156 Nec
271 1130 378 1154 tamen
395 1131 436 1153 eo
452 1120 591 1159 inficias,
607 1119 633 1150 A
646 1119 693 1158 A,
710 1118 819 1159 saepius
837 1116 958 1148 solutos
975 1115 1021 1147 ef-

143 1164 355 1205 frenatosque
367 1162 461 1204 egiffe
475 1162 659 1201 Principes;
675 1170 754 1199 nec,
771 1159 846 1200 quid
862 1157 1020 1196 facerent,

139 1213 196 1238 aut
221 1207 443 1247 negligerent,
461 1203 633 1243 quidquam
658 1201 743 1241 penfi
760 1199 911 1232 habuisse.
944 1199 1018 1239 quin

139 1248 281 1285 horreo,
298 1256 370 1278 cum
387 1245 580 1285 flagitiorum
598 1243 746 1284 exempla
763 1242 895 1283 cogito:
911 1250 948 1271 ac
965 1241 1017 1271 mi-

139 1288 222 1320 seret
237 1297 288 1320 me
305 1288 457 1328 principis
473 1286 560 1318 orbis
576 1293 726 1317 teri-arum
745 1283 859 1324 Populi
878 1284 932 1323 qui
948 1291 984 1312 ea
1002 1291 1019 1312 a

140 1329 203 1362 suis
218 1329 343 1361 civibus
358 1336 422 1360 tam
439 1328 566 1368 indigne
581 1327 646 1367 pati
662 1324 791 1357 coaetus
806 1323 861 1355 est.
898 1323 1018 1368 Propo-

140 1372 208 1403 nite
234 1371 328 1402 vobis
351 1368 540 1407 Tiberium,
565 1368 637 1406 vel,
660 1366 681 1398 (i
697 1366 866 1403 mavultis,
891 1364 1018 1404 Caligu-

138 1413 223 1451 lam,
238 1411 427 1449 Neronem,
444 1410 630 1445 Vitellium,
653 1407 874 1439 Domitianum
886 1429 895 1444 ,
918 1405 1016 1436 Com-

138 1454 292 1492 modum,
315 1452 494 1491 similesque
520 1451 592 1481 illos
611 1448 793 1490 Augustos,
815 1447 888 1479 illos
909 1446 1016 1477 Patres

139 1496 271 1533 Patriae,
295 1493 367 1524 illos
390 1493 487 1530 Pios,
512 1490 656 1528 Felices,
681 1489 823 1527 scilicet,
848 1489 877 1519 ἂ
903 1487 924 1520 fi
947 1497 1016 1528 quae

139 1537 200 1568 alia
217 1534 317 1566 fausta
341 1534 472 1565 nomina
488 1531 629 1563 adulatio
649 1530 783 1562 invenit.
808 1531 1018 1570 quisquamne

139 1577 291 1618 negabit,
315 1582 424 1612 totos,
449 1573 558 1613 quanti
576 1574 684 1612 quanti
702 1571 811 1608 fuere,
836 1571 879 1602 nil
903 1569 958 1601 nisi
975 1570 1017 1601 {u-

139 1617 303 1660 perbiam,
327 1616 520 1653 calumnias,
544 1615 686 1654 rapinas,
713 1613 836 1652 stupra,
859 1611 1017 1650 incestus,

137 1658 291 1692 adulteria
311 1680 321 1697 ‚
351 1657 518 1698 parricidia
535 1678 544 1694 ,
573 1655 739 1686 latrocinia
757 1677 766 1691 ,
798 1652 1017 1691 carnificinas,

138 1699 266 1742 pestes,
290 1699 428 1739 denique
454 1697 599 1735 furores,
622 1705 659 1727 ac
680 1695 843 1734 feritates,
867 1704 933 1726 non
954 1695 1017 1734 jam

134 1742 311 1779 humanas,
334 1739 386 1771 sed
414 1739 572 1771 belluinas
596 1737 711 1775 fuiffe,
735 1746 848 1768 omnes
874 1735 1016 1768 AEternae

134 1782 233 1816 Urbis
248 1806 257 1823 ‚
289 1782 592 1823 provinciarumque
620 1778 748 1820 questus
766 1801 776 1816 ,
799 1785 896 1818 atque
920 1777 1017 1809 etiam

136 1824 387 1862 detestationes,
410 1823 549 1854 immane
568 1829 721 1861 quantum
742 1819 949 1859 superantes?
979 1828 1017 1850 ea

134 1865 294 1904 monstra,
317 1874 383 1896 non
401 1864 486 1895 enim
507 1863 652 1894 homines
677 1862 811 1892 dixerim
835 1861 889 1901 qui
915 1860 1016 1891 homi·

135 1917 211 1941 nem
243 1907 391 1938 exuerint
409 1929 418 1944 ,
449 1915 522 1936 cum
555 1903 706 1935 Senatum
729 1911 857 1933 veneno
883 1902 1016 1940 tollere,

136 1959 210 1981 cum
236 1947 358 1980 Urbem
382 1949 575 1983 incendere,
598 1953 695 1985 atque
718 1944 750 1974 in
776 1953 846 1974 eam
864 1942 947 1974 seras
962 1944 1016 1974 im-

136 1992 287 2029 mittere,
312 1989 504 2021 destinarent
522 2010 531 2025 ,
555 1995 629 2017 cum
653 1994 748 2016 unam
771 1984 872 2015 totius
900 1983 1014 2024 Populi

137 2032 298 2063 cervicem
327 2030 389 2062 ess'e
415 2035 585 2069 optarent,
612 2036 682 2067 quae
710 2035 772 2057 uno
797 2025 862 2056 ictu
884 2025 1016 2065 praecidi

136 2071 260 2113 posset,
283 2080 354 2103 cum
379 2071 443 2102 hoc
459 2077 610 2111 agerent,
627 2078 668 2100 ne
686 2068 754 2108 quis
773 2068 947 2108 quidquam
965 2066 1016 2097 lia·

135 2115 249 2153 beret,
271 2122 344 2144 cum
367 2113 515 2144 omnibus
538 2111 630 2141 claris
655 2110 685 2141 ἀ
704 2109 798 2140 bonis
822 2108 896 2139 viris
914 2108 1015 2139 exitio

136 2164 230 2187 certo
247 2177 257 2194 ,
288 2153 401 2185 ficariis
418 2178 427 2191 ‚
454 2152 624 2189 veneficis,
650 2149 865 2187 delatoribus,
890 2149 1015 2188 miinis,

136 2195 362 2234 histrionibus,
379 2195 512 2235 aurigis,
528 2192 776 2235 gladiatoribus,
793 2190 944 2222 omnibus
962 2190 1014 2222 de-

136 2238 236 2278 nique
256 2237 408 2277 impuris,
431 2235 602 2275 improbis,
628 2243 664 2264 ac
689 2233 818 2265 nefariis
834 2232 957 2264 luxuria
978 2240 1016 2262 ac

138 2279 330 2311 crudelitate
352 2279 402 2308 sua
417 2276 591 2308 commodo
610 2275 727 2310 essent,
744 2275 814 2315 quis
831 2274 917 2305 dicat
930 2296 939 2312 ,
955 2282 1014 2313 pro

135 2320 339 2359 Principibus
364 2319 393 2349 vi
419 2319 498 2359 lcgis
527 2317 634 2358 Regiae
657 2316 771 2357 egisse,
796 2316 910 2356 quibus
926 2313 1015 2346 obse-

136 2363 189 2404 qui
206 2359 505 2393 divino&huinano
518 2360 588 2399 jure
606 2358 652 2390 fas
668 2357 771 2389 effen?
795 2366 832 2387 ac
849 2366 915 2388 non
932 2357 1016 2397 poti-

136 2413 175 2435 us
200 2412 259 2444 pro
282 2402 444 2444 Tyrannis
466 2410 540 2432 cum
557 2401 672 2440 quibus
689 2398 774 2430 nulla
792 2399 940 2439 cuiquam
958 2398 1015 2429 hu-

136 2445 221 2477 mani
248 2452 301 2475 aut
325 2444 422 2475 divini
446 2443 523 2482 juris
549 2441 683 2472 societas
705 2440 768 2471 est:
795 2440 944 2471 omnibus
966 2440 1016 2479 J'us

135 2485 215 2519 belli
244 2485 289 2516 est
312 2484 491 2516 sanctiffima
514 2483 543 2515 &
572 2482 730 2524 iustisfima
763 2479 895 2512 Naturae
921 2480 1015 2521 lege?

135 2528 245 2566 Atque
269 2535 305 2557 ea
329 2525 398 2558 usus
421 2526 578 2564 Senatus3
599 2533 672 2556 cum
698 2522 866 2554 Neronem
890 2522 1014 2554 hostem

136 2568 311 2610 iudicavit,
336 2577 409 2598 cum
426 2568 523 2607 quaeri
540 2567 642 2607 juffit,
666 2572 700 2596 ut
716 2564 794 2596 effet
810 2573 906 2604 quein
927 2563 1015 2604 puni-

136 2617 189 2642 ret
205 2608 358 2647 majorum
376 2618 466 2640 more
483 2607 597 2640 inserta
614 2607 712 2638 furcae
730 2606 858 2636 cervice
870 2628 879 2644 ‚
896 2605 925 2636 ἂ
943 2614 1013 2635 cor-

136 2659 219 2693 pore
241 2649 338 2689 virgis
362 2650 400 2680 ad
423 2658 535 2681 necem
554 2648 654 2680 caeso:
676 2647 830 2687 similique
846 2645 1014 2677 severitate

136 2695 170 2726 in
195 2699 259 2723 tam
279 2689 471 2730 frequente,
497 2699 626 2732 tamque
643 2688 823 2721 incredibili
840 2687 1013 2729 Imperato-

136 2743 208 2768 rum
223 2731 334 2764 furore
352 2731 458 2771 saepius
474 2732 600 2773 egisset:
618 2731 673 2763 nifi
688 2730 718 2762 se
735 2729 885 2771 praefidiis
901 2730 1012 2761 adver-

135 2776 191 2809 sus
215 2773 352 2814 publicae
382 2774 526 2812 vigorem
551 2773 721 2814 disciplinae
747 2771 922 2812 sepsissent,
945 2769 1014 2802 suo-

135 2824 273 2855 rumque
294 2814 514 2854 impunitatem
536 2814 728 2855 flagitiorum
746 2822 810 2844 non
827 2813 866 2844 ab
885 2811 1011 2853 imperii

135 2860 230 2899 lege,
247 2855 299 2886 sed
315 2865 332 2886 a
347 2856 376 2886 vi
394 2862 490 2894 atque
505 2857 597 2886 arinis
615 2854 843 2896 impetrassent.
869 2852 1010 2894 Utique,

135 2908 173 2933 ut
188 2896 368 2931 Domitiani
392 2896 475 2927 tituli
500 2896 619 2936 ubique
645 2897 869 2933 eraderentur,
893 2905 930 2926 ac
946 2904 1010 2926 rne-

136 2941 239 2975 moria
256 2938 456 2976 aboleretur,
471 2935 603 2968 Senatus
618 2938 781 2970 decrevit:
805 2937 835 2969 ὅτ.
853 2937 1008 2969 Commo-

135 2985 168 3016 di
185 2990 303 3021 corpus
317 2987 353 3012 ut
370 2988 453 3011 unco
478 2977 674 3015 traheretur,
699 2986 794 3018 atque
813 2979 844 3010 in
860 2977 1008 3010 Tiberim

136 3025 343 3061 mitteretur,
376 3021 404 3053 &
436 3019 569 3052 Senatus
597 3019 627 3050 &
650 3019 789 3060 Populus
814 3020 1006 3059 postulavit:

135 3074 254 3106 magno
283 3063 422 3101 indicio,
447 3061 559 3093 talibus
574 3060 708 3092 invitum
736 3060 886 3100 paruiss‘e3
910 3069 1007 3102 atque

138 3109 193 3140 ubi
212 3106 322 3136 habuit
345 3103 376 3135 se
399 3101 567 3135 ulciscendi
585 3100 806 3138 occasionem,
830 3111 895 3142 quo
919 3103 1007 3143 jure,

137 3156 268 3190 quoque
294 3146 401 3178 animo
425 3144 540 3183 fuerit,
563 3140 743 3189 ostendisse.-
782 3140 900 3181 Neque
924 3144 1009 3175 enim

133 3190 259 3230 semper
273 3187 415 3224 convelli
431 3187 482 3220 illa
499 3186 601 3221 moles
615 3193 648 3219 in
665 3190 760 3217 tantis
775 3181 915 3217 forcunae
935 3185 1009 3218 viri-

1109 73 1393 111 Noonr-

1062 164 1122 196 bus
1135 164 1263 204 potuit3
1288 164 1317 196 &
1335 164 1411 196 ideo
1435 162 1572 195 tolerare
1593 161 1711 195 scelera
1727 165 1841 205 quibus
1865 167 1936 200 refi-

1062 204 1099 236 sti
1116 214 1180 237 non
1197 205 1318 245 posset,
1343 205 1522 246 prudentiae
1539 203 1611 236 fule
1636 204 1714 236 ficut
1730 207 1883 248 imbrem,
1907 210 1938 241 dt

1062 245 1185 293 frigus,
1206 246 1237 279 δε
1258 248 1316 279 alia
1339 255 1457 279 naturae
1480 247 1703 284 incommoda,
1727 245 1879 289 ferimus,
1905 260 1936 281 ur

1061 288 1094 318 bl
1111 297 1175 319 non
1192 288 1268 320 licet
1283 289 1384 320 aliter.
1410 289 1472 320 Sed
1489 295 1523 318 ut
1539 288 1641 319 iidem
1656 288 1813 327 remedia,
1830 289 1850 320 si
1868 299 1937 331 quae

1063 329 1096 360 in
1120 331 1240 361 mundo
1263 330 1340 369 sint,
1366 335 1434 361 non·
1453 329 1676 369 adspernamur
1696 327 1829 366 Naturae
1852 331 1938 371 jure:

1064 369 1106 401 fic
1130 379 1195 411 quo
1219 372 1321 403 minus
1347 369 1488 412 Populus
1513 369 1579 401 suas
1604 370 1710 408 vires,
1742 369 1763 401 fi
1788 380 1863 412 quas
1890 373 1942 404 ha-

1065 411 1159 484 beait,
1174 412 1320 444 adversus
1329 412 1518 455 Tyrannum
1536 412 1700 450 intendat,
1717 413 1798 444 ratio
1808 414 1939 446 nonim-

1066 460 1106 493 pe
1132 459 1165 483 it.

1107 494 1235 540 Apage,
1258 495 1402 536 inquies,
1427 495 1604 527 doctrinam
1630 504 1691 535 qua
1708 496 1831 536 imperii
1849 501 1940 528 reve-

1065 543 1167 582 rentia
1190 535 1395 581 profanatur,
1419 546 1481 577 qua
1510 536 1657 568 humanae
1680 538 1844 574 vinculum
1867 547 1944 570 con-

1062 575 1235 623 junctionis
1250 576 1390 610 solvitur.
1427 576 1543 620 Quid?
1565 586 1674 610 nonne
1693 578 1768 609 vitia
1784 587 1895 618 erunt,
1909 583 1944 611 u'-

1066 617 1098 647 bi
1117 617 1264 648 homines
1289 626 1403 658 erunt,
1424 620 1562 651 maxime
1590 621 1620 651 in
1638 620 1737 657 aulis3
1760 628 1814 658 ae,
1837 620 1857 652 fi
1875 625 1942 653 non

1067 666 1179 704 erunt,
1203 659 1306 690 adbuc
1329 662 1499 692 credentur
1521 661 1583 692 ess'e
1599 684 1609 699 ‚
1642 661 1860 700 proclivibus,
1883 662 1941 693 ho-

1066 701 1226 747 minibus,
1251 702 1291 731 de
1315 700 1552 742 Magistratibus
1573 711 1611 733 ac
1634 702 1834 743 Principibus
1859 704 1942 740 male

1066 741 1215 781 opinari?
1239 750 1336 781 porro
1361 743 1488 783 quoties
1516 743 1554 775 fit
1569 766 1578 782 ‚
1609 751 1645 775 ut
1668 744 1790 785 optima
1813 743 1943 776 consilia

1066 782 1197 822 peffime
1214 783 1347 821 cadant,
1363 792 1460 824 atque
1476 785 1602 816 interim
1620 795 1660 817 ex
1677 793 1795 816 eventu
1810 786 1850 817 de
1866 795 1944 817 con-

1063 823 1135 864 filiis
1160 824 1373 870 conjiciatur?
1397 826 1499 864 adde,
1522 827 1612 866 quod
1634 827 1768 858 virtutes
1792 826 1862 859 sunt
1879 826 1944 859 affi-

1064 874 1121 896 nes
1140 867 1243 904 vitiis,
1268 866 1462 906 parcimonia
1480 869 1634 907 avaritiae,
1659 868 1829 901 liberalitas
1854 869 1944 901 luxu-

1063 907 1133 945 rice,
1150 906 1299 939 severitas
1314 907 1513 947 crudelitati,
1528 909 1683 940 modestia
1699 909 1851 950 ignaviae3
1867 920 1942 950 pos-

1061 946 1163 988 sitque
1179 947 1254 979 huic
1270 948 1369 980 scelus
1387 950 1469 988 dici,
1488 950 1575 990 quod
1593 951 1636 982 illi
1657 951 1756 982 virtus
1767 952 1939 983 videatur?

1062 988 1130 1035 Ita,
1145 989 1198 1035 fila
1215 990 1300 1031 vulgi
1319 991 1452 1022 levitate
1469 991 1623 1030 pendebit
1637 992 1761 1032 imperii
1776 992 1939 1032 sanctitas,

1062 1031 1106 1061 nil
1132 1032 1312 1071 principatu
1331 1031 1561 1071 calamitosius,
1586 1033 1629 1064 nil
1643 1034 1745 1074 ‘magis
1761 1033 1940 1074 incertum,

1061 1072 1194 1117 cogitari
1213 1072 1329 1113 potest.
1356 1072 1407 1104 sed
1427 1082 1532 1113 neque
1552 1075 1583 1105 in
1599 1075 1762 1114 republica
1779 1076 1855 1116 quid
1871 1085 1942 1117 per-

1063 1113 1210 1144 niciofius
1228 1137 1238 1153 ,
1271 1123 1325 1145 aut
1351 1115 1455 1146 minus
1484 1115 1653 1147 tolerabile
1676 1115 1750 1148 vitae
1776 1116 1856 1148 setta
1880 1127 1943 1159 qua

1063 1153 1201 1186 summus
1214 1154 1416 1196 Magistratus
1434 1155 1557 1196 Populo
1574 1164 1696 1188 temere
1711 1157 1883 1198 subjicitur.
1907 1159 1942 1191 id

1063 1204 1148 1236 agite
1172 1196 1275 1235 sultis3
1299 1198 1328 1228 ὅ(
1353 1206 1412 1238 pro
1435 1197 1591 1238 obsequio
1619 1198 1725 1230 turbas
1743 1221 1752 1237 ,
1784 1209 1841 1240 pro
1861 1209 1941 1241 pace

1063 1236 1146 1282 bella
1171 1236 1351 1284 habebitis,
1375 1239 1492 1270 coelum
1519 1240 1656 1280 denique
1679 1247 1772 1271 terra:
1799 1241 1942 1273 miscebi-

1063 1284 1113 1308 tis.
1162 1279 1307 1318 Auditis,
1328 1280 1410 1318 ΑΛ,
1435 1278 1578 1319 questum
1596 1282 1634 1312 ad
1653 1281 1791 1322 speciem
1808 1293 1940 1324 gravem

1062 1326 1159 1366 atque
1176 1321 1344 1367 acerbum}
1369 1320 1421 1352 sed
1439 1324 1511 1353 date
1535 1331 1640 1354 rerum
1668 1322 1877 1363 simplicitati,
1901 1333 1938 1356 ut

1063 1370 1127 1400 ejus
1147 1370 1310 1393 momenta
1326 1362 1407 1402 justo
1427 1364 1572 1403 pendatis
1588 1364 1752 1395 examine:
1776 1364 1938 1404 sentietis,

1062 1401 1168 1448 levem
1180 1426 1189 1440 ,
1205 1412 1336 1440 vanum,
1352 1411 1449 1444 atque
1464 1405 1589 1436 inanem
1606 1404 1678 1436 esse.
1703 1404 1820 1448 Quaeso
1832 1407 1938 1446 enim,

1062 1444 1137 1488 quid
1155 1444 1222 1475 vult
1232 1445 1257 1490 P*
1271 1452 1374 1476 utrum
1386 1468 1396 1484 ,
1413 1455 1453 1476 ne
1470 1455 1619 1487 umquam
1640 1446 1819 1488 Principem
1836 1449 1866 1479 in
1886 1457 1938 1479 01·-

1062 1485 1313 1531 dinein'redigat
1342 1486 1501 1527 Populus,
1525 1497 1565 1518 ne
1589 1487 1753 1527 peffimum
1776 1489 1906 1529 quidem
1923 1490 1938 1521 ἒ

1061 1526 1251 1572 οῑηυιᾸΙΙυό
1274 1528 1398 1558 ratione
1429 1529 1590 1566 naturali,
1622 1529 1651 1560 ἂ
1676 1530 1938 1563 nobiliiiiinarum

1062 1565 1218 1612 Gentium
1251 1569 1406 1609 exemplis
1441 1570 1604 1601 veteribus
1621 1593 1631 1608 ‚
1662 1579 1700 1601 ac
1731 1571 1936 1610 recentibus,

1061 1609 1276 1640 convmcitur.
1307 1619 1366 1648 an,
1389 1619 1429 1641 ne
1452 1611 1528 1649 quid
1553 1618 1676 1642 temere
1700 1620 1771 1653 agat
1787 1612 1937 1645 adversus

1061 1649 1209 1696 bonum?
1229 1651 1293 1681 hoc
1310 1660 1389 1682 vero
1406 1651 1485 1683 niliil
1505 1660 1689 1691 promovet.
1718 1663 1783 1685 non
1800 1654 1883 1686 enim
1902 1663 1939 1686 u-

1061 1689 1126 1721 sum
1140 1692 1216 1737 juris
1233 1692 1463 1732 reprehendit,
1487 1691 1540 1725 sed
1555 1693 1703 1726 abusum:
1725 1704 1786 1726 nec
1802 1701 1939 1736 oportet:

1060 1731 1168 1777 haberi
1194 1734 1398 1780 malum—quo
1422 1734 1505 1766 bene
1523 1736 1569 1766 uti
1590 1735 1677 1767 licet.
1708 1736 1850 1777 alioquin
1875 1739 1938 1769 nec

1061 1772 1283 1814 Magistratus,
1305 1775 1369 1807 sine
1392 1776 1505 1816 quibus
1522 1776 1606 1808 hulla
1623 1777 1667 1809 est
1686 1779 1769 1817 vita,
1794 1779 1888 1810 utiles
1904 1788 1939 1810 e-

1060 1823 1142 1846 runt.
1166 1817 1236 1854 quis
1260 1818 1344 1848 enim
1367 1818 1486 1855 nescit,
1508 1817 1665 1857 summos,
1689 1820 1833 1859 medios,
1856 1823 1938 1853 imos

1060 1856 1142 1897 saepe
1169 1856 1224 1903 fibi
1249 1857 1375 1899 suisque
1399 1859 1525 1890 civibus
1550 1860 1652 1892 exitio
1675 1860 1791 1894 fuiffe'?
1815 1870 1875 1897 nec
1893 1868 1939 1893 ta-

1061 1907 1135 1928 men
1163 1907 1329 1945 quisquam
1355 1900 1490 1939 dixerit,
1513 1911 1570 1932 eos
1594 1901 1655 1932 esse
1679 1911 1743 1934 non
1763 1909 1938 1942 oportere,

1061 1947 1114 1970 aut
1131 1940 1341 1987 periculosam
1358 1940 1420 1972 effe
1436 1942 1612 1974 dofftrinam
1629 1952 1689 1982 qua
1706 1943 1936 1976 neccll'ziriosin

1060 1981 1224 2020 republica
1247 1981 1452 2023 Magistratus
1478 1984 1706 2024 Principesque
1733 1984 1794 2015 effe
1820 1986 1936 2024 proba-

1062 2029 1132 2067 tur,
1155 2030 1276 2054 tantum
1294 2026 1382 2064 quod
1409 2024 1525 2064 poffint
1541 2025 1602 2056 effe
1620 2025 1704 2057 mali.
1749 2024 1850 2067 Quod
1865 2025 1886 2057 fi
1901 2027 1935 2057 in

1059 2062 1108 2093 his
1135 2073 1200 2094 non
1219 2064 1305 2096 usum
1327 2065 1504 2097 tollendum
1523 2074 1690 2105 putamus,
1713 2065 1768 2098 sed
1785 2066 1936 2106 abusum;

1059 2112 1115 2149 cur
1131 2105 1289 2144 dicamus,
1314 2107 1486 2147 principiS,
1509 2106 1530 2138 fi
1549 2108 1716 2147 peffimus,
1738 2107 1760 2139 fi
1775 2108 1936 2148 pernicio-

1059 2145 1107 2175 ius
1130 2144 1167 2177 sit
1183 2170 1192 2184 ,
1216 2148 1452 2179 coercitionem
1478 2149 1552 2179 ideo
1577 2150 1692 2182 malam
1714 2156 1767 2180 aut
1789 2148 1935 2189 injustam

1059 2185 1141 2225 effe,
1166 2189 1254 2227 quod
1279 2188 1422 2228 Populus
1441 2198 1478 2220 ea
1495 2189 1580 2221 abuti
1598 2191 1694 2222 etiarn
1711 2190 1858 2221 adversus
1878 2190 1937 2222 bo-

1059 2237 1135 2259 num
1151 2229 1254 2269 poffit.
1297 2229 1360 2261 Sed
1377 2231 1406 2261 ἃ
1424 2230 1476 2261 hic
1497 2232 1674 2271 periculum
1693 2231 1833 2272 Principi
1847 2232 1936 2272 quod

1059 2272 1268 2316 metuendum
1293 2271 1362 2303 est?
1391 2270 1432 2309 si,
1455 2272 1543 2312 quod
1569 2273 1635 2312 ejus
1659 2271 1733 2304 fidei
1758 2273 1935 2312 convenit,

1059 2319 1202 2343 omnium
1222 2313 1363 2352 quietem
1377 2313 1458 2344 illius
1474 2313 1581 2354 vigilia
1599 2313 1775 2354 custodiat3
1792 2315 1936 2347 oninium

1058 2351 1224 2398 fprtunas,
1241 2354 1359 2393 vitam,
1376 2354 1554 2386 libertatem
1571 2355 1652 2387 illius
1666 2355 1800 2396 Justitia,
1817 2364 1853 2387 ac
1869 2355 1935 2388 for-

1059 2394 1167 2439 titudo
1186 2403 1330 2434 tueatur3
1354 2397 1499 2427 omnium
1516 2397 1665 2435 periculis
1688 2397 1771 2429 illius
1795 2397 1932 2438 pruden-

1060 2441 1102 2465 tia
1118 2443 1282 2474 occurrat3
1299 2437 1441 2468 omnium
1456 2438 1535 2468 mala
1550 2445 1647 2478 atque
1662 2438 1837 2470 infortunia
1850 2439 1933 2471 illius

1059 2475 1237 2518 benignitas
1254 2476 1391 2510 soletur:
1409 2479 1485 2520 quid
1503 2480 1626 2510 multa?
1644 2478 1664 2511 fi
1684 2479 1713 2511 se
1730 2489 1796 2512 non
1807 2479 1933 2522 Tyran-

1059 2527 1133 2549 num
1150 2541 1160 2557 ,
1191 2518 1243 2550 sed
1271 2519 1375 2550 civem
1394 2543 1405 2559 ,
1430 2529 1494 2551 non
1523 2521 1708 2559 dominnm,
1732 2521 1784 2553 sed
1811 2530 1932 2563 patrem

1058 2559 1204 2599 praestet,
1229 2559 1393 2607 postremo
1410 2560 1432 2593 fi
1450 2561 1612 2593 hominem
1632 2562 1684 2602 se,
1701 2563 1731 2594 ἀ
1749 2563 1932 2595 hominibus

1057 2600 1186 2640 praeeffe
1203 2625 1213 2640 ,
1243 2601 1434 2642 arbitretur;
1460 2612 1595 2643 quorum
1622 2604 1812 2644 virtutibus,
1834 2611 1932 2645 atque

1058 2642 1254 2689 honoribus,
1269 2653 1334 2675 non
1349 2644 1510 2683 invideat;
1534 2654 1670 2685 quorum
1694 2647 1816 2687 copiis,
1840 2646 1870 2677 &
1885 2654 1932 2677 ar·

1057 2683 1160 2728 tibus,
1184 2684 1328 2731 laetetur3
1344 2694 1480 2726 quorum
1496 2687 1592 2718 animi
1609 2687 1752 2727 cultum,
1769 2687 1799 2719 ἂι
1815 2686 1930 2728 sapien-

1057 2732 1109 2755 tiae
1127 2724 1226 2757 studia
1242 2734 1324 2757 inter
1340 2727 1523 2768 reipublicae
1538 2736 1745 2767 ornamenta,
1768 2738 1832 2760 non
1849 2729 1928 2760 inter

1056 2767 1151 2813 malas
1168 2775 1251 2799 artes
1270 2767 1396 2800 habeat.
1429 2770 1481 2809 qui
1499 2771 1582 2801 enim
1596 2769 1664 2801 fieri
1681 2769 1804 2810 potest,
1828 2777 1862 2801 ut
1876 2768 1929 2809 qui

1056 2806 1150 2839 seculi
1163 2808 1397 2854 *beatitudinem
1409 2834 1418 2849 ,
1435 2818 1530 2849 atque
1547 2812 1629 2842 adeo
1647 2810 1696 2842 sua
1712 2812 1796 2843 bona
1813 2809 1928 2843 intelli-

1052 2857 1192 2897 gant,1n
1209 2850 1366 2891 Principis
1382 2859 1446 2883 tam
1466 2852 1623 2891 salutaris,
1640 2860 1798 2893 tamquam
1816 2851 1928 2884 divini-

1054 2898 1104 2922 tus
1129 2890 1183 2922 fibi
1209 2892 1294 2930 dati,
1317 2893 1346 2924 &
1362 2902 1524 2931 amorem,
1549 2894 1580 2925 ὅ(
1596 2897 1834 2926 venerationem
1858 2900 1926 2924 non

1051 2933 1228 2972 rapiantur,
1252 2940 1349 2974 atque
1367 2935 1424 2966 illo
1442 2933 1472 2965 se
1496 2936 1609 2976 dignos
1630 2934 1684 2966 usu
1704 2935 1735 2966 ’ἀ
1750 2935 1842 2966 rebus
1858 2939 1926 2964 non

1051 2974 1241 3013 praebeant?
1263 2976 1332 3017 Age
1349 2986 1446 3014 vero,
1462 2975 1483 3008 ss
1498 2986 1562 3008 non
1579 2984 1686 3008 teneat
1704 2975 1827 3007 virtutis
1842 2975 1925 3004 viam

1052 3024 1122 3056 quae
1138 3016 1184 3048 est
1200 3027 1283 3048 verae
1312 3018 1442 3058 gloriae;
1466 3017 1519 3049 sed
1537 3019 1692 3050 malorum
1710 3016 1847 3056 optimus
1865 3012 1922 3053 fit,

1051 3057 1080 3088 ὅτ.
1092 3067 1266 3098 paucorum
1284 3060 1385 3090 exitio
1402 3059 1467 3099 ejus
1483 3058 1606 3090 ferocia
1623 3056 1837 3089 consumatur:
1859 3062 1922 3085 nec

1052 3100 1156 3131 adhuc
1173 3099 1268 3131 facile
1285 3098 1314 3131 se
1328 3110 1371 3132 eo
1387 3103 1525 3132 moverit
1549 3099 1706 3139 Populus,
1729 3104 1763 3126 ut
1777 3104 1852 3126 eum
1869 3103 1924 3125 co-

1051 3144 1179 3180 erceat,
1203 3141 1259 3173 etfi
1282 3150 1478 3173 merentem:
1499 3141 1562 3172 five
1578 3139 1704 3179 ingenio
1719 3137 1861 3168 humanae
1878 3136 1926 3167 in·

1051 3182 1210 3216 firmitatis
1235 3192 1301 3224 quo
1326 3182 1461 3216 tardiora
1484 3179 1721 3217 suntrcmcdia,
1745 3187 1837 3219 quam
1858 3185 1923 3250 tpa-

1881 3226 1917 3250 a:
