2036 3495
535 78 599 114 An
625 77 716 112 Lin.
745 75 862 113 XVH.
898 76 1000 113 Tir.
1029 73 1055 113 Ι.
1084 75 1240 112 Mandati
1256 77 1309 112 ‘ael
1321 83 1438 113 contra.

79 169 174 204 tercst
191 169 394 209 mandatarii,
418 169 570 210 quadeu
589 178 650 207 res>
663 166 786 208 integi-a
803 167 866 206 est,
891 175 906 198 a
924 167 953 199 se

79 213 206 254 impleri
232 214 434 251 mandatum;
457 211 477 243 fi
495 210 624 243 id'nolit
639 209 831 254 mandator?
854 210 950 254 quin,

77 254 100 287 fi
125 265 191 287 rem
214 263 378 295 putainus3
401 253 499 293 magis
524 252 609 284 utilis
632 250 746 295 eici-it
770 258 952 281 revocatio:

79 306 140 338 qua
159 297 308 329 liberatur
325 305 341 326 a
367 294 550 327 necestitate
573 300 668 334 gratis
691 291 844 331 implendi
865 301 951 323 man-

78 339 153 369 dati.
177 338 261 369 reste
273 338 367 377 igitur
378 336 517 378 placuit,
535 334 716 366 mandatum
728 332 816 374 polle
832 343 848 363 a
865 342 952 365 inan-

80 383 211 418 datore,
235 378 382 419 quamdiu
409 386 458 408 res
475 376 596 416 integra
617 374 682 413 cst,
706 374 872 414 revocari,
897 374 952 405 eti-

78 430 128 452 am
146 421 248 452 invito
267 418 470 452 mandatario.
487 417 514 459 §.
533 426 562 453 9.
585 414 658 457 [nst.
675 417 702 447 h.
722 422 742 448 t.
834 457 839 462 .
879 457 885 462 j

119 462 194 494 Non
215 462 315 493 minus
342 461 472 492 solvitur
498 458 681 489 mandatum
708 466 953 489 rennueiatione

78 503 282 536 mandatarii:
308 502 406 533 modo
423 500 530 541 (quod
558 498 707 530 observat
724 500 839 531 Paulus
858 499 879 529 l.
900 508 951 531 22.

77 545 106 587 ᾗ,
124 555 175 576 xi.
195 547 221 576 h.
238 546 280 583 t.)
295 543 330 575 sit
348 540 550 581 tempestiva:
575 541 676 582 qualis
699 540 762 579 est,
788 540 808 573 fi
825 540 951 572 manda-

79 585 142 618 tori
161 587 265 617 adliuc
282 586 402 624 integra
418 582 454 614 fit
474 581 614 623 potestas
641 584 787 615 eamdem
815 591 881 614 rem
898 581 951 612 vel

77 637 136 670 per
147 627 176 658 se
188 628 237 658 vel
248 635 303 666 per
318 626 411 657 alium
422 648 430 663 ,
444 624 637 664 explicandi.
655 625 742 665 quod
755 623 821 655 fica
833 632 896 654 non
915 622 953 654 sit

77 667 252 701 mandatori
263 665 621 707 integratintempestiva
630 666 830 698 renunciatio
840 665 951 705 appel-

78 712 168 743 latur.
181 709 249 740 baec
266 718 344 739 vero
363 707 384 739 fi
402 709 612 747 interveniat3
630 717 694 739 non
711 716 775 749 agit
792 708 876 738 bona
887 706 951 738 fide

77 751 287 784 mandatarius
298 760 307 789 3
320 750 552 788 mandatorem,
565 749 651 790 quod
664 758 727 780 nou
737 748 950 789 oportet,spe-

76 793 127 825 cie
143 791 288 824 amicitiae
308 791 482 831 decipiens.
499 793 559 822 erit
577 793 671 832 igitur
687 790 803 822 actioni
824 792 949 822 manda-

77 836 100 866 ti
119 835 220 866 locus.
238 833 288 864 illa
306 833 325 864 si
342 834 479 871 incidat,
495 832 591 864 ceffat
609 833 746 863 mandati
762 832 863 863 aetio:
880 831 952 871 quia

77 876 155 908 nihil
189 874 226 907 fit
258 874 406 907 adversus
438 874 557 906 bonam
583 873 704 914 fidem3
736 883 796 905 nec
820 871 952 904 interest

75 918 290 955 mandatoris,
320 918 373 956 qui
400 925 490 956 aeque
513 914 615 956 potest
640 924 697 956 per
724 916 818 947 aliurn
846 914 954 945 facere

76 960 165 1000 quod
193 957 372 999 speraverat
394 957 502 989 facere
526 967 582 999 pei·
606 958 845 989 mandatarium.
871 956 954 994 Sed,

78 1010 114 1031 ut
138 999 222 1038 dixi,
248 999 370 1039 specale
391 999 440 1040 jus
465 999 508 1032 est
536 998 695 1037 mandati,
720 997 953 1040 profimscentis

78 1043 118 1074 ab
137 1042 266 1073 officio:
290 1042 378 1082 cujus
404 1041 472 1072 baec
499 1041 543 1072 est
568 1041 737 1079 conditio;
761 1048 794 1071 ut
824 1047 953 1079 putetur

78 1093 188 1115 natura
205 1092 329 1123 aequum
346 1081 425 1117 effe,
450 1082 569 1114 tamdiu
595 1091 627 1113 te
652 1090 721 1113 mea
746 1081 790 1112 uti
818 1080 953 1112 liberali-

78 1134 164 1158 tate,
187 1126 335 1165 quamdiu
353 1123 467 1156 velimt
491 1124 521 1155 ἂ
549 1123 569 1155 si
594 1130 716 1159 mutem
733 1123 951 1160 voluntatem,

77 1167 156 1198 milii
172 1167 222 1207 jus
249 1165 310 1197 effe
335 1166 475 1197 mutandi
501 1165 519 1195 l.
546 1176 575 1197 2.
593 1165 613 1196 l.
636 1174 680 1196 12.
700 1164 743 1195 D.
760 1166 793 1194 de
804 1165 953 1204 precario:

79 1217 201 1239 tantuin
220 1217 259 1239 ne
276 1217 385 1248 agam,
410 1216 445 1238 ut
466 1207 519 1238 sub
548 1214 711 1248 praetextu
738 1205 887 1237 beneficii
908 1213 953 1235 at-

78 1260 142 1290 quc
162 1249 307 1280 amicitiae
323 1258 457 1280 noceam
483 1249 537 1280 tibi
564 1248 583 1280 l.
609 1257 656 1288 17.
678 1247 707 1288 §.
725 1257 754 1288 3.
771 1247 812 1278 D.
828 1247 951 1277 Commo-

78 1293 151 1322 datz'.
178 1292 273 1322 Plane
297 1290 316 1321 fi
343 1290 423 1330 justa
448 1291 566 1321 incidat
587 1288 676 1320 causa
691 1297 824 1319 autnon
841 1297 952 1333 renun-

78 1333 182 1363 ciandi
201 1333 370 1369 mandato,
388 1330 714 1369 auteiintempestive
725 1329 953 1360 renunciandi:

75 1374 178 1405 adhuc
198 1374 389 1404 audiendum
408 1372 468 1403 effe
486 1374 540 1412 qui
567 1380 635 1402 earn
654 1371 788 1412 alleget,
812 1370 953 1410 justinia-

75 1425 135 1447 nus
153 1415 259 1446 censet
275 1413 303 1455 §.
326 1422 370 1445 11.
397 1412 470 1453 lust.
497 1414 524 1444 b.
548 1419 570 1445 τ.
594 1413 624 1444 &
653 1411 751 1451 Gaius
770 1413 789 1443 l.
810 1422 858 1452 27.
876 1411 903 1453 §.
924 1421 952 1442 2.

75 1456 104 1488 h.
124 1463 144 1487 ε.
160 1455 258 1487 Tales
275 1458 373 1486 causae
397 1454 662 1495 Hermogeniano
687 1454 714 1484 (St
740 1453 838 1485 Paulo
863 1453 881 1485 l.
902 1463 951 1485 22.

77 1507 126 1538 23.
147 1498 196 1537 2'4.
214 1497 251 1531 &
269 1506 319 1538 25.
335 1497 361 1528 b.
377 1502 397 1527 t.
422 1496 510 1533 sunt3
534 1495 556 1527 fi
579 1494 770 1527 valetudinis
793 1494 951 1532 adversae,

77 1539 131 1569 vel
149 1538 333 1577 capitalium
354 1537 610 1575 inimicitiarum,
634 1535 686 1567 seu
709 1537 753 1567 ob
781 1538 889 1567 inanes
909 1537 952 1567 rei

78 1579 233 1617 aulones,
244 1578 296 1609 seu
307 1579 349 1608 ob
360 1578 448 1610 aliam
461 1577 569 1617 justam
580 1577 714 1616 causam,
731 1576 952 1609 excusationes

82 1621 210 1661 alleget.
233 1619 320 1651 Pauli
333 1620 423 1650 locus
435 1620 482 1649 lib.
500 1629 528 1651 2.
545 1620 672 1652 Sement.
685 1621 730 1650 tir.
744 1618 829 1660 15.§.
848 1628 874 1650 1.
894 1619 952 1650 liae

81 1663 189 1692 editui·
205 1659 318 1692 forma.
344 1661 390 1692 Ob
408 1661 532 1697 subitam
548 1661 761 1698 valetudinem,
785 1665 817 1691 ob
833 1660 951 1700 neceffa·

80 1703 158 1734 riam
170 1703 447 1743 peregi'irzatz'uneiii,
474 1704 506 1733 ob
523 1702 727 1740 inimicitiam,
751 1701 786 1736 ὅ)
803 1704 903 1733 inanes
916 1703 956 1732 rei

80 1743 207 1775 ἀἑῖῐοηες
224 1745 336 1783 integra
352 1744 448 1774 adhuc
463 1744 830 1784 causei‚manalaiz‘negoii‘o
846 1753 953 1774 renun-

81 1786 153 1816 tiari
166 1783 263 1826 potest.
286 1786 347 1816 §ed
365 1785 552 1827 legendum:
576 1784 729 1818 &inanes
753 1782 795 1816 'rei
812 1785 952 1824 nexiones,

81 1835 138 1858 aut
165 1829 281 1866 integra
306 1827 401 1858 adbuc
426 1827 522 1864 causa.
548 1826 709 1858 Caeterum
732 1827 865 1867 aequitas
885 1836 955 1868 quae

81 1869 115 1900 in
134 1868 182 1899 his
201 1868 245 1900 est
264 1867 377 1906 causis,
395 1869 524 1900 minime
542 1869 730 1909 negligenda
753 1868 808 1900 est.
826 1870 892 1900 imo
912 1867 957 1900 est

85 1909 181 1950 digna
199 1919 238 1941 ex
254 1909 393 1949 profcsso
413 1909 571 1942 illustrari:
595 1909 740 1950 fecitque
761 1911 791 1941 id
809 1910 956 1951 pulcher-

80 1951 162 1982 rime
179 1950 300 1981 Seneca
312 1951 360 1982 lih.
378 1960 407 1990 4.
423 1952 456 1982 de
474 1951 588 1990 benefic.
607 1961 630 1981 c.
647 1961 696 1991 33.
708 1950 745 1986 ὅ)
760 1952 952 1991 sequentibus.

80 1991 315 2031 Adscripfiil'cm
344 1992 468 2031 locum,
493 1992 548 2024 nisi
574 1993 726 2032 prolixior
747 1993 834 2025 effer.
859 2002 893 2026 tu
909 1995 954 2034 ip-

79 2033 147 2064 sum
167 2033 257 2065 vide:
281 2033 311 2064 &
329 2042 428 2074 puto,
452 2034 603 2074 placebit.

122 2073 280 2106 Praeterea
297 2073 404 2106 finitur
429 2077 611 2107 mandatum
632 2084 737 2108 morte
759 2075 954 2108 mandatarii.

81 2124 145 2148 nec
163 2124 268 2147 tamen
289 2115 538 2148 dissimulandum
551 2141 561 2155 ,
586 2117 647 2149 effe
674 2119 727 2149 hic
747 2118 830 2150 aliud
849 2118 957 2149 strit‘to

79 2158 172 2200 jure,
204 2158 234 2188 id
260 2157 323 2195 est,
354 2159 459 2199 regula
485 2159 577 2198 juris,
608 2160 692 2191 aliud
715 2160 861 2192 adversus
887 2169 957 2191 cain

82 2198 214 2239 publica
231 2197 367 2230 utilitate
385 2209 562 2239 receptum.
589 2200 641 2233 sed
668 2201 732 2232 hoc
750 2201 956 2241 ajustiniano

85 2241 236 2286 traditum
256 2240 285 2281 §.
310 2249 356 2271 io.
377 2239 449 2281 Inst.
466 2243 493 2272 h.
518 2250 539 2273 ι.
564 2251 625 2273 nec
652 2242 749 2274 habet
767 2245 956 2283 interpreta-

84 2289 175 2312 tione
192 2291 283 2320 opus.
309 2281 383 2313 Non
410 2283 514 2313 minus
533 2284 656 2315 tollitur
678 2288 858 2315 mandatum
875 2294 957 2316 mor-

83 2330 117 2354 te
126 2323 338 2354 mandatoris:
354 2322 566 2364 sisimpliciter
584 2325 618 2356 sit
636 2325 844 2356 contratstum.
861 2326 958 2364 quid,

83 2364 105 2397 Ii
116 2364 304 2395 nominatim
316 2365 556 2404 fitconceptum
567 2365 636 2404 post
647 2374 783 2398 mortem
798 2367 961 2398 mandato·

84 2406 153 2437 ris?
172 2406 226 2437 hic
242 2405 364 2437 haerent
377 2405 554 2439 Doctiffimi
567 2406 646 2438 Viri.
666 2408 744 2439 inihi
760 2409 835 2448 quid
854 2408 960 2440 videa-

84 2455 136 2478 tur
147 2447 259 2479 tradidi
277 2448 322 2479 lib.
334 2458 362 2478 2.
375 2449 496 2484 Observ.
506 2459 530 2479 c.
543 2458 568 2480 1.
580 2448 696 2490 &²qu
708 2458 767 2480 nec
778 2458 837 2490 ago
847 2449 961 2481 actum.

126 2486 222 2519 Nunc
239 2490 277 2521 de
294 2489 419 2521 aftione
437 2490 617 2523 [metemus.
642 2500 685 2521 ait
702 2490 841 2529 Praetor,
868 2492 919 2521 De
933 2500 961 2522 eo

80 2528 229 2571 judicium
243 2532 323 2561 dubo.
350 2530 402 2562 Est
428 2532 522 2572 igitur
548 2533 731 2563 mandatum
749 2532 845 2563 civile
861 2542 960 2573 nego-

85 2577 185 2600 tium:
208 2580 247 2601 ex
265 2580 328 2610 quo
346 2572 481 2603 nascitur
502 2572 583 2604 actio
602 2575 738 2604 mandati
758 2574 897 2612 duplex:
915 2573 956 2604 di·

86 2610 174 2642 retra
186 2611 215 2642 ἃ
231 2614 407 2652 contraria3
426 2614 620 2645 monstrante
640 2614 793 2652 Robrica,
812 2617 960 2647 Mandaei

87 2652 256 2684 veli-oiitra.
281 2661 412 2694 utraque
429 2655 626 2695 bonaefidci,
643 2666 683 2687 ex
702 2665 811 2687 natura
829 2666 955 2688 contra-

90 2694 158 2739 §lus
171 2694 210 2724 ab
221 2695 467 2734 utroquelatei·e
484 2698 683 2738 obligatorii.
704 2697 746 2729 ita
758 2707 892 2738 utraque
908 2708 961 2739 pe-

86 2743 165 2766 titur
184 2735 272 2775 quod
290 2735 423 2767 alterum
439 2738 528 2769 alteri
546 2749 587 2770 ex
606 2740 694 2771 bono
723 2740 753 2771 δι
771 2749 864 2779 aequo
885 2749 961 2781 prae-

87 2775 168 2822 stare
184 2785 312 2815 oportet
331 2775 359 2818 §
377 2778 430 2808 ult.
448 2777 567 2823 Inst3cle
590 2782 674 2822 oblig.
691 2792 728 2813 ex
745 2786 889 2821 consensu.
909 2779 960 2812 Ui-

85 2817 231 2859 pianus§
262 2819 315 2856 ,μί
346 2819 437 2863 29.,Ι].
454 2826 475 2850 t.
501 2829 562 2858 ait,
586 2822 616 2853 in
639 2822 701 2854 hoc
725 2823 890 2854 comi-aori
913 2822 963 2863 agi

88 2859 130 2904 de
149 2857 211 2890 fide
229 2860 328 2904 bona:
352 2868 401 2890 cui
424 2870 487 2891 non
508 2863 653 2902 congruit
670 2865 710 2895 de
726 2864 870 2904 apicibus
887 2865 963 2904 juris

88 2901 260 2940 disputare.
276 2900 308 2932 id
325 2911 402 2932 vei-o
419 2903 496 2940 quid
513 2903 675 2945 designet,
690 2907 828 2947 exponit
843 2906 959 2937 Radiil-

84 2942 170 3014 Elius
191 2940 357 2973 For-nerins
377 2943 415 2973 V.
443 2942 502 2974 CL.
527 2944 573 2975 lib.
592 2955 622 2985 4.
646 2946 713 2978 Rer.
738 2949 849 2988 quorid.
869 2958 891 2978 c.
914 2957 959 2984 19.

115 2993 175 3014 rior
194 2983 331 3015 mandati
349 2983 429 3015 attio
447 2984 492 3016 est
509 2985 644 3019 directa:
667 2998 769 3027 eaque
786 2990 818 3021 in
834 2990 960 3021 rubrica

85 3026 225 3056 mandati
245 3035 300 3065 per
318 3026 541 3058 excellentiam
567 3038 714 3061 vocatur:
739 3031 811 3070 quia
832 3031 959 3061 manda—

84 3073 137 3097 tor
148 3066 233 3097 baca
249 3067 444 3098 mandatario
456 3069 538 3107 petit
549 3071 632 3108 quod
644 3072 673 3102 in
684 3073 866 3103 mandatum
878 3072 961 3112 prin·

86 3108 233 3147 cipaliter
248 3108 426 3141 deducitur.
445 3109 477 3140 id
493 3110 610 3149 quale?
631 3120 692 3143 uta
704 3112 957 3145 mandatarioof—

83 3148 192 3195 ficium
204 3151 288 3189 quod
299 3149 623 3192 suscepit.impleatui·.
634 3154 716 3186 hanc
727 3154 811 3186 enim
823 3155 958 3188 mandati

87 3191 316 3232 obligationem
329 3191 409 3234 ess'e,
422 3192 512 3237 supra
528 3194 637 3229 docui.
649 3195 743 3239 quid,
755 3195 776 3229 ii
791 3195 908 3238 cenet,
926 3196 960 3232 id

1811 82 1879 117 293

997 167 1150 208 implere,
1169 174 1223 199 aut
1232 167 1340 200 nolit?
1356 166 1419 207 Jam
1435 169 1582 207 cogetur.
1593 169 1657 210 quo
1666 160 1878 210 modo?prae-

996 208 1128 240 statione
1138 208 1206 250 ejus
1222 211 1311 249 quod
1327 206 1458 241 interest
1477 206 1692 244 mandatoris,
1708 206 1877 244 impletum

996 250 1059 281 effe
1077 252 1262 282 mandatum
1279 252 1297 282 l.
1310 250 1394 292 27.§.
1405 260 1431 282 2.
1441 250 1470 281 h.
1479 255 1500 281 t.
1510 248 1528 279 l.
1540 252 1589 281 28.
1600 245 1640 278 D.
1651 247 1684 277 de
1692 253 1786 287 negot.
1798 244 1872 287 gest.

997 300 1030 321 ut
1048 292 1078 322 in
1100 291 1249 324 omnibus
1268 291 1409 323 faciendi
1425 287 1677 331 obligationibus
1693 288 1876 325 observari,

999 332 1107 365 Celsus
1121 334 1163 364 ait
1179 333 1198 364 l.
1222 342 1268 374 13.
1284 333 1314 374 §.
1338 343 1361 364 i.
1381 332 1422 363 D.
1440 335 1473 362 de
1489 341 1518 362 re
1532 332 1628 372 judic.
1644 330 1763 362 summa
1779 329 1875 370 igitur

996 374 1066 405 haec
1093 374 1160 406 est:
1183 374 1335 413 (auctiore
1367 373 1505 414 Ulpiano
1526 374 1545 403 l.
1574 377 1604 407 8.
1628 371 1657 414 §.
1680 375 1711 403 6.
1735 372 1763 403 h.
1780 374 1823 411 z.)
1838 378 1875 401 ut

995 415 1230 447 mandatiattio
1241 424 1318 446 tunc
1333 423 1518 455 competat,
1534 424 1607 446 cum
1622 415 1723 454 coepit
1739 421 1875 445 interes·

995 456 1025 487 se
1040 456 1108 496 ejus
1126 458 1179 497 qui
1200 457 1370 488 mandavit.
1395 465 1567 494 caeterum,
1589 455 1609 487 fi
1627 456 1707 487 nihil
1722 453 1874 493 interest,

996 497 1094 529 cesset
1105 497 1246 529 mandati
1263 497 1363 530 affio:
1392 499 1420 528 ἃ
1438 506 1571 528 eatenus
1589 505 1776 537 competat,
1798 505 1877 536 qua-

997 547 1091 571 tenus
1110 538 1251 579 intercst.
1270 540 1455 579 exemplum
1475 538 1557 569 talc:
1577 537 1728 570 Mandavi
1745 538 1821 574 tibi,
1838 544 1876 569 ut

994 581 1130 613 fundum
1144 590 1289 612 emeres:
1305 580 1324 612 si
1343 583 1495 612 intererat
1512 589 1583 610 mea
1600 580 1661 611 emi
1673 602 1682 618 ,
1702 579 1876 611 teneberis.

996 624 1083 664 quod
1101 622 1120 654 fi
1138 624 1288 654 cumdem
1305 622 1440 654 fundum
1459 630 1521 661 ego
1538 620 1602 661 ipse
1619 621 1703 659 emi,
1727 621 1779 652 vel
1795 621 1875 653 alius

995 662 1093 702 mihi,
1117 673 1223 704 neque
1241 663 1371 696 interest
1390 664 1530 704 aliquid,
1554 663 1650 693 cellar
1666 663 1807 694 mandati
1825 670 1876 693 ac-

996 704 1052 737 tio.
1077 704 1131 737 Est
1148 705 1178 736 ἃ
1195 706 1329 737 alterum
1347 706 1532 745 exemplum
1547 717 1555 736 :
1572 704 1741 742 Mandavi,
1768 712 1801 734 ut
1818 713 1877 735 ne-

996 746 1081 789 gotia
1098 756 1243 788 gereres:
1267 746 1286 779 fi
1307 748 1385 779 nihil
1403 747 1594 788 deperierit,
1614 745 1760 786 quamvis
1777 753 1877 777 nemo

996 788 1145 830 gesserim
1168 797 1222 819 aut
1240 788 1259 820 fi
1279 790 1358 821 alius
1382 790 1502 820 idonee
1529 787 1676 830 gosserit,
1701 786 1797 831 ceilat
1823 795 1879 817 ac-

997 832 1054 861 tio.
1087 830 1140 861 Sic
1167 830 1340 870 Ulpianus;
1371 831 1400 861 δι
1425 830 1531 869 addit,
1554 839 1583 861 in
1614 829 1776 874 similibus
1791 829 1878 860 idem

997 871 1071 903 fore
1098 871 1312 911 probandum.
1339 871 1448 903 Habes
1470 881 1565 903 unam
1589 871 1723 903 actionis
1747 870 1878 901 dii-ettae

997 911 1133 944 causam.
1161 912 1242 954 Quae
1266 914 1390 944 altera?
1421 922 1455 943 ut
1481 912 1692 945 mandatarius
1720 912 1878 952 quidquid

999 954 1168 986 occasione
1185 956 1325 986 mandati
1342 955 1543 995 perceperit,
1560 954 1736 986 mandatori
1754 953 1881 985 restitu-

998 1005 1039 1027 at.
1057 1006 1127 1027 nam
1146 997 1195 1027 vel
1213 995 1278 1027 hoc
1297 995 1359 1027 effe
1378 999 1470 1027 boriae
1481 994 1555 1027 fidei
1568 996 1787 1037 consequen8‚
1805 996 1877 1036 quis

997 1048 1064 1070 non
1087 1037 1203 1069 videt?
1234 1039 1277 1069 ita
1304 1046 1432 1069 tenetur
1460 1047 1670 1078 procurator,
1693 1037 1715 1069 fi
1739 1036 1878 1069 fundum

998 1089 1040 1111 ex
1073 1080 1227 1110 mandatu
1258 1080 1373 1111 emerit
1386 1103 1396 1119 ,
1428 1088 1544 1119 praeter
1567 1079 1723 1118 fundum,
1753 1077 1879 1110 fructus

999 1130 1130 1161 quoque
1141 1129 1223 1160 quos
1241 1120 1435 1153 consecutus
1452 1122 1517 1160 est,
1534 1121 1645 1153 officio
1660 1119 1781 1161 Judicis
1801 1129 1880 1161 prae-

997 1162 1078 1194 stare
1094 1163 1112 1192 l.
1136 1171 1180 1194 10.
1198 1161 1226 1204 §.
1245 1173 1272 1193 2.
1293 1163 1321 1194 h.
1339 1170 1361 1195 t.
1380 1172 1414 1194 ut
1439 1171 1546 1194 tamen
1573 1164 1723 1195 dominus
1744 1170 1812 1193 tum
1828 1171 1880 1193 re-

992 1205 1181 1245 'putationes
1201 1205 1338 1243 patiatur
1353 1205 1381 1235 d.
1407 1204 1427 1236 l.
1455 1214 1502 1236 10.
1518 1204 1581 1246 §.9
1610 1204 1693 1244 Sed,
1718 1211 1753 1235 ut
1769 1204 1831 1235 hoc
1846 1212 1879 1235 a·

997 1256 1067 1286 gam
1080 1269 1089 1284 ,
1116 1244 1227 1277 Paulus
1243 1246 1262 1276 l.
1280 1255 1330 1278 2ο.
1351 1247 1379 1276 h.
1395 1252 1417 1277 t.
1445 1246 1496 1277 Ex
1513 1247 1684 1282 mandato,
1709 1246 1811 1285 inquit
1823 1269 1832 1284 ‚
1849 1255 1879 1276 a—

997 1288 1063 1328 pud
1081 1296 1154 1318 eum
1174 1287 1226 1327 qui
1247 1287 1429 1318 mandatum
1450 1287 1602 1328 suscepit,
1619 1286 1694 1318 nihil
1713 1296 1879 1318 remanere

998 1337 1138 1369 oportet.
1171 1327 1207 1360 Id
1229 1338 1306 1360 vero
1323 1328 1364 1360 fic
1381 1330 1623 1368 accipiendum:
1648 1337 1682 1359 ut
1699 1337 1761 1360 non
1780 1331 1879 1360 modo

998 1377 1151 1410 oporteat
1171 1379 1245 1401 eum
1271 1373 1359 1411 quod
1385 1380 1425 1401 ex
1452 1372 1603 1402 mandato
1619 1371 1769 1410 accepit,
1793 1370 1880 1401 resti-

998 1419 1107 1448 tuere,
1124 1411 1176 1442 sed
1196 1412 1311 1449 etiam,
1335 1412 1444 1451 siquid
1462 1412 1525 1443 sine
1543 1412 1693 1443 mandato
1706 1436 1714 1449 ‚
1733 1412 1880 1443 velcon·

999 1462 1044 1483 tra
1064 1454 1264 1491 mandatum,
1277 1461 1421 1492 accepit,
1433 1454 1608 1493 qualiquali
1628 1454 1769 1485 mandati
1786 1463 1879 1484 occa-

997 1494 1091 1526 sione.
1129 1493 1245 1534 Gaium
1262 1495 1334 1525 audi
1353 1496 1371 1525 l.
1390 1498 1440 1534 46.
1460 1495 1489 1535 §.
1505 1505 1535 1533 4.
1559 1495 1599 1525 D.
1621 1496 1654 1525 tle
1666 1496 1880 1535 procuratorih„

997 1537 1095 1566 verba
1120 1534 1202 1575 Gaji.
1231 1535 1444 1574 Procurator,
1469 1544 1504 1567 ut
1528 1536 1558 1566 in
1585 1537 1710 1567 caeteris
1737 1535 1882 1577 negotiis

996 1578 1165 1618 gerendis,
1192 1580 1234 1608 ita
1250 1577 1280 1609 δι
1300 1578 1330 1608 in
1348 1577 1456 1609 litibus
1475 1587 1514 1608 ex
1534 1577 1620 1609 bona
1637 1577 1702 1608 fide
1718 1578 1883 1610 rationem

997 1619 1132 1650 reddere
1160 1619 1268 1650 debet.
1294 1619 1401 1654 itaque
1427 1620 1516 1658 quod
1540 1628 1580 1650 ex
1605 1617 1660 1649 lite
1684 1618 1883 1650 consecutus

1000 1662 1081 1699 erit,
1105 1660 1168 1692 sive
1195 1660 1414 1700 principaliter
1439 1659 1532 1701 ipsius
1563 1659 1606 1692 rei
1636 1662 1784 1699 nomine,
1816 1660 1886 1693 sive

1000 1702 1197 1734 extrinsecus
1216 1702 1260 1732 ob
1279 1712 1348 1734 eam
1368 1711 1454 1741 rem3
1479 1702 1577 1733 debet
1602 1703 1740 1733 mandati
1757 1702 1883 1742 judicio

999 1743 1184 1775 restituere:
1208 1753 1310 1784 usque
1329 1744 1429 1782 adeo,
1454 1752 1489 1774 ut
1508 1744 1538 1775 ἃ
1555 1744 1574 1775 si
1594 1753 1651 1784 per
1668 1753 1808 1775 errorem
1825 1751 1885 1777 auc

1000 1795 1057 1826 per
1074 1784 1348 1826 injuriam-iudicis
1360 1795 1424 1816 non
1437 1786 1582 1817 debitum
1599 1785 1790 1817 consecutus
1808 1784 1885 1817 fue-

1000 1827 1061 1865 i’it3
1095 1828 1126 1858 id
1161 1836 1292 1867 quoque
1325 1827 1458 1859 reddere
1490 1829 1616 1858 debeat.
1653 1827 1753 1858 Simili
1778 1827 1883 1859 modo

1001 1867 1156 1907 Ulpianus
1172 1869 1192 1899 l.
1215 1878 1261 1900 10.
1275 1868 1304 1911 §
1323 1873 1351 1903 8.
1370 1870 1398 1901 b.
1415 1875 1435 1899 ι.
1456 1870 1519 1907 ait,
1542 1869 1572 1900 Si
1593 1870 1786 1901 mandavero
1806 1878 1889 1908 pro-

1001 1910 1140 1941 curatori
1158 1920 1252 1949 me0,
1276 1918 1310 1941 ut
1328 1909 1419 1941 Titio
1444 1911 1612 1951 pecuniam
1638 1919 1740 1942 ineam
1768 1910 1883 1942 credat

1000 1951 1063 1983 sine
1080 1952 1174 1983 usuris
1186 1976 1194 1989 ‚
1212 1952 1303 1992 isque
1320 1961 1384 1984 non
1396 1952 1458 1984 fine
1477 1952 1573 1984 usui-is
1584 1951 1777 1991 crediderit;
1795 1961 1885 1992 quae-

1000 1993 1045 2032 ri,
1069 2003 1108 2025 an
1136 1995 1231 2025 etiarn
1262 1993 1365 2024 usuras
1394 1994 1472 2025 mihi
1503 1994 1669 2026 restituere
1694 1996 1820 2025 debeat.
1849 1993 1885 2026 Gt:

1000 2034 1191 2067 Labeonem
1217 2035 1374 2074 scribere,
1405 2035 1573 2067 restituere
1596 2045 1670 2067 eum
1695 2045 1885 2075 oportere,¹

1001 2076 1120 2108 etiamsi
1139 2077 1373 2114 mandaverim,
1398 2086 1432 2108 ut
1447 2078 1617 2119 gratuitam
1640 2079 1808 2117 pecuniam
1829 2077 1886 2109 da-

1000 2125 1067 2150 ret:
1092 2119 1180 2159 quia,
1207 2125 1240 2149 ut
1259 2128 1329 2150 mea
1352 2118 1417 2150 fert
1441 2120 1569 2160 opinio,
1593 2119 1687 2150 botiae
1712 2118 1788 2151 fidei
1803 2128 1883 2150 cou-

999 2161 1103 2201 gruit,
1126 2170 1166 2191 ne
1187 2161 1227 2190 de
1244 2160 1350 2191 alieno
1372 2161 1490 2192 lucrum
1513 2160 1633 2193 sentiat.
1660 2161 1701 2192 sic
1720 2162 1804 2192 idem
1823 2159 1887 2191 Ul-

1001 2204 1112 2242 pianus
1129 2202 1156 2232 d.
1173 2202 1191 2232 l.
1205 2211 1251 2233 10.
1273 2201 1342 2243 §.3.
1368 2202 1421 2243 qui
1441 2204 1530 2234 locus
1549 2202 1593 2234 est
1613 2204 1759 2241 laxatus,
1784 2211 1885 2234 traus-

1002 2244 1112 2283 politis
1131 2243 1318 2281 Quibusdam
1339 2244 1466 2276 verbis:
1491 2254 1563 2285 quae
1582 2244 1700 2275 restitui
1720 2245 1758 2274 lib
1787 2254 1813 2276 2.
1834 2242 1887 2275 De

995 2286 1104 2324 faeizor.
1123 2284 1160 2318 {9⁹
1177 2289 1257 2320 usur.
1276 2295 1300 2316 c.
1317 2294 1345 2323 5.
1364 2285 1444 2317 Illud
1461 2286 1574 2326 quale,
1600 2286 1688 2326 quod
1712 2285 1742 2316 in
1759 2287 1786 2316 ci.
1805 2285 1833 2327 §.
1847 2289 1883 2319 8-

1002 2327 1023 2356 ι,
1047 2335 1093 2357 io.
1112 2334 1203 2356 notat
1223 2325 1394 2366 Ulpianus,
1420 2336 1680 2366 procuratorem,
1698 2327 1718 2358 fi
1736 2326 1882 2367 periculo

1004 2367 1059 2399 suo
1076 2366 1196 2398 domini
1223 2368 1392 2408 pecuniam
1419 2368 1601 2400 credidiffet
1629 2369 1691 2400 fine
1708 2370 1882 2407 mandat0;

1005 2418 1046 2440 ex
1063 2408 1218 2439 sententia
1244 2408 1405 2441 Labeonis
1424 2409 1541 2441 cessare
1559 2410 1588 2441 in
1607 2410 1704 2442 usuris
1722 2409 1884 2442 actionem

1005 2449 1172 2481 mandati?
1198 2449 1365 2482 Hiclocus
1385 2450 1431 2482 est
1454 2451 1672 2484 difficillimus:
1695 2451 1746 2483 sed
1767 2453 1883 2484 videor

1006 2490 1104 2529 mihi,
1129 2487 1204 2522 euin*
1217 2490 1358 2523 feliciter
1382 2492 1568 2532 explicuisse
1592 2494 1639 2525 lib.
1660 2503 1684 2526 1.
1704 2492 1776 2524 dieii
1791 2496 1884 2534 operis

1005 2543 1030 2563 c.
1049 2536 1077 2566 8.
1102 2530 1261 2577 Occurrit
1283 2533 1337 2564 hic
1355 2533 1383 2564 &
1410 2534 1460 2565 illa
1485 2534 1638 2574 quaestio,
1662 2535 1680 2566 fi
1695 2543 1884 2575 procurato-

1005 2583 1072 2605 rem
1092 2574 1231 2612 dederO,
1255 2583 1346 2615 isque
1362 2575 1439 2606 mihi
1460 2586 1523 2607 non
1543 2578 1655 2608 reddat
1671 2575 1885 2608 instrumenta

1004 2613 1124 2647 causae:
1149 2625 1187 2646 an
1215 2623 1362 2647 teneatur
1386 2617 1525 2649 mandati
1548 2618 1704 2650 afflone?
1735 2620 1764 2649 <St
1790 2624 1884 2659 putat

1005 2655 1133 2689 Labeo:
1150 2657 1206 2688 etfi
1223 2658 1292 2689 aliis
1311 2658 1493 2698 videretur,
1510 2664 1607 2701 magis
1624 2668 1810 2701 competere
1825 2661 1885 2689 de-

1005 2698 1094 2738 positi
1114 2697 1293 2738 actionem,
1319 2700 1404 2739 quasi
1423 2701 1494 2732 data
1514 2701 1571 2733 sint
1587 2701 1804 2733 custodienda.
1827 2700 1883 2731 sed

1005 2740 1075 2771 haec
1100 2740 1253 2771 sententia
1278 2741 1421 2774 Labeoni
1445 2743 1608 2783 displicet:
1640 2744 1775 2779 merito;
1806 2740 1883 2780 quia

1006 2781 1192 2822 principalis
1207 2780 1270 2813 fuit
1288 2784 1426 2815 mandati
1449 2783 1538 2816 causa
1557 2809 1566 2822 ‚
1591 2786 1700 2825 utique
1718 2784 1756 2814 ab
1774 2783 1883 2813 initio:

1008 2823 1038 2854 <St
1059 2825 1205 2861 quamvis
1220 2824 1250 2854 in
1271 2823 1354 2856 hanc
1377 2826 1490 2857 incidit
1506 2826 1666 2863 custodia,
1691 2825 1881 2855 intuendum

1009 2873 1114 2895 tamen
1135 2863 1180 2896 est
1195 2866 1330 2898 initium.
1355 2876 1419 2908 quo
1435 2867 1509 2899 data
1526 2865 1723 2908 procuratori
1742 2864 1810 2895 l'unt
1831 2867 1883 2897 in-

1003 2906 1197 2939 strumenta:
1222 2915 1255 2937 ut
1274 2907 1406 2940 liaberet
1425 2910 1541 2949 quibus
1569 2908 1689 2938 caulam
1709 2915 1811 2937 meam
1831 2914 1883 2938 tu-

1004 2954 1123 2979 eretur.
1155 2949 1259 2980 verius
1282 2950 1377 2991 igitur
1401 2950 1468 2990 est,
1500 2951 1585 2990 quod
1613 2948 1755 2979 Labeoni
1780 2948 1885 2988 sedit,

1005 2999 1041 3021 ea
1058 2989 1166 3021 venire
1183 2990 1214 3021 in
1240 2990 1397 3024 actionem
1416 2992 1553 3023 mandati
1571 2991 1588 3020 ί.
1606 2994 1632 3023 8.
1650 2990 1678 3020 li.
1696 2996 1717 3019 t.
1743 2987 1883 3021 Utcum-

1005 3040 1067 3072 que
1092 3031 1176 3063 erit:
1204 3040 1333 3065 tenetur
1355 3034 1566 3064 mandatarius
1590 3031 1717 3062 actione
1739 3031 1886 3063 mandati

1005 3072 1172 3105 restituere
1188 3083 1346 3113 corpora,
1364 3076 1383 3107 si
1400 3083 1470 3114 quae
1484 3074 1657 3111 acceperit.
1685 3071 1758 3103 Nec
1773 3073 1884 3104 minus

1003 3115 1163 3154 actiones,
1179 3125 1256 3155 quas
1267 3117 1418 3148 mandatu
1428 3124 1501 3145 meo
1511 3113 1735 3145 contrahendo
1744 3113 1886 3155 adquisi-

1003 3155 1112 3190 veritl.
1122 3164 1228 3198 45.pr.
1240 3157 1314 3199 ἃς.
1325 3167 1353 3197 5.
1366 3157 1598 3188 diciturautem
1609 3155 1772 3189 restituere
1781 3157 1883 3188 aelio-

999 3207 1150 3273 nes3cu13
1160 3209 1213 3230 eas
1223 3196 1400 3234 mandatori
1410 3197 1496 3232 cedit
1506 3197 1524 3231 l.
1533 3206 1582 3239 43.
1595 3197 1621 3230 h.
1632 3203 1652 3231 t.
1661 3198 1732 3232 add.
1741 3199 1760 3231 l.
1770 3209 1811 3231 10.
1814 3201 1882 3274 §.6-

1165 3249 1178 3272 ο
1200 3250 1219 3282 3
1828 3244 1880 3289 ‘ed
