2052 3487
503 124 989 170 Pizonissrtiuujunxs
1040 124 1210 161 CiV1t1s
1261 123 1356 163 L1B.

165 213 264 257 fillum
287 215 465 258 relegantur,
481 214 554 253 sunt
573 214 624 254 qui
640 211 828 252 simpliciter,
851 218 884 244 ut
906 219 970 254 pro-

173 259 280 288 vinciis
303 259 340 288 eis
365 256 572 293 interdicatur,
601 264 657 284 non
686 255 773 284 eciam
797 255 892 294 insula
917 255 968 285 acl-

166 297 308 339 signetur.
358 310 361 312 ·

114 336 266 372 Potestne
286 338 381 378 magis
403 336 471 368 lacti
489 337 557 375 lac,
580 344 632 367 aut
650 346 715 367 ovo
735 345 850 374 ovum,
874 345 967 376 quam

114 381 300 418 Marciano,
318 378 369 409 sed
381 378 550 409 emendato
562 401 570 415 ‚
585 377 736 416 Ulpianus
748 376 967 416 respondere?

114 421 180 453 hoc
206 422 291 459 vult,
314 420 454 459 relegato
477 428 530 449 aut
556 419 745 458 quibusdam
770 418 849 449 locis
872 420 967 450 inter—

115 462 197 499 dici,
227 468 281 492 aut
311 460 484 497 omnibus,
517 468 628 500 praetei·
659 467 802 491 certum:
839 461 870 490 id
903 460 967 497 est,

113 511 186 533 eum
212 511 264 533 aut
285 503 370 533 aditu
388 502 597 541 quorumdam
614 502 760 532 locorum
782 501 966 540 prohiberi,

112 551 167 574 aut
192 547 298 582 exitu3
321 544 460 583 duasque
497 541 550 572 has
574 542 658 573 exilii
686 542 818 572 summas
842 542 968 582 adjectis

113 585 268 624 exemplis
286 583 413 614 definit:
437 584 525 624 quod
549 582 661 613 nostris
679 581 831 613 familiare
854 582 944 613 fuiffe
957 605 967 620 ,

110 626 156 656 nil
182 634 261 664 opus
283 623 346 662 est,
370 632 403 655 ut
431 624 574 664 probem.
618 623 738 654 Forma:
765 625 859 664 igitur
884 624 969 654 exilii

110 665 163 696 seu
182 666 384 706 relegationis
409 674 472 696 non
499 672 584 703 tres,
608 664 660 696 sed
679 666 765 702 duze,
793 663 880 695 sunt:
905 674 970 704 par-

113 715 162 738 tes
185 714 281 747 atque
308 706 454 748 exempla
478 707 640 746 utriusque
668 706 780 737 formae
801 706 897 736 multa
917 705 968 736 ha-

111 748 243 779 bentur:
268 748 403 787 denique
426 747 471 779 est
495 749 637 778 omnium
666 747 830 784 locorum,
855 755 969 786 praeter

112 788 541 828 certum,interdisti0;five
560 789 629 829 quis
651 789 679 818 in
699 788 827 819 insulam
844 788 965 828 relege-

112 839 182 869 tur,
208 838 241 861 ut
263 833 291 861 d.
312 830 331 861 l.
346 839 375 870 7.
399 830 462 861 five
479 831 540 868 ita,
564 839 603 860 ne
620 830 768 869 patriam,
795 838 875 859 neve
892 829 966 859 civi-

111 878 210 902 tatem
228 879 363 908 certam,
387 880 440 901 aut
463 874 645 911 regionem.
669 879 752 901 neve
769 870 898 901 domum
922 868 967 899 su-

111 922 181 952 am,
204 913 357 944 excedat:
382 922 451 953 quae
481 912 627 952 exempla
651 911 720 942 sunt
744 912 771 942 d.
792 911 810 942 l.
828 920 856 950 7.
881 910 909 952 §.
935 914 963 944 8.

111 954 148 989 &⁹
165 964 192 990 9.
211 954 247 988 &²
271 963 315 990 19.
332 955 390 984 cod.
408 954 455 985 tit.
473 955 556 993 apud
580 953 765 984 Suetonium
785 961 915 992 quoque
934 952 964 982 in

113 995 221 1026 Tiberio
238 1005 261 1026 c.
280 1005 331 1036 50.
349 995 453 1026 Verba
472 994 624 1025 Suetonii.
643 993 734 1034 Juliae
747 995 832 1024 uxori
850 999 965 1024 tantum

111 1037 227 1076 obfuit,
249 1044 283 1067 ut
297 1036 440 1075 relegam,
465 1037 539 1077 quod
559 1036 708 1065 minimum
725 1033 782 1073 est,
805 1032 890 1073 officii
912 1038 966 1064 auc

111 1078 302 1108 hamanitatis
320 1077 430 1118 aliquid
454 1077 629 1117 impertiret,
652 1083 685 1106 ut
706 1085 742 1106 ex
767 1074 966 1112 constitutione

105 1121 202 1159 patris
219 1128 275 1149 uno
293 1119 391 1159 oppido
407 1118 552 1157 clausam,
574 1119 651 1147 domo
667 1125 775 1157 quoque
792 1116 906 1156 egredi,
929 1113 965 1148 ἐξ

111 1161 272 1190 commercio
296 1160 440 1189 hominum
460 1159 531 1198 frui
550 1159 683 1188 vetuerit.
708 1157 847 1194 Contra,
872 1155 892 1186 fi
914 1156 966 1187 cui

110 1200 215 1232 Roma
234 1201 264 1231 &
285 1200 524 1231 continentibus
548 1199 630 1238 ejus,
656 1197 676 1228 fi
704 1198 752 1228 cui
779 1196 965 1236 provincia,

111 1242 134 1273 fi
159 1243 207 1273 cui
233 1240 358 1278 insulis,
381 1240 402 1271 fi
426 1241 553 1280 patriae,
578 1239 756 1276 territorio,
781 1245 833 1269 aut
849 1238 964 1276 muris,

111 1291 166 1313 aut
183 1283 284 1321 aliqua
303 1283 432 1312 civitate
452 1280 677 1318 interdicatur3
700 1279 773 1320 (uti
795 1279 826 1310 in
846 1281 874 1310 d.
899 1279 918 1310 l.
935 1288 964 1318 7.

110 1323 140 1364 §.
162 1327 207 1354 16.
228 1323 264 1357 ὅ)
286 1322 305 1353 l.
329 1331 372 1361 14.
391 1323 450 1353 eod.
472 1321 545 1360 tii«)
568 1329 728 1352 certorum
757 1320 900 1351 locorum
920 1322 964 1350 in-

111 1365 278 1400 terdictio,
301 1364 332 1394 id
349 1362 411 1402 est,
436 1363 496 1393 lata
521 1362 595 1402 fuga
624 1362 687 1394 est:
711 1371 804 1402 quam
826 1361 964 1393 Vulcati-

111 1413 146 1437 us
165 1404 347 1436 Gallicanus
360 1405 390 1435 in
409 1404 516 1434 Avidio
534 1402 622 1444 Caffio
640 1413 661 1433 cv
683 1413 712 1439 9.
737 1410 832 1433 vocat
850 1404 965 1433 liberam

110 1447 272 1488 evagandi,
295 1445 422 1476 ubivulc
449 1445 542 1483 exul,
564 1444 744 1484 poteslazeiiz:
767 1443 965 1484 Capitolinus

109 1489 142 1519 in
159 1489 308 1518 Antonino
320 1486 479 1526 Philosopbo
496 1496 519 1516 c.
536 1490 584 1518 26.
610 1486 750 1525 appellat
764 1486 882 1515 exilium
901 1484 965 1514 libe-

110 1537 194 1567 rum,
217 1528 247 1559 &
269 1528 382 1558 liberam
404 1529 534 1568 vagandi
556 1526 728 1567 potestatem.
771 1525 870 1567 Quod
892 1526 965 1556 ideo

110 1572 304 1601 monendum
325 1568 402 1599 fuit:
430 1578 468 1599 ne
484 1570 553 1608 quis
582 1569 714 1599 liberum
739 1573 869 1598 exilium
894 1576 910 1597 a
935 1568 966 1597 li-

109 1611 186 1641 bera
214 1611 345 1651 vagandi
372 1609 528 1650 potestate
557 1608 730 1649 separaret,
754 1617 826 1639 cum
845 1608 965 1639 Budaeo

109 1653 142 1683 in
161 1651 249 1683 Notis
267 1652 383 1691 reliquis
400 1652 437 1681 ad
457 1651 476 1681 l.
500 1654 544 1682 16.
566 1650 594 1691 §.
614 1655 733 1680 eventus
753 1649 791 1681 D.
803 1651 836 1680 de
854 1652 964 1690 plenis:

108 1699 206 1733 atque
231 1702 267 1723 ea
287 1694 385 1733 gratia
410 1691 609 1723 Marcianum
631 1692 662 1723 in
690 1691 798 1721 medio
821 1691 967 1722 membro

110 1741 295 1774 corruptum
320 1733 537 1764 mutilatumve
559 1732 620 1763 effe
638 1755 647 1769 ‚
685 1732 903 1772 imprudenter
922 1730 967 1761 su-

110 1774 293 1815 spicaretur.
319 1774 401 1804 haud
419 1775 502 1805 enirn
523 1775 600 1804 vidit
618 1773 767 1810 Budaeus,
788 1772 896 1813 (quod
907 1771 968 1802 fre-

111 1825 212 1857 quens
237 1815 295 1846 illis
325 1814 523 1853 auctoribus,
547 1815 575 1845 &
593 1824 610 1844 a
626 1813 793 1852 Salmafio,
815 1814 845 1845 in
870 1812 968 1844 Notis

111 1857 150 1888 ad
169 1857 252 1887 hunc
271 1855 443 1896 Capitolini
461 1856 582 1892 locum,
600 1854 800 1885 observatum
815 1853 879 1894 est)
895 1862 968 1884 eum

104 1896 306 1936 *diversorum
331 1896 493 1927 auctorum
520 1897 635 1932 verba,
660 1904 693 1925 ut
719 1905 754 1926 ea
775 1894 862 1926 forte
881 1903 967 1934 repe-

110 1945 213 1976 rerat,
234 1937 297 1969 fine
315 1938 439 1969 delectu
461 1936 664 1978 congeffiss‘e,
689 1936 718 1967 ἀ
739 1936 882 1967 eamdem
900 1944 965 1968 rem

111 1982 227 2011 iterum
253 1979 318 2010 aliis
338 1979 443 2009 verbis
467 1977 629 2009 enarrasse.
655 1977 716 2008 Sed
742 1977 806 2008 hoc
828 1977 912 2008 ultro
935 1975 966 2006 se

112 2021 267 2057 ostendit,
283 2020 304 2051 si
321 2021 358 2050 ad
377 2019 557 2050 Vulcatium
576 2019 775 2050 Gallicanum
793 2018 882 2049 cl.loc.
898 2024 965 2048 tum

111 2064 150 2093 ad
173 2061 361 2092 Orationem
387 2060 482 2099 ipsam
509 2060 661 2091 Antonini
688 2059 869 2099 Philosophi
896 2068 964 2099 quae

111 2103 174 2133 huc
196 2103 277 2142 apud
306 2101 504 2133 Gallicanum
532 2100 668 2141 speetat,
690 2101 872 2141 diligentius
895 2108 965 2130 exa-

112 2146 257 2176 minetur.
284 2143 380 2184 Igitur
397 2150 546 2182 apparet,
562 2143 651 2173 latam
660 2142 771 2182 fugam
795 2141 965 2172 Marciano

113 2185 194 2223 effe,
225 2185 354 2216 liberam
378 2183 503 2224 fugam,
527 2183 579 2214 seu
597 2183 729 2214 liberum
757 2183 907 2220 exilium,
931 2182 966 2213 li-

111 2226 218 2257 beram
240 2225 370 2266 vagandi
390 2225 577 2265 potestatem
590 2248 599 2261 ,
624 2224 677 2255 ubi
696 2224 773 2255 velit
791 2225 965 2264 relegatus;

113 2268 189 2298 dum
212 2268 310 2298 modo
326 2266 478 2297 abstineat
497 2276 512 2297 a
531 2266 605 2296 loco
628 2266 703 2302 illo,
726 2274 743 2295 a
761 2274 826 2305 quo
845 2272 969 2295 arcetur

112 2307 346 2339 interdistione.
388 2308 493 2345 itaque
518 2307 703 2346 accipienda
728 2315 857 2346 quoque
885 2306 969 2345 apud

112 2349 311 2380 Ammianum
323 2347 543 2379 Marcellinum
559 2348 607 2378 lib.
625 2357 692 2378 xrx.
711 2354 769 2388 cap.
786 2356 845 2378 xri.
864 2356 969 2386 quam·

116 2398 209 2429 quam
229 2389 319 2419 aliter
338 2398 409 2420 eum
426 2395 649 2427 interpretatur
666 2389 713 2419 vir
731 2388 968 2425 eruditissimus,

113 2430 272 2463 Henricus
291 2429 440 2461 Valesius.
484 2429 589 2460 Verba
610 2430 760 2460 Ammiani
783 2429 861 2460 sunt.
888 2428 967 2460 Duc-

114 2479 161 2503 tus
177 2470 214 2511 est
233 2474 327 2512 itaque
341 2473 417 2501 inter
431 2471 537 2511 primos
553 2470 713 2510 Simplicius
729 2471 855 2511 Philippi
864 2469 966 2509 filius,

112 2522 149 2544 ex
167 2512 302 2552 Praefee‘to
320 2511 356 2546 {⁷5⁹
369 2511 505 2551 Consule,
528 2521 592 2542 reus
608 2513 661 2542 bac
672 2514 771 2551 gracia
788 2509 967 2552 postulatus,

113 2555 187 2595 quod
202 2557 291 2595 super
312 2555 487 2594 adipiscendo
511 2553 693 2594 interrogaffe
713 2554 859 2585 dicebatur
882 2553 967 2592 impe-

804 2674 1014 2708 CAPUT

1407 125 1479 163 ΙΙΙ.
1829 139 1876 178 49

1013 214 1072 244 rio:
1091 219 1198 255 perque
1221 215 1344 256 elogium
1371 212 1520 257 Principis
1546 217 1674 259 torqueri
1698 224 1866 260 praceptur,

1012 256 1064 295 qai
1076 256 1108 285 iu
1125 256 1166 286 his
1184 255 1296 294 caftlms
1313 265 1364 287 nec
1382 264 1532 298 peccatum
1546 258 1702 300 aliquando
1716 261 1821 300 pietati
1828 265 1875 291 (le-

1011 297 1112 334 (ierat,
1136 306 1187 331 nee
1211 304 1361 336 erratum,
1377 299 1444 338 foto
1464 300 1587 340 'quodam
1609 307 1739 341 arcente,
1762 309 1875 342 corpore

1012 338 1192 383 immaeulato
1211 338 1271 369 lata
1279 338 1360 380 fuga
1375 342 1530 371 damnatus
1546 337 1584 381 est
1619 341 1724 382 Atque
1743 342 1812 373 haec
1827 343 1874 375 est

1010 376 1229 416 simplicissima
1259 379 1288 410 δε
1321 380 1475 412 verisfima
1506 381 1660 413 Marciani
1699 383 1874 423 sententia;

1011 426 1083 449 cum
1102 420 1272 458 praelertim
1290 421 1369 462 fuga
1384 430 1443 461 pro
1461 422 1556 453 exilio
1575 422 1655 454 salva
1675 425 1826 463 civitate,
1840 425 1874 457 id

1011 459 1073 497 est,
1097 461 1138 491 de
1155 461 1353 502 relegatione
1371 463 1495 502 optime
1513 463 1651 496 dicatur:
1676 473 1710 496 ut
1726 467 1808 506 apud
1827 465 1876 496 0⁴

1012 501 1132 546 vidium
1156 502 1204 533 lib.
1227 512 1261 547 ¹2.
1291 500 1449 543 Tristium,
1474 513 1571 544 quum
1603 506 1643 536 de
1674 507 1874 547 relegatione

1012 540 1062 571 sua
1086 550 1126 572 ita
1146 543 1296 582 loquitur.

1052 582 1117 613 Nec
1134 593 1194 614 inea
1215 585 1320 613 decreto
1338 582 1480 624 damnasti
1498 585 1582 623 fasta
1599 586 1745 628 Senatus,

1092 624 1156 654 Nec
1172 634 1233 654 mea
1251 623 1345 660 lelefio
1366 626 1465 667 judice
1475 626 1555 667 juffa
1564 627 1645 668 fuga
1661 627 1707 667 esi.

1013 662 1113 704 Quod
1144 665 1304 696 observari
1332 667 1446 706 velim;
1477 666 1563 698 simul
1593 665 1722 701 exilium
1744 693 1753 709 ,
1784 670 1875 711 quod

1012 706 1124 736 iterum
1151 715 1289 744 moneo,
1313 716 1329 737 a
1353 707 1521 739 Marciano
1539 709 1568 739 in
1592 711 1619 740 d.
1639 710 1658 740 l.
1682 721 1711 751 5.
1738 721 1804 743 non
1823 721 1877 742 ac-

1010 747 1073 791 cip-i
1093 755 1150 786 pro
1173 747 1399 779 interdifflone
1422 758 1509 788 aquae
1540 750 1665 790 &ignis
1691 752 1741 783 seu
1761 754 1878 793 depor-

1011 794 1154 825 tatione;
1177 787 1258 827 (etsi
1288 787 1399 828 sciam,
1431 791 1504 821 alias
1531 800 1571 821 eo
1597 791 1682 822 sensu
1713 795 1813 833 accipi
1840 794 1873 824 in

1009 827 1027 857 l.
1048 837 1074 858 2.
1102 827 1191 874 D3de
1203 829 1326 868 puhlicis
1339 831 1478 871 judiciis,
1504 831 1531 862 δι
1550 833 1631 872 apud
1651 831 1804 865 Ovidium
1821 835 1869 865 lio.

1008 878 1038 908 5.
1062 867 1198 908 Tristium
1213 869 1280 909 eleg.
1300 871 1371 911 xl.)
1397 871 1447 902 sed
1465 881 1522 912 pro
1548 875 1630 905 nuda
1646 874 1874 906 interdictione

1008 917 1060 939 aut
1077 918 1241 941 certorum
1259 913 1423 950 locorum,
1446 922 1498 943 aut
1518 915 1658 946 omniurn
1678 924 1793 955 praeter
1803 925 1875 947 cer·

1009 958 1075 981 tum
1093 951 1221 988 locum;
1245 959 1281 982 ut
1299 951 1362 992 ipsa
1383 952 1492 985 sonant
1519 954 1672 987 Mai-ciani
1696 957 1815 989 verba:
1840 957 1874 988 id

1008 991 1072 1029 est,
1096 1000 1155 1036 pro
1184 993 1380 1033 relegatione
1403 994 1454 1025 seu
1481 995 1578 1027 exilio
1603 996 1684 1028 salva
1708 998 1842 1029 civitate
1860 1010 1871 1031 ·.

1008 1041 1073 1071 quo
1091 1031 1178 1063 lensu
1196 1032 1326 1064 sumitur
1343 1035 1426 1074 apud
1447 1034 1614 1075 Ulpianum
1630 1039 1660 1069 d.
1680 1038 1698 1069 l.
1720 1049 1747 1077 4.
1767 1039 1808 1070 D.
1837 1039 1873 1069 Si

1008 1074 1071 1114 quis
1088 1074 1270 1104 cautionibus
1287 1075 1318 1104 in
1331 1075 1440 1115 judicio
1457 1075 1577 1116 sistendi
1595 1079 1681 1119 causa
1699 1079 1790 1119 fastis
1813 1089 1873 1110 non

1007 1115 1241 1153 obtemperaverit
1257 1138 1266 1152 ‚
1297 1124 1313 1145 a
1340 1116 1382 1147 ud
1416 1116 1630 1157 Capitolinum
1654 1121 1683 1151 cl.
1710 1121 1761 1152 loc.
1787 1121 1817 1153 ὅ(
1839 1121 1874 1152 in

1008 1154 1115 1186 Ovidii
1139 1156 1187 1185 lib.
1210 1165 1234 1187 1.
1261 1124 1397 1196 Triliium
1412 1159 1479 1199 eleg.
1503 1168 1527 1190 1.

1048 1196 1148 1231 Vade.
1161 1196 1215 1236 sed
1236 1198 1385 1236 incultus,
1406 1200 1519 1239 qualem
1539 1200 1617 1230 decet
1633 1203 1727 1233 exulis
1744 1202 1806 1244 effe.

1086 1237 1216 1276 Infelix,
1239 1238 1370 1269 habitum
1385 1241 1516 1279 temporis
1539 1242 1626 1282 hujus
1650 1245 1730 1274 habe.

1008 1277 1108 1320 Quod
1129 1277 1151 1309 s1
1174 1279 1246 1317 est;
1276 1279 1347 1310 sane
1371 1281 1483 1312 dubito
1499 1305 1508 1320 ,
1542 1291 1579 1312 an
1606 1282 1759 1315 Marciani
1784 1294 1871 1316 men·

1007 1328 1072 1350 tem
1097 1319 1268 1351 infeliciter
1292 1320 1427 1352 sectetur
1452 1323 1498 1353 vii·
1526 1324 1726 1362 amplissimus
1743 1349 1752 1364 ,
1787 1325 1871 1358 Ulri-

1007 1369 1060 1391 cus
1080 1360 1250 1407 Huberus,
1275 1360 1440 1393 Frisiorum
1461 1363 1564 1395 Curiae
1582 1363 1776 1404 Exsenator,
1790 1373 1870 1407 part.

1007 1411 1037 1447 2.⁸
1062 1400 1275 1448 Digreffionum
1292 1402 1339 1435 lib.
1363 1412 1388 1434 1.
1413 1414 1437 1435 c.
1453 1414 1505 1444 24.
1530 1415 1625 1446 quum
1649 1407 1734 1438 illam
1759 1412 1874 1448 quaei·it

1008 1451 1057 1473 Via
1081 1444 1172 1482 plane
1194 1443 1315 1474 diversa
1336 1467 1346 1482 ,
1377 1454 1477 1485 eaque
1511 1448 1579 1478 vult
1612 1447 1780 1479 ostendere
1797 1471 1807 1487 ,
1840 1451 1873 1480 in

1009 1483 1147 1514 lectione
1166 1483 1346 1516 Florentina
1361 1486 1438 1517 nihil
1458 1486 1548 1519 fuiffe
1564 1497 1580 1518 a
1598 1497 1648 1519 me
1666 1492 1874 1529 mutandum;

1009 1524 1063 1571 sed
1085 1526 1126 1571 itta
1141 1526 1177 1570 ,ὦς
1200 1528 1304 1563 κεῖται,
1336 1526 1458 1559 sensum
1481 1527 1637 1560 Marciani
1666 1530 1727 1561 effe
1751 1531 1874 1562 retium

1010 1566 1039 1596 ἀ
1054 1567 1242 1610 juridicum3
1271 1575 1445 1606 praeterea,
1470 1571 1558 1609 quod
1584 1569 1739 1608 Ulpianus
1759 1573 1788 1603 in
1806 1573 1834 1605 d.
1850 1573 1871 1604 l.

1011 1616 1039 1652 75
1063 1609 1092 1637 iu
1106 1614 1151 1647 pr.
1177 1607 1301 1644 leribit,
1328 1607 1530 1648 Recegaiorum
1548 1613 1603 1641 cluo
1618 1621 1724 1652 genera
1739 1613 1808 1653 effe,
1825 1614 1872 1644 ni-

1010 1647 1054 1679 hil
1079 1657 1258 1693 ·commune
1284 1648 1401 1680 habere
1432 1659 1504 1682 cum
1536 1651 1690 1684 Marciani
1718 1654 1874 1685 divisione

1011 1689 1096 1719 exilii
1114 1700 1121 1720 :
1154 1689 1240 1729 cujus
1261 1688 1524 1730 significationem
1543 1693 1722 1725 clarisfimus
1744 1695 1798 1726 ille
1823 1696 1873 1726 vir

1011 1738 1102 1770 putat
1127 1730 1272 1761 latiorem
1301 1731 1362 1762 effe
1381 1743 1389 1764 ε
1423 1742 1527 1773 neque
1547 1735 1628 1765 adeo
1648 1737 1720 1766 inde
1741 1759 1750 1774 ,
1783 1736 1882 1775 quod*

1011 1772 1141 1810 quidem
1164 1772 1240 1802 mihi
1265 1771 1362 1803 visum
1382 1772 1442 1811 est,
1474 1783 1533 1814 pro
1556 1776 1661 1815 triplex
1678 1776 1739 1807 esse
1765 1776 1872 1818 legen-

1011 1813 1087 1843 dum
1109 1812 1223 1851 duplex.
1267 1812 1468 1854 Quamquam
1493 1817 1590 1846 miror
1613 1839 1622 1853 ,
1654 1819 1801 1849 eumdem
1827 1818 1872 1848 vi·

1011 1862 1079 1883 rum
1098 1853 1316 1890 ainpliffimum
1343 1856 1396 1893 qui
1418 1864 1510 1896 negat
1528 1879 1537 1893 ,
1563 1856 1635 1887 mihi
1663 1857 1783 1890 causam
1808 1858 1874 1890 ess'e

1011 1896 1170 1924 mutandae
1191 1893 1381 1925 Florentinae
1407 1896 1551 1928 lectionis
1568 1920 1578 1935 ,
1609 1899 1638 1928 in
1658 1898 1818 1931 afferenda
1835 1909 1872 1930 ea

1010 1934 1064 1980 fibi
1084 1944 1149 1965 non
1168 1934 1339 1981 constare3
1371 1936 1423 1967 sed
1442 1937 1577 1969 sci-ibere
1601 1939 1632 1970 in
1650 1939 1714 1970 fine
1737 1941 1766 1971 d.
1787 1942 1873 1981 capi-

1011 1982 1050 2006 tis
1076 1985 1125 2011 24.
1169 1975 1199 2005 Si
1227 1985 1296 2022 quis
1323 1985 1430 2008 tamen
1462 1977 1630 2018 suspectam
1656 1982 1687 2011 in
1714 1980 1872 2013 Marciani

1009 2016 1084 2047 loco
1100 2016 1420 2061 habeatsriboniani
1439 2028 1583 2059 manum3
1615 2021 1643 2051 ei
1664 2020 1692 2052 se
1719 2030 1784 2053 non
1808 2031 1873 2053 ma-

1007 2067 1150 2098 gnopere
1166 2056 1227 2103 effe
1238 2059 1473 2091 reluctaturum.
1498 2070 1568 2092 nam
1583 2060 1625 2092 fic
1642 2062 1785 2101 videtur,
1798 2073 1871 2095 mea

1009 2100 1136 2138 quidem
1157 2099 1329 2137 lententia‚
1355 2100 1420 2131 aliis
1441 2102 1544 2133 verbis
1565 2103 1689 2140 dicere,
1714 2103 1872 2136 Marciani

1009 2140 1215 2180 scripturam,
1246 2142 1318 2180 quia
1345 2150 1494 2181 corrupta
1520 2143 1581 2179 est,
1610 2145 1678 2183 jure
1703 2153 1718 2174 a
1742 2153 1793 2176 me
1816 2153 1872 2176 aut:

1011 2182 1232 2220 emendatam,
1257 2191 1310 2211 ant
1331 2191 1420 2213 certe
1439 2191 1612 2222 tentatam,
1639 2183 1726 2224 effe3
1749 2186 1788 2217 ab
1803 2186 1871 2226 ipso

1011 2230 1116 2253 autem
1136 2231 1204 2267 eam
1228 2221 1430 2262 scripturam,
1455 2234 1546 2264 quam
1564 2225 1682 2256 fatetur
1707 2227 1872 2265 vitiatam,

1011 2273 1116 2303 neque
1136 2263 1235 2301 serm,
1259 2273 1363 2303 neque
1383 2265 1470 2304 jure,
1495 2266 1633 2297 defendi.
1658 2267 1732 2306 quin
1756 2277 1872 2299 vereor

1012 2313 1167 2345 quoque,
1198 2312 1231 2334 ut
1259 2314 1306 2336 Vir
1329 2306 1380 2336 ille
1407 2307 1588 2338 clariffimus
1614 2308 1727 2338 habeat
1748 2309 1872 2341 causam

1014 2346 1063 2376 vel
1079 2345 1297 2385 probabilem,
1321 2355 1378 2377 cur
1397 2356 1493 2388 magis
1510 2347 1713 2379 Triboniano
1733 2350 1870 2389 imputet

1012 2386 1171 2427 scripturae
1195 2387 1326 2424 vitium,
1350 2396 1443 2426 quam
1468 2390 1686 2426 imprudentiae
1711 2388 1870 2428 Lim-arii,

1011 2437 1063 2458 aut
1081 2428 1145 2467 ejus
1163 2436 1216 2457 aut
1243 2429 1391 2459 alterius:
1415 2438 1551 2460 maxnrie
1568 2439 1638 2460 cum
1664 2431 1746 2462 nulla
1768 2431 1869 2463 fuerit

1011 2468 1214 2499 'l'riboniano
1243 2470 1324 2499 ratio
1354 2471 1511 2501 mutandae
1539 2470 1707 2502 leffioni's:
1739 2471 1790 2503 ubi
1813 2473 1874 2512 Jus·

1010 2509 1234 2549 justinianeum
1254 2510 1292 2539 ab
1311 2519 1351 2540 eo
1366 2512 1454 2549 quod
1471 2511 1610 2543 obtinuit
1621 2511 1774 2545 Marciani
1791 2522 1871 2546 tem-

1012 2559 1109 2591 pore,
1133 2559 1198 2581 non
1215 2550 1416 2591 discreparet.

1071 2670 1158 2706 IV.

120 2778 250 2813 creditor
261 2755 305 2814 'aiz
324 2780 363 2820 ἐξ
379 2782 493 2827 quando
511 2784 555 2817 rei
570 2783 675 2817 dehitce
684 2780 747 2827 far
764 2788 817 2815 aut
830 2780 933 2826 prcedo
944 2778 1014 2825 fit?
1039 2779 1060 2814 I.
1077 2788 1108 2821 9.
1128 2779 1159 2814 C.
1177 2779 1211 2813 de
1227 2778 1408 2824 adquirenda
1423 2778 1593 2827 pcffiffione
1611 2780 1800 2823 maculata,
1827 2777 1867 2818 δέ

167 2825 292 2872 Virgilii
310 2832 428 2875 elegans
447 2832 526 2864 locus
543 2832 698 2865 adduam.

117 2920 269 2994 Titius
291 2921 426 2955 debitam
449 2924 502 2956 fibi
529 2934 593 2956 rem
624 2926 752 2967 propria
782 2923 969 2956 aueoritate

210 2961 356 3002 abstulit3
379 2973 415 2994 an
433 2964 552 2997 furtum
572 2966 678 2998 fecit?
701 2966 743 2998 Et
760 2974 840 3006 puto
853 2988 862 3003 ‚
886 2964 906 2995 sl
924 2965 968 2994 lu-

116 3011 172 3033 cro
195 3002 328 3039 studuit,
350 3003 468 3036 furtum
490 3006 621 3039 feciss'e:
644 3008 687 3040 fin
706 3031 716 3046 ,
755 3016 789 3038 ut
811 3007 859 3046 jus
883 3004 969 3038 suum

116 3051 277 3089 tueretur,
299 3043 475 3082 affeftavit,
498 3046 552 3077 etsi
567 3049 712 3088 improbe
732 3049 817 3088 egit,
841 3055 944 3077 tamen
958 3069 968 3084 ,

115 3093 187 3122 quia
215 3094 334 3117 animus
363 3086 501 3117 lucrandi
532 3088 655 3128 abfuit,
691 3098 756 3120 non
783 3086 968 3119 commisisse

114 3124 244 3156 furtum.
289 3125 340 3157 Ne
358 3127 461 3158 multis
485 3136 565 3166 opus
589 3128 623 3159 fit
641 3152 651 3167 ,
684 3130 715 3160 id
740 3128 889 3168 exemplo
907 3129 966 3160 cla-

116 3174 184 3197 rum
211 3166 350 3198 reddam.
397 3167 502 3199 Titius
534 3178 662 3207 caprum
692 3171 795 3208 emit3
831 3178 968 3210 eumque

115 3207 442 3280 einftumlsubripuit:
467 3209 595 3242 interest
610 3235 620 3250 ,
651 3218 756 3244 utrum
775 3210 878 3244 soluto
900 3219 967 3252 pre·

181 3257 233 3280 om.
274 3272 283 3281 ι

1011 2922 1058 2954 tio
1075 2921 1279 2964 subripuerit,
1301 2934 1339 2956 an
1357 2932 1422 2955 non
1439 2922 1554 2955 soluto.
1575 2931 1709 2965 nempe,
1726 2923 1796 2961 quia
1816 2931 1868 2954 res

1011 2965 1165 3002 vendita,
1198 2967 1347 3005 quamdiu
1376 2965 1511 3006 pretium
1546 2974 1610 2996 non
1643 2964 1688 2995 est
1712 2963 1866 3001 solutum,

1010 3014 1069 3044 pro
1089 3006 1221 3046 pignore
1241 3007 1323 3045 apud
1347 3005 1547 3037 venditorem
1567 3012 1707 3036 remanet
1729 3004 1747 3034 l.
1770 3013 1818 3044 ¹3—
1834 3004 1867 3045 §.

1010 3046 1039 3088 §.
1061 3051 1088 3080 8.
1116 3047 1156 3077 L).
1181 3048 1214 3077 de
1235 3047 1395 3079 ustionibus
1410 3045 1548 3087 empti&
1565 3047 1695 3080 «υεηαίιὴ
1727 3044 1798 3084 post
1819 3044 1868 3077 so·

1011 3091 1109 3119 lutum
1133 3089 1270 3128 pretium
1298 3098 1361 3120 tion
1394 3087 1435 3119 sic
1459 3094 1607 3118 remanet.
1643 3086 1742 3116 altero
1773 3087 1867 3127 igitur

1009 3128 1078 3159 casu
1112 3129 1263 3161 laborasse
1295 3131 1419 3161 videtur
1441 3127 1548 3158 Titius
1567 3150 1575 3164 ‚
1608 3134 1642 3157 ut
1663 3126 1867 3159 venditorem

1010 3177 1063 3201 aut
1080 3171 1185 3210 pretio
1205 3170 1258 3201 suo
1284 3170 1470 3205 fraudaret,
1502 3176 1554 3197 aut
1581 3169 1734 3208 pignore,
1758 3177 1798 3199 ex
1818 3177 1868 3198 ea·

1010 3220 1072 3252 que
1096 3212 1204 3251 injuria
1234 3212 1354 3243 lucrum
1380 3210 1527 3277 fageret:
1558 3209 1657 3241 altero
1675 3207 1744 3240 casu
1767 3209 1866 3280 maffis

1426 3264 1441 3278 Ξ
1835 3258 1869 3280 3.
