2036 3495
283 117 340 154 An
367 118 456 153 Lm.
486 106 746 152 XV111.·''1'1r.
773 114 798 151 Ι.
853 115 903 151 De
923 118 1129 153 contrahenda
1151 121 1297 165 empti-orie
1319 120 1360 162 ἐξ
1376 122 1410 158 de
1420 125 1523 170 pastis
1535 122 1602 165 &a

45 198 178 238 Yundue
202 203 258 235 tibi
284 213 427 246 emptus,
461 205 623 248 locatusve
646 202 712 241 est,
734 204 842 243 quanti
870 204 922 237 {llll

48 246 265 284 aestimabunt,
291 254 343 277 aut
370 246 478 285 quanti
503 256 547 276 vir
564 245 663 276 bonus
681 253 808 284 aequum
830 254 922 286 puta-

48 296 131 319 ,χω-,ἰ
146 311 154 323 .
179 297 241 318 00„
269 287 347 318 satia
377 289 529 319 relatione
545 286 583 317 ad
600 293 719 330 certain
739 286 919 326 personam.

49 329 102 360 Sic
129 328 227 369 Gajun
250 337 300 358 aur
327 329 431 369 potitis
455 327 667 359 Tribonianus
695 337 724 358 in
749 328 768 358 t.
797 337 844 363 25.
875 330 919 360 l)-

49 371 166 403 Lucan&
190 378 259 408 quae
278 370 402 401 ridetur
421 369 482 400 effe
498 367 652 414 descripta
671 378 711 399 ex
728 368 747 398 l.
766 370 822 414 uir.
840 369 872 399 C.
891 371 920 400 h.

49 416 71 443 ν.
97 413 171 443 licet
195 411 277 442 aliud
303 411 406 442 sedeat
434 410 598 442 Hotmano
622 410 666 439 lib.
687 420 716 449 5.
749 409 866 448 Observ.
893 421 918 442 c.

49 462 99 484 21.
146 453 205 482 scd
224 461 272 482 res
288 459 418 492 apparet
442 460 480 481 cx
506 452 532 479 d.
551 451 568 479 l.
587 451 640 480 uit.
690 451 872 497 Utcumque
889 462 920 483 e-

48 493 107 526 rit:
131 492 213 523 (5330
232 492 405 529 scrupulum
423 491 520 530 injicit
539 489 602 521 hoc
620 490 772 535 Marciani
790 494 808 522 ί.
831 492 918 534 16.§.

48 534 103 565 uic.
123 534 154 563 Ι)
181 519 214 563 ile
226 535 411 575 pignoribus:
434 529 527 570 Potest
552 533 592 562 ila
609 532 680 571 fieri
691 535 823 574 pigrioris
841 536 918 579 datio

48 575 259 615 hypiithecceve,
282 580 315 604 uc
336 572 365 611 fi
381 574 461 603 intra
486 579 595 604 cerium
618 581 726 615 tenipus
745 585 800 605 non
816 574 858 618 fit
870 577 917 615 Jo-

48 615 113 646 lictu
129 617 266 656 pecunia,
282 615 351 655 jure
366 616 495 655 emptoris
506 612 641 655 poffideac
659 625 736 654 rem,
758 616 837 655 justo
850 622 916 656 pre-

46 659 85 688 tio
109 664 178 687 lunc
198 653 409 695 cestimitllclam:
442 657 491 686 hoc
515 657 590 686 enim
620 666 688 689 cciiii
710 661 827 688 videtur
850 666 917 698 quo-

47 698 190 729 dammodo
210 698 409 727 conditionalis
428 697 478 736 effe
503 697 631 728 venditio
646 708 656 727 .·
687 697 724 732 &³
748 699 790 729 iia
816 698 917 729 Divus

49 740 169 769 Severus
186 736 222 771 ἐξ
242 738 410 769 Antoninus
426 739 635 778 restriplerzmi.
680 738 800 771 Verum
818 750 915 771 anim-

46 780 208 811 advenum
230 779 292 818 jain
319 780 396 811 olim
420 782 464 810 elt
484 780 522 810 ab
540 779 710 824 Accu-isim
734 781 764 812 in
782 782 917 822 pignore

41 821 92 861 jus
111 819 243 860 speciale
263 821 410 861 placuill'e
430 821 542 852 favore
562 822 764 854 debitorum:
788 822 916 868 quosa-

45 862 135 893 ciiius
170 863 328 901 reperiant
365 864 541 893 creditores
575 871 715 894 mutuam
748 872 915 908 pecuniam

46 905 186 934 daturos.
222 912 411 942 quamquam
436 905 530 935 etiarn
558 904 648 943 poffit
673 912 850 950 conventio
875 906 916 950 de

46 945 218 975 vendendo
231 945 313 984 julo
333 946 437 985 pretio
458 944 565 985 postea
580 946 833 992 aestimandokm
851 955 916 991 pig5

46 995 127 1017 nore
153 985 225 1016 ideo
249 984 426 1020 subsistere:
451 986 522 1026 qnia
545 995 580 1017 ea
599 987 732 1018 inhaeret
750 991 915 1028 principali

49 1027 259 1058 conventioni
283 1036 339 1068 per
366 1028 394 1058 se
418 1028 546 1058 valiilae:
578 1037 638 1059 nec
661 1028 706 1060 est
730 1027 914 1073 absurdum,

50 1077 87 1098 ea
117 1068 266 1107 valente,
306 1070 411 1101 valere
436 1068 635 1102 accelsoriam
653 1093 663 1109 ,
701 1079 772 1110 quae
802 1070 823 1102 ii
852 1071 915 1102 iola

50 1108 146 1146 ess'et,
171 1119 233 1141 non
255 1110 381 1142 valeret.

92 1149 163 1182 Sic:
187 1151 205 1181 si
224 1153 356 1191 pretium
375 1153 568 1198 generaliter
578 1155 797 1186 committatur
812 1154 916 1185 alieno

48 1191 188 1223 arbitrio.
230 1191 336 1234 Quid,
360 1194 381 1225 fi
399 1204 604 1234 convenerit,
629 1204 664 1227 ut
687 1205 703 1226 a
729 1205 815 1226 certa
847 1205 916 1236 per-

48 1232 144 1271 sona,
178 1235 264 1264 verbi
295 1238 408 1275 gratia,
435 1235 536 1266 Lucio
561 1235 679 1275 Titio,
716 1237 915 1268 definiatur?

49 1273 131 1305 Haec
149 1275 276 1313 quaestio
292 1286 325 1306 ut
341 1287 380 1308 ex
397 1277 495 1309 solido
513 1277 720 1319 intelligatur,
732 1277 913 1317 scindenda,

49 1316 332 1355 nieojudicio,est
349 1319 378 1349 in
396 1327 500 1356 partes
519 1319 604 1349 duas.
628 1328 687 1349 una
704 1318 816 1357 est,an
836 1328 913 1350 con-

48 1356 146 1395 ditio,
172 1355 262 1387 Titio
287 1367 349 1389 non
372 1358 543 1390 arbitrante
566 1358 703 1391 deficiat.
727 1361 832 1406 altera·
850 1361 913 1399 est,

49 1405 154 1429 utrum
177 1407 217 1428 eo
234 1399 406 1431 arbitrante
423 1399 621 1431 aestimationi
646 1402 798 1432 debeatur
815 1402 913 1440 rides;

48 1447 86 1469 an
110 1446 219 1470 contra
249 1440 314 1480 ejus
343 1442 507 1480 iniquitas,
531 1440 551 1472 fi
576 1450 646 1480 (μω
674 1442 733 1480 fit,
764 1444 913 1489 poliitbe-

47 1480 187 1511 niendari
217 1481 344 1512 arbitrio
367 1483 442 1513 boni
468 1482 553 1514 viri?
578 1483 650 1515 Non
675 1484 729 1516 abs
747 1494 778 1515 re
796 1484 913 1523 fuerit,

48 1529 215 1560 utramque
239 1522 409 1554 excuffiffe.
433 1523 519 1563 quod
546 1525 584 1556 ad
608 1526 747 1564 priorem
779 1526 912 1557 attinet:

49 1571 86 1592 ea
107 1564 224 1600 pendet
243 1572 259 1593 a
279 1563 435 1602 potestate
454 1563 561 1602 verbi,
579 1566 749 1605 arbitrium,
767 1575 831 1607 quo
849 1568 912 1598 duo

50 1601 180 1639 notari,
205 1601 292 1642 supra
327 1606 463 1635 monui:
496 1606 648 1646 mimum,
682 1616 802 1639 merum
832 1607 913 1653 Titii

52 1642 230 1673 arbitrium:
254 1644 368 1676 deinde
383 1645 542 1677 arbitrium
563 1646 664 1688 Titii,
681 1656 839 1689 tamquam
856 1651 913 1681 vrri

52 1684 140 1714 boni.
165 1685 238 1715 illud
255 1685 392 1717 cohi-eret
408 1686 543 1726 personae
563 1687 663 1727 Titii,
679 1690 709 1721 ἀ
725 1690 819 1723 habet
836 1700 913 1722 con-

49 1725 223 1756 ditionem:
249 1726 311 1757 hoc
327 1727 447 1768 semper
461 1736 581 1760 certum
597 1730 660 1770 est,
684 1741 788 1772 eoque
805 1741 912 1773 puram

50 1767 196 1797 continet
214 1767 462 1809 obligationem:
484 1780 523 1801 eo
541 1773 626 1811 quod
644 1774 775 1813 aequitas
792 1782 910 1806 natura-

49 1807 122 1838 liter
137 1807 182 1839 est
197 1817 281 1840 certa
294 1833 303 1848 ,
327 1817 423 1850 atque
440 1820 500 1853 usna
520 1813 687 1852 omnibus3
704 1814 777 1846 licet
793 1816 832 1847 ab
849 1816 913 1847 hoc

51 1856 104 1879 aut
127 1848 180 1879 ilio
203 1851 365 1889 ignoretur
389 1852 410 1883 l.
438 1861 462 1884 1.
487 1852 514 1894 §.
535 1863 560 1885 2.
585 1854 623 1885 D.
649 1857 680 1886 de
706 1856 791 1898 legat,
816 1858 862 1888 lib.
886 1868 913 1889 α.

51 1898 149 1927 pura,
174 1891 316 1930 inquam,
340 1893 402 1931 est,
435 1902 469 1925 ut
495 1903 528 1925 ut
552 1896 744 1930 extrinsecus
766 1898 914 1939 praeferat

49 1930 180 1966 figuram
197 1934 404 1965 conditionis:
429 1936 579 1976 exemplo
596 1937 801 1979 stipulationis
825 1940 914 1972 fattae

48 1970 104 2002 sub
128 1973 312 2005 conditione
337 1976 525 2007 omnimodo
543 1979 701 2013 extitura:
725 1981 765 2012 de
791 1990 852 2022 qua
870 1983 913 2014 cli⁴

50 2012 133 2044 tium
156 2013 187 2043 in
205 2015 425 2055 superioribus.
469 2017 567 2057 Igitur
586 2021 684 2052 refert
702 2021 790 2061 sciri,
815 2032 914 2056 utram

46 2053 306 2094 fignificationem
348 2067 378 2089 in
417 2061 578 2098 praelentia
618 2063 820 2103 accipiamus.
872 2065 914 2097 Et

49 2096 177 2133 quidem
205 2098 244 2128 de
268 2097 462 2131 testamentis
481 2102 530 2132 ita
557 2102 660 2134 scribit
682 2105 833 2145 Ulpianus
850 2108 876 2138 d.
893 2107 912 2139 l.

52 2135 115 2176 1.§.
133 2145 156 2167 i.
172 2138 214 2168 l).
230 2140 262 2169 de
277 2139 361 2179 legat.
381 2141 430 2172 lib.
450 2151 477 2173 2.
496 2143 550 2173 Sed
568 2154 632 2176 cum
654 2148 697 2177 ita
714 2147 911 2188 legatum-fic,

46 2177 157 2216 pupillo
172 2176 376 2220 fivepupi'llae,
403 2183 540 2215 Arbitrio
560 2192 717 2225 tutorum,
742 2198 831 2231 neque
846 2200 910 2221 coii-

46 2219 120 2249 aazia
138 2217 209 2258 inest
227 2220 334 2262 legato,
359 2232 448 2263 neque
469 2235 566 2256 mora:
587 2237 651 2259 czim
663 2230 774 2268 placeat
786 2254 795 2268 ,
818 2230 849 2263 iii
865 2240 910 2263 te-

46 2257 209 2291 stamentis
234 2261 359 2302 legatum
383 2265 414 2294 iii
438 2264 557 2296 alterius
580 2270 732 2302 arbitrium
756 2272 910 2312 collatum,

45 2308 107 2340 pro
124 2302 179 2332 viri
199 2303 274 2334 boni
292 2304 422 2336 arbitrio
436 2309 543 2346 accipi:
565 2318 627 2349 quae
641 2312 717 2342 enim
730 2321 808 2344 mora
824 2313 862 2353 esi
879 2316 910 2345 iri

47 2343 111 2372 bom·
128 2343 187 2373 viri
200 2346 317 2374 arbitrio
328 2369 336 2382 ‚
361 2349 435 2386 quod
451 2347 587 2389 znjefflwz
603 2351 693 2392 legato
708 2353 788 2383 vetur
805 2362 910 2387 certum

45 2385 235 2422 quantitatem
256 2390 409 2425 exprimit,
430 2395 481 2428 pru
504 2392 613 2422 viribus
629 2394 761 2424 videlicet
772 2399 909 2435 patrimo-

45 2425 96 2468 nji.
131 2422 334 2457 observanda
355 2428 422 2460 sunt
442 2429 565 2471 Ulpiani
583 2435 695 2465 verba:
718 2436 908 2469 confirman-

46 2471 104 2501 tis,
127 2465 167 2497 fic
185 2468 331 2507 piacuiss'e
348 2469 377 2500 in
399 2471 610 2512 testaineiitis;
628 2475 677 2514 ἀ,
695 2477 826 2516 opinor,
847 2478 912 2519 spe·

46 2505 178 2538 cialiter.v
196 2517 291 2547 quare
315 2512 351 2541 ad
380 2512 577 2552 emptionem
595 2517 623 2546 <54
640 2519 859 2551 venditionem
878 2521 910 2553 id

46 2546 213 2590 transferre
238 2559 300 2581 non
322 2551 433 2584 ausim:
456 2563 527 2586 cum
546 2557 714 2596 prfesertim
736 2559 767 2590 in
786 2559 908 2600 stipula·

46 2587 185 2618 tionibus
208 2593 398 2624 contrarium
432 2596 579 2628 obtinere
595 2621 604 2635 ,
635 2599 718 2631 idem
743 2602 850 2633 auctor
871 2603 907 2635 sit

47 2625 201 2667 Ulpianus
227 2630 244 2660 ἰ.
261 2641 308 2670 43.
328 2634 370 2664 D.
394 2636 426 2666 de
448 2639 525 2668 verb.
544 2639 626 2681 olili'g.
650 2640 743 2681 eique
761 2641 905 2686 suffrage-

46 2675 96 2698 tur
116 2669 224 2700 Paulus
249 2671 267 2701 l.
284 2683 331 2711 ⁴⁴·
357 2684 431 2708 mox
456 2678 617 2716 sequente.
654 2681 732 2715 Non
751 2693 801 2716 ine
825 2688 904 2717 urit:

46 2713 129 2747 quod
150 2711 307 2749 stipulatio
332 2714 375 2745 est
392 2716 481 2749 stricti
496 2720 589 2759 juris:
612 2724 713 2756 nostra
737 2734 842 2757 autem
863 2728 906 2758 di-

42 2749 179 2789 sputatio
196 2753 240 2785 est
257 2756 296 2785 de
319 2758 482 2794 emptione
502 2763 685 2796 venditione
702 2775 770 2805 quae
788 2767 832 2798 cst
851 2769 905 2799 bo-

42 2800 89 2822 nze
115 2791 198 2824 fidei.
223 2804 291 2826 nam
317 2795 347 2826 &
374 2798 403 2828 in
428 2799 577 2834 societate
603 2814 671 2843 qnae
697 2807 837 2839 iimilitei·
860 2809 905 2841 est

42 2832 133 2863 bonae
150 2832 241 2872 fidei,
267 2837 348 2867 idern
367 2838 473 2870 censet
491 2841 597 2874 Celsus
614 2847 632 2877 l.
651 2857 698 2888 75.
718 2848 760 2879 D.
785 2850 839 2880 I’ro
862 2852 904 2888 si>-

41 2884 81 2904 cn)
100 2885 107 2904 :
140 2874 172 2921 393¹
187 2898 194 2907 .
226 2875 369 2913 inquiens
386 2903 395 2915 ‚
429 2883 501 2912 coita
517 2882 558 2920 fic
584 2887 698 2921 fficietiis
714 2891 757 2920 his
771 2893 904 2931 partibus

41 2925 114 2955 (juris
146 2915 234 2947 litim
256 2920 416 2951 arbitratus
432 2923 543 2960 fuerit:
559 2919 588 2962 si
613 2927 708 2961 Titius
734 2938 800 2962 ante
816 2943 903 2974 quani

39 2959 247 2996 arbitramur,
271 2960 413 3000 aet-efferic
425 2984 434 2998 ,
456 2965 529 2995 nihil
545 2969 660 3007 agitur:
683 2982 751 3003 mim
767 2975 796 3003 id
811 2977 903 3013 z'sificiii

37 2996 133 3029 atium
149 2998 203 3038 est,
227 3010 261 3030 ne
277 3002 361 3032 aliter
371 3005 490 3043 societas
502 3006 563 3046 fit,
586 3018 672 3049 quam
687 3021 719 3043 iit
737 3012 840 3045 Tz'iim‘
852 3025 900 3045 ar-

39 3039 219 3077 hiircicuific.
266 3042 317 3073 Sic
340 3044 370 3074 in
394 3045 544 3078 societate
570 3049 698 3084 Celsus:
722 3063 782 3085 nec
810 3057 901 3087 aliter

36 3082 67 3112 in
99 3083 262 3120 emptione
292 3083 479 3122 justinianus
510 3088 528 3118 l.
564 3092 617 3122 ult.
643 3094 676 3124 C.
703 3094 731 3124 h.
752 3102 773 3126 ι.
807 3098 835 3127 δι
868 3100 899 3128 in

34 3123 194 3155 locatione
211 3123 308 3163 Gaius
320 3149 329 3160 ,
344 3134 360 3155 a
377 3125 576 3161 Triboniano
595 3132 803 3174 interpolatus
817 3138 835 3168 l.
848 3148 896 3178 25.

31 3165 73 3194 D.
97 3163 206 3195 Lucan.

28 3205 208 3278 rutIipnenH
219 3206 358 3249 ideoque
377 3210 515 3250 miraris,

93 3256 146 3278 vm.
208 3270 216 3278 .

1776 135 1845 173 205·

965 208 1098 247 mentis,
1122 209 1206 240 aliud
1233 211 1263 242 in
1287 213 1518 246 contraffibus.
1541 223 1612 246 riam
1635 213 1656 246 ii
1680 214 1841 255 uti-imque

965 249 1077 280 iisdem
1103 251 1219 287 utimur
1246 255 1369 284 verbis:
1393 264 1449 287 cur
1474 256 1519 287 est
1544 256 1703 297 utrimque
1720 257 1840 288 diversa

964 297 1076 322 eorum
1095 292 1260 332 potestas?
1286 293 1330 325 Ut
1354 304 1414 326 tiiae
1440 298 1614 330 succurram
1631 297 1838 330 haesitationi:

964 331 1090 371 quaeso,
1115 332 1155 364 lic
1174 341 1265 372 putes
1287 335 1498 370 differentiam
1519 339 1697 371 testamenti
1715 341 1744 371 &
1760 349 1838 371 con-

965 372 1081 403 tractus
1107 377 1139 404 in
1165 374 1330 414 proposito
1355 385 1420 409 non
1439 389 1480 411 ex
1497 381 1621 420 verbis,
1646 381 1698 412 sed
1714 390 1756 412 ex
1772 380 1838 412 sen-

964 418 1064 443 tentia
1085 414 1190 445 verbis
1214 417 1390 454 utentium,
1414 420 1564 459 explicari
1588 431 1751 462 oportere.
1774 430 1836 454 nec

963 452 1008 484 est
1032 454 1063 484 id
1089 455 1220 487 difficile
1244 457 1478 490 demonstratu:
1510 461 1680 495 scientibus
1705 472 1834 495 contra-

963 493 1030 525 ctus
1050 495 1189 527 aestimari
1202 497 1352 529 consensu
1370 501 1647 537 contrahentium:
1665 505 1835 538 testamen-

962 543 992 566 ta
1019 537 1109 567 unius
1136 537 1301 570 voluntate
1328 541 1486 574 testatoris
1514 543 1646 577 absolvi.
1676 556 1775 587 porro
1801 548 1833 579 in

960 577 1126 609 contractu
1144 580 1212 620 agi,
1237 587 1271 611 ut
1287 581 1448 623 obligetur
1464 584 1563 624 alter,
1588 585 1667 627 saepe
1685 590 1833 629 ignotus;

961 617 1099 659 denique
1125 628 1272 653 neutrum
1299 622 1424 656 studere
1448 625 1557 665 alteri,
1582 627 1633 659 sed
1664 637 1834 668 utrumque

959 658 1025 690 fibi.
1050 661 1129 692 atii]
1159 661 1349 696 testamento
1371 675 1388 696 a
1411 666 1563 699 testatore
1586 671 1730 701 exerceri
1754 671 1833 702 libe-

960 700 1120 746 ralitatem
1151 713 1222 743 erga
1256 705 1340 737 bene
1370 716 1514 740 meritos.
1554 712 1597 740 ita
1621 711 1683 742 late
1713 712 1832 751 accipi-

960 751 1029 773 mus
1048 743 1113 783 ejus
1140 745 1338 779 voluntatem
1367 748 1385 779 l.
1405 758 1451 780 12.
1479 749 1520 781 D.
1545 752 1578 782 {le
1592 760 1651 793 reg.
1664 752 1729 793 jur.
1748 752 1833 793 quast

961 784 1178 824 appellatione
1200 786 1318 820 arbitrii
1346 788 1436 821 Lucii
1462 790 1566 830 Titii,
1588 802 1653 824 non
1671 801 1734 825 tam
1751 795 1833 833 judi-

959 827 1045 857 cium
1063 826 1129 867 ejus
1148 827 1404 871 elegerit,quam
1421 833 1677 875 aequitatis:quae
1695 844 1753 866 una
1765 844 1834 866 orn·

959 866 1070 904 nibus,
1095 868 1227 907 persona
1257 868 1348 902 Lucii
1366 871 1448 905 Titii
1466 884 1527 907 non
1551 874 1831 909 circumscribitur.

959 917 977 938 e
1007 908 1131 939 diverso
1163 909 1264 942 stricte
1289 913 1494 954 intelligimus
1520 917 1726 950 contrastus:
1758 919 1832 957 quia

959 957 1138 989 quaerentes
1162 947 1327 992 utriiisque
1349 957 1568 995 voluntatem,
1598 966 1731 1000 oportet
1749 960 1829 991 libe·

959 991 1072 1022 rationi
1090 991 1175 1023 indul
1202 1002 1254 1024 ere
1271 996 1399 1036 potius,
1422 1006 1515 1038 quam
1536 1000 1725 1042 obligationi
1743 1001 1762 1031 l.
1778 1011 1828 1041 47.

960 1030 999 1062 D.
1015 1033 1048 1063 de
1063 1033 1145 1073 oblig.
1185 1036 1189 1041 '
1214 1034 1268 1067 αὲἶ.
1291 1044 1388 1078 atque
1406 1048 1446 1070 eo
1460 1039 1589 1080 justius:
1606 1044 1695 1084 quod
1714 1043 1744 1073 in
1762 1052 1832 1073 cre-

958 1072 1069 1104 ditoris
1098 1074 1256 1114 potestate
1284 1077 1365 1117 fuit,
1390 1082 1528 1120 apertius
1551 1084 1638 1123 loqui
1666 1084 1685 1115 i.
1705 1093 1754 1120 99.
1780 1085 1828 1115 D.

958 1117 992 1145 de
1006 1116 1084 1147 verb.
1101 1117 1155 1147 obli
1176 1141 1182 1147 .
1205 1119 1374 1157 promissor
1396 1130 1509 1154 contra
1526 1133 1590 1156 non
1609 1124 1736 1156 videtur
1751 1134 1830 1157 con-

958 1155 1097 1194 senfiffe,
1119 1159 1173 1189 nii
1197 1159 1227 1190 in
1260 1160 1403 1200 sensum,
1436 1164 1489 1204 ipsi
1513 1166 1616 1197 minus
1633 1167 1829 1199 nociturum.

959 1197 1020 1229 Sed
1043 1198 1293 1234 demonstratum
1318 1203 1363 1235 est
1383 1203 1545 1238 distrimen
1561 1206 1646 1240 inter
1663 1207 1832 1240 testamen-

957 1246 987 1270 ta
1012 1240 1042 1271 &
1064 1241 1262 1273 contractus:
1284 1252 1343 1275 nec
1359 1247 1461 1278 minus
1479 1247 1598 1287 liquet,
1621 1251 1729 1281 valere
1744 1259 1833 1290 (ειηρ1

958 1281 1101 1320 tionem,
1127 1284 1221 1322 pretii
1247 1285 1436 1318 definitione
1458 1288 1587 1320 arbitrio
1607 1298 1703 1321 certae
1720 1291 1832 1332 perso-

956 1331 1024 1359 nae,
1049 1323 1137 1355 verbi
1158 1325 1275 1365 gratia,
1299 1326 1391 1359 Lucii
1414 1326 1496 1360 Titii
1516 1353 1526 1368 ,
1556 1331 1721 1371 concessa,
1748 1332 1776 1364 *si
1802 1333 1831 1364 is

956 1364 1123 1396 arbitratus
1140 1364 1194 1398 sit:
1218 1367 1357 1408 alioquin
1376 1369 1453 1401 nibil
1478 1371 1580 1404 actum
1600 1374 1716 1413 putari.

997 1406 1103 1436 Altera
1121 1406 1252 1447 quaestio
1268 1409 1361 1442 est:fi
1379 1410 1546 1445 arbitratus
1564 1414 1692 1454 quidem
1712 1413 1749 1446 fit
1764 1413 1831 1445 Lu-

955 1448 1023 1477 cius
1040 1446 1162 1486 Titius‚
1186 1448 1241 1480 sed
1256 1449 1383 1492 inique:
1407 1459 1512 1484 utrum
1527 1463 1657 1496 emptor
1674 1464 1742 1488 tum
1760 1466 1832 1488 om-

956 1489 1089 1520 nimodo
1123 1497 1269 1522 teneatur
1295 1492 1440 1532 praestare
1472 1497 1560 1535 quod
1589 1496 1757 1529 arbitratus
1789 1497 1829 1530 fit

958 1528 1074 1561 Lucius
1091 1528 1214 1570 Titius,
1238 1541 1276 1563 an
1293 1534 1499 1567 nihilominus
1516 1537 1611 1577 poffic
1629 1538 1832 1578 petere,Ti-

955 1570 990 1601 tii
1007 1571 1209 1611 iniquitatem
1227 1573 1305 1606 boni
1323 1575 1379 1607 viri
1398 1576 1548 1609 arbitratu
1559 1580 1730 1611 emendari,
1748 1580 1831 1612 Haec

955 1611 1087 1652 quaestio
1113 1623 1226 1654 aeque,
1251 1625 1288 1647 ac
1313 1616 1471 1657 superior.
1497 1620 1617 1660 pendet
1640 1630 1657 1651 a
1675 1620 1831 1662 fignifica-

955 1654 1045 1685 tione
1071 1656 1185 1694 verbi,
1209 1656 1390 1699 arbitrium,
1414 1669 1477 1692 tani
1501 1661 1631 1702 plenum
1647 1661 1728 1694 Titii
1745 1664 1832 1696 arbi·

956 1694 1068 1734 trium,
1093 1705 1187 1736 quam
1205 1698 1367 1732 arbitrium
1392 1700 1468 1732 boni
1494 1702 1550 1735 viri
1569 1704 1830 1744 complectentis.

956 1735 1040 1768 Mihi
1063 1747 1139 1768 vero
1164 1738 1252 1770 sedet
1276 1741 1336 1772 hac
1359 1741 1389 1773 in
1407 1743 1512 1784 specie
1536 1744 1632 1786 magis
1664 1746 1722 1777 viri
1748 1745 1831 1779 boni

955 1777 1117 1810 arbitrium
1136 1803 1146 1818 ,
1170 1789 1263 1820 quam
1292 1792 1415 1816 merum
1432 1783 1513 1816 Titii
1540 1785 1721 1826 arbitrium,
1746 1789 1830 1820 acci-

956 1828 1051 1860 pere:
1064 1822 1146 1861 quasi
1164 1831 1292 1862 emptor
1302 1833 1342 1855 eo
1358 1834 1504 1866 gravatus
1515 1828 1644 1859 arbitrio
1655 1852 1665 1868 ,
1676 1829 1830 1869 noluerit,

956 1860 1009 1892 nisi
1035 1860 1127 1894 Titio
1150 1872 1274 1903 aequum
1297 1866 1472 1907 arbitrato,
1497 1870 1638 1911 obligari.
1662 1870 1704 1902 sic
1731 1871 1761 1901 in
1780 1873 1829 1902 so·

957 1903 1094 1943 cietate,
1120 1904 1150 1936 id
1167 1904 1231 1942 est,
1254 1905 1284 1938 in
1302 1907 1391 1939 bonae
1409 1907 1484 1940 fidei
1504 1911 1688 1950 contractu,
1713 1912 1827 1944 definit:

957 1942 1067 1976 Celsus
1092 1946 1111 1976 l.
1129 1950 1178 1986 76.
1205 1946 1334 1990 &seqq
1358 1950 1405 1981 D.
1431 1951 1492 1982 Pro
1509 1950 1594 1994 sbci'o.
1626 1962 1686 1985 nec
1709 1953 1826 1993 video,

957 1993 1014 2016 cur
1040 1987 1071 2018 in
1095 1988 1289 2027 emptione,
1320 1999 1391 2029 quae
1421 2001 1511 2033 aeque
1541 1994 1634 2026 bonae
1661 1994 1735 2026 fidei
1759 1995 1825 2035 est,

957 2034 1067 2059 contra
1084 2030 1236 2061 censezim.
1260 2030 1368 2063 Habes
1382 2041 1483 2065 meam
1500 2034 1686 2068 sententiam
1699 2060 1707 2073 ‚
1719 2046 1826 2077 quam-

957 2077 1049 2109 quam
1075 2079 1139 2101 iion
1165 2072 1252 2103 omni
1278 2082 1410 2105 vacuam
1437 2075 1635 2109 difficultate.
1686 2077 1825 2112 Primum

955 2110 1061 2150 potest
1079 2112 1209 2153 ambigi:
1234 2115 1318 2145 unde
1337 2116 1550 2158 intelligatur,
1575 2119 1741 2151 nominato
1759 2119 1824 2151 Lu-

955 2154 1008 2182 cio
1032 2150 1149 2193 Titio,
1181 2155 1280 2196 magis
1305 2156 1441 2188 elestum
1474 2159 1536 2190 effe
1561 2160 1636 2192 boni
1660 2163 1718 2192 viri
1741 2163 1824 2193 arbi-

955 2194 1075 2234 trium,
1115 2204 1208 2233 quam
1240 2206 1357 2229 meram
1389 2198 1482 2231 Lucii
1507 2200 1585 2233 Titii
1613 2202 1823 2235 voluntatem.

956 2233 1101 2274 Deinde,
1125 2235 1144 2267 ss
1165 2237 1330 2276 volumus,
1355 2238 1448 2272 Titio
1471 2242 1661 2282 arbitrante,
1685 2244 1823 2276 eiectum

954 2284 1057 2315 putari
1081 2278 1158 2309 boni
1186 2278 1242 2309 viri
1275 2280 1437 2313 arbitrium
1457 2293 1464 2314 :
1488 2293 1543 2314 cur
1561 2285 1651 2316 aliter
1668 2285 1823 2326 dicimus,

952 2317 972 2347 fi
996 2318 1163 2351 arbitratus
1190 2329 1254 2351 non
1277 2320 1331 2354 fit:
1354 2331 1425 2354 cum
1451 2325 1611 2366 utrimque
1629 2327 1739 2359 eadem
1764 2327 1824 2360 sint:

952 2359 1211 2392 contrabentium
1233 2363 1329 2393 verba
1349 2373 1359 2401 3
1394 2363 1533 2406 ideoque
1556 2375 1609 2398 aut
1633 2377 1765 2408 utraque
1789 2370 1822 2402 in

954 2398 1076 2438 specie,
1099 2409 1152 2432 aut
1173 2403 1203 2433 in
1227 2411 1358 2443 neutra,
1383 2405 1459 2437 boni
1486 2408 1545 2438 viri
1571 2409 1732 2442 arbitrium
1756 2409 1823 2450 spe-

952 2440 1027 2471 ctari
1045 2450 1203 2481 oporteat.
1228 2444 1407 2483 postremo,
1432 2454 1465 2478 ut
1490 2447 1647 2489 superiora
1673 2460 1737 2483 non
1761 2455 1822 2484 ob-

953 2481 1052 2519 stent;
1076 2491 1182 2514 tamen
1210 2484 1340 2525 impleta
1365 2490 1592 2522 conventionis
1610 2493 1818 2533 conditione,

951 2531 1020 2553 eam
1047 2523 1110 2555 fine
1144 2534 1341 2565 exceptione
1376 2528 1514 2570 servari,
1545 2533 1628 2564 clare
1652 2533 1819 2567 constituit

950 2563 1137 2602 justinianus
1163 2568 1181 2596 ί.
1207 2567 1259 2598 ult.
1286 2568 1319 2600 C.
1344 2569 1372 2600 h.
1392 2577 1412 2601 it.
1446 2571 1571 2612 nescio,
1602 2583 1639 2606 ati
1666 2579 1817 2614 exemplo

950 2607 1187 2646 compromiffi:
1219 2610 1249 2639 in
1278 2619 1342 2649 quo
1375 2611 1559 2646 sententiam
1589 2616 1720 2655 arbitri,
1752 2617 1816 2649 five

947 2655 1067 2686 tequam
1084 2648 1147 2680 five
1164 2649 1303 2689 iniquam
1321 2651 1489 2693 custodiri,
1504 2655 1557 2687 suo
1574 2656 1648 2689 loco
1662 2660 1816 2699 apparuit.

948 2687 1089 2720 Iudicavi
1128 2689 1358 2724 difficultatem.
1393 2696 1475 2735 petis
1509 2697 1589 2728 tolli.
1647 2699 1745 2740 Quod
1775 2701 1813 2731 ad

949 2729 1080 2768 primam
1105 2732 1242 2764 attinet:
1275 2734 1326 2765 illa
1351 2737 1437 2774 parvi
1465 2740 1620 2770 momenti
1652 2741 1704 2771 eil.
1738 2749 1811 2771 cum

950 2771 1033 2801 enim
1052 2772 1194 2810 constet,
1218 2774 1380 2807 arbitrium
1397 2787 1459 2809 non
1484 2780 1584 2812 minus
1602 2782 1676 2812 boni
1693 2781 1749 2811 viri
1766 2791 1813 2811 ai·-

949 2811 1096 2850 bitrium,
1130 2823 1223 2854 quam
1255 2826 1371 2849 meram
1402 2820 1598 2852 voluntatem
1624 2819 1811 2861 fignificare:

948 2862 985 2882 an
1017 2856 1181 2893 miramur,
1205 2855 1311 2890 assumi
1338 2859 1417 2890 hanc
1441 2870 1494 2892 aut
1511 2863 1613 2899 illam,
1639 2870 1733 2900 prout
1748 2863 1810 2893 sua-

948 2896 1024 2924 dere
1049 2895 1173 2927 videtur
1201 2907 1250 2929 res
1274 2899 1302 2931 ὅ(
1325 2899 1524 2940 loquentium
1550 2903 1728 2934 sententia?
1767 2904 1808 2935 Ac

947 2943 1028 2965 ratio
1055 2945 1161 2976 vetat,
1193 2942 1303 2972 eadem
1332 2942 1427 2973 verba
1450 2944 1479 2973 in
1504 2944 1617 2974 eodem
1641 2945 1808 2976 contractu

946 2975 1035 3007 aliter
1057 2985 1153 3016 atque
1177 2980 1268 3012 aliter
1289 2983 1400 3023 accipi.
1455 2983 1570 3014 Recte:
1595 2983 1649 3014 nisi
1674 2985 1702 3015 id
1728 2987 1808 3020 velit,

943 3018 1199 3052 contrahentium
1225 3023 1388 3056 voluntas:
1411 3025 1448 3055 ad
1474 3033 1565 3063 quain
1592 3033 1655 3054 non
1684 3027 1805 3067 minus,

943 3067 1035 3098 quam
1051 3061 1090 3091 ad
1108 3063 1219 3101 verba,
1237 3067 1356 3095 attendi
1377 3067 1405 3095 in
1425 3067 1515 3094 bonae
1533 3064 1608 3095 fider·
1627 3069 1806 3106 contractu,

943 3102 971 3131 ot
997 3101 1079 3132 bona
1097 3100 1193 3141 fides,
1217 3105 1247 3136 ἀ
1275 3105 1389 3136 summa
1416 3113 1514 3141 ratio,
1539 3105 1684 3143 postulat.
1727 3108 1804 3141 Hoc

941 3140 1037 3181 igitur
1058 3144 1169 3183 reliat3
1193 3155 1249 3177 cur
1271 3155 1399 3186 putetur
1422 3145 1504 3176 aliud
1525 3148 1599 3190 figi,
1635 3158 1698 3180 non
1723 3153 1804 3182 arni·-

254 3166 473 3200 Differentiam
497 3174 718 3213 recognoscis,
751 3181 896 3213 nonduin
941 3189 1043 3214 trante
1069 3183 1180 3224 Titio,
1204 3189 1306 3223 aliud,
1330 3195 1401 3216 cuni
1424 3185 1468 3216 cst
1490 3187 1597 3227 inique
1625 3190 1803 3223 arbitratus.

536 3214 620 3247 uliud
637 3216 735 3258 recipi
752 3218 782 3250 in
802 3219 894 3252 testa·
937 3221 990 3255 Tu
1008 3235 1085 3256 vcro
1104 3226 1145 3258 fic
1163 3228 1220 3259 tibi
1239 3225 1440 3268 persuadeas,
1466 3227 1527 3259 effe
1544 3233 1803 3264 unamrationem

1007 3265 1071 3309 Q

1704 3283 1800 3314 atque
