2036 3495
145 97 216 132 226
564 90 598 125 G
631 99 652 123 E
686 98 708 122 R
744 98 765 123 Λ
797 94 821 120 R
852 96 877 121 n
911 95 926 121 1

149 181 207 214 sub
229 193 290 224 qua
313 181 454 214 debitum
480 177 562 214 fuit,
585 173 747 207 commiffa
761 173 818 213 fit;
842 173 892 205 vel
908 173 1022 214 pignus

149 223 206 255 sub
223 234 287 265 quo
305 224 495 256 debebatur,
521 218 556 249 fit
581 215 770 247 distractum.
812 214 845 246 [n
863 215 987 246 caeteris
1002 214 1023 244 i-

151 266 237 306 gitur
260 265 368 300 rebus,
392 267 505 301 praeter
530 267 695 295 nummos,
727 257 854 287 obtinet
875 257 1022 296 Jusiuran·

153 310 228 338 (ium
245 306 273 336 in
293 305 398 339 litem;
423 301 444 332 fi
462 308 571 340 agatur
587 300 626 329 ad
643 298 878 329 restitutionem
902 295 1021 328 exhibi-

152 347 337 377 tionemve:
363 343 424 373 five
449 351 497 372 res
524 340 558 371 [it
583 339 811 380 incorporalis,
836 347 870 370 ut
892 338 1024 370 servitus

152 388 172 418 l.
191 397 218 426 7.
243 388 285 416 l).
309 385 340 415 Si
357 384 455 419 servit.
479 381 542 413 five
559 381 754 421 corporalis,
779 382 878 412 modo
903 379 939 411 fit
957 389 1025 410 ino-

152 429 223 458 bilis
234 435 240 457 :
251 435 320 456 nam
332 435 378 456 res
389 422 560 455 immobilis
570 432 675 463 neque
686 423 783 453 latere
794 420 909 462 potest,
920 430 1025 461 neque

153 469 366 510 jusjurandum
385 467 415 496 in
427 465 515 496 litem
532 464 700 495 admittitl.
712 468 760 502 48.
772 463 800 504 §.
816 472 839 494 1.
855 464 902 494 D.
914 463 1026 493 Locatz'.

195 507 476 551 Quemadmodum
503 516 566 536 non
590 504 689 536 refert
714 507 743 536 in
770 508 833 535 noc
859 504 1026 544 jurejuran-

154 551 214 588 do,
239 549 336 589 qualis
360 559 407 580 res
433 555 575 586 petatur:
598 546 640 578 fic
666 547 709 578 nil
733 545 881 584 interest,
913 554 973 585 qua
997 553 1025 574 a·

153 593 260 623 &ione
282 598 409 631 agatur,
433 591 464 620 in
491 598 576 624 rem,
599 598 636 618 an
664 588 695 619 in
719 587 901 627 personam,
926 586 1026 617 modo

151 633 189 665 sit
212 633 249 662 ad
272 632 499 663 restituendum
526 629 784 660 exhibendumve
802 635 984 668 comparata
1006 626 1026 657 l.

155 684 183 707 1.
204 673 240 708 &²
263 684 291 705 2.
318 674 364 704 l).
387 673 413 703 b.
438 679 457 702 r.
488 670 669 702 Marcianus
700 670 718 701 ἰ.
736 680 766 709 5.
790 671 817 701 d.
841 675 862 700 t.
887 669 1027 709 regulam

154 715 215 756 (sic
232 714 321 745 dico:
339 723 411 753 quia
427 714 452 743 is
470 713 558 744 locus
576 711 620 743 est
639 721 677 742 ex
692 712 749 743 lib.
768 721 797 750 4.
818 709 1028 751 Regularum)

154 758 220 788 hoc
236 755 380 795 concipit
399 757 519 786 inodo:
546 753 580 784 ln
597 752 757 784 ustionibus
781 755 812 783 in
837 762 911 789 rem,
938 751 975 785 ὅ*
991 750 1029 781 ad

158 798 369 833 exhibendum,
394 796 429 830 ὅ)
447 798 477 825 z'n
496 796 573 825 home
584 794 655 834 fidei
664 794 805 835 judiciis,
831 795 861 824 in
880 794 958 824 litem
978 792 1028 832 ju-

156 846 251 870 ratur.
275 839 393 870 Primas
413 845 516 876 partes
536 837 588 866 dat
606 836 782 866 actionibus
800 837 832 867 in
850 844 935 872 rein3
951 832 1029 864 sicut

154 881 268 912 Paulus
291 881 317 910 d.
333 879 351 909 l.
372 889 399 910 2.
418 880 446 909 i&
465 878 618 917 Ulpianus
635 876 665 907 iii
683 877 701 907 l.
719 881 770 911 68.
790 877 836 907 D.
854 878 886 906 de
904 877 942 906 rei
963 876 1028 904 virz-

155 924 211 952 dic.
236 929 384 961 putemus
401 920 501 958 adeo,
518 928 583 950 non
601 919 700 950 modo
717 919 761 949 rei
780 916 1028 949 vindicationem

154 973 216 1003 qua
234 963 321 1002 quod
337 960 477 992 nostrum
495 960 558 997 est,
582 961 719 999 petimus
742 959 835 989 nobis
852 958 961 990 officio
979 956 1028 996 ju-

156 1004 232 1035 dicis
260 1002 404 1041 restitui,
432 1002 645 1042 jusjurandum
672 999 702 1031 in
730 999 817 1031 litem
842 1001 1029 1036 adinittere3

153 1046 207 1076 sed
223 1045 316 1075 etiam
335 1044 408 1074 alias
425 1042 456 1074 in
481 1052 547 1074 rem
569 1041 727 1080 aftiones3
747 1049 779 1072 ut
798 1041 1029 1072 Publicianam:

155 1088 187 1118 in
209 1096 268 1126 qua
285 1085 436 1125 Ulpianus
453 1085 497 1114 ait
513 1084 620 1115 omnia
638 1083 748 1114 eadem
772 1082 833 1113 effe
849 1092 918 1121 quae
937 1082 966 1112 in
986 1081 1030 1110 rei

156 1127 377 1159 vindicatione
399 1127 418 1157 l.
437 1135 464 1165 7.
484 1125 503 1166 ᾗ
532 1129 559 1159 8.
583 1124 624 1155 I).
648 1125 681 1154 de
708 1124 822 1155 Public.
846 1124 877 1153 in
901 1133 959 1153 rem
975 1120 1030 1152 ast.

156 1171 185 1201 δι
203 1167 459 1208 fiinileszquibus
478 1175 540 1198 non
557 1165 684 1205 quidem
704 1164 879 1197 dominium
892 1164 1030 1194 nostruin

156 1211 375 1248 vindicamus,
400 1208 453 1239 sed
477 1208 588 1246 utique
610 1207 657 1246 jus
683 1206 811 1247 aliquod
835 1206 921 1245 quod
944 1205 974 1236 in
999 1214 1031 1234 re

158 1252 321 1283 habemus.
347 1259 382 1281 ac
402 1249 481 1287 saepe
499 1249 628 1279 miratus
646 1247 729 1285 suin,
755 1250 790 1278 si.
810 1246 965 1284 Fabrum,
990 1245 1030 1276 V.

157 1293 216 1325 CL.
241 1293 288 1324 lib.
315 1296 359 1322 16.
380 1289 504 1332 Conjest.
530 1299 552 1320 c.
577 1299 622 1329 15.
649 1288 685 1323 ὅ)
702 1292 785 1330 seqq.
808 1289 898 1319 aliter
916 1287 1029 1318 sentire

157 1336 198 1365 de
215 1334 340 1364 actione
359 1331 610 1373 hypothecaria:
635 1339 707 1361 cum
734 1340 764 1361 in
781 1339 817 1361 ea
837 1330 919 1361 idem
939 1328 1028 1370 teile-

155 1383 207 1407 tur
227 1374 382 1411 Ulpianus
403 1373 422 1404 l.
443 1377 488 1404 16.
508 1372 536 1413 ἓ.
554 1382 581 1411 3.
601 1370 637 1405 &
654 1372 672 1401 l.
690 1381 736 1402 21.
753 1371 782 1412 ὃ,
800 1382 829 1412 3.
856 1372 899 1401 D.
916 1372 949 1400 de
967 1371 1029 1410 pig-

155 1426 218 1447 πον.
247 1415 283 1450 &³
301 1416 413 1457 ὑγροῦ).
439 1415 468 1444 δε
495 1421 645 1451 praeterea
673 1420 795 1444 certum
822 1411 875 1450 sit,
899 1420 966 1443 eam
991 1421 1029 1441 ae·

156 1466 239 1498 que,
262 1466 300 1488 ac
323 1463 453 1487 caeteras
468 1455 508 1496 ‘in
535 1463 601 1484 rein
628 1453 785 1491 astiones,
807 1455 843 1484 ad
863 1451 1030 1484 restitutio-

155 1507 229 1531 nem
243 1498 361 1537 Judicis
379 1495 509 1526 arbitrio
526 1495 687 1533 pertinere
719 1494 748 1536 §.
769 1504 818 1535 31·
838 1492 909 1534 [nst.
925 1496 958 1525 de
974 1492 1029 1524 aer.

201 1538 328 1570 Deinde
347 1538 389 1568 ait
417 1536 596 1568 Marcianus
619 1537 647 1566 d.
667 1536 685 1565 l.
700 1546 728 1575 5.
745 1536 771 1566 h.
796 1542 814 1567 t.
839 1538 933 1566 etiam
950 1535 979 1566 in
1001 1544 1030 1565 a·

159 1581 266 1612 ctione
282 1580 319 1610 ad
337 1577 553 1610 exhibendum
572 1577 602 1607 in
620 1577 706 1607 litem
721 1577 825 1617 jurari.
844 1578 940 1617 idque
957 1585 1029 1616 pro-

156 1622 210 1653 bat
228 1629 357 1661 quoque
384 1619 497 1651 Paulus
522 1620 548 1649 d.
566 1618 585 1648 l.
603 1627 628 1649 2.
646 1619 672 1649 h.
693 1624 712 1649 t.
749 1617 804 1649 Est
822 1628 898 1649 vero
916 1619 984 1648 haec
1001 1626 1017 1648 a

158 1663 220 1694 Ctio
237 1672 301 1693 non
320 1661 350 1693 in
368 1670 453 1698 rem,
479 1659 529 1691 sed
547 1661 577 1691 in
596 1658 779 1699 personam,
805 1660 834 1690 ὅ(
850 1660 1030 1696 arbitraria,

155 1704 289 1744 amplius
301 1701 522 1743 praeparatoria
540 1709 612 1731 cum
630 1701 758 1732 aliarum
775 1701 933 1732 actionum
945 1709 1029 1738 ,tum

153 1746 200 1778 rei
220 1743 462 1776 vindicationis:
479 1750 514 1773 ut
530 1741 583 1773 sub
602 1740 735 1780 Titulo‚
761 1742 812 1773 Aa
826 1743 1028 1780 exhibendum,

155 1785 201 1818 est
220 1785 480 1818 demonstratum.
507 1782 585 1815 Inde
602 1783 696 1814 visum
714 1782 906 1822 Veteribus,
930 1783 980 1813 vel
999 1783 1028 1813 in

155 1827 211 1860 illa
235 1827 487 1859 vindicationem
513 1833 723 1865 praeparatura
749 1823 779 1856 in
803 1826 889 1856 litem
916 1825 1028 1864 jurari3

157 1869 213 1901 etsi
230 1869 371 1909 alioquin
390 1868 473 1898 aliud
493 1865 546 1903 sit,
572 1866 745 1904 exhibere3
763 1866 865 1904 aliud,
886 1865 1028 1897 restitue—

156 1920 193 1943 re
211 1911 230 1942 1.
251 1920 290 1942 22
327 1910 364 1941 D.
381 1910 414 1940 de
432 1909 508 1939 verb.
519 1906 575 1949 fig.
623 1907 685 1939 Sed
706 1908 758 1938 ubi
782 1917 849 1946 res,
874 1907 926 1938 nisi
943 1907 1028 1938 exhi-

158 1951 245 1991 bita,
275 1950 426 1983 vindicari
457 1949 587 1989 nequit3
619 1957 683 1979 non
716 1948 826 1980 debuit
851 1948 1029 1989 poffess'oris

158 1992 359 2025 contumacia
391 1991 506 2022 deinde
531 1990 731 2021 vindicaturo
753 1991 836 2022 viam
867 1991 904 2021 ad
932 1988 1029 2020 vindi-

159 2035 295 2066 candum
313 2033 486 2064 obstruere.
506 2031 585 2063 lllud
602 2030 699 2062 suerit
716 2031 955 2072 diligentiffimze
973 2031 1030 2061 ob-

159 2075 365 2113 servationis,
392 2074 587 2104 Marcianum
606 2096 615 2111 ,
646 2082 719 2103 cuni
745 2082 783 2103 ex
806 2073 977 2103 arbitrariis
1001 2081 1031 2102 a·

161 2118 321 2149 &tionibus
339 2117 370 2147 in
386 2114 550 2155 personam
574 2113 665 2145 unius
684 2115 830 2145 meminit
846 2113 977 2145 aelionis
994 2114 1032 2144 ad

160 2159 397 2194 exhibendum,
422 2166 485 2187 non
504 2165 676 2195 propterea
700 2156 737 2186 ad
760 2155 842 2186 illam
863 2155 1032 2186 subsistere.

159 2199 259 2241 magis
276 2198 472 2235 credendus,
487 2206 555 2228 eam
573 2206 695 2236 ponere
711 2206 769 2235 pro
788 2198 1032 2236 exemplmquo

161 2242 256 2272 etiam
282 2249 405 2271 caeterae
422 2239 486 2279 ejus
503 2239 629 2279 generis
655 2238 796 2268 actiones
821 2238 1033 2278 designentur.

159 2283 193 2314 id
217 2291 251 2313 ut
268 2281 360 2313 aufim
386 2279 510 2319 dicere,
542 2287 632 2320 urget
648 2288 698 2310 me
719 2277 870 2319 Ulpianus
887 2280 905 2309 l.
921 2283 971 2313 68.
996 2279 1035 2309 D.

159 2326 192 2355 de
213 2325 255 2354 rei
277 2323 386 2354 vindic.
421 2321 622 2361 sequentibus
651 2320 770 2351 verbis:
801 2320 873 2351 Haec
896 2322 1034 2354 sementia

160 2365 302 2406 generalis
317 2362 354 2404 est
387 2363 423 2398 ὅ)
440 2364 476 2394 ad
499 2364 596 2393 omnia
608 2361 671 2398 five
687 2361 930 2399 interditff'ta,five
948 2361 1033 2392 aftio-

162 2415 211 2436 nes
234 2407 265 2436 in
291 2415 366 2442 rem,
385 2404 449 2443 five
472 2406 503 2435 in
527 2403 675 2444 persianum
700 2403 774 2444 siim
790 2413 824 2435 ex
842 2405 942 2444 quibus
959 2404 1033 2433 arbi·

162 2453 245 2477 zratu
259 2447 375 2486 Jziciicz's
392 2447 462 2487 quid
478 2444 662 2486 restituitur,
675 2444 766 2475 locum
781 2446 871 2475 habet.
896 2443 1034 2475 Obtinet

162 2488 257 2528 igitur
271 2488 481 2527 jusjurandum
499 2489 528 2518 in
548 2487 634 2517 litem
653 2486 682 2517 in
700 2486 847 2517 omnibus
867 2484 1034 2517 arbitrariis

163 2529 338 2559 actionibus
355 2530 386 2560 in
405 2528 590 2569 personam,
617 2526 681 2558 five
697 2527 743 2559 his
762 2535 870 2567 agatur
887 2528 924 2558 ad
946 2526 1034 2557 exhi-

163 2569 325 2607 bendum,
341 2570 403 2600 sive
420 2571 459 2602 ad
476 2569 702 2600 restituendum
714 2592 722 2606 ,
740 2570 893 2599 arbitratu
908 2567 1034 2608 Judicis.

165 2610 219 2642 Ne
229 2610 340 2641 desunt
358 2612 485 2649 quidem
497 2611 681 2649 exemplam
694 2610 819 2641 actione
829 2609 964 2640 Faviana
975 2610 994 2641 l.
1005 2620 1033 2650 5.

165 2652 193 2694 §.
215 2661 239 2683 1.
269 2649 305 2681 D.
323 2650 438 2691 Siquid
455 2654 485 2682 in
508 2653 608 2689 fraud.
630 2658 746 2692 patron.
770 2652 800 2682 in
828 2651 952 2682 afflone
969 2651 1034 2682 doli

165 2694 239 2726 mali
255 2692 273 2723 l.
295 2696 340 2726 18.
361 2692 401 2723 D.
418 2694 449 2722 de
465 2695 523 2723 dolo
539 2693 622 2723 malo.
648 2693 724 2724 item
743 2693 773 2723 in
791 2692 916 2723 actione
933 2701 1034 2723 rerum

166 2742 343 2766 amotarum
360 2733 416 2767 l.8.
435 2733 462 2773 ᾗ.
476 2744 501 2764 1.
522 2734 643 2775 &Jeqq.
661 2733 701 2765 D.
717 2737 750 2764 <le
769 2733 823 2764 ιιὲῗ,
844 2743 898 2764 rer.
916 2739 1034 2764 amotar.

165 2776 220 2808 De
236 2774 410 2806 intel-distis
431 2776 526 2811 quaei-i
545 2776 646 2815 pofllt.
670 2775 738 2807 sunt
756 2776 840 2806 enim
859 2775 907 2806 vel
925 2783 1035 2805 eorum

168 2817 314 2858 quaedam
330 2815 501 2847 arbitraria.
526 2818 564 2845 de
582 2816 628 2846 liis
647 2825 751 2847 tamen
771 2815 1038 2848 nihilMarcianus

168 2861 196 2891 cl.
216 2859 235 2889 l.
254 2868 284 2898 5.
308 2857 357 2895 ἀ,
379 2855 401 2887 fi
417 2856 644 2896 proprietatem
662 2859 831 2889 vei-borum
848 2858 1038 2889 retinemus:

169 2901 238 2932 aliae
255 2899 325 2930 sunt
343 2897 570 2935 actiones‚aiia
587 2898 760 2930 interdicta.
781 2899 907 2930 interim
927 2898 971 2929 est
990 2908 1038 2930 ea-

170 2943 244 2974 dem
262 2942 292 2971 in
309 2938 448 2978 uti-isque
465 2939 546 2969 ratio
556 2940 744 2969 coercendae
755 2941 961 2972 contumaciae
972 2941 1037 2971 non

170 2982 310 3024 parentis
336 2987 500 3021 praecepto
522 2978 658 3018 Judicis‚
682 2981 824 3012 exhiberi
850 2991 902 3012 aut
918 2981 1038 3012 restitui

167 3023 318 3065 iubentis.
340 3023 402 3062 jam
421 3030 497 3053 vero
513 3020 655 3052 latiflima
669 3020 798 3052 aftionis
823 3023 1038 3062 appellatione

171 3067 267 3097 etiam
286 3063 452 3095 interdieta
470 3060 718 3101 comprehendi,
742 3071 871 3101 apparet
894 3074 933 3095 cx
953 3064 971 3095 l.
988 3073 1038 3104 37.

172 3107 222 3138 D.
238 3108 269 3136 cIe
286 3105 368 3145 oblig.
391 3104 427 3139 ἐξ
444 3103 498 3135 ast.
523 3101 674 3133 Dicamus
692 3102 805 3142 igitur,
830 3105 879 3134 vel
897 3106 927 3135 in
945 3106 1039 3136 inter-

174 3147 283 3184 dietis,
299 3156 338 3176 ex
357 3147 471 3184 quibus
495 3146 568 3185 quid
595 3143 744 3175 arbitratu
769 3143 886 3182 judicis
911 3146 1041 3176 restitui-

983 83 1253 122 Noonr
1308 84 1524 122 COMM-

1956 0 2005 20 φης’
2024 11 2026 14 .

1950 19 1977 68 *i

1628 82 1647 92 »a

1067 174 1132 205 hoc
1150 172 1316 206 manifeste
1333 175 1507 207 confitetur
1525 174 1681 215 Ulpianus
1700 174 1729 205 d.
1741 168 1766 205 ’1,
1776 177 1827 208 68.
1851 174 1881 206 &
1898 175 1943 209 est
1959 205 1965 216 ,

1068 217 1249 256 exemplum
1275 219 1305 247 in
1324 217 1495 248 interdicto
1519 216 1618 260 Quod
1637 216 1667 246 vi
1687 224 1739 247 aut
1756 216 1836 247 eiam
1859 217 1892 248 in
1917 217 1938 250 1.

1071 264 1116 297 15.
1134 256 1161 298 ᾗ.
1181 267 1210 297 7.
1229 257 1265 291 ὅ)
1284 267 1313 294 9.
1335 262 1368 289 J)
1401 257 1487 301 Quod
1506 262 1536 290 vz‘
1554 264 1606 289 aur
1622 257 1705 288 clam.

1108 297 1274 329 Postremo
1289 300 1331 330 ait
1349 299 1532 331 Marcianus
1550 300 1579 330 in
1605 302 1632 330 d.
1651 299 1669 329 l.
1686 308 1716 337 5.
1762 297 1803 328 ΕΖ
1819 298 1851 327 in
1865 299 1938 330 bonae

1062 337 1133 379 fidei
1141 340 1261 380 judiciis
1278 341 1308 371 in
1324 342 1403 372 litem
1415 342 1547 382 juratur.
1574 340 1660 384 Quid
1681 339 1769 371 hoc?
1782 338 1859 369 mihi
1877 339 1940 378 pla-

1069 388 1142 418 cet,
1165 380 1363 413 Marcianum
1380 383 1473 413 bonae
1492 383 1620 422 quidem
1638 381 1711 412 fidei
1725 381 1839 420 judicia
1855 388 1941 412 com-

1070 430 1177 461 parare
1196 430 1268 453 cum
1286 423 1409 463 judiciis
1434 424 1525 455 strie'ti
1551 425 1643 465 juris:
1670 422 1720 452 scd
1741 430 1861 452 tantum
1878 422 1942 453 vel-

1071 463 1285 509 lepjannae
1303 463 1376 495 fidei
1391 465 1515 505 judiciis
1534 466 1627 506 jurari
1647 464 1675 495 in
1696 465 1802 494 litem:
1825 465 1855 492 in
1874 461 1940 494 stri-

1071 503 1111 533 ἂι
1128 512 1202 548 iuris
1217 505 1344 549 judiciis
1359 515 1424 537 non
1439 507 1541 546 jurari.
1572 507 1604 537 ld
1624 504 1790 536 confirmat
1809 502 1940 542 sequens

1072 552 1224 583 exceptio
1256 554 1286 575 in
1312 545 1339 586 §.
1360 555 1390 585 4.
1424 548 1515 579 Plane
1542 549 1686 579 {merdam
1720 545 1755 580 δέ)
1778 547 1808 576 iri
1832 544 1941 575 actione

1061 584 1161 626 flriffl
1172 585 1281 626 judicii
1294 587 1325 616 in
1341 587 1417 618 litem
1431 589 1593 629 jurandum
1610 588 1657 629 est.
1683 587 1769 631 Quid
1786 587 1869 617 enini
1888 587 1941 617 de-

1069 626 1167 671 iignat
1184 635 1221 656 ea
1239 628 1415 666 exceptio?
1439 629 1491 661 nisi
1513 631 1707 662 Marcianum
1735 637 1807 659 sinte
1825 627 1943 667 posuis-

1071 668 1101 714 ξε
1119 666 1293 713 Regulam:
1318 669 1405 708 quod
1431 673 1462 701 in
1493 671 1586 703 bonae
1606 672 1676 702 fidei
1693 671 1815 711 judiciis
1838 667 1943 709 potest:

1070 718 1101 740 in
1127 710 1215 740 litem
1229 709 1342 748 jurari,
1366 711 1395 740 in
1413 711 1586 745 actionibus
1603 712 1696 744 stricti
1712 711 1784 752 juris
1803 719 1865 741 non
1888 718 1944 749 po-

1072 749 1139 781 test.
1163 757 1258 788 atquc
1284 750 1346 781 huc
1370 750 1390 782 fi
1416 750 1609 792 subfistatur3
1633 755 1676 785 est
1703 754 1783 784 clara
1810 754 1837 782 d:
1857 758 1945 782 certa
1983 773 1987 778 -

1071 791 1230 838 Marciani
1249 793 1366 832 regula.
1376 795 1462 832 quod
1479 793 1500 824 fi
1512 795 1642 825 ulterius
1653 800 1944 834 qiiaeratui·;uti·um

1072 842 1103 863 in
1129 832 1290 878 omnibus.
1303 834 1395 864 bonae
1410 833 1495 879 'fidei
1512 835 1637 875 judiciis
1655 845 1683 866 in
1702 837 1788 867 litem
1805 836 1944 874 juretur-3

1073 883 1110 905 an
1137 881 1260 904 tantum
1283 883 1313 904 in
1339 883 1432 906 certis
1454 889 1458 892 ·
1493 876 1599 907 nescio
1625 886 1662 907 an
1686 876 1866 915 responderi
1891 875 1946 905 de<

1073 916 1167 960 beat,
1192 923 1313 946 tantum
1331 919 1361 946 in
1380 918 1477 947 certis
1492 917 1594 957 jurari.
1621 916 1692 948 Nec
1711 916 1849 948 resiliunt
1863 915 1946 946 bilar-

1073 958 1154 987 ciani
1175 956 1288 995 verba,
1313 956 1354 987 Ei
1369 959 1402 988 in
1421 959 1496 988 honoe
1507 958 1711 1000 firleijuaiciis
1724 961 1753 988 in
1771 958 1846 987 lnam
1859 957 1946 996 jura—

1073 1004 1132 1028 tur.
1157 996 1237 1028 Sunt
1254 998 1338 1028 enim
1360 999 1546 1037 indefinita,
1572 1010 1677 1039 eoque
1703 1009 1766 1030 non
1793 997 1944 1028 universa-

1072 1040 1136 1077 lia,
1160 1040 1212 1069 led
1240 1040 1448 1079 particularia.
1472 1043 1644 1073 commode
1675 1040 1821 1082 Apultjus
1849 1041 1894 1069 tib.
1912 1048 1942 1079 3.

1073 1079 1120 1111 De
1133 1080 1306 1120 philosophici
1329 1082 1483 1119 rationali,
1506 1083 1565 1122 jam
1592 1082 1663 1113 alibi
1684 1092 1700 1112 a
1725 1091 1774 1112 inc
1793 1081 1942 1120 allegatus

1072 1122 1197 1161 saepius:
1221 1122 1297 1151 Sunt
1315 1121 1351 1156 &⁹
1369 1124 1430 1153 alica
1448 1123 1616 1164 differentiae
1633 1124 1804 1164 quantitatis
1823 1121 1858 1155 ὅ*
1875 1130 1944 1161 qua-

1074 1162 1176 1193 linaiis.
1207 1164 1383 1202 quantitatis
1406 1167 1545 1204 quinem,
1577 1167 1650 1205 quod
1675 1166 1736 1195 alire
1767 1162 1943 1201 unit-eryciles‘

1071 1204 1166 1242 [τινας
1189 1210 1222 1234 ut
1246 1214 1324 1234 omne
1339 1205 1457 1245 spirans
1480 1207 1575 1237 vivit:
1599 1206 1660 1236 aliia
1681 1205 1886 1245 particularem
1910 1209 1943 1234 ut

1074 1248 1205 1286 quaedam
1228 1246 1367 1276 cznimulm
1391 1256 1447 1277 non
1470 1250 1602 1287 spirant:
1625 1248 1687 1277 aliie
1712 1246 1885 1285 iiidiyzssnizffi
1910 1249 1944 1274 ut

1071 1287 1294 1326 animalspirar.
1316 1296 1373 1317 non
1388 1289 1464 1318 enim
1480 1287 1601 1327 definit,
1623 1295 1722 1319 utrum
1737 1296 1833 1325 omne,
1856 1295 1895 1316 an
1911 1295 1944 1316 a·

1071 1327 1177 1368 liqnotl.
1191 1329 1244 1367 sed
1264 1334 1357 1358 cametz
1370 1336 1422 1369 pro
1437 1329 1613 1369 particulari
1633 1333 1739 1369 semper
1755 1331 1850 1364 vacet,
1874 1327 1946 1367 quia

1072 1370 1166 1399 tucius
1181 1366 1219 1408 est
1239 1370 1268 1399 id
1287 1379 1322 1400 ex
1338 1371 1445 1400 incerto
1464 1372 1587 1410 accipere
1603 1372 1678 1411 quod
1694 1372 1788 1401 minus
1806 1367 1843 1408 eft
1898 1367 1948 1397 Sit

1074 1410 1169 1450 igitur
1191 1409 1343 1441 Marciani
1369 1410 1470 1443 sensus
1500 1412 1715 1450 particularis,
1739 1413 1768 1442 in
1789 1409 1948 1448 aliquibus

1074 1452 1168 1482 bonae
1186 1451 1259 1481 fidei
1276 1452 1398 1491 judiciis
1421 1453 1451 1483 in
1479 1453 1565 1484 litem
1589 1453 1694 1492 jurari.
1738 1453 1779 1483 At
1802 1449 1945 1490 quibus?

1075 1500 1145 1532 quae
1170 1494 1350 1531 procedunt
1375 1493 1412 1523 ad
1443 1493 1674 1525 restitutionem
1701 1493 1745 1524 rei
1771 1492 1810 1523 ab
1836 1490 1947 1521 actore

1077 1533 1253 1574 profectae,
1279 1534 1430 1573 exemplo
1455 1534 1611 1565 actionum
1630 1536 1659 1566 in
1686 1544 1763 1566 rem.
1808 1531 1945 1563 Fateor:

1075 1576 1139 1606 hoc
1153 1584 1217 1605 non
1235 1575 1334 1614 liquet
1350 1584 1389 1605 ex
1403 1575 1557 1606 Marciani
1575 1576 1696 1607 verbis:
1721 1575 1771 1605 sed
1788 1572 1947 1604 nihilomi-

1076 1626 1133 1647 nus
1150 1616 1306 1646 Marciani
1327 1615 1482 1647 sententia
1500 1618 1693 1648 continetur.
1710 1613 1946 1656 primum,quia

1073 1657 1136 1688 huc
1154 1657 1243 1687 ducit
1259 1657 1340 1688 ratio
1357 1659 1478 1689 inventi
1494 1656 1840 1697 jurisjurandiinlitem.
1858 1655 1947 1685 dein·

1073 1701 1133 1737 de,
1158 1707 1227 1738 quae
1250 1700 1333 1739 apud
1361 1698 1494 1731 Veteres
1523 1700 1592 1730 lunt
1617 1699 1761 1738 exempla
1785 1697 1944 1728 actionum

1073 1741 1166 1771 bonae
1191 1738 1264 1770 fidei
1290 1741 1319 1770 in
1346 1740 1460 1780 quibus
1484 1743 1512 1771 in
1539 1741 1626 1772 litem
1644 1741 1782 1780 juratur,
1804 1740 1843 1769 ad
1860 1735 1945 1767 resti-

1073 1782 1231 1812 tutionem
1252 1782 1395 1812 tendunt.
1423 1782 1534 1819 Licet,
1559 1784 1608 1813 cui
1627 1782 1733 1819 lubet,
1759 1780 1822 1811 hoc
1839 1779 1945 1809 obier-

1073 1832 1147 1854 vare
1168 1824 1199 1853 in
1217 1823 1342 1853 afflone
1366 1823 1411 1854 rei
1437 1825 1557 1854 uxoriae
1581 1823 1600 1854 l.
1620 1833 1657 1862 25
1687 1822 1705 1864 §
1739 1831 1762 1854 1.
1787 1824 1833 1852 l).
1850 1819 1943 1850 Solut.

1073 1865 1196 1895 matrim.
1216 1864 1323 1895 tutelae
1342 1863 1358 1895 l.
1381 1869 1408 1898 8.
1433 1865 1477 1896 L).
1497 1867 1523 1895 h.
1540 1870 1560 1895 t.
1580 1864 1713 1905 depositi
1742 1864 1759 1893 l.
1780 1872 1809 1904 3.
1827 1862 1854 1891 b.
1869 1866 1891 1891 t.
1908 1859 1944 1894 δ’

1072 1906 1090 1938 l.
1118 1915 1140 1936 1.
1160 1905 1187 1946 §.
1208 1908 1255 1936 26.
1273 1906 1319 1936 D.
1345 1905 1483 1945 Depofici.
1506 1907 1600 1937 locati
1625 1907 1641 1936 ι.
1661 1909 1710 1943 48.
1731 1904 1757 1946 §.
1782 1913 1805 1934 1.
1828 1902 1868 1932 D.
1889 1902 1945 1932 Lo-

1073 1949 1140 1978 catz'.
1165 1947 1360 1978 commodati
1386 1947 1405 1978 l.
1420 1957 1448 1988 3.
1472 1947 1498 1988 ᾗ.
1519 1957 1545 1977 2.
1567 1947 1604 1977 D⁴
1626 1946 1807 1977 commodnti.
1833 1951 1946 1974 omnes

1075 1988 1123 2018 hae
1140 1990 1176 2019 ad
1195 1988 1428 2020 restitutionem
1454 1996 1694 2028 comparantur:
1721 1987 1804 2017 nulla
1820 1985 1857 2015 ad
1884 1992 1946 2013 tra·

1075 2029 1241 2060 ditionem.
1269 2028 1416 2060 Putemus
1440 2029 1535 2070 igitur
1562 2029 1778 2064 Marcianum,
1801 2027 1830 2057 in
1849 2025 1945 2055 bonae

1075 2070 1148 2102 fidei
1163 2069 1286 2109 judiciis
1304 2072 1332 2101 in
1354 2071 1439 2102 litem
1457 2071 1548 2110 Jurari
1567 2070 1868 2106 affirmantem‚non
1881 2066 1946 2097 vel.

1075 2113 1123 2149 le,
1146 2112 1261 2142 nullam
1280 2111 1341 2142 esse
1359 2112 1453 2142 bonae
1478 2109 1550 2142 fidei
1577 2111 1734 2142 actionem
1752 2110 1782 2140 in
1801 2117 1859 2148 qua
1877 2116 1943 2139 non

1073 2154 1193 2193 juretur
1210 2152 1240 2183 in
1259 2153 1364 2183 litem:
1388 2153 1418 2183 id
1435 2153 1518 2183 enim
1543 2162 1606 2183 non
1632 2152 1676 2183 est
1695 2160 1821 2187 vei-uin,
1845 2150 1873 2180 G(
1890 2149 1946 2179 fal-

1075 2196 1111 2225 lit
1129 2195 1158 2224 in
1173 2194 1297 2234 judiciis
1316 2194 1483 2225 contrariis
1503 2195 1522 2225 l.
1541 2204 1569 2234 5.
1592 2193 1628 2223 D.
1651 2191 1784 2233 Depositi.
1800 2191 1893 2222 etiam
1913 2190 1944 2221 in

1076 2234 1221 2273 directis,
1247 2234 1373 2271 Quoties
1390 2236 1480 2274 culpa
1493 2258 1501 2273 ‚
1526 2244 1588 2265 non
1607 2234 1715 2267 dolus,
1741 2231 1901 2264 accusatur
1915 2231 1944 2262 d.

1076 2277 1095 2307 l.
1111 2287 1140 2315 5.
1158 2276 1185 2317 §.
1204 2286 1229 2307 2.
1249 2275 1288 2306 D.
1308 2276 1334 2307 h.
1352 2282 1372 2306 t.
1397 2275 1547 2307 Maliinus
1572 2285 1668 2316 ergo,
1694 2274 1863 2315 Ulpianum
1883 2272 1946 2303 vei-

1079 2319 1126 2354 le,
1151 2326 1291 2348 naturam
1311 2316 1469 2348 actionum
1487 2318 1579 2348 bonae
1597 2318 1689 2355 fidei,
1708 2316 1727 2347 fi
1747 2325 1811 2355 quo
1828 2313 1897 2344 casu
1912 2314 1945 2345 in

1077 2359 1165 2390 litem
1188 2359 1280 2399 jurari
1301 2368 1425 2397 aequuin
1443 2358 1498 2397 fit,
1522 2368 1585 2389 non
1616 2357 1677 2389 effe
1695 2357 1944 2396 impedimento,

1077 2410 1142 2440 quo
1170 2402 1269 2431 minus
1286 2400 1386 2439 judici
1411 2408 1576 2440 competat
1603 2399 1665 2438 ejus
1681 2397 1876 2438 jurisjurandi
1893 2396 1947 2426 de-

1077 2442 1172 2473 latio:
1198 2442 1293 2479 idque
1316 2440 1473 2472 observari
1499 2442 1528 2471 in
1554 2441 1599 2470 his
1625 2449 1695 2478 quae
1717 2440 1755 2470 ad
1773 2437 1944 2469 restitutio-

1078 2493 1151 2514 nem
1167 2490 1396 2523 comparantur.
1420 2482 1541 2522 Aliquis
1563 2488 1673 2521 putet,
1697 2479 1770 2510 huic
1792 2480 1946 2518 interpre-

1078 2524 1190 2555 tationi
1210 2525 1381 2555 reclamare
1402 2523 1563 2562 sequentia
1586 2521 1710 2561 Ulpiani
1738 2521 1833 2551 verba
1858 2529 1898 2550 ex
1913 2520 1942 2549 tl.

1077 2566 1096 2596 l.
1115 2576 1143 2606 3.
1159 2565 1186 2606 §.
1205 2575 1233 2596 2.
1259 2564 1299 2595 D.
1319 2565 1502 2595 Commodati.
1529 2563 1564 2594 In
1587 2565 1640 2593 lrcic
1655 2562 1763 2593 anione
1785 2559 1947 2602 [commo-

1078 2606 1158 2649 dati]
1175 2606 1253 2643 ficut
1277 2607 1309 2636 in
1326 2606 1431 2635 caeteris
1457 2606 1531 2635 borioe
1541 2604 1614 2644 fidei
1635 2604 1755 2645 judiciis
1767 2604 1900 2641 similiter
1911 2602 1946 2631 iu

1077 2648 1155 2678 litem
1174 2648 1307 2688 juratur.
1350 2646 1412 2677 Sed
1438 2646 1514 2677 milii
1541 2645 1706 2686 probabile
1734 2643 1789 2682 fit,
1821 2642 1946 2683 Ulpiani

1078 2688 1197 2720 sensum
1215 2687 1294 2725 effe,
1319 2686 1353 2718 In
1379 2687 1504 2718 actione
1529 2687 1725 2718 commodati
1752 2686 1889 2717 similiter
1912 2685 1944 2715 in

1080 2731 1165 2761 litem
1185 2727 1295 2769 jurari,
1319 2729 1351 2759 id
1377 2728 1436 2766 est,
1461 2730 1502 2759 ita
1525 2729 1555 2759 in
1582 2729 1669 2760 litem
1685 2727 1797 2768 jurari,
1821 2725 1898 2758 ficut
1913 2726 1946 2756 in

1080 2773 1202 2802 caeteris
1226 2771 1317 2800 bonae
1342 2768 1415 2800 fidei
1436 2770 1579 2809 judiciis,
1603 2770 1640 2800 ad
1660 2767 1891 2800 restitutionem
1907 2776 1948 2796 ae-

1080 2823 1142 2854 que
1158 2811 1388 2853 spectantibus,
1407 2811 1502 2850 jurari
1528 2810 1616 2843 solet.
1648 2809 1806 2841 Nimirum
1822 2809 1950 2849 aequita-

1081 2856 1120 2886 tis
1133 2853 1197 2891 est,
1222 2861 1288 2883 rem
1305 2863 1320 2882 a
1339 2862 1390 2883 me
1405 2852 1602 2891 profectam,
1629 2851 1705 2883 mihi
1724 2851 1841 2882 restitui
1859 2859 1899 2880 ex
1914 2848 1951 2879 fi-

1081 2897 1120 2927 de
1135 2894 1230 2926 bona.
1255 2894 1284 2924 id
1309 2893 1331 2924 fi
1353 2895 1557 2925 contumacia
1575 2902 1627 2924 tua
1647 2893 1723 2924 milii
1745 2902 1809 2924 non
1826 2891 1949 2922 contin·

1080 2945 1133 2978 gat
1155 2938 1185 2967 in
1204 2935 1295 2966 bonae
1314 2934 1385 2965 fidei
1400 2935 1541 2974 judicio:
1565 2935 1681 2966 nullam
1702 2934 1786 2965 dicas
1809 2931 1949 2969 eausam3

1082 2988 1138 3009 cur
1154 2986 1219 3008 non
1242 2978 1415 3007 conveniat
1437 2977 1545 3008 officio
1562 2975 1699 3015 judicis,
1722 2985 1762 3006 ex
1786 2973 1848 3004 fide
1865 2973 1949 3003 bona

1082 3018 1325 3061 cognoscentis,
1342 3018 1644 3049 condemnationem
1663 3016 1802 3047 crescere
1820 3023 1874 3057 per
1887 3014 1950 3052 jus-

1078 3061 1244 3102 jurandum
1260 3058 1290 3091 in
1310 3062 1414 3097 litem3
1430 3069 1470 3091 ne
1489 3060 1537 3090 vel
1557 3060 1609 3090 hic
1627 3064 1773 3096 umquam
1792 3055 1827 3086 sit
1845 3063 1873 3084 in
1893 3063 1951 3093 po-

1083 3102 1195 3134 testate
1229 3102 1378 3142 cujusque
1395 3125 1404 3139 ,
1434 3110 1499 3132 rem
1525 3101 1564 3131 ab
1587 3101 1688 3131 invito
1714 3095 1844 3127 domino
1866 3093 1949 3134 justo

1084 3145 1188 3185 pretio
1206 3153 1261 3184 per
1282 3145 1420 3182 rapinam
1436 3151 1630 3182 comparare.
1665 3139 1726 3169 Sed
1744 3138 1949 3176 quemadmo-

176 3195 244 3229 tui·,
275 3189 382 3220 locuni
405 3187 521 3219 habere
544 3185 758 3227 Jusjuiandtim
781 3184 814 3218 in
836 3183 935 3220 litem.
980 3186 1043 3219 Sed
1084 3186 1161 3219 dum
1178 3186 1210 3219 id
1226 3185 1415 3220 veriffimum
1438 3183 1483 3216 est
1500 3185 1533 3215 in
1555 3183 1603 3214 his
1628 3189 1696 3221 quoe
1718 3178 1948 3212 restitutionem

1823 3224 1951 3259 petunt:
