2036 3495
202 111 269 151 258

208 195 317 228 Africa
327 205 336 234 ς
347 196 456 236 ibique
468 192 678 225 tumultuariis
688 189 890 222 armamentis
901 188 938 220 ad
949 187 1081 230 praesen-

206 245 273 269 tem
293 237 375 268 usum
402 234 612 275 comparatis,
636 230 758 264 Ostiam
785 230 954 271 (Minucio
979 229 1079 262 Felici

206 283 238 310 in
251 277 375 309 Οὲῖαυὶο
387 276 500 307 dicitur
510 275 623 305 civitas
632 272 838 305 amoeniffiiiia
855 271 885 303 in
897 271 986 303 Italia
995 273 1079 312 apud

206 319 341 350 Romam
357 320 368 355 )
392 315 551 357 navigasse
563 339 572 354 ‚
589 315 619 346 a&
637 325 717 347 onus
734 315 890 355 integrum
907 313 1079 353 pertulisse.

205 359 381 401 Quaefitum
398 357 459 396 est,
483 367 521 389 aii
539 356 570 388 hi
588 366 723 397 quoi-um
740 365 819 387 onus
837 354 917 393 fuit,
940 354 1081 386 debeant

204 408 308 432 nautae
331 408 388 439 pro
414 400 532 430 damno
555 397 643 430 navis
669 399 698 429 ἀ
715 404 984 429 armamentorum
1004 405 1078 427 con-

204 441 314 472 ferre?
336 439 476 480 Julianus
499 447 614 481 negat,
637 440 696 470 hac
720 447 808 470 certa
826 437 968 468 ratione:
990 437 1078 478 quod

206 483 257 512 ubi
275 490 468 513 armamenta
487 481 690 513 tumultuaria
707 479 992 520 comparabantur,
1015 480 1077 518 J'am

204 523 336 554 desierat
353 523 530 563 periculum
557 521 764 561 tempestatis.
787 520 878 551 fuere
901 522 986 550 enim
1013 528 1077 551 em-

203 573 258 604 pta
276 565 305 596 in
324 573 419 604 portu
439 564 673 604 Hipponensiin
685 572 750 604 quo
769 562 875 605 secura
891 569 957 592 erat
973 560 1079 599 navis,

203 615 266 636 nec
290 606 379 637 causa
403 613 457 637 aut
480 605 579 645 jactas
601 613 655 635 aut
678 603 941 646 contributionis.
972 604 1079 642 itaque

202 646 342 686 Julianus
366 646 564 679 considerate
594 644 781 686 respondit,
814 645 898 675 hunc
920 644 1079 684 sumptum

203 690 302 729 inagis
328 689 515 720 instruendae
543 689 652 725 navis,
675 696 770 727 quam
793 684 1079 716 conservandarum

202 731 358 762 mercium
378 730 477 771 gratia
492 729 607 760 factum
626 727 696 759 effe.
725 727 825 770 Quod
842 735 914 770 cum
933 726 1033 756 Paulo
1048 727 1079 757 in

203 773 231 801 cl.
241 772 258 802 l.
271 781 297 802 2.
307 772 335 813 §.
347 781 373 803 1.
386 773 546 812 congruit.
556 779 628 801 nam
640 769 731 800 &ille
743 770 860 799 eodem
873 765 956 798 iensu
967 769 1078 805 ait‚es-

202 812 234 843 se
247 814 422 845 dillimilem
441 811 562 843 causam
576 820 681 843 earum
693 819 796 841 rerum
808 819 876 850 quae
890 809 977 839 navis
989 807 1078 839 causa

204 863 376 894 parentur,
395 861 429 884 ut
446 862 658 891 armamenta,
679 852 766 883 vei-bi
784 858 900 892 gratia,
925 850 952 880 ὅ(
970 859 1078 881 earum

204 897 300 935 (puta
320 896 444 934 rerum)
460 904 519 935 pro
549 895 663 934 quibus
691 891 932 929 transvehendis
957 900 1076 922 merce-

203 937 276 968 dem
295 937 426 976 aliquis,
451 936 482 967 id
500 935 558 974 est,
583 934 727 976 magister
751 935 857 972 navis,
881 940 935 963 aut
957 932 1078 963 exerci-

205 985 275 1016 tor,
288 977 461 1017 acceperit.
481 976 630 1008 videlicet
649 978 701 1007 liic
711 984 764 1007 aut
782 975 854 1013 ille,
869 974 980 1005 aniissis
999 981 1077 1005 tem-

203 1019 326 1059 pestnte
340 1020 544 1051 armamentis
563 1017 649 1050 navis
665 1017 855 1049 instruendae
873 1024 972 1056 gratia
989 1024 1077 1046 com-

202 1061 336 1100 paratis,
360 1061 510 1092 damnum
529 1059 656 1101 quidem
673 1058 771 1096 facit,
794 1058 943 1088 amittens
961 1055 1076 1102 sibiae-

206 1111 269 1141 quc
285 1102 315 1133 in
335 1102 423 1134 usum
439 1101 525 1133 suurn
543 1100 730 1133 neccssaria:
748 1099 800 1130 sed
815 1098 856 1130 fic
873 1098 1078 1129 nihilaiiiittit

202 1153 263 1184 pro
288 1143 533 1185 conservatione
555 1143 724 1176 mercium:
748 1142 787 1172 ad
813 1139 899 1180 quod
924 1138 1076 1170 damnum

202 1186 298 1216 unice
317 1185 445 1225 respicit
471 1184 558 1225 Lege
584 1184 707 1217 Rhodia
732 1181 939 1213 contributio.
964 1179 1077 1211 sufficit

203 1226 300 1267 igitur
318 1227 520 1266 vectoribus,
544 1226 727 1257 mercedem
755 1223 876 1255 solvere
901 1229 995 1260 quam
1019 1230 1076 1262 pro

203 1267 440 1299 transvec'tione
458 1268 611 1300 mercium
623 1265 850 1307 promiserunt:
868 1262 919 1307 sed
937 1271 1001 1308 non
1023 1264 1074 1293 lia-

202 1309 282 1343 bent
309 1308 452 1348 necesse,
476 1317 632 1349 praeterea
663 1307 771 1338 facere
802 1304 1075 1348 contributionern

203 1359 265 1390 pro
275 1350 498 1390 comparandis
509 1349 731 1382 reficiendisve
741 1352 944 1379 armamentis
953 1368 962 1383 ,
975 1345 1013 1376 ad
1025 1354 1076 1376 na·

204 1401 278 1423 vem
304 1391 516 1426 instruendam
539 1389 729 1422 necessariis.
752 1398 817 1420 non
842 1387 958 1427 magis,
982 1396 1075 1426 quain

200 1432 311 1472 faber,
334 1432 496 1469 conducio
520 1441 638 1471 opere,
663 1431 682 1461 si
706 1438 759 1461 aut
774 1429 923 1460 incudem
942 1427 1077 1467 fregerit

201 1483 255 1505 aut
273 1474 419 1506 malleum
431 1497 441 1512 ,
465 1472 560 1503 habet
575 1472 624 1512 jus
642 1481 659 1502 a
675 1472 819 1502 locatore
837 1477 946 1509 petere
958 1492 967 1507 ,
982 1470 1013 1500 id
1031 1471 1076 1500 iri-

203 1516 411 1547 strumcntum
436 1513 491 1544 fibi
518 1513 676 1553 reparari:
700 1512 788 1552 cujus
811 1512 864 1542 ille
887 1519 993 1550 neque
1017 1511 1074 1542 do-

201 1557 305 1588 minus
322 1554 385 1594 est,
409 1562 444 1586 ut
462 1554 527 1595 ejus
546 1553 690 1594 periculo
705 1552 759 1591 fit,
784 1561 889 1592 neque
906 1551 1076 1583 restitutio-

201 1606 274 1628 nem
292 1595 453 1637 promisit,
479 1604 513 1627 ut
529 1596 568 1627 ad
585 1595 740 1635 impensas
757 1593 963 1634 reparationis
984 1600 1073 1624 tene-

201 1646 279 1669 atur.
303 1637 432 1670 Restant
448 1637 478 1668 in
495 1638 524 1668 d.
545 1637 565 1668 l.
586 1645 612 1668 2.
630 1636 658 1678 §.
681 1645 703 1667 i.
721 1635 880 1676 sequentia
900 1633 984 1666 Pauli
1005 1645 1070 1665 ver-

200 1679 258 1712 ba:
283 1679 339 1710 Sed
365 1680 383 1714 fi
405 1679 557 1710 voluntate
579 1677 727 1708 veciorum
748 1677 795 1707 vel
812 1681 931 1717 propter
951 1676 1074 1717 aliquem

200 1727 308 1753 mecum
323 1722 352 1752 id
363 1721 567 1751 detrimentum
579 1719 699 1759 facium
710 1717 770 1756 fic,
793 1718 843 1748 hoc
865 1720 957 1757 ipsum
972 1718 1074 1753 sarciri

194 1767 314 1803 oportet.
339 1762 477 1802 jacobus
495 1761 521 1793 C
527 1761 643 1801 ujacius
661 1762 688 1791 d.
709 1770 732 1790 c.
748 1769 797 1799 35.
816 1759 864 1789 lib.
882 1768 931 1798 23.
951 1758 1071 1802 observ.

193 1805 291 1835 etiam
313 1803 376 1834 hoc
394 1803 471 1834 loco
489 1801 639 1834 affectum
656 1801 718 1833 effe
736 1800 865 1832 Paulum
884 1798 1052 1840 suspicatus
1064 1823 1074 1839 ‚

200 1851 392 1886 tantumque
410 1844 449 1876 ab
466 1854 507 1875 eo
526 1842 631 1883 excipi
649 1843 750 1873 casum
770 1851 885 1879 unum,
909 1850 974 1872 non
993 1842 1074 1872 duos

200 1896 285 1928 quos
302 1885 431 1926 praefert
459 1886 628 1926 scriptura,
656 1893 721 1915 uno
740 1883 846 1923 spiritu
870 1882 929 1922 legi
948 1883 1075 1921 luadet,

201 1928 260 1959 Sed
279 1927 309 1966 fi
333 1929 485 1960 voluntate
502 1926 648 1958 vestorum
668 1932 784 1966 propter
810 1924 935 1964 aliquem
957 1931 1074 1955 metum.

198 1969 307 2009 AEque
317 1969 439 2001 frustra.
458 1978 494 2000 ac
511 1968 600 2000 lubet
612 1967 734 2004 mirari,
752 1965 1074 2008 sagaciliimumillum

201 2010 317 2043 Virum
333 2010 462 2052 fugisse,
480 2010 647 2047 voculam,
664 2008 726 2047 vel,
742 2017 781 2038 ex
792 2006 1074 2038 usuillorumtem-

195 2061 317 2094 ‚porum
336 2053 389 2083 hic
415 2051 492 2083 nihil
518 2050 719 2091 distinguere.
743 2048 882 2080 Notavit
897 2058 968 2093 eum
987 2048 1074 2080 usum

201 2093 368 2126 Salmasius
386 2092 483 2125 Notis
493 2094 530 2124 ad
551 2091 700 2125 Historiae
712 2089 860 2135 Augustae
877 2089 1074 2130 Scriptores,

201 2136 311 2169 multis
330 2136 361 2167 in
379 2134 480 2172 locis,
505 2135 588 2166 inter
611 2134 687 2165 alios
712 2133 750 2165 ad
779 2131 906 2171 Vopisci
934 2132 1074 2163 Probum

203 2187 228 2209 c.
250 2187 295 2215 14.
313 2186 344 2218 p.
363 2180 434 2218 663.
457 2176 487 2208 ἃ
505 2176 543 2207 ad
570 2173 789 2215 Capitolinum
814 2172 986 2204 Gordiano
1002 2182 1026 2203 c.
1045 2183 1072 2213 7.

195 2227 227 2260 p.
246 2223 295 2254 88.
319 2218 535 2259 ipse-quoque
561 2226 622 2257 ego
648 2216 731 2256 apud
751 2213 922 2256 Ulpianum
940 2214 961 2245 l.
981 2224 1027 2246 11.
1044 2215 1073 2256 §.

205 2269 232 2292 1.
254 2262 297 2293 L).
316 2261 349 2291 de
369 2259 480 2291 Public.
496 2259 528 2289 in
543 2257 745 2289 remabicum
766 2255 963 2297 deprehendi
979 2256 1026 2287 lib.
1047 2267 1076 2288 2.

202 2301 251 2333 De
273 2300 421 2342 usufruffi.
448 2311 472 2331 c.
500 2310 527 2331 2.
553 2300 648 2330 etiam
674 2299 703 2329 in
728 2298 747 2329 l.
767 2308 817 2337 40.
837 2297 869 2328 C.
885 2298 918 2328 de
935 2296 1075 2329 transaft.

202 2344 387 2382 exemplum
404 2342 487 2373 aliud
504 2342 551 2372 lib.
565 2340 642 2382 sing.
660 2340 711 2371 Ad
720 2339 816 2371 Ειίίᾶ.
834 2338 882 2369 De
894 2337 970 2379 ριιὲἲ.
987 2349 1010 2369 c.
1032 2348 1077 2377 14.

204 2393 265 2415 nec
281 2384 394 2416 fecero
413 2392 480 2414 rem
497 2385 649 2422 ingritam
668 2380 821 2413 Studiosis
837 2381 931 2420 juris;
957 2380 977 2411 fi
995 2389 1078 2411 nunc

204 2427 315 2457 addam
334 2425 466 2465 sequens
486 2433 525 2455 ex
543 2423 571 2466 §
587 2433 615 2463 4.
644 2421 712 2464 lust.
729 2424 762 2454 de
778 2422 831 2462 usu
849 2421 886 2456 &²
909 2423 1006 2452 habit:
1024 2422 1079 2454 Sed

204 2464 242 2500 δ’
255 2466 282 2504 fi
298 2474 429 2506 pecorum
445 2465 491 2498 vel
508 2468 607 2496 ovium
616 2467 684 2506 usus
699 2465 812 2506 legatus
823 2462 875 2502 fit.
894 2462 1078 2496 Ludovicus

202 2506 371 2539 Russardus
404 2508 478 2540 Λόι.
512 2508 637 2547 margin.
662 2513 793 2544 monet,
827 2515 857 2536 in
884 2505 1074 2544 quibusdam

202 2548 292 2582 libris
310 2558 368 2588 pro
384 2550 430 2580 vec
448 2548 530 2586 effe,
545 2549 646 2579 veluti.
663 2547 750 2588 quod
763 2547 921 2578 &mavult
940 2545 981 2577 D.
1000 2545 1074 2577 Vin-

202 2591 292 2624 nius:
325 2591 538 2629 proclamans,
569 2589 623 2620 nisi
644 2590 687 2620 ita
713 2589 854 2629 legatur,
884 2586 1075 2619 Triboniani

204 2639 373 2674 peccatum
389 2632 460 2662 effe.
483 2631 516 2663 ln
533 2630 599 2662 aliis
616 2639 720 2662 tamen
738 2629 976 2669 manuscriptis,
995 2639 1076 2669 quos

207 2675 292 2705 inter
309 2671 354 2703 est
368 2682 474 2709 meus,
500 2681 589 2704 extat
603 2673 668 2703 vel.-
694 2672 724 2703 &
748 2671 851 2702 reete:
873 2680 944 2702 nam
964 2671 1015 2702 ubi
1036 2672 1079 2702 iii-

206 2715 252 2746 hil
269 2712 430 2754 distinguit
442 2736 450 2749 ,
467 2714 549 2744 idem
561 2713 732 2753 justiniano
748 2713 831 2744 valet
848 2712 1003 2752 quodinl
1034 2721 1079 2743 12.

206 2757 235 2798 ᾗ.
253 2766 279 2787 2.
300 2754 341 2786 D.
357 2758 385 2786 α.
402 2759 421 2784 t.
440 2754 503 2784 hoc
528 2754 671 2793 Ulpiani:
695 2755 729 2787 Si
755 2756 865 2795 pecoris
884 2756 908 2785 ei
933 2758 1000 2788 usus
1018 2754 1081 2785 reli-

208 2799 272 2829 eius
288 2794 345 2836 eft.
364 2801 440 2836 puta
460 2797 555 2835 gregis
576 2797 669 2826 ovilis.
694 2796 791 2836 Igitur
813 2803 848 2826 ut
872 2805 1014 2827 revertar
1038 2795 1077 2825 ad

208 2841 237 2871 d.
253 2839 271 2870 l.
291 2848 316 2870 2.
335 2837 364 2879 §.
385 2846 407 2868 1.
431 2836 457 2866 b.
478 2842 500 2866 ε.
514 2838 632 2867 nonest
650 2838 691 2868 ibi
711 2837 831 2877 Cujacii
850 2838 1077 2869 emendatione

209 2888 309 2920 opus:
333 2879 402 2910 latis
419 2878 538 2908 idoneo
557 2876 642 2907 Pauli
664 2878 767 2917 sensu,
792 2878 822 2910 Si
841 2879 1004 2910 vectorum
1020 2888 1077 2908 vo-

208 2924 351 2959 luntate,
376 2927 450 2959 puta
466 2925 599 2962 propter
614 2919 750 2957 aliquem
771 2928 892 2952 metum
905 2943 914 2959 ,
939 2920 1078 2951 deterio-

208 2972 275 2996 rata
290 2961 327 2994 fit
342 2960 447 2998 navis,
470 2967 524 2990 aut
548 2958 624 3004 quid
647 2961 834 2999 exarmarit;
858 2971 922 2993 non
948 2960 1010 2992 esse
1024 2961 1075 2992 ali-

211 3013 305 3037 enum
325 3013 341 3034 a
361 3004 483 3034 ratione
501 2999 594 3040 Legis
617 2998 748 3030 Rhodiae
767 3025 776 3038 ‚
808 3003 839 3033 id
854 3002 1080 3034 detrimentum

212 3045 356 3077 omnium
372 3042 547 3075 collatione
570 3038 678 3079 refici,
701 3041 784 3081 quafi
802 3045 839 3074 ad
857 3044 1000 3076 omniurn
1018 3043 1075 3075 uti-

209 3087 332 3119 litatem
349 3085 476 3116 factum.

251 3127 339 3159 Nihil
356 3126 434 3158 effer.
451 3126 505 3157 hic
523 3123 610 3165 quod
633 3132 794 3156 moremur
818 3125 951 3156 diutius:
977 3126 1029 3158 nisi
1047 3128 1077 3158 in

211 3171 242 3202 d.
255 3169 278 3199 l.
298 3178 325 3199 2.
343 3168 372 3209 §.
390 3178 416 3209 3,
437 3168 466 3199 h.
482 3173 503 3198 ι.
530 3165 655 3205 insuper
677 3173 890 3204 quaereretur,
914 3167 1079 3207 redempta

211 3221 230 3244 a
245 3208 352 3253 piratis
369 3219 470 3249 nave,
485 3217 524 3244 aa
540 3207 674 3243 collatio
689 3205 757 3243 fieri
772 3206 886 3242 debeat
897 3206 915 3240 ἓ
930 3215 1003 3242 nani
1017 3217 1079 3243 nec

617 105 973 139 Gensnnt
1032 97 1304 141 Neon-1·
1356 106 1574 143 Cernit.

1121 190 1207 224 hunc
1228 194 1351 234 casum,
1383 203 1537 236 quantum
1562 195 1602 228 ad
1626 196 1741 237 verba,
1775 197 1900 244 attingit
1923 198 1994 234 Lex

1107 233 1259 267 Rhodia.
1282 236 1447 269 Memorat
1473 245 1579 271 tamen
1607 238 1740 278 Paulus,
1763 238 1926 277 Servium,
1950 239 1994 272 0-

1122 273 1241 315 fliium,
1270 277 1478 318 Labeonem,
1510 278 1716 319 existimasse,
1749 281 1868 312 debere
1882 289 1993 315 omnes

1122 316 1291 352 conferre:
1315 321 1422 360 quod,
1445 329 1480 352 ut
1504 320 1648 360 videtur,
1671 321 1723 353 hic
1746 331 1811 353 non
1828 320 1874 352 est
1889 323 1991 355 minor

1123 357 1315 405 conserendi
1330 361 1437 402 causa,
1461 371 1554 402 quam
1577 362 1661 403 jaetu
1684 363 1769 394 facto
1786 363 1927 395 levandae
1942 373 1993 395 ria-

1124 408 1171 430 vis
1203 403 1331 447 gratias
1349 404 1573 447 redemptione
1595 413 1687 445 aeque
1717 405 1757 436 ad
1789 413 1992 438 communem

1122 449 1264 473 omnium
1289 444 1456 476 utilitatem
1483 446 1672 485 pertinente.
1698 446 1772 486 quid
1790 468 1800 484 ‚
1830 444 1851 476 fi
1869 447 1992 483 praedo-

1121 490 1197 520 nes,
1219 482 1282 529 five
1300 486 1427 529 piratae,
1451 486 1635 519 abstulerint
1650 487 1777 528 aliqua?
1801 486 1844 517 ait
1863 485 1993 526 Paulus,

1122 531 1195 568 euin
1210 532 1297 562 cnjus
1315 524 1452 569 fuerint,
1476 537 1512 559 ea
1539 529 1681 568 perdere.
1704 538 1770 560 non
1795 528 1995 568 improbabili

1122 572 1267 608 ratione,
1292 573 1363 611 quia
1387 568 1412 598 is
1434 577 1498 600 non
1518 569 1563 600 est
1579 572 1727 601 damnum
1744 569 1844 609 passus
1861 569 1995 603 aliorum

1123 606 1222 637 caula.
1246 606 1345 637 Addit
1370 607 1503 648 Paulus,
1526 609 1599 642 Nec
1623 610 1859 643 conferendum
1887 611 1916 641 ei
1939 613 1993 650 qui

1123 646 1189 677 suas
1207 656 1330 679 merces
1347 650 1527 682 redemerit.
1550 651 1652 684 sensus
1668 652 1733 691 est,
1749 652 1768 684 fi
1784 653 1853 692 quis
1871 661 1993 684 merces
2034 660 2036 679 ι’

1126 688 1191 718 suas
1213 688 1408 730 separatim—a
1421 693 1543 724 caeteris
1558 694 1747 732 redemerit,
1764 703 1804 726 nc
1818 693 1845 724 ei
1865 693 1994 733 quidem

1125 729 1376 763 conserendum:
1393 741 1433 763 eo
1450 735 1536 773 quod
1553 736 1648 773 magis
1668 734 1773 773 suum,
1791 744 1884 773 quam
1904 743 1994 766 coni·
2034 741 2036 744 ⁴

1123 780 1238 810 mune,
1263 775 1427 812 negotium
1450 774 1550 814 gcffit.
1573 774 1627 805 Est
1650 775 1679 806 ὅ(
1704 776 1779 807 illud
1802 776 1892 814 huius
1909 776 1999 816 ioci,-

1122 813 1210 852 quod
1226 813 1256 844 iii
1276 814 1303 843 d.
1321 814 1339 844 l.
1356 823 1383 845 2.
1412 815 1440 856 §.
1465 826 1493 855 5.
1521 815 1564 846 ait
1579 815 1712 854 Paulus,
1738 816 1897 848 servorum
1916 827 1995 857 quo-

1123 862 1189 893 que
1214 855 1266 893 qui
1290 864 1320 885 in
1345 864 1429 886 marc
1453 859 1552 895 (pro,
1576 858 1716 895 inmari,
1740 866 1774 888 ut
1796 858 1867 895 alibi
1889 858 1994 889 obser·
2034 854 2036 867 ²

1123 896 1250 936 vatum)
1274 897 1456 936 perierunt,
1481 907 1545 929 non
1570 897 1717 929 facienda
1743 899 1841 939 magis
1859 898 1903 929 est
1918 899 1995 931 aesti-

1122 937 1222 968 matio
1234 959 1243 975 ‚
1259 945 1354 977 quam
1374 937 1394 970 fi
1412 940 1463 978 qui
1485 941 1557 980 aegri
1574 940 1604 970 in
1622 949 1703 970 nave
1718 939 1905 970 decesserint
1916 963 1927 978 ,
1940 948 1994 973 aut

1122 977 1216 1018 aliqui
1239 977 1300 1009 sese
1325 981 1605 1020 praecipitaverint.
1627 980 1831 1021 AEquiffirne:
1857 988 1890 1011 ut
1907 983 1992 1015 enim
2035 989 2036 1017 ζ

1121 1020 1269 1051 damnum
1280 1020 1353 1060 paffi
1368 1020 1426 1052 fint
1442 1031 1579 1062 quorum
1597 1021 1676 1053 servi
1691 1023 1721 1053 in
1738 1023 1813 1054 mari
1827 1046 1834 1060 ‚
1846 1022 1992 1055 laboran-

1121 1068 1153 1104 te
1172 1070 1270 1099 nave,
1287 1063 1470 1102 perierunt3
1494 1071 1600 1095 tamen
1625 1063 1677 1095 ubi
1699 1063 1899 1094 contributio
1924 1074 1991 1096 ver--

1121 1108 1216 1140 titur,
1234 1112 1297 1133 non
1314 1104 1397 1135 aliud
1414 1112 1544 1145 putatur
1561 1105 1729 1143 damnum,
1741 1114 1832 1144 quam
1853 1106 1991 1138 levandae

1121 1144 1208 1187 navis
1227 1144 1315 1175 causa
1332 1145 1361 1176 in
1377 1148 1539 1177 communi
1556 1146 1701 1186 periculo
1719 1146 1848 1178 faCtum.
1865 1147 1894 1178 id
1914 1157 1990 1185 vero

1119 1193 1151 1215 in
1161 1184 1326 1230 proposito
1343 1196 1407 1218 non
1428 1189 1525 1228 magis
1540 1187 1824 1233 contingit2quam
1842 1188 1894 1219 ubi
1913 1188 1990 1221 servi

1119 1235 1191 1266 aegri
1213 1226 1244 1257 in
1269 1236 1350 1258 nave
1373 1228 1583 1268 decefferint,
1608 1237 1660 1260 aut
1684 1230 1779 1270 aliqui
1805 1228 1868 1261 sese
1884 1231 1993 1271 praeci·
2035 1245 2036 1256 ι

1144 1275 1308 1299 itaverint.

1122 1276 1141 1307 p
1160 1306 1340 1348 Explicitus
1365 1308 1410 1341 est
1435 1312 1523 1350 prior
1545 1311 1697 1343 articulus
1722 1310 1817 1352 Legis
1843 1312 1992 1345 Rhodiae.

2034 636 2036 654 l

1118 1357 1258 1390 propero
1275 1350 1312 1381 ad
1329 1350 1473 1383 alterurn.
1498 1351 1545 1390 Is,
1564 1357 1597 1383 iit
1610 1353 1708 1392 Jaeius
1724 1355 1830 1384 veniat
1848 1356 1878 1385 in
1897 1353 1994 1385 tribu·
2035 1357 2036 1368 ¹

1122 1391 1389 1436 tiim,§possulat,
1411 1402 1525 1425 navem
1550 1403 1611 1434 qua
1635 1395 1674 1425 dc
1699 1393 1800 1426 faetus
1823 1394 1858 1426 fit
1873 1395 1991 1435 jactus,

1121 1431 1183 1463 ess'e
1207 1433 1329 1464 salvam.
1355 1432 1383 1464 Is
1407 1433 1555 1466 articulus
1583 1436 1681 1466 claret
1698 1445 1737 1466 ex
1754 1436 1772 1466 l.
1789 1446 1818 1473 4.
1845 1437 1873 1467 h.
1891 1442 1911 1466 t.
1929 1445 1990 1467 nee

1119 1473 1177 1504 alia
1201 1480 1275 1514 eget
1313 1473 1568 1507 confirmatione.
1600 1476 1654 1507 nisi
1681 1478 1730 1507 cui
1762 1477 1892 1509 dubium
1917 1477 1961 1508 est
1978 1500 1989 1515 ‚

1120 1513 1242 1555 Legem
1268 1514 1445 1554 Rhodiam,
1467 1516 1548 1556 jaCtu
1573 1517 1726 1548 mercium
1744 1518 1829 1549 fafiio
1848 1519 1991 1549 levandae

1119 1558 1206 1587 navis
1221 1557 1339 1597 gratia,
1363 1565 1435 1588 cum
1449 1558 1557 1596 jubet,
1580 1560 1723 1589 omnium
1747 1559 1991 1590 contributione

1119 1596 1240 1635 sarciri,
1264 1598 1352 1637 quod
1377 1608 1436 1638 pro
1462 1598 1610 1630 omnibus
1634 1599 1741 1629 datum
1767 1599 1811 1630 cst
1834 1600 1844 1629 l
1876 1608 1900 1631 1.
1921 1600 1948 1631 h.
1967 1605 1991 1632 t.

1118 1637 1159 1669 fic
1174 1638 1298 1677 accipi,
1315 1639 1397 1678 quali
1417 1640 1511 1675 velit,
1526 1640 1639 1680 jactum
1660 1641 1802 1671 omnium
1827 1641 1992 1672 contribu-
2034 1653 2036 1655 ¹

1116 1720 1241 1760 serunt,
1258 1723 1406 1754 omnibus
1426 1722 1521 1753 salvas
1541 1722 1699 1763 praestitit,
1725 1723 1804 1754 salva
1823 1733 1914 1754 nave.
1929 1723 1990 1756 Sed

1118 1761 1245 1801 nescio,
1261 1773 1297 1794 aii
1315 1762 1356 1794 fic
1375 1763 1504 1795 definiat
1525 1764 1799 1805 Hermogenianus
1816 1765 1834 1795 l.
1851 1776 1879 1804 5.
1899 1763 1941 1796 D.
1959 1765 1987 1796 h.
2034 1771 2035 1795 1

1118 1809 1138 1834 t.
1155 1813 1194 1835 ex
1214 1803 1366 1836 sententia
1378 1804 1472 1846 Legis
1489 1805 1642 1837 Rhodiae:
1659 1807 1784 1844 dicens,
1797 1806 1880 1837 lianc
1894 1805 1989 1846 aequi-

1119 1852 1217 1876 tatem
1248 1845 1408 1886 piacuiffe.
1443 1847 1568 1882 Verba:
1598 1847 1713 1888 Amiffae
1738 1849 1825 1878 navis
1850 1850 1987 1880 damnum

1110 1886 1277 1931 ¹collationis
1302 1889 1438 1928 consertio
1461 1899 1517 1919 non
1532 1890 1665 1928 sarcitur
1681 1895 1735 1929 per
1757 1898 1801 1919 eos
1819 1890 1871 1930 qui
1887 1898 1988 1919 merces

1115 1930 1182 1965 lucis
1205 1929 1362 1970 naufragio
1388 1930 1604 1961 liberaverunt:
1627 1940 1695 1961 nam
1717 1930 1805 1971 hujus
1820 1931 1987 1971 aequitatem
2033 1948 2034 1958 i

1118 1975 1189 2000 tunc
1214 1972 1330 2001 admitti
1350 1971 1480 2011 placuit,
1506 1970 1680 2012 cumjabzus
1697 1972 1816 2002 remedio
1832 1972 1939 2002 caezeris
1957 1972 1989 2002 in

1118 2013 1262 2056 communi
1276 2013 1402 2052 periculo
1413 2036 1422 2050 ‚
1431 2013 1520 2053 salva
1536 2014 1625 2049 navi,
1643 2013 1799 2053 considium
1818 2010 1865 2051 eli.
1883 2011 1989 2043 Ecce:

1118 2062 1205 2083 navis
1215 2052 1403 2093 tempestate
1412 2053 1516 2085 amiss'a
1534 2054 1596 2092 est,
1614 2053 1701 2085 nullo
1718 2062 1791 2084 ante
1805 2054 1888 2093 jaflu
1907 2063 1990 2085 mei·-

1117 2094 1201 2125 cium
1220 2093 1317 2126 facto.
1348 2094 1444 2134 aliqui
1473 2094 1538 2127 suas
1562 2093 1728 2135 naufragio
1750 2095 1987 2128 liberaverunt:

1119 2135 1150 2166 id
1170 2135 1234 2174 est,
1258 2145 1298 2167 ex
1322 2136 1486 2176 naufragio
1518 2135 1755 2167 conservarunt.
1787 2135 1986 2167 Dubitatur:

1118 2186 1155 2207 aii
1174 2177 1323 2208 damnum
1341 2169 1453 2208 amifffe
1472 2178 1558 2209 navis
1575 2178 1692 2208 debeat
1709 2176 1795 2208 refici
1813 2177 1987 2208 collatione
2033 2190 2034 2198 ¹

1121 2217 1310 2249 servatarum
1326 2220 1496 2250 mercium?
1506 2218 1584 2250 Non
1596 2219 1701 2259 placet
1713 2218 1987 2259 Hermogeniano:

1121 2259 1150 2290 ἃ
1166 2259 1243 2298 iusta
1260 2259 1395 2291 ratione.
1413 2269 1449 2291 ea
1466 2262 1546 2291 ratio
1563 2261 1723 2300 est:quod
1741 2269 1804 2291 non
1822 2261 1986 2298 damnum,

1121 2309 1182 2341 qua
1200 2303 1348 2332 damnum
1367 2300 1397 2332 in
1425 2301 1499 2333 mari
1521 2301 1657 2339 factum,
1683 2301 1804 2340 praebet
1821 2301 1985 2372 conti-igu—
2032 2306 2033 2347 l

1950 2350 1988 2373 ac
2032 2349 2033 2356 ¹

1122 2342 1202 2373 tioni
1228 2342 1374 2373 causam:
1403 2342 1454 2374 sed
1479 2344 1624 2374 damnum
1649 2342 1730 2382 Jactu
1753 2341 1870 2373 factum
1895 2352 1905 2382 ;

1121 2390 1249 2422 mente,
1267 2393 1297 2415 ut
1315 2385 1436 2415 caeteris
1460 2385 1489 2415 in
1508 2384 1669 2422 communi
1687 2384 1830 2424 periculo
1846 2382 1988 2414 consule-

1120 2432 1218 2456 retur.
1254 2423 1325 2456 Nec
1343 2433 1516 2457 contentus
1531 2425 1590 2456 hac
1605 2426 1726 2456 ratione
1746 2423 1790 2459 est
1807 2423 1988 2465 Hermoge-
2031 2439 2033 2447 ³

1121 2467 1248 2498 nianus:
1271 2475 1425 2507 praeterea
1442 2466 1658 2503 defiderat,ut
1673 2467 1795 2498 caeteris
1814 2465 1869 2496 illo
1888 2474 1989 2498 reme-

1122 2509 1195 2546 dio,
1219 2507 1299 2538 salva
1323 2517 1423 2546 nave,
1447 2508 1481 2539 fit
1507 2507 1695 2538 consultum.
1742 2505 1850 2537 Fuerit
1873 2505 1987 2546 igitur,

1118 2548 1247 2580 auGtore
1263 2548 1543 2589 Hermogeniano,
1556 2557 1644 2579 mens
1666 2547 1757 2589 Legis
1776 2547 1929 2587 Rhodiae3
1947 2555 1987 2579 ne

1120 2598 1247 2630 petatur
1263 2590 1460 2621 contributio
1470 2613 1478 2627 ‚
1490 2589 1625 2628 eoquod
1643 2589 1688 2620 est
1698 2591 1845 2620 damnum
1858 2590 1987 2627 datum,

1121 2630 1175 2662 etsi
1194 2632 1353 2662 mercibus
1373 2630 1404 2662 in
1423 2640 1507 2661 mare
1521 2630 1608 2670 jactis
1628 2630 1864 2661 navislevandae
1875 2631 1988 2671 gratia:
2030 2659 2031 2669 ,

1123 2672 1174 2703 sed
1183 2673 1257 2703 ideo
1268 2673 1354 2712 quod
1365 2672 1497 2703 aliorum
1509 2671 1738 2712 inercesjafiius
1748 2671 1988 2709 remedio,salva
2030 2677 2031 2706 1

1124 2722 1206 2744 nave
1218 2737 1226 2749 ,
1243 2712 1437 2744 conservatae
1448 2712 1535 2744 sunt:
1552 2713 1582 2744 id
1601 2713 1663 2750 est,
1680 2713 1873 2753 quodjaftus
1891 2712 1988 2752 spera·
2030 2743 2031 2746 ,

1127 2763 1194 2785 tum
1206 2752 1300 2785 finem
1311 2754 1460 2785 obtinuit.
1471 2753 1570 2796 Quod
1583 2753 1603 2785 fi
1614 2753 1658 2786 est
1669 2777 1677 2792 ,
1688 2764 1721 2785 ut
1731 2754 1775 2785 est
1787 2754 1987 2786 veriffimum:

1123 2798 1292 2836 probatum
1316 2794 1380 2833 est,
1404 2805 1468 2826 non
1494 2796 1573 2827 salva
1590 2795 1660 2836 post
1677 2795 1791 2835 jac-'tuin
1811 2805 1908 2833 nave,
1930 2801 1989 2826 nec

1107 1680 1208 1712 tione
1223 1679 1325 1711 sarciri
1345 1689 1432 1720 tuin,
1449 1681 1468 1713 fi
1487 1682 1511 1712 is
1529 1690 1652 1712 merces
1671 1691 1739 1721 quae
1758 1681 1788 1713 iri
1807 1691 1888 1712 nave
1905 1691 1991 1714 man·
2034 1694 2035 1715 i

1121 2838 1329 2868 collationem
1353 2836 1482 2877 quidem
1505 2835 1595 2878 Lege
1618 2836 1743 2868 Rhodia
1764 2837 1907 2868 admitti:
1924 2844 1989 2867 non
2029 2835 2031 2847 l

1122 2878 1307 2909 inveniente
1326 2877 1433 2919 Lege,
1459 2880 1561 2917 unde,
1585 2886 1639 2909 aut
1655 2887 1728 2916 cur,
1752 2888 1788 2909 ea
1810 2876 1877 2909 fieri
1895 2877 1990 2908 debe·

1122 2928 1163 2951 at.
1182 2918 1254 2950 Nec
1272 2929 1376 2951 tamen
1394 2920 1444 2950 vel
1464 2920 1574 2951 hocin
1593 2928 1681 2951 mora
1700 2919 1761 2958 est,
1779 2929 1819 2951 ne
1835 2916 1989 2950 submersa

1121 2960 1191 3001 post
1205 2960 1321 3001 jsrcium
1337 2970 1440 3000 nave,
1464 2961 1623 2994 mercibus
1641 2960 1765 2993 interim
1784 2967 1989 3000 quocumque
2029 2954 2030 2970 ³

1122 3004 1222 3034 modo
1239 3003 1432 3034 conservatis
1448 3026 1457 3041 ‚
1481 3012 1530 3034 res
1551 3003 1681 3043 perinde
1697 3002 1886 3042 accipiatur,
1910 3007 1946 3030 ac
1964 2997 1987 3030 fi

1121 3044 1182 3075 illae
1198 3053 1279 3075 nave
1305 3043 1386 3075 salva
1412 3043 1606 3075 conservatae
1620 3043 1729 3075 effent.
1755 3050 1856 3082 pone,
1881 3047 1914 3070 ut
1933 3049 1988 3071 ex·

1122 3086 1231 3127 emplo
1251 3086 1445 3126 intelligatur
1464 3085 1620 3131 quaestior
1633 3085 1730 3125 jactus
1747 3082 1898 3114 mercium
1920 3080 1986 3111 fac-

1124 3134 1173 3159 tus
1198 3126 1242 3159 est
1265 3127 1405 3158 levandae
1432 3129 1518 3159 navis
1543 3135 1659 3169 gratia:
1682 3124 1732 3155 sed
1750 3121 1987 3163 ingravescente
2027 3147 2028 3150 ,

1120 3169 1270 3209 paulatim
1295 3167 1482 3209 tempestate
1506 3169 1592 3200 navis
1620 3165 1726 3208 postea
1754 3162 1908 3195 submersa
1931 3163 1988 3195 cst.

1120 3219 1163 3244 ex
1181 3219 1218 3244 ea
1226 3219 1353 3247 merces
1370 3210 1516 3253 quaedam
1530 3219 1589 3252 per
1605 3208 1780 3242 urinatores
1795 3205 1868 3238 sunt
1883 3211 1987 3276 excttrg-

1975 3266 1988 3285 ⁰.
