2108 3479
252 144 265 155 'v

250 158 267 167 a

244 224 379 259 ponatur
411 226 485 258 agei·
508 238 518 255 ,
551 221 617 245 non
642 212 738 243 etiam
769 216 932 242 mutatus:
962 207 1100 253 denique

245 258 394 290 summam
412 253 629 298 disputationis
653 252 740 284 esse:
773 258 831 289 ut,
854 249 876 281 fi
901 248 1037 280 fluminis
1059 248 1100 279 al·

245 300 374 331 luvione
392 306 509 329 mutata
529 297 563 328 sit
579 294 643 334 agri
665 293 791 330 sonna,-
811 299 951 335 mutatus
970 297 1100 329 quoque

246 341 310 380 ejus
335 339 454 371 recell'u
480 337 625 369 dominus
649 334 866 373 intelligatur:
899 339 971 371 quia
989 338 1100 375 verum

245 380 290 412 est
305 403 315 419 ,
345 379 463 410 sublata
486 378 589 409 forma
606 398 615 413 ,
646 375 740 406 alium
763 372 825 404 esse
845 381 952 418 agrum
977 369 1099 402 restitu-

245 429 312 452 tum
328 444 338 460 ,
366 429 458 460 quam
483 418 534 459 qui
559 423 633 448 ante
656 415 787 446 extitit:
823 421 854 444 at
872 415 892 444 11
911 421 985 453 ager
1001 410 1101 457 solum

242 462 412 493 inundatus
437 460 571 501 fingatur
588 480 597 495 ,
628 457 660 488 id
683 455 727 487 cst
745 477 755 494 ,
786 454 826 486 ad
849 462 974 494 tempus
1000 461 1100 498 magis

243 510 374 543 opertus
390 510 469 542 aqua
488 522 499 539 ‚
532 507 625 540 quam
642 496 796 533 sublatuS,
821 504 913 536 quam
930 493 1100 525 converlus

244 544 274 575 in
294 544 417 575 alveum
435 552 443 572 ε
476 549 552 572 tunc
569 548 643 580 ager
659 537 778 569 recessu
801 536 937 568 fluminis
961 535 999 566 ad
1025 542 1098 565 eum

243 585 329 624 cujus
352 591 444 615 antea
459 581 540 620 fuit,
563 587 749 612 revertatur.
791 577 900 609 Habes
915 585 1018 608 meam
1033 574 1098 606 sen-

242 626 394 664 tentiam,
417 623 530 664 ipsam,
555 620 608 653 niss
625 619 737 658 fallor,
761 619 906 660 planam:
930 617 950 649 fi
970 617 1099 663 quidem

239 666 384 697 advertas
400 666 438 696 ad
458 663 529 704 Gaji
546 662 658 700 verba;
687 661 782 701 inque
805 661 852 691 his
870 660 908 691 ad
926 667 1101 690 connexio-

239 716 312 739 nem
329 706 394 748 d.§.
416 716 445 746 5.
464 705 500 740 ὃ·
515 708 544 735 6.
564 703 663 735 statim
679 701 915 741 subsequentis:
940 707 1008 731 tum
1024 707 1100 740 prae-
1144 699 1179 740 Q

242 756 328 779 terea
353 748 391 779 ad
414 746 633 778 auctoritatem
658 743 833 781 Veterum,
858 741 1028 782 praesertim
1051 740 1102 771 Al-

241 788 307 820 feni
326 788 397 820 Vari
414 789 444 820 in
468 788 487 818 l.
508 791 556 827 38.
586 784 627 816 J).
651 785 684 815 de
707 785 884 825 adquirendo
902 792 998 814 rerum
1015 781 1101 812 domi-

240 831 307 867 nio,
331 830 407 861 item
428 827 572 868 Javoleni
597 826 615 857 l.
636 835 684 865 24.
706 825 746 856 D.
772 823 888 870 Quibus
913 825 1001 854 modis
1017 823 1100 862 usus-

231 870 354 910 frutlus
378 870 524 901 amittitur
546 891 556 907 ‚
588 876 648 898 nec
678 876 742 897 non
770 865 938 904 Pomponii
957 865 987 896 in
1011 864 1031 894 l.
1050 874 1098 904 23.

239 911 281 942 D.
300 913 358 943 eod.
375 912 419 941 tic.
438 911 465 941 δε
484 908 609 949 Ulpiani
626 910 656 939 in
672 908 691 938 l.
713 917 738 939 1.
762 908 789 950 §v
808 917 835 947 7.
856 906 892 941 ὅ)
910 906 938 948 §.
954 915 982 943 9.
1006 904 1047 935 D.
1067 906 1100 935 cle

232 950 424 992 fluminibus:
448 959 560 982 omnes
583 950 667 981 enim
686 949 717 980 in
744 950 879 981 eandem
904 956 1028 992 mecum
1045 947 1098 993 de-

238 999 370 1024 currunt
385 992 591 1023 sententiam:
616 999 677 1022 nec
695 990 727 1021 hi
746 998 867 1022 tantum
882 1000 891 1028 ;
916 989 967 1020 led
984 988 1013 1019 ἂι
1027 986 1099 1019 Tri·

239 1034 395 1066 bonianus
414 1034 443 1064 in
461 1033 489 1074 ᾗ.
509 1042 557 1073 23.
578 1031 614 1066 ὣς
631 1041 678 1070 24.
704 1030 773 1072 Ιηβ,
791 1033 824 1063 de
839 1041 936 1062 rerum
953 1027 1101 1075 divifionc3

237 1075 313 1116 quid
339 1076 422 1106 enim
440 1075 457 1106 ἱ)
490 1074 589 1105 nescis
607 1096 617 1112 ‚
650 1082 705 1104 cur
726 1071 791 1113 ipse
815 1083 855 1104 eo
878 1074 908 1103 in
926 1072 1021 1109 loco,
1049 1079 1102 1110 qul

238 1125 326 1148 totus
345 1115 415 1155 Gaji
433 1114 496 1151 est,
521 1114 677 1147 deleverit
697 1116 792 1146 verba
810 1114 895 1152 haec,
911 1114 964 1153 sed
978 1113 1032 1143 vix
1048 1110 1097 1158 est,

237 1164 271 1189 uc
294 1159 324 1189 id
351 1156 507 1188 obtineat?
539 1156 642 1188 dicam
660 1179 669 1194 ‚
698 1165 738 1187 ne
764 1155 1007 1196 incogitantiam
1033 1162 1099 1194 ejus

236 1197 363 1231 accuses
383 1197 472 1230 forte
490 1207 561 1229 cum
580 1196 762 1228 Theodoro
785 1196 935 1228 Mai-cilio
958 1195 996 1226 ad
1020 1196 1047 1225 (l.
1069 1194 1098 1235 ὃ.

238 1249 287 1281 23.
312 1238 480 1279 deleviss‘e,
503 1246 538 1270 ut
554 1237 637 1279 Gajo
656 1238 759 1269 lucem
777 1238 967 1269 accenderet
977 1246 992 1282 3,
1010 1236 1097 1267 deni·

236 1290 320 1321 que,
346 1291 386 1313 ne
412 1281 481 1322 quis
504 1280 738 1319 imprudentior
753 1302 763 1318 ,
794 1287 906 1311 contra
923 1277 994 1317 Gajr
1013 1286 1097 1308 rnen-

236 1329 324 1361 tem,
346 1322 437 1354 aliam
456 1320 518 1353 effe
534 1321 655 1353 causam
672 1321 828 1361 aequitatis
845 1343 856 1360 ,
887 1319 979 1350 aliam
1005 1317 1098 1350 stricti

234 1363 311 1404 Juris
324 1387 333 1402 ,
357 1363 571 1404 suspicaretur.
1044 1361 1052 1365 ⁷

279 1415 308 1437 2.
331 1403 366 1436 ld
383 1405 459 1436 mihi
478 1403 573 1435 sedet.
598 1402 696 1441 Aliis,
720 1412 800 1444 quos
815 1403 898 1434 inter
915 1401 1012 1441 Hugo
1028 1399 1097 1431 Do-

235 1446 339 1477 nellus
355 1446 403 1478 lib.
424 1455 454 1485 4.
475 1445 628 1476 Commenc.
644 1444 709 1485 jur.
735 1444 814 1475 civil.
834 1454 859 1476 σ,
884 1447 932 1477 28.
957 1443 987 1473 &
1008 1441 1098 1473 Fran-

236 1486 337 1519 ciscus
361 1486 532 1518 Connanus
557 1484 630 1517 dieto
654 1485 711 1516 loco
732 1508 742 1524 ‚
774 1485 925 1516 familiam
958 1483 1097 1520 ducunt,

235 1529 335 1570 magis
363 1528 468 1569 placet
494 1527 585 1559 tertia
613 1526 793 1566 conjectura
816 1523 1097 1569 Accursiirexisti-

235 1570 368 1608 mantis,
391 1568 412 1600 fi
435 1568 552 1600 flumen
587 1568 706 1599 latente
729 1568 864 1608 primum
890 1566 1051 1597 alluvmne
1067 1574 1097 1596 a·

234 1620 325 1653 grum
350 1611 550 1650 occupavit,
583 1609 797 1650 eumdemque
822 1609 854 1640 in
876 1608 1000 1639 alveum
1020 1615 1096 1638 con-

235 1652 350 1690 vertit,
374 1651 405 1683 δε
422 1651 538 1683 deinde
553 1649 655 1683 rursus
673 1649 815 1682 destituit
831 1673 842 1690 ,
871 1658 937 1681 non
962 1648 1096 1680 minuta-

235 1694 313 1733 tim,
335 1691 388 1725 sed
403 1702 468 1724 uno
486 1692 573 1724 velut
591 1692 739 1733 impetu3
763 1699 840 1723 tunc
858 1699 930 1723 eum
947 1689 1097 1727 similiter,

235 1742 272 1768 nt
289 1735 320 1767 in
340 1734 509 1775 temporali
527 1733 563 1765 fit
581 1732 804 1772 inundatione,
824 1733 862 1764 ad
882 1732 1021 1772 priore-m
1041 1730 1097 1762 do-

232 1779 356 1809 minum
371 1776 507 1808 reverti.-
529 1784 601 1807 nam
620 1774 698 1806 ficut
711 1773 825 1814 justum
844 1773 889 1805 est
905 1796 916 1811 ‚
940 1773 971 1804 in
991 1781 1025 1804 re
1042 1772 1097 1803 du·
1141 1779 1161 1811 q

233 1818 287 1850 bia
304 1818 411 1851 locum
432 1817 495 1849 dari
519 1815 719 1856 adquifitioni
735 1825 794 1856 per
816 1815 1031 1852 alluvionem3
1055 1813 1099 1844 ita

233 1869 309 1891 cum
338 1866 451 1900 patet,
482 1857 620 1889 alienum
642 1855 704 1887 effe
731 1865 841 1897 agrum
866 1865 960 1896 quem
980 1855 1098 1886 flumen

235 1900 339 1932 tenuit
354 1923 365 1939 ,
393 1899 577 1938 sustulitque
595 1920 604 1937 ,
629 1902 784 1938 requitatis
801 1897 882 1935 esse,
905 1905 946 1927 ne
965 1896 1098 1927 domino

232 1942 357 1974 vicinus
374 1940 577 1980 praeferatur,
601 1948 641 1969 ne
659 1938 728 1978 quis
747 1947 819 1968 cum
839 1937 966 1968 alterius
980 1936 1098 1976 jactura

233 1983 474 2023 locupletetur:
497 1989 557 2012 nec
576 1979 679 2010 verbis
703 1979 743 2010 ad
768 1979 800 2010 id
818 1976 1096 2009 demonstrandum

234 2034 317 2066 opus
335 2023 414 2059 effe3
439 2022 489 2054 sed
515 2032 531 2052 a
561 2019 742 2061 Pomponio
768 2019 916 2051 declarari
948 2018 979 2049 in
1004 2019 1023 2048 ί.
1044 2027 1093 2058 3ο.

233 2066 266 2107 §.
275 2076 305 2107 3.
315 2064 355 2096 D.
370 2066 403 2095 de
412 2065 587 2105 aclquzrendo
598 2071 694 2093 rerum
703 2062 824 2092 dominio
835 2083 845 2099 ‚
857 2069 927 2100 quae
938 2058 978 2090 fic
989 2058 1094 2090 habet.

273 2106 399 2141 Alluvio
421 2115 524 2146 agrum
546 2102 670 2143 restituit
688 2112 753 2133 eum
766 2126 775 2140 ,
797 2111 879 2143 quem
897 2102 1018 2140 impetus
1038 2099 1096 2140 flu-

294 2148 383 2179 minis
401 2153 489 2177 totum
509 2145 633 2183 abstulit.
680 2143 781 2184 Itaque
798 2142 825 2180 fi
844 2152 928 2183 ager,
952 2143 1005 2182 qui
1022 2143 1096 2172 inter

294 2189 377 2221 viam
389 2188 533 2228 publicam
552 2185 588 2220 ἐξ
596 2184 709 2225 flumen
722 2185 785 2223 fuit
801 2207 810 2222 ,
836 2185 1022 2214 inundatione
1035 2181 1093 2222 flu-

292 2230 380 2261 minis
404 2233 553 2268 occupatus
579 2227 643 2266 effec
671 2224 756 2266 (five
778 2225 922 2265 paulatim
944 2231 1096 2263 occupatus

293 2268 355 2310 est,
374 2268 438 2307 five
459 2279 515 2299 non
530 2267 718 2309 paulatim),
732 2266 786 2306 sed
808 2267 898 2297 eodem
925 2267 1032 2306 impetu
1055 2275 1095 2296 re-

294 2311 371 2352 ceffu
391 2310 526 2351 fluminis
554 2307 705 2348 restitutus
723 2331 731 2345 ,
768 2309 806 2338 ad
833 2305 989 2347 pristinum
1008 2308 1095 2338 domi-

298 2362 368 2384 num
381 2354 525 2393 pertinet.-
535 2349 662 2391 flumina
677 2351 752 2380 enim
768 2348 935 2386 censitorum
948 2349 1011 2379 vice
1021 2349 1095 2388 fun-

292 2399 408 2435 guntur
429 2416 440 2432 ‚
470 2398 504 2424 ut
532 2402 568 2423 ex
589 2392 708 2432 privato
725 2390 757 2420 in
767 2391 915 2430 publicum
931 2390 1069 2420 addicant
1085 2413 1095 2428 ‚

294 2434 333 2469 δ’
359 2444 395 2466 ex
416 2435 528 2475 publico
553 2434 584 2463 in
601 2434 764 2472 privatum.
823 2432 925 2472 Itaque
941 2429 1031 2467 sicuti
1052 2431 1097 2462 hic

289 2476 428 2517 fundus,
452 2486 517 2506 cnm
537 2474 637 2506 alveus
646 2472 781 2513 fluminis
802 2471 903 2510 fabius
920 2471 1003 2511 effer,
1018 2472 1096 2514 fuis-

286 2518 335 2557 Jet
352 2517 506 2556 publicus.-
534 2517 577 2546 ita
600 2524 679 2546 nunc
693 2515 834 2554 privatus
846 2514 907 2555 ejus
920 2512 971 2552 effe
990 2515 1068 2545 debet
1087 2537 1097 2553 ‚

296 2558 382 2595 cuius
398 2563 483 2588 antea
491 2557 569 2596 fuit.

275 2608 306 2640 3.
330 2598 450 2630 Verum
477 2598 546 2629 haec
575 2606 626 2629 me
651 2597 691 2628 de
715 2597 794 2629 statu
813 2605 888 2627 meo
916 2606 981 2628 non
1001 2595 1096 2628 facile

236 2640 413 2681 dejecerint
435 2650 444 2677 ;
480 2649 551 2670 cum
579 2639 736 2670 rationem
759 2638 834 2678 juris
850 2661 860 2677 ‚
884 2646 957 2669 cum
975 2636 1094 2669 senten-

236 2682 294 2714 tias
314 2688 363 2712 tot
378 2680 672 2721 jurisconsultorum
685 2703 694 2717 ‚
718 2689 844 2711 mecum
863 2688 995 2718 reputo:
1020 2687 1096 2719 quo-

235 2731 305 2755 rum
325 2732 421 2754 nemo
448 2721 604 2754 dubitavit
622 2744 631 2759 ‚
661 2722 736 2761 quin
754 2719 898 2752 definitio
916 2720 1004 2759 liujus
1026 2729 1097 2751 cau-

236 2763 276 2795 sae
289 2773 354 2795 non
379 2771 442 2795 tam
466 2773 507 2794 ex
521 2762 714 2794 obscuritate
734 2761 883 2800 dominii,
907 2771 1096 2802 quamquam

238 2805 270 2836 &
288 2805 357 2836 haec
374 2804 479 2846 potest
503 2813 708 2842 concurrere,
734 2812 828 2843 quarn
844 2812 883 2834 ex
901 2802 1012 2834 formae
1032 2813 1096 2834 mu-

236 2847 359 2878 tatione
377 2869 386 2884 ,
428 2846 565 2886 petenda
591 2845 637 2877 fit.
661 2853 757 2885 quare
783 2844 856 2874 heic
881 2853 1004 2884 aequum
1034 2844 1095 2876 ess'e

237 2886 399 2928 quisquam
416 2888 477 2926 ait,
502 2887 588 2918 suum
612 2886 729 2925 cuique
751 2885 862 2922 tribui,
887 2885 914 2915 ὅ(
935 2886 1095 2918 neminem

235 2937 309 2960 cum
330 2929 457 2961 alterius
480 2928 597 2969 J‘aCtura
619 2927 864 2967 locupletiorem
890 2926 985 2957 fieri?
1007 2929 1095 2968 equi-

235 2969 307 3001 dem
334 2968 461 3009 sentio,
493 2978 566 3001 vera
589 2969 689 2999 amitti
719 2977 821 3000 rerum
853 2967 1033 3004 vocabula:
1066 2968 1095 3000 &

235 3012 309 3048 quia
335 3012 518 3051 aequitatem
543 3010 640 3051 magis
664 3010 704 3041 ad
735 3019 854 3040 merum
877 3009 925 3048 jus
951 3011 1095 3049 gentium

236 3049 423 3084 aestimamus
440 3076 450 3092 ,
481 3061 574 3092 quam
594 3061 666 3082 cum
697 3051 863 3091 praeceptis
891 3050 1037 3081 civilibus
1064 3051 1095 3082 ὃ(

233 3093 407 3132 praetoriis3
430 3103 470 3125 eo
486 3095 517 3125 in
534 3091 759 3134 quaestionibus
776 3092 815 3122 de
839 3092 926 3122 bono
945 3091 973 3122 ἃ
1001 3101 1094 3131 aequo

234 3131 421 3172 plerumque
445 3134 499 3166 sub
520 3134 708 3166 auctoritate
731 3132 810 3173 Juris
835 3133 973 3164 scientiae
991 3136 1094 3172 perni-

233 3173 323 3204 ciose
345 3175 449 3206 errari.
492 3176 655 3216 Principio
677 3175 761 3206 enim
788 3184 895 3216 nego,
919 3175 1092 3215 quidquam

234 3213 327 3246 alieni
343 3217 492 3256 occupari
511 3226 551 3248 eo
568 3218 601 3249 in
622 3217 724 3249 fundo
736 3240 746 3256 ,
770 3217 857 3257 qu'us
883 3216 1003 3256 species
1020 3225 1091 3257 qua‘

824 122 1124 157 GERARDI
1173 118 1401 155 Noon’r

1142 213 1216 239 ante
1239 204 1320 246 fuit,
1367 205 1501 239 otestate
1522 206 1659 242 fluminis
1681 206 1798 241 sublata
1815 208 1860 240 est
1884 210 1911 241 d.
1933 210 1954 242 I.
1973 220 2006 251 7.

1142 249 1172 290 §.
1189 258 1219 288 5.
1238 257 1303 279 cum
1338 249 1474 280 zmilibus.
1520 248 1648 281 Deinde
1668 250 1837 282 nascuntur
1852 250 1914 282 istae
1929 252 2003 283 auu-

1143 290 1256 334 viones
1281 289 1452 329 praesertim
1482 299 1523 321 ex
1551 291 1744 332 negligentia
1771 292 2001 324 dominorum:

1144 339 1197 370 qui
1220 330 1335 370 (quod
1352 330 1433 370 ripas
1450 329 1532 369 suas,
1558 340 1631 363 cum
1647 332 1793 372 pofl'unt,
1818 333 1847 364 ἀ
1863 334 2003 372 debent,

1143 380 1207 402 non
1233 369 1302 403 satis
1317 372 1463 403 muniunt
1481 372 1625 404 adversus
1649 375 1711 404 vim
1729 372 1896 414 fluminis)
1916 375 2006 414 quid·

1144 411 1221 452 quid
1242 421 1321 452 aqua
1338 413 1509 444 lambendo
1540 413 1645 445 aufert
1661 437 1670 452 ,
1702 415 1733 445 id
1761 423 1856 445 omne
1873 414 2005 446 oscitan-

1143 455 1186 484 tia
1204 451 1275 492 sua,
1299 453 1382 494 quasi
1402 454 1568 486 voluntate
1581 478 1589 493 ‚
1614 455 1750 486 alienare
1772 456 1921 486 videntur
1938 466 2004 497 arg.

1142 494 1163 525 l.
1190 498 1228 527 28
1264 493 1306 525 D.
1327 498 1360 525 de
1381 494 1532 526 verborum
1551 493 1792 537 significatione:
1824 495 1932 528 saltem
1948 519 1958 534 ‚
1977 495 2004 528 fi

1143 535 1232 576 quod
1250 534 1388 567 sentiunt
1406 536 1553 568 damnum
1576 560 1584 574 ‚
1608 546 1672 568 non
1695 536 1914 577 intelliguntur
1938 537 2003 569 sen-

1142 584 1202 607 tire
1225 585 1281 617 per
1296 577 1316 608 l.
1335 586 1394 617 203
1424 576 1464 608 D.
1484 579 1515 607 cie
1533 579 1638 617 regulis
1648 579 1738 620 juris.

1183 627 1212 657 4.
1237 617 1286 648 Ad
1303 617 1517 658 Pomponium
1537 629 1651 658 venio,
1681 628 1746 659 quo
1770 618 1940 659 praesertim
1961 620 2006 651 ni-

1144 658 1220 689 titur
1264 659 1445 698 conjectura
1493 659 1738 691 dissentientium
1777 659 2004 699 Interpretum.

1181 700 1234 730 uid
1254 699 1384 731 dicam?
1407 700 1565 732 dissentire
1582 701 1797 741 Pomponium
1814 700 1843 732 &
1863 702 2005 741 reliquos

1143 739 1384 780 Jurisconlultos
1403 764 1412 780 ,
1444 750 1516 772 cum
1539 741 1704 774 Francisco
1734 742 1902 773 Hotmano
1920 743 1957 772 ad
1973 743 2002 774 d.

1142 781 1172 823 §.
1199 781 1270 822 23?
1293 791 1358 813 non
1388 782 1483 813 video
1501 807 1510 817 ,
1536 785 1587 822 qui
1613 787 1778 825 potuerint
1799 784 1830 815 in
1860 792 1893 814 re
1918 790 2006 814 certa

1143 830 1240 862 atque
1258 823 1426 862 explorata
1453 823 1623 856 dim-nure,
1670 826 1716 856 An
1738 825 1843 866 potius
1860 825 1900 855 de
1916 825 2006 855 inun-

1143 864 1272 895 datione
1291 865 1378 904 loqui
1394 865 1608 905 Pomponium
1625 889 1635 903 ‚
1667 875 1732 897 non
1756 866 1845 906 loqui
1872 866 1911 897 de
1938 874 2005 896 mu-

1143 904 1265 935 tatione
1287 905 1387 942 alvei,
1410 914 1482 937 cum
1508 907 1576 937 viro
1603 907 1724 938 summo
1740 931 1749 946 ‚
1771 906 1894 947 Jacobo
1914 905 2006 946 Cuja-

1143 946 1215 983 cio,
1240 945 1329 976 Notis
1348 946 1385 976 ad
1407 947 1436 978 d.
1455 946 1483 987 ᾗ.
1509 948 1570 988 23?
1595 950 1746 988 praelente
1763 949 1883 980 obruor
1897 947 2007 978 auCto-

1143 988 1243 1018 ritate.
1271 995 1343 1018 nam
1359 995 1469 1024 aperte
1496 988 1707 1028 Pomponius,
1724 988 1788 1026 five
1800 989 1944 1029 paulatim
1962 997 2008 1020 oc-

1143 1034 1267 1069 cupatus
1282 1026 1339 1067 eli,
1355 1026 1421 1066 five
1439 1038 1496 1058 non
1509 1032 1663 1068 paularim.
1696 1031 1743 1062 An
1761 1030 1894 1068 faciam,
1918 1029 2007 1070 quod

1144 1070 1175 1101 in
1192 1069 1286 1100 rebus
1306 1068 1407 1100 dubiis
1427 1068 1534 1101 solet?
1562 1071 1692 1110 jurabo,
1718 1081 1826 1110 parum
1850 1073 1971 1111 liquere
1989 1070 2007 1102 ?

1141 1119 1173 1142 at
1188 1111 1301 1150 jurabo
1316 1120 1379 1141 non
1403 1109 1471 1142 satis
1490 1111 1620 1151 liquido.
1645 1111 1690 1142 est
1714 1114 1798 1143 enim
1819 1112 1896 1143 mihi
1918 1111 2008 1152 suspi-

1142 1152 1214 1189 cio,
1239 1151 1289 1182 cui
1303 1152 1425 1183 animus
1443 1153 1568 1184 interim
1593 1153 1774 1193 adquiescat
1794 1177 1802 1191 ,
1832 1154 1936 1184 donec
1955 1154 2008 1184 ali-

1142 1193 1245 1225 cunde
1272 1193 1347 1233 quid
1374 1200 1428 1224 aut
1454 1196 1569 1224 certius
1594 1202 1647 1225 aut
1672 1195 1865 1232 probabilius
1883 1193 2009 1225 adfere-

1143 1241 1202 1266 tnr.
1228 1243 1358 1274 >opinor
1375 1257 1384 1271 ‚
1417 1243 1522 1266 veram
1558 1234 1619 1266 effe
1651 1235 1771 1276 Cujacii
1794 1234 2006 1267 sententiam:

1141 1275 1214 1314 sed,
1238 1276 1325 1316 quod
1347 1274 1412 1316 ipse
1429 1285 1494 1307 non
1517 1275 1699 1308 observavit
1715 1276 1860 1317 Cujacius
1877 1300 1887 1315 ‚
1910 1277 2009 1308 Pom-

1141 1316 1277 1358 ponium
1299 1317 1527 1357 interpolatum
1552 1317 1613 1349 esse
1645 1317 1754 1349 Gloffa
1780 1318 1909 1358 alicujus
1936 1317 2009 1349 Stu-

1141 1356 1219 1389 diofi
1236 1357 1334 1397 Juris:
1360 1358 1412 1398 qui
1431 1367 1503 1390 cum
1529 1359 1560 1390 in
1585 1359 1744 1400 principio
1768 1360 1795 1390 d.
1814 1359 1842 1400 §.
1864 1370 1893 1399 53.
1914 1358 1934 1390 l.
1955 1368 2008 1400 30.

1140 1398 1263 1440 legisset
1286 1400 1435 1430 voculam
1466 1399 1573 1431 alluvio
1591 1424 1600 1439 ‚
1633 1400 1663 1432 ἀ
1692 1401 1787 1440 paulo
1815 1400 1884 1439 post
1910 1401 2010 1431 verba

1140 1440 1331 1471 inundatione
1343 1439 1497 1479 fluminis,
1523 1451 1581 1473 nec
1605 1440 1890 1480 animadvertisset,
1915 1442 2009 1473 Pom-

1139 1482 1273 1521 ponium
1305 1482 1498 1514 alluvionem
1524 1482 1650 1513 abusive
1678 1482 1787 1514 dixiss'e
1806 1491 1865 1522 pro
1887 1482 2009 1514 recessu

1140 1522 1298 1561 fluminis;
1320 1530 1355 1554 ut
1373 1523 1536 1555 Accurfius
1567 1525 1695 1555 notavit
1713 1524 1743 1555 dc
1760 1522 2007 1556 Gothofredus:

1140 1562 1243 1595 statim
1268 1564 1405 1596 credidit
1420 1588 1429 1603 ,
1454 1564 1714 1604 jurisconsultum
1741 1574 1836 1606 agere
1865 1565 1905 1596 de
1923 1573 2008 1596 utra·

1142 1614 1204 1645 que
1223 1604 1362 1636 fluminis
1384 1607 1609 1645 occupatione.
1633 1606 1722 1638 causa
1744 1615 1824 1638 meae
1843 1606 2008 1647 opinionis

1140 1647 1304 1678 connexio
1329 1646 1394 1686 ejus
1420 1647 1483 1678 loci
1515 1648 1611 1689 longe
1637 1647 1781 1688 peffima.
1815 1657 1886 1679 nam
1910 1647 2008 1688 quid,

1139 1686 1246 1728 quaeso
1264 1711 1274 1726 ‚
1304 1687 1385 1719 istud
1412 1687 1457 1719 est
1475 1712 1485 1728 ,
1515 1690 1603 1729 quod
1628 1691 1671 1720 ait
1697 1689 1892 1729 Pomponius
1908 1711 1918 1728 ‚
1940 1686 2007 1727 sive

1135 1729 1283 1770 paulatim
1298 1735 1454 1769 occupatus
1477 1728 1515 1770 est
1527 1755 1536 1770 ‚
1563 1728 1628 1768 five
1649 1740 1705 1761 non
1719 1730 1892 1771 paularim?
1913 1739 2007 1762 num-

1165 1771 1216 1802 uid
1233 1780 1273 1801 ex
1290 1771 1390 1802 verbo
1408 1772 1547 1811 impetus,
1571 1781 1635 1811 quo
1654 1772 1701 1803 bis
1718 1771 1817 1803 utitur
1832 1772 1863 1803 in
1878 1772 1906 1802 d.
1923 1771 1952 1812 §.
1975 1781 2006 1812 3.

1142 1810 1275 1843 obscure
1299 1813 1489 1853 colligitur,
1519 1814 1616 1854 magis
1640 1812 1722 1851 ess'e,
1745 1821 1780 1844 ut
1797 1812 1917 1844 ibidem
1935 1819 2008 1853 agat

1142 1860 1265 1884 tanturn
1283 1854 1321 1885 de
1338 1854 1548 1885 inundatione
1563 1877 1572 1892 ‚
1596 1854 1647 1885 sed
1666 1861 1891 1885 momentanea
1907 1863 1917 1892 ;
1939 1862 2006 1886 non

1141 1894 1237 1924 etiam
1256 1895 1295 1924 de
1320 1895 1498 1926 mutatione
1516 1896 1595 1926 alvei
1616 1918 1625 1933 ,
1647 1904 1717 1935 quse
1734 1895 1869 1926 latenter
1885 1894 1914 1926 &
1930 1903 2005 1934 pau-

1142 1935 1228 1965 latim
1248 1933 1350 1970 facta,
1374 1934 1445 1975 post
1461 1936 1576 1967 deinde
1603 1936 1704 1967 subito
1728 1935 1863 1967 fluminis
1883 1935 2004 1968 recess'u

1140 1975 1352 2006 emendatur?
1376 1975 1444 2006 lunt
1468 1984 1556 2007 certe
1574 1977 1731 2008 contraria
1747 1999 1757 2015 ,
1779 1977 1914 2008 fundum
1936 1976 2004 2008 sub-

1139 2015 1235 2046 latum
1262 2015 1322 2046 ess'e
1347 2015 1482 2048 fluminis
1502 2018 1623 2057 impetu
1637 2041 1645 2055 ,
1677 2017 1707 2048 ἃ
1722 2016 1858 2049 fundum
1874 2027 1890 2048 a
1905 2018 2006 2050 flumi-

1138 2066 1178 2088 ne
1203 2055 1265 2089 ess'e
1291 2057 1376 2088 lente
1401 2067 1605 2097 occupatum.
1630 2066 1784 2099 praeterea
1802 2068 1865 2090 non
1885 2059 2003 2099 video,

1140 2099 1412 2139 quemadmodum
1439 2108 1518 2139 aqua
1541 2101 1662 2131 dicatur
1678 2101 1793 2131 eodem
1817 2101 1940 2140 impetu
1955 2110 2003 2132 re-

1139 2140 1279 2178 cedere;
1304 2149 1377 2171 cum
1401 2139 1536 2171 fundum
1561 2141 1730 2172 lambendo
1753 2142 1912 2174 ambedit:
1948 2141 2003 2173 nisi

1140 2181 1336 2220 Pomponius
1351 2181 1452 2221 dixit,
1475 2181 1610 2214 fundum
1629 2184 1721 2213 eodem
1737 2183 1842 2221 impetu
1860 2182 2001 2222 restitui,

1139 2231 1198 2263 pro
1216 2231 1272 2252 uno
1290 2223 1409 2262 impetu:
1434 2224 1520 2263 quod
1537 2224 1639 2254 voluit
1661 2223 1853 2255 dottiffimus
1874 2223 2000 2256 Conna-

1139 2272 1197 2295 nus
1213 2262 1285 2294 disto
1302 2264 1367 2294 loco.
1391 2263 1443 2295 sed
1459 2265 1513 2295 vix
1528 2264 1591 2302 est,
1615 2272 1650 2295 ut
1673 2264 1736 2295 hoc
1757 2264 1916 2305 postrema
1931 2265 2001 2297 haec

1138 2305 1308 2336 admittant
1334 2305 1504 2346 Pomponii
1529 2307 1623 2337 verba
1641 2329 1650 2345 ‚
1685 2307 1780 2337 Sicuti
1796 2307 1973 2346 bicfundur
1991 2330 2001 2345 ‚

1138 2356 1204 2377 cum
1221 2345 1321 2377 alveus
1344 2345 1479 2386 fluminis
1495 2347 1599 2386 fabius
1629 2347 1710 2386 effer,
1725 2347 1829 2387 fuiffet
1838 2348 2000 2388 publicus:

1138 2389 1180 2418 ita
1197 2397 1276 2418 nunc
1294 2390 1432 2428 privatus
1448 2388 1509 2429 ejus
1537 2388 1586 2429 effe
1612 2389 1707 2427 deber,
1731 2390 1813 2429 cujus
1828 2390 1997 2428 anteafuz't.

1139 2428 1251 2460 Sensus
1268 2429 1352 2460 enim
1369 2428 1432 2468 est,
1460 2429 1555 2461 Hunc
1570 2429 1704 2461 fundum
1716 2454 1724 2466 ‚
1748 2439 1811 2470 quo
1830 2431 1870 2461 de
1885 2431 1999 2471 agitur,

1138 2479 1203 2501 non
1226 2469 1356 2501 mutaffe
1385 2471 1588 2511 dominium,
1619 2472 1691 2511 quia
1721 2471 1829 2502 alveus
1860 2471 1998 2502 fluminis

1139 2521 1202 2543 non
1228 2511 1273 2542 est
1297 2511 1422 2543 factus:
1458 2513 1582 2552 qualem
1609 2520 1714 2543 tamen
1740 2512 1863 2543 necesse
1891 2512 1998 2544 fuiss'et

1139 2552 1226 2592 fieri;
1247 2551 1268 2584 fi
1285 2560 1337 2583 aut
1355 2553 1473 2584 latente
1489 2553 1648 2584 alluvione
1663 2552 1750 2585 foret
1767 2553 1920 2592 sublatus,
1944 2560 1998 2584 aut

1138 2594 1347 2626 inundatione
1360 2594 1567 2626 diuturniore.
1592 2594 1702 2634 Itaque
1717 2594 1915 2635 consequens
1935 2594 1998 2632 est,

1138 2636 1170 2667 in
1198 2637 1225 2667 ct.
1250 2634 1279 2676 §.
1302 2645 1331 2677 3.
1360 2645 1424 2667 non
1447 2645 1492 2677 agi
1518 2637 1557 2667 de
1581 2636 1700 2667 latente
1726 2636 1913 2674 alluvione3
1944 2635 1997 2667 sed

1142 2684 1263 2708 tantum
1287 2677 1325 2707 de
1343 2685 1566 2708 momentanea
1589 2678 1814 2715 inundatione;
1836 2678 1995 2716 denique,

1141 2718 1254 2759 rejecta
1270 2717 1378 2750 Gioffa
1403 2719 1432 2749 in
1461 2719 1566 2749 locum
1586 2718 1691 2757 suum,
1717 2718 1931 2759 Pomponium
1948 2728 1996 2749 re·

1140 2759 1331 2792 stituendum
1349 2758 1410 2790 esse
1428 2759 1491 2790 hoc
1507 2760 1615 2791 modo.

1178 2801 1300 2833 Alluvio
1319 2811 1422 2842 agrum
1443 2800 1567 2841 restituit
1591 2811 1654 2832 eum
1671 2824 1679 2839 ‚
1711 2811 1792 2841 quem
1804 2803 1923 2842 impetus
1934 2800 1996 2841 flu-

1197 2844 1282 2873 minis
1297 2848 1387 2873 totum
1410 2841 1534 2883 abstulit.
1578 2842 1680 2883 Iraque
1688 2841 1717 2881 fi
1734 2852 1801 2884 ager
1819 2867 1828 2879 ,
1851 2844 1901 2884 qui
1919 2844 1994 2874 inter

1198 2885 1278 2914 viam
1289 2883 1433 2924 publicam
1448 2883 1484 2918 &³
1494 2883 1605 2923 flumen
1621 2884 1687 2922 fuit
1698 2907 1706 2922 ,
1730 2886 1919 2916 inundatione
1929 2882 1993 2923 flu-

1202 2926 1288 2956 minis
1309 2932 1460 2965 occupatus
1476 2924 1557 2964 csffet,
1580 2925 1601 2965 †
1615 2926 1661 2961 secl
1678 2927 1769 2956 eodem
1786 2927 1893 2967 impetu
1908 2925 1993 2961 νει-ΒΡ

1187 2968 1230 3006 su
1244 2965 1378 3006 fluminis
1400 2965 1549 3006 restitutus
1567 2977 1576 3002 ;
1607 2968 1643 2997 ad
1670 2966 1824 3007 pristinum
1845 2966 1991 2998 dominum

1195 3009 1337 3047 pertinet.-
1361 3006 1490 3047 flumina
1508 3009 1582 3038 enim
1598 3007 1766 3041 censitorum
1781 3011 1842 3040 vice
1856 3008 1990 3046 fungun-

1198 3055 1247 3079 tur
1257 3072 1267 3086 ,
1291 3057 1323 3079 nt
1339 3059 1375 3079 ex
1383 3051 1499 3089 privato
1523 3051 1554 3080 in
1564 3051 1713 3090 publicum
1728 3051 1880 3084 addicam,
1903 3047 1940 3082 59⁹
1954 3058 1990 3079 ex

1189 3090 1302 3131 publico
1319 3092 1350 3122 in
1362 3092 1524 3131 pri-varum.
1566 3091 1669 3132 ltaque
1684 3089 1774 3129 sicuti
1790 3091 1836 3121 hic
1851 3091 1989 3130 fundus,

1925 3141 1991 3162 cum

1172 3222 1184 3258 i
1207 3223 1272 3251 Sive
1286 3223 1417 3260 paulatini
1435 3230 1586 3259 occupatus
1601 3223 1639 3251 est
1650 3244 1658 3255 ‚
1680 3225 1733 3253 five
1749 3232 1807 3252 non
1821 3221 1963 3259 paulatim.
