2052 3487
175 127 219 165 33
739 106 772 143 G
796 119 816 143 n
841 117 862 141 R
886 115 908 138 A
935 115 957 140 R
980 113 1003 138 n
1031 113 1045 138 1

175 205 346 238 habeatur:
370 199 455 241 finge
488 201 592 237 enim,
622 197 652 228 in
678 195 853 240 conspectu
874 201 947 224 mco
964 202 1031 225 rem

175 245 313 286 deponi,
332 244 361 275 &
378 242 430 273 sub
449 241 589 273 custodia
604 247 674 269 mea
691 237 837 282 constitui
852 258 861 273 ,
878 243 1032 280 praeterea

175 296 236 319 nec
259 296 329 323 me,
352 292 412 315 nec
435 282 528 313 alium
552 289 627 312 meo
651 287 801 315 nomme,
839 284 908 306 eam
940 283 1032 306 attin-

175 338 267 369 gere:
290 334 362 357 num
388 323 516 354 dubium
536 346 545 359 ‚
568 322 691 359 inquit,
715 318 778 356 est,
803 316 822 348 fi
844 317 1030 357 interpreta-

177 375 298 400 tionem
316 365 454 406 spectes,
478 363 552 403 quin
573 361 623 391 hic
645 368 744 398 opera
770 358 917 397 corporis
943 356 1031 387 adhi-

177 411 258 445 bita,
282 408 310 438 ἃ
338 404 480 445 poffessso
505 402 618 434 tradita
637 407 853 439 acceptaque,
877 398 1031 443 intelligaj

177 450 251 482 tur?
274 451 402 479 minime
427 454 515 475 vero.
540 442 614 482 'quid
634 441 664 471 ni
683 450 760 481 ergo
788 441 870 471 idern
898 438 953 476 fit,
978 438 1032 469 ubi

178 499 212 522 tu
235 497 284 520 me
299 486 402 528 juffisti
421 485 553 522 tollere,
577 492 638 523 ego
658 482 831 513 custodiam
849 479 974 525 posui?
988 479 1032 510 nil

178 532 260 562 enim
280 529 395 564 refert,
419 533 523 556 utrum
542 524 636 560 mihi,
660 532 697 553 an
727 521 858 553 cuilibet
873 520 1009 561 jusserim
1022 543 1031 558 ,

178 570 320 603 custodia
349 567 487 598 tradatur
517 576 579 607 ang.
610 565 629 595 l.
659 574 707 604 35.
733 563 774 594 D.
799 565 832 594 de
859 563 1034 607 adquirendo

177 621 271 644 rerum
294 609 423 640 dominio.
446 606 527 639 Haec
546 606 675 638 tabeo:
699 605 738 636 ad
760 613 797 635 ea
820 606 851 637 in
868 603 965 635 Notis
990 610 1035 632 ita

178 653 361 694 Javolenus.

219 694 257 726 liz
280 702 307 723 eo
328 697 398 732 puto
423 690 496 720 hanc
523 685 700 730 quaestionem
729 683 896 726 confisum,
929 695 967 716 an
995 690 1034 716 et·

241 736 318 771 iam,
341 731 362 767 li
379 738 490 772 corpore
508 738 629 760 acervus
644 735 693 758 aut
718 733 859 767 amphorae
883 727 1034 767 apprehen—

231 777 272 816 sae
287 784 343 805 non
360 773 424 811 funt
436 795 444 809 ,
467 771 649 801 nihilominus
668 770 780 799 lrsstlibae
800 769 968 799 videantur.
991 770 1037 798 ni-

242 816 282 847 bil
315 816 394 845 video
423 808 568 851 iiztereffe‚
598 818 698 840 mrum
729 811 784 849 ipse
811 818 966 847 acervum,
998 818 1038 839 an

239 857 371 888 mandato
398 864 453 883 meu
478 855 583 893 aliquis
607 848 764 891 custodiat:
795 851 944 888 utrobique
964 851 1039 880 enim

242 897 332 928 animi
361 895 480 936 quodum
507 902 608 933 genere
628 890 751 932 poffeffio
778 893 832 922 erit
860 892 1034 933 aeJtz'mcznda.

184 938 240 969 Vir
255 936 405 972 eximius,
428 934 565 973 jacobus
583 933 748 973 Cujacius,
774 936 804 963 in
824 932 979 964 Comment.
1002 932 1040 963 ad

183 986 203 1010 t.
230 979 263 1010 Ρ.
288 980 319 1008 de
346 976 515 1017 adquirend.
551 974 662 1015 Poffeff.
688 981 754 1004 tom.
777 983 805 1012 4.
823 980 900 1014 part.
927 983 955 1004 2.
979 979 1039 1044 {pe-

182 1022 222 1051 ris
244 1017 404 1060 posthumi,
436 1017 529 1057 legit,
565 1017 688 1055 corporis
705 1016 828 1056 quodam
842 1024 961 1057 genere:
998 1014 1038 1045 ed

184 1069 245 1101 ego
270 1064 309 1090 de
333 1058 470 1089 lectione
498 1065 586 1087 certa
609 1057 639 1088 ὅτ,
665 1065 796 1095 recepta
815 1066 878 1087 non
903 1056 1040 1087 recedo:

183 1100 283 1133 sensus
307 1104 391 1131 enim
421 1098 585 1138 Javoleni,
611 1107 801 1138 quamquam
830 1096 1042 1134 subdifficilis,

185 1152 289 1174 tamen
307 1150 369 1172 non
389 1141 501 1171 dubius
520 1139 572 1170 hic
592 1139 654 1171 est:
679 1139 713 1172 In
735 1148 774 1170 eo
791 1139 926 1170 vertitur
944 1137 1045 1169 Labe-

184 1184 254 1214 onis
279 1181 430 1221 qaeestio,
460 1191 497 1212 an
529 1190 680 1218 acervus,
713 1180 787 1211 licet
813 1189 950 1220 corpore
979 1188 1043 1209 non

185 1225 219 1257 fi:
250 1222 480 1263 apprehensus,
514 1230 618 1253 tamen
652 1231 710 1262 pro
743 1222 860 1252 tradito
893 1221 1044 1251 habeatur

186 1265 259 1304 jure
279 1265 383 1295 Civili.
407 1264 493 1304 quod
513 1266 610 1303 magis
628 1264 690 1294 est:
716 1262 814 1301 siquis
831 1262 962 1293 enimin
979 1271 1045 1292 uno

186 1307 336 1347 exemplo
355 1305 433 1336 velit
451 1304 631 1342 diffentire,
655 1303 904 1335 &traditionem
928 1301 1045 1334 inficia-

185 1349 230 1386 τίς
252 1348 276 1379 is
298 1347 433 1384 viderit,
456 1356 496 1377 ne
514 1346 720 1377 traditionem
737 1354 865 1385 quoque
884 1345 923 1375 ab
943 1345 1044 1374 altero

185 1389 348 1420 excludat:
372 1388 543 1428 utrobique
571 1387 673 1425 enim,
697 1387 729 1417 id
755 1384 818 1423 est,
853 1394 989 1425 utroque
1014 1385 1046 1416 in

185 1429 255 1461 casu
267 1453 276 1469 ‚
302 1429 319 1462 si
341 1431 380 1461 ad
395 1427 508 1461 subtile
524 1429 691 1469 exigantur
709 1427 824 1468 fingula
836 1450 845 1465 ‚
862 1427 955 1457 animi
968 1435 1045 1466 quo-

162 1491 163 1495 =
186 1472 257 1504 dam
273 1479 410 1512 genere,
433 1469 486 1501 seu
503 1470 609 1501 animo
628 1469 869 1510 quodammodo
886 1467 953 1500 solo
974 1476 1046 1507 pos-

188 1512 275 1544 seffio
298 1511 475 1543 aestimauda
508 1511 578 1542 erit.
601 1518 633 1541 at
660 1510 807 1541 naturalis
842 1509 968 1540 traditio
1005 1515 1048 1539 at-

188 1563 251 1594 que
273 1551 479 1594 apprehensio
495 1552 607 1591 procul
625 1552 724 1583 dubio
744 1551 774 1582 in
795 1551 915 1588 altero,
941 1558 1047 1590 quam-

188 1604 282 1635 quam
306 1595 389 1626 nulla
415 1593 605 1631 intervenit,
637 1596 747 1632 utique
766 1592 960 1623 intervenire
978 1600 1043 1621 cre-

189 1638 290 1668 ditur:
322 1636 417 1676 igitur
440 1633 637 1673 consequens
664 1634 725 1671 est,
752 1641 786 1664 ut
812 1634 922 1664 eadem
948 1632 1045 1663 altera

189 1686 317 1718 quoque
341 1679 372 1708 in
398 1674 503 1716 specie
528 1675 608 1714 Juris
626 1674 789 1706 intellcCtu
812 1673 873 1705 esse
892 1674 1044 1705 videatur.

185 1718 267 1751 Haec
285 1717 463 1755 Labeonis,
488 1717 593 1755 addo,
617 1715 780 1755 Javoleni‚
803 1714 957 1746 sententia
979 1713 1045 1745 est:

189 1768 282 1800 quam
308 1760 336 1791 ὅ(
356 1758 515 1799 superiora
540 1758 696 1797 probant,
720 1757 749 1788 ὅ(
769 1755 880 1788 Paulus
898 1755 999 1786 refert
1015 1755 1046 1785 in

186 1802 215 1832 d.
239 1801 258 1832 Ζ.
280 1809 304 1832 1.
324 1801 352 1842 §.
374 1809 421 1831 21.
444 1799 487 1830 D.
510 1800 544 1830 de
558 1799 736 1839 adquirenda
748 1795 927 1838 poffeffi'one:
951 1794 1046 1828 Prisci

189 1843 273 1873 enirn
299 1842 352 1872 ubi
383 1841 548 1878 meminit,
578 1839 766 1879 javolenum
795 1837 963 1877 intelligit:
994 1837 1046 1867 cui

188 1882 295 1915 Prisco
317 1891 436 1914 nomen
460 1880 567 1918 fuiffe,
592 1890 608 1911 a
635 1880 738 1912 Plinio
759 1880 806 1910 lib.
824 1883 854 1910 6.
874 1875 968 1918 Epist.
997 1887 1045 1918 15.

190 1925 221 1955 &
246 1924 425 1963 Pomponio
448 1924 465 1953 Ζ.
487 1934 515 1953 2.
539 1923 577 1952 acl
596 1920 655 1961 fin.
686 1921 728 1952 D.
760 1922 793 1950 cie
818 1920 926 1959 origine
946 1919 1045 1961 juris,

190 1965 319 2004 accepi:
344 1963 397 1995 etsi
414 1963 498 1994 idem
516 1972 646 2003 quoque
664 1962 796 1993 Neratio
807 1960 896 1991 fuiss'e
908 1969 1023 1990 nomen
1036 1982 1046 1997 ,

190 2015 255 2037 non
280 2006 433 2045 ignorem.
460 2005 510 2035 sed
538 2012 596 2044 pro
613 2003 778 2043 Javoleno*
794 2001 894 2039 facit,
918 2001 1003 2040 quod
1022 2001 1047 2030 is

192 2048 260 2079 libro
284 2056 328 2077 10.
354 2043 547 2086 Epistolarmn
566 2045 596 2075 in
617 2045 676 2075 hac
693 2044 746 2075 vel
761 2043 849 2074 simili
869 2051 970 2082 prope
981 2040 1047 2081 spe-

192 2089 241 2119 cie
260 2087 463 2118 traditionem
484 2086 725 2126 quodammodo
743 2094 850 2115 manus
864 2084 966 2123 longae
984 2081 1047 2113 esse

191 2128 352 2170 perhibet.
378 2127 483 2158 Verba
509 2129 574 2167 ejus
598 2126 790 2163 adscribam,
814 2133 848 2155 ut
873 2133 986 2154 caveas
1009 2123 1048 2154 ab

191 2170 337 2202 Antonio
363 2168 465 2200 Fabro
487 2174 567 2208 part.
593 2178 621 2208 3.
646 2167 693 2198 De
722 2168 862 2197 erroribus
882 2166 1048 2206 Pragmati-

193 2221 291 2243 cormn
316 2211 410 2241 decad.
440 2219 487 2249 75.
513 2218 600 2240 error.
624 2212 654 2239 6.
680 2209 733 2248 qui
756 2215 864 2247 putat,
889 2204 1050 2236 Labeonis

191 2251 377 2284 sententiam
403 2259 419 2280 a
447 2250 604 2289 Javoleno
636 2250 751 2289 corrigi
782 2249 812 2279 in
844 2250 872 2278 d.
894 2247 1044 2287 verslsed.

192 2295 351 2324 videamus.
375 2291 481 2322 Verba
506 2290 648 2330 Javoleni
669 2299 737 2330 quae
756 2290 817 2320 huc
835 2288 994 2328 speum,
1019 2289 1051 2319 in

192 2335 212 2366 Ζ.
239 2344 278 2374 79
306 2333 348 2364 D.
357 2334 390 2364 de
397 2333 589 2372 stilutionibus
607 2330 643 2366 ἐξ
658 2331 868 2362 liberationibus
886 2329 957 2360 talia
972 2329 1051 2360 sunt.

194 2377 371 2410 Peczmiam,
394 2384 481 2415 quam
499 2374 570 2404 mihi
589 2374 684 2411 debes,
707 2379 759 2404 aut
775 2372 862 2402 (iliam
885 2380 958 2410 rem,
977 2369 1005 2408 fi
1020 2371 1052 2400 in

194 2416 340 2456 conspeetu
362 2425 420 2446 ‘meo
431 2422 536 2455 ponere
551 2420 576 2444 te
587 2415 722 2456 jubeam:
745 2412 867 2453 efficitur
881 2434 891 2450 ,
915 2417 948 2442 ut
964 2411 1000 2446 &³
1019 2417 1052 2442 tu

187 2456 291 2499 statim
314 2458 438 2487 libereris
455 2479 464 2494 ‚
496 2454 532 2490 E?
553 2465 615 2486 meu
638 2454 689 2494 effe
711 2455 842 2494 incipiat.
874 2462 943 2483 nam
965 2458 1027 2483 tum
1042 2475 1052 2491 ,

195 2500 268 2540 quod
285 2509 303 2529 α
320 2498 397 2528 nullo
413 2496 594 2537 corporaliter
610 2496 671 2538 ejus
684 2496 725 2527 rei
730 2493 850 2536 poffeffio
859 2495 1052 2532 detineretur,

194 2538 337 2580 adquifita
354 2539 443 2574 mihi,
467 2537 503 2572 ἑά)
520 2539 720 2579 quodammodo
735 2547 824 2568 manu
840 2536 925 2577 longa
941 2537 1054 2567 tradita

194 2580 386 2620 existimanda
403 2577 451 2619 est.

233 2625 264 2653 6.
287 2620 430 2652 Tantum
453 2619 493 2651 de
518 2618 714 2658 poffeffionis
741 2618 992 2659 apprehensione
1016 2626 1054 2648 ac

198 2663 381 2695 traditione.
401 2661 582 2692 Videndum
600 2670 717 2701 porro,
735 2660 822 2700 quod
844 2661 954 2691 titulus
964 2659 1054 2699 hujus

196 2704 311 2745 capitis
326 2703 517 2744 pollicetur,
540 2711 578 2733 an
593 2703 623 2733 in
651 2701 873 2732 traditionibus
892 2701 1054 2742 plerisque

197 2746 229 2777 ὃ(
247 2744 378 2777 νει-ἱενὸζ
393 2742 472 2774 fictis
492 2751 641 2783 peraeque
659 2742 851 2773 desideretur
868 2743 911 2773 rei
924 2741 1054 2782 praesen-

199 2788 253 2819 tia.
280 2785 324 2817 Et
345 2784 452 2815 censet
478 2784 636 2815 Antonius
660 2783 762 2814 Faber
789 2783 937 2815 adversus
962 2783 1055 2822 Prag-

199 2828 334 2860 maticos
351 2827 377 2857 d.
403 2826 500 2856 decad.
521 2835 570 2865 75.
594 2834 682 2856 error.
708 2835 733 2856 x.
754 2823 790 2858 ὃ)
811 2825 891 2865 seqq.
917 2834 977 2856 nec
1004 2832 1058 2854 ex-

199 2869 385 2909 ceptionem
411 2875 512 2907 prope
534 2866 672 2897 admittit
689 2888 698 2905 ,
720 2872 834 2906 praeter
851 2875 944 2897 unam
963 2873 1056 2906 quam

201 2909 333 2942 desumit
350 2917 391 2940 ex
407 2908 427 2939 Ζ.
444 2917 474 2944 9.
490 2907 518 2949 ἓ.
537 2908 592 2939 ult.
609 2906 649 2938 D.
659 2908 692 2937 de
707 2908 787 2937 rebus
796 2908 919 2937 creditis.
938 2906 1057 2937 Movet

201 2961 273 2983 eum
291 2951 415 2989 virum,
431 2950 520 2991 quod
536 2949 723 2987 arbitratur,
740 2946 845 2983 fiftam
853 2948 1056 2979 traditionem

1116 98 1346 138 Noonr

1074 200 1139 224 non
1163 190 1281 222 habere
1309 191 1371 223 alio
1395 190 1425 222 in
1450 188 1521 222 casu
1544 189 1674 230 locum,
1698 197 1793 231 quam
1809 188 1841 222 in
1867 198 1932 232 quo

1074 243 1147 264 vera
1173 231 1296 271 potest:
1319 232 1488 273 praefatus,
1512 241 1684 264 commune
1707 231 1770 263 effe
1785 232 1933 265 omnibus

1074 274 1154 315 Juris
1178 273 1380 313 fifibonstaus,
1404 281 1439 304 ut
1462 281 1538 304 tunc
1565 274 1754 305 inducantur
1785 273 1935 311 demum,

1075 325 1147 346 cum
1169 316 1198 344 id
1217 315 1303 355 quod
1322 317 1351 346 in
1370 313 1531 346 fictionem
1550 317 1655 353 venit,
1680 314 1773 355 &jus
1787 314 1937 346 &natura

1073 356 1211 395 recipit:
1251 357 1387 387 maxime
1405 378 1414 394 ,
1450 355 1471 387 fi
1496 355 1658 387 versantur
1682 356 1766 387 circa
1795 354 1935 387 hominis

1074 397 1210 428 fastum:
1234 396 1264 427 in
1284 406 1349 437 quo
1367 405 1487 437 quanto
1507 397 1610 428 minor
1627 397 1663 428 lit
1678 396 1818 438 potestas
1836 396 1939 437 Juris,

1075 446 1165 469 tanto
1192 438 1343 477 majorem
1368 438 1484 476 requiri
1515 439 1724 478 aptitudinem
1742 461 1753 476 ,
1783 447 1819 470 ut
1847 436 1935 469 fietio

1075 479 1239 510 obtineat:
1263 486 1294 509 at
1311 478 1373 510 fine
1389 479 1544 519 ejusmodi
1560 479 1621 511 ess'e
1636 478 1758 510 causam
1774 478 1935 520 poffeffio·

1075 521 1123 552 nis
1141 530 1202 560 arg.
1220 520 1240 551 Ζ.
1260 529 1306 555 19.
1328 519 1370 552 D.
1401 520 1452 551 Ex
1465 522 1567 562 quibus
1590 519 1683 558 caufis
1706 520 1837 562 majores.
1858 519 1878 550 Ζ.
1910 528 1936 551 1.

1076 562 1106 604 §.
1124 560 1152 598 fi
1167 562 1215 591 vir
1233 561 1318 592 uxori
1333 571 1362 600 4.
1384 561 1425 592 D.
1443 564 1475 591 cie
1490 562 1665 602 adquirenda
1679 559 1844 602 poffeffione.
1868 559 1938 600 Jam

1078 612 1135 642 per
1156 611 1261 634 rerum
1285 609 1429 633 naturam
1446 601 1512 634 fieri
1531 604 1584 634 vix
1603 601 1709 643 poffe3
1732 611 1766 633 ut
1788 610 1941 641 corpora-

1077 644 1114 676 lis
1134 643 1277 683 poffeffio
1302 642 1366 674 fine
1385 653 1458 674 vera
1477 644 1647 675 traditione
1665 651 1766 675 mutet
1790 642 1941 684 possesso-

1078 694 1166 723 rem;
1189 685 1267 716 item
1287 691 1321 715 ut
1343 683 1398 715 fiac
1422 694 1496 715 vera
1519 685 1548 716 ὃς
1573 685 1720 716 naturalis
1743 684 1872 715 traditio
1893 685 1941 715 rei

1079 735 1149 766 quae
1167 735 1231 756 non
1250 725 1286 756 fit
1300 725 1451 766 praesens:
1474 727 1598 757 tradere
1615 727 1698 757 enim
1714 724 1794 763 effe,
1818 725 1859 755 de
1875 734 1941 756 ma-

1080 777 1121 799 nu
1138 768 1169 798 in
1189 776 1315 799 manum
1332 767 1421 798 dare:
1445 767 1474 798 &
1495 767 1569 798 ideo
1586 777 1646 798 nec
1663 767 1716 798 ista
1732 767 1861 807 quidem
1882 774 1942 797 tra·

1081 809 1204 839 ditione
1243 817 1313 848 quae
1349 817 1389 839 ex
1420 807 1595 839 constituto
1629 809 1787 839 inducitur
1804 830 1813 846 ,
1849 807 1941 838 aliter

1084 848 1246 881 transferri
1270 848 1510 888 possessionem,
1535 859 1625 889 quam
1643 849 1662 880 si
1680 848 1842 880 constituti
1860 856 1941 880 tem-

1082 900 1163 931 pore
1179 900 1227 922 res
1253 891 1387 930 praesens
1405 892 1434 921 (ὗε
1456 890 1537 931 quasi
1558 890 1610 921 sub
1630 891 1729 921 oculis
1751 890 1939 922 inveniatur.

1084 932 1164 964 Haec
1182 931 1239 961 viri
1258 932 1287 962 dt
1306 931 1443 963 acuti&
1462 931 1546 962 docti
1563 931 1717 963 sententia
1735 931 1796 963 est:
1819 930 1869 962 sed
1886 931 1944 962 mi-

1083 973 1114 1004 hi
1141 971 1304 1012 displicet:
1334 971 1524 1003 existimanti
1542 996 1551 1007 ,
1582 974 1626 1004 rei
1652 972 1848 1013 praesentiam
1876 980 1944 1003 non

1083 1024 1120 1045 ea
1141 1014 1238 1044 solum
1264 1014 1294 1044 in
1312 1011 1415 1052 specie
1434 1023 1497 1044 non
1519 1012 1581 1044 esse
1604 1015 1697 1046 valde
1719 1013 1944 1051 necessariam,

1084 1057 1116 1086 in
1133 1064 1192 1094 qua
1210 1053 1356 1095 poss'effio
1374 1055 1561 1085 detentiove
1576 1055 1639 1094 jam
1655 1063 1728 1086 ante
1745 1055 1868 1087 domini
1885 1063 1944 1084 vo-

1086 1097 1207 1127 luntate
1231 1097 1318 1126 venit
1340 1096 1379 1126 ad
1401 1104 1521 1126 novum
1537 1095 1763 1136 polsess'orem3
1793 1096 1867 1138 (uti
1886 1094 1945 1126 Fa-

1086 1138 1143 1168 ber
1160 1137 1261 1167 voluit
1278 1145 1340 1176 arg.
1362 1138 1389 1168 d.
1411 1137 1429 1167 Ζ.
1450 1146 1478 1172 9.
1498 1136 1526 1178 §.
1551 1136 1633 1177 ult.)
1657 1136 1710 1168 sed
1733 1146 1792 1168 nec
1810 1137 1841 1167 in
1866 1143 1944 1167 con-

1086 1178 1196 1209 stituto
1216 1177 1398 1218 poffess'orio
1415 1177 1596 1209 desiderari:
1619 1178 1684 1209 hoc
1702 1177 1766 1216 est,
1785 1187 1857 1209 cum
1876 1177 1945 1217 quis

1087 1220 1118 1251 id
1149 1220 1235 1259 quod
1260 1219 1314 1250 suo
1348 1220 1477 1250 nomine
1499 1219 1632 1259 poffidet
1648 1243 1658 1257 ‚
1688 1220 1792 1250 alieno
1815 1219 1946 1250 nomine

1087 1262 1242 1301 postidere
1258 1259 1421 1291 constituit
1437 1270 1447 1298 3
1480 1261 1509 1292 ἀ
1535 1259 1600 1301 ipse
1617 1261 1659 1291 ita
1682 1260 1793 1292 delinit
1811 1259 1946 1299 poffide-

1086 1313 1140 1340 re,
1164 1310 1198 1332 ut
1218 1301 1300 1339 quasi
1319 1309 1508 1341 procurator
1524 1300 1578 1332 suo
1597 1301 1699 1333 rursus
1719 1311 1857 1341 corpore
1875 1302 1947 1331 alie·

1088 1353 1137 1374 nae
1157 1342 1335 1383 pofl'effioni
1359 1342 1560 1374 ministerium
1581 1343 1707 1383 praestet
1723 1367 1733 1382 ,
1767 1352 1807 1374 ex
1824 1341 1949 1374 senten-

1090 1385 1133 1415 tia
1159 1383 1294 1426 Celfitin
1318 1384 1336 1415 l.
1365 1389 1410 1418 18.
1441 1383 1483 1415 D.
1515 1386 1548 1414 de
1576 1386 1755 1425 adquirenda
1774 1381 1946 1425 peffeffione.

1090 1424 1290 1468 Quamquam
1310 1425 1394 1456 enim
1421 1424 1572 1465 poss'essor
1592 1435 1608 1456 a
1628 1435 1662 1456 re
1685 1424 1760 1456 absit
1779 1434 1814 1456 ea
1835 1426 1865 1456 in
1883 1423 1950 1465 spe-

1091 1469 1160 1506 cie,
1193 1475 1295 1497 tamen
1316 1467 1388 1506 quia
1406 1467 1512 1497 animo
1529 1467 1557 1498 ei
1576 1466 1710 1506 praesens
1735 1466 1779 1497 est
1797 1489 1806 1504 ‚
1839 1475 1948 1506 quam-

1091 1509 1144 1539 diu
1162 1508 1186 1539 is
1202 1506 1350 1538 effectum
1370 1507 1469 1538 sortiri
1488 1507 1612 1548 potest,
1636 1507 1767 1539 fictione
1783 1507 1863 1548 Juris
1882 1516 1950 1538 nou

1091 1550 1192 1581 minus
1209 1558 1345 1588 corpore
1364 1549 1391 1580 δὲ
1410 1550 1531 1588 oculis,
1557 1558 1650 1589 quam
1668 1549 1792 1587 animO,
1816 1547 1948 1589 praesen-

1087 1599 1152 1622 tem
1172 1590 1307 1630 intelligi
1325 1600 1387 1631 arg.
1408 1590 1426 1621 l.
1446 1600 1473 1630 3.
1490 1589 1518 1631 §.
1536 1601 1563 1630 7.
1580 1590 1598 1620 Ζ.
1621 1594 1671 1630 46.
1687 1590 1706 1621 Ζ.
1725 1600 1772 1630 25.
1792 1589 1822 1631 ὃ.
1846 1600 1873 1621 2.
1900 1589 1949 1621 D.

1087 1633 1145 1662 eod.
1166 1632 1212 1662 tit.
1232 1631 1251 1663 Ζ.
1274 1641 1297 1662 1.
1313 1631 1341 1672 ἓ.
1360 1641 1409 1671 24.
1429 1631 1471 1662 D.
1487 1638 1520 1661 ae
1537 1633 1569 1662 vi
1591 1630 1628 1665 &P
1646 1632 1678 1663 cie
1694 1633 1728 1662 vi
1743 1637 1872 1662 armata:
1896 1639 1952 1661 ne-

1089 1682 1151 1712 que
1168 1671 1229 1703 esse
1255 1681 1271 1702 a
1295 1673 1418 1703 ratione
1440 1672 1517 1712 juris
1536 1673 1673 1703 alienum
1696 1696 1705 1710 ,
1733 1673 1784 1711 qui
1810 1680 1951 1712 corpore

1089 1713 1221 1751 absens,
1253 1713 1387 1753 praesens
1410 1722 1516 1744 ammo
1534 1713 1569 1744 fit
1586 1736 1595 1751 ,
1627 1714 1655 1745 is
1677 1712 1697 1744 si
1721 1713 1770 1745 alii
1793 1712 1951 1754 poffidere

1090 1755 1278 1786 constituat:
1311 1754 1373 1785 hoc
1398 1754 1467 1792 est,
1499 1754 1634 1786 destinet
1651 1778 1661 1793 ‚
1694 1754 1778 1785 suam
1803 1755 1951 1786 amittere

1091 1795 1311 1837 posseffionem
1332 1819 1340 1833 ,
1370 1796 1399 1826 <Sc
1425 1796 1551 1827 interim
1577 1794 1751 1827 ministerio
1776 1795 1830 1826 suo
1855 1795 1952 1826 alium

1087 1840 1196 1869 iacere
1217 1835 1430 1876 possessorem.
1466 1836 1586 1874 Dices,
1608 1837 1769 1877 duplicem
1786 1835 1952 1868 fictionem

1089 1879 1174 1909 circa
1191 1879 1336 1909 eamdem
1354 1887 1420 1909 rein
1439 1887 1502 1908 non
1521 1877 1615 1909 facile
1639 1887 1843 1909 concurrere.
1888 1876 1954 1908 Sed

1089 1920 1121 1951 id
1140 1928 1254 1949 vanum
1270 1917 1340 1957 est3
1376 1919 1406 1949 ὃς
1433 1918 1545 1951 Paulus
1571 1918 1700 1950 discutit
1722 1919 1741 1950 l.
1765 1928 1791 1951 1.
1810 1918 1839 1961 §.
1859 1928 1885 1950 1.
1910 1918 1954 1950 D.

1089 1961 1147 1992 Pro
1161 1961 1251 1996 loci03
1276 1969 1348 1990 cum
1366 1958 1491 1996 scribit,
1510 1960 1541 1991 in
1561 1959 1713 1991 societate
1730 1963 1873 1991 omnium
1893 1959 1954 1990 bo-

1090 2009 1204 2032 norum
1229 2010 1341 2031 omnes
1366 2010 1414 2031 res
1434 2010 1504 2041 quae
1521 2001 1710 2032 coeuntium
1728 2001 1816 2039 sunt,
1850 2001 1954 2032 conti-

1091 2051 1155 2073 nuo
1173 2042 1422 2080 communicari,
1445 2042 1518 2082 quia
1542 2042 1603 2082 (ut
1621 2040 1720 2082 Gajus
1742 2042 1864 2081 subjicit
1883 2041 1902 2072 Ζ.
1922 2051 1953 2073 2.

1092 2083 1134 2114 D.
1164 2084 1222 2114 eod.
1248 2082 1320 2122 tit.)
1351 2082 1426 2113 licet
1462 2081 1638 2123 specialiter
1665 2093 1731 2114 non
1760 2083 1954 2114 interveniat

1091 2124 1239 2163 traditio,
1253 2132 1357 2154 tamen
1377 2124 1471 2154 tacita
1489 2124 1683 2155 intervenire
1698 2125 1857 2155 creditur:
1873 2133 1953 2163 nec,

1092 2166 1227 2205 opinor,
1262 2167 1411 2204 cuiquam
1426 2165 1530 2196 bacin
1549 2164 1653 2205 specie
1671 2164 1716 2196 est
1738 2173 1791 2196 aut
1808 2165 1953 2196 traditio-

1093 2208 1140 2238 nis
1158 2206 1289 2238 obscura
1313 2205 1399 2236 fictio
1416 2228 1425 2244 ,
1458 2215 1511 2237 aut
1533 2206 1729 2246 posseffionis
1744 2206 1955 2238 constitutio:

1093 2258 1165 2280 nam
1187 2248 1240 2287 qui
1257 2246 1409 2278 hactenus
1424 2246 1479 2278 fibi
1501 2257 1550 2279 res
1566 2246 1631 2279 suas
1650 2248 1752 2279 tenuit
1766 2248 1835 2288 jure
1852 2247 1956 2279 domi·

1094 2290 1161 2327 nii,
1184 2289 1210 2319 is
1232 2297 1316 2319 nunc
1338 2287 1503 2319 constituit
1517 2311 1528 2327 ,
1556 2298 1608 2320 eas
1632 2289 1790 2329 posfidere
1807 2299 1848 2320 ex
1865 2287 1956 2319 causa

1094 2329 1273 2368 societatis,
1298 2338 1362 2360 non
1380 2337 1500 2361 tanturn
1525 2329 1598 2369 fibi,
1620 2329 1673 2362 sed
1697 2330 1727 2361 &
1747 2330 1808 2361 alii.
1854 2329 1957 2372 Quod

1094 2372 1115 2404 fi
1134 2371 1196 2403 est:
1220 2371 1273 2401 vix
1289 2380 1388 2401 cerno
1402 2394 1411 2409 ,
1428 2372 1481 2411 qui
1498 2369 1534 2402 fit
1550 2371 1715 2411 quaestioni
1732 2371 1811 2403 Viro
1822 2370 1956 2409 Doet03

1094 2423 1131 2444 an
1148 2423 1208 2454 per
1223 2411 1506 2450 constitutionem,
1530 2414 1626 2444 etiam
1649 2412 1777 2444 absente
1792 2422 1826 2444 re
1839 2435 1849 2450 ‚
1873 2411 1904 2442 in
1927 2421 1958 2442 a-

1095 2456 1171 2486 lium
1190 2452 1392 2485 transferatur
1410 2452 1573 2493 poffeffio:
1604 2453 1658 2485 nisi
1681 2454 1706 2484 is
1734 2453 1811 2484 velit
1833 2453 1957 2484 dubita-

1095 2506 1150 2535 re;
1172 2504 1246 2526 num
1267 2494 1297 2525 in
1317 2493 1470 2526 societate
1487 2496 1630 2526 omnium
1658 2494 1817 2526 bonorum
1843 2503 1956 2526 omnes

1095 2546 1145 2569 res
1163 2545 1233 2576 quae
1258 2537 1446 2567 coeuntium
1468 2535 1538 2567 sunt
1555 2559 1565 2574 ,
1596 2537 1752 2567 continuo
1777 2535 1956 2567 communi-

1097 2586 1211 2609 centur
1226 2587 1235 2616 3
1259 2585 1331 2614 aut,
1356 2577 1443 2617 quod
1460 2586 1477 2607 a
1497 2586 1576 2608 vero
1593 2577 1638 2608 est
1654 2577 1809 2608 remotius
1827 2600 1837 2615 ,
1861 2577 1957 2608 etiarn

1096 2621 1128 2651 iu
1148 2619 1243 2650 tacita
1263 2627 1366 2649 rerum
1384 2618 1527 2649 omnium
1551 2618 1739 2657 traditione,
1771 2627 1841 2657 quae
1855 2616 1959 2648 infini-

1098 2669 1137 2692 tae
1156 2659 1236 2701 saepe
1251 2668 1288 2690 ac
1306 2659 1414 2690 diffitae
1436 2658 1525 2698 sunt,
1551 2667 1705 2700 praeterea
1724 2659 1815 2691 aliam
1830 2658 1884 2690 sibi
1900 2656 1958 2689 fin·

1096 2709 1150 2743 gat
1173 2699 1370 2742 praesentiam
1387 2723 1396 2739 ,
1429 2709 1524 2740 quam
1553 2709 1614 2741 qua
1637 2710 1686 2732 res
1713 2699 1768 2731 sub
1791 2700 1957 2738 utriusque

1097 2742 1271 2774 custodiam
1296 2742 1405 2780 cadat,
1430 2749 1568 2781 utroque
1593 2741 1680 2773 socio
1702 2749 1819 2772 mutuae
1840 2740 1958 2781 posses-

1098 2784 1177 2816 sioni
1193 2792 1324 2823 operam
1347 2783 1442 2814 dante
1458 2806 1467 2821 ,
1491 2783 1523 2814 id
1539 2782 1584 2814 est
1596 2806 1605 2821 ‚
1637 2782 1792 2814 existente
1814 2782 1878 2812 hoc
1893 2781 1958 2812 ani-

1099 2835 1153 2857 mo
1174 2848 1184 2864 ,
1215 2832 1249 2856 ut
1272 2834 1337 2855 non
1364 2823 1431 2856 suas
1452 2824 1587 2865 quisque
1609 2833 1659 2855 res
1685 2823 1819 2861 habeat,
1850 2822 1902 2854 sed
1923 2830 1958 2853 ut

1099 2866 1194 2898 ambo
1220 2866 1364 2897 eamdem
1391 2875 1457 2897 rem
1483 2866 1549 2906 pari
1570 2865 1639 2905 jure
1664 2865 1851 2905 poffideant.
1896 2862 1959 2894 Ve-

1099 2917 1167 2939 rum
1187 2916 1252 2938 non
1277 2907 1407 2947 dignum
1424 2906 1469 2939 est
1485 2929 1496 2946 ,
1526 2907 1555 2938 ei
1578 2907 1632 2948 qui
1656 2906 1720 2938 hoc
1742 2905 1875 2945 dixerit,
1907 2913 1956 2936 re-

1097 2948 1246 2990 sponderi
1268 2948 1371 2980 latius.

881 3077 1098 3112 CAPUT
1149 3077 1278 3114 V11.

203 3180 376 3218 culturam
400 3181 441 3222 ἐξ
466 3195 583 3220 curam
608 3184 686 3220 idem
709 3183 812 3219 valere
829 3185 862 3218 in
879 3190 907 3225 §.
926 3192 982 3227 35.
1006 3183 1086 3232 Inst.

1103 3185 1138 3219 de
1155 3196 1256 3220 rerum
1279 3181 1446 3228 divisione,
1471 3181 1617 3229 adversus
1641 3177 1819 3225 Accurstum
1842 3175 1883 3218 &⁹
1900 3179 1958 3234 (Ju-

1901 3238 1956 3274 μ’
