2036 3495
336 71 401 108 An
428 40 518 107 Lis.
548 69 694 107 XXVII.
724 68 822 106 T1r.
853 68 952 106 viii.

64 168 168 192 torem
197 161 280 193 aelio
311 160 434 201 pupillo
466 161 531 192 dari
562 159 729 191 deberet?
758 159 822 200 ipse
854 167 933 190 vero

64 201 253 241 respondit,
284 204 402 242 oequius
433 202 521 240 esse,
551 203 581 232 in
614 201 746 231 alterurn
792 208 935 232 tutorem

66 244 156 282 dari,
192 252 285 283 quarn
322 245 352 275 in
393 243 632 284 Magistratuni:
670 241 810 273 debuisse
846 242 934 273 enim

64 294 162 324 eum,
194 294 265 315 cum
300 283 417 322 sciret,
456 284 577 326 pupillo
600 290 729 314 cautum
754 292 818 314 non
850 281 932 321 esse,

63 324 203 358 universa
226 326 355 367 negotia
378 334 496 356 curare.
529 325 558 355 &
580 323 610 354 in
635 333 670 354 ea
695 330 802 363 parte,
837 332 932 363 quam

63 368 152 399 alteri
186 370 282 397 tutori
314 365 536 403 commisisset,
572 364 702 396 similem
733 363 795 395 ess‘e
819 365 846 395 ei
879 364 931 404 qui

63 409 101 440 ad
138 407 439 439 administrationem
478 407 685 446 quorumdam
725 407 929 446 negotiorum

63 450 172 490 pupilli
205 459 267 480 non
298 447 475 480 accessisset.
504 456 576 477 nam
609 447 664 478 etsi
694 446 828 487 aliquam
859 455 927 486 pai·-

62 499 127 523 tem
153 492 354 531 negotiorum
379 488 487 528 pupilli
513 488 796 526 administraverit,
828 487 928 521 teneri

61 533 156 563 etiam
179 534 222 563 ob
244 541 317 572 rem·
332 538 425 571 quam
443 538 507 561 non
526 529 634 571 gessit,
659 538 731 561 cum
747 538 858 570 gerere
877 529 930 560 de·

62 573 286 650 δεΙΓιῗῑῑέΙῙεεξὶ.-ο,
316 611 366 643 cui
396 611 488 643 detur
512 611 686 643 subsidiaria
718 620 734 641 a
756 610 875 642 Senatu
898 619 928 641 a-

61 655 151 688 etio:
176 656 308 693 primum
333 653 377 685 est
400 653 497 692 scire,
520 653 663 685 adversus
694 661 788 691 quern
821 652 925 683 detur.

59 696 119 728 fuit
148 699 253 727 autem
283 694 410 726 Senatui
441 694 629 733 consilium,
666 702 733 725 eam
765 693 839 724 dare
875 692 928 724 ad-

60 736 165 768 versus
196 736 436 778 Magistratum:
466 736 520 776 qui
554 744 626 767 cum
653 742 793 766 tutorem
818 736 927 772 daret,

59 787 124 810 non
148 779 256 818 exegit
286 777 545 816 satisdationem,
575 785 641 808 rem
672 776 782 816 pupilli
813 775 928 807 salvam

58 818 153 858 fore,
175 826 227 849 aut
249 819 355 859 exegit
378 818 532 859 aliquam,
556 816 606 849 sed
630 826 694 849 non
718 818 879 848 idoneam.
903 818 927 847 is

59 864 139 892 vero
160 859 362 900 Magistratus
384 859 429 891 est
463 859 669 900 municipalis.
714 858 837 890 Praetor
861 867 926 888 cer-

62 909 95 933 te
123 909 178 932 aut
200 901 269 941 quis
301 900 378 932 alius
401 901 450 932 cui
482 901 594 932 tutoris
617 900 708 932 dandi
738 899 785 939 jus
807 898 870 938 est,
895 898 928 930 id

61 942 125 982 cst,
159 943 208 973 cui
232 941 353 973 directo
377 941 490 977 tutoris
513 942 603 973 dandi
624 942 672 982 jus
696 940 759 978 est,
793 939 813 970 si
843 947 927 971 tuto-

61 993 129 1016 rem
153 983 258 1021 dedit,
283 983 343 1014 hac
371 982 495 1014 actione
518 993 581 1014 non
612 982 772 1014 tenebitur
801 981 819 1011 l.
847 990 872 1012 1.
896 981 926 1022 §.

64 1035 91 1057 1.
116 1023 155 1055 D.
178 1025 205 1055 b.
227 1030 249 1055 t.
271 1024 300 1065 §.
323 1024 376 1055 alt.
401 1022 473 1064 lusi.
495 1025 528 1055 de
541 1024 646 1063 satisd.
672 1029 759 1054 tutor.
782 1021 854 1063 quia
878 1029 926 1053 tu-

62 1075 167 1097 torem
196 1064 248 1096 suo
268 1067 336 1105 jure
359 1065 412 1097 dat
433 1073 472 1097 ex
502 1065 725 1105 inquisitione:
754 1072 791 1094 ac
814 1085 824 1101 ,
853 1071 927 1094 cum

62 1108 126 1147 eius
149 1106 227 1138 fides
247 1107 340 1137 cedat
362 1115 420 1147 pro
442 1107 569 1138 vinculo
594 1105 800 1137 satisdationis
816 1125 826 1142 ,
858 1104 927 1135 ido-

63 1157 157 1180 neum
189 1147 305 1179 dedisse
335 1148 485 1180 videtur:
515 1148 604 1180 datus
639 1155 716 1178 vero
752 1145 923 1178 satisdatio-

64 1200 105 1222 ne
135 1198 198 1220 non
231 1195 378 1221 oneratur
399 1195 444 1230 pr.
476 1186 546 1229 Infl.
568 1190 594 1219 d.
617 1194 639 1219 t.
682 1187 802 1219 Contra
825 1185 869 1217 est
893 1187 925 1218 iti

63 1230 248 1271 Magistratu
282 1230 481 1270 municipali:
510 1239 580 1261 nam
610 1229 662 1260 hic
692 1236 831 1260 tutorem
855 1228 925 1264 dat,

65 1281 130 1304 non
153 1271 272 1302 directo
288 1293 298 1310 ,
321 1270 372 1303 sed
395 1273 520 1303 demum
543 1273 560 1303 a
584 1270 725 1301 Praetore
750 1269 844 1310 Juffiis
861 1291 871 1307 ,
896 1270 926 1299 ot

65 1312 145 1344 solet
167 1313 346 1344 cautionem
375 1312 502 1352 exigere
524 1312 553 1353 §.
576 1312 629 1343 ult.
654 1310 725 1350 Irzfl.
749 1312 778 1342 d.
800 1316 823 1340 t.
855 1311 927 1349 quia

66 1361 205 1386 tutorem
241 1354 294 1383 dat
324 1353 386 1384 sine
415 1353 624 1392 inquisitione.
666 1352 770 1383 Datur
794 1352 889 1391 igitur
911 1360 927 1381 a

64 1394 179 1426 Senatu
209 1392 381 1425 subsidiaria
416 1394 498 1425 actio
527 1392 672 1426 adversus
703 1393 927 1432 municipalem

63 1434 281 1476 Magistratum
305 1435 359 1475 qui
382 1442 521 1466 tutorem
546 1435 651 1472 dedit,
674 1443 728 1465 aut
758 1443 821 1464 non
856 1442 929 1464 exa-

64 1476 113 1508 &a
137 1476 363 1513 satisdatione,
401 1484 454 1506 aut
484 1485 548 1507 non
573 1477 697 1507 idonea.
740 1474 816 1506 Inde
843 1483 928 1514 quae-

63 1518 153 1549 situm
176 1516 255 1554 fuit,
280 1516 354 1556 quid
374 1516 449 1556 juris
471 1515 525 1554 sit3
557 1516 577 1548 fi
607 1515 661 1547 Ma
686 1515 807 1547 istratus
830 1516 929 1547 inuni-

63 1557 174 1598 cipalis
196 1566 260 1588 non
284 1557 372 1588 dedit
396 1564 555 1595 tutorem,
585 1556 636 1588 sed
693 1556 781 1588 raeses
804 1557 929 1596 provin-

66 1600 125 1630 cia:
161 1606 233 1628 eum
276 1596 493 1638 Magistratuin
529 1606 650 1629 tantum
681 1598 784 1630 voluit
820 1598 860 1628 de
882 1597 927 1628 fa-

66 1638 238 1671 cultatibus
267 1645 408 1670 tutorum
431 1639 640 1675 denunciare,
669 1648 703 1670 ut
725 1637 790 1679 ipse
812 1638 927 1671 daret?

66 1681 174 1720 potuit
196 1679 346 1711 dubitari:
370 1680 400 1711 ὅ(
422 1681 594 1712 commode
626 1679 778 1721 Ulpianus
801 1681 829 1710 d.
853 1679 873 1712 i.
901 1688 927 1710 1.

64 1722 94 1764 §.
123 1729 151 1754 2.
182 1721 251 1759 ait,
283 1728 392 1753 extare
420 1721 464 1753 D.
494 1721 598 1754 Marci
633 1721 830 1761 Rescriptum
861 1729 926 1767 quo

64 1763 194 1802 voluit,
218 1771 276 1793 eos
299 1763 352 1804 qui
375 1762 496 1795 Praesidi
519 1763 723 1800 renunciant,
746 1771 809 1793 non
824 1769 941 1803 perin--v

64 1805 105 1838 de
128 1803 248 1842 teneri,
271 1811 367 1845 atque
389 1803 410 1836 si
432 1803 486 1845 ipsi
510 1804 685 1837 dedissent:
714 1802 768 1835 nifi
789 1802 810 1834 fi
834 1804 927 1834 dece-

62 1852 181 1886 perunt
203 1845 394 1884 Praemrem,
412 1846 510 1887 gratia
531 1845 618 1878 forte
639 1852 692 1878 aut
713 1844 848 1886 pecunia
868 1843 926 1876 fal-

61 1887 93 1919 sa
115 1887 346 1918 renunciantes.
370 1887 464 1927 plane
485 1888 570 1920 addit
593 1886 745 1928 Ulpianus
761 1909 770 1926 ,
791 1885 822 1919 ,fi
849 1885 929 1918 Prae-

62 1929 110 1960 ses
142 1928 314 1967 provinciae
346 1927 416 1960 satis
445 1938 501 1960 eos
539 1930 666 1969 exigere
695 1929 806 1968 juffit3
843 1935 927 1959 tene-

62 1970 89 2002 ri
113 1978 190 2007 eos,
213 1969 332 2001 etiamsi
356 1969 468 2002 Praeses
491 1970 625 2002 dederit.
666 1969 785 2001 Similia
814 1977 928 2001 occur·

60 2018 135 2042 runt
158 2010 188 2041 in
211 2009 240 2052 §.
264 2020 293 2050 3.
318 2010 354 2045 ἔσθ
375 2021 404 2049 5.
426 2012 452 2042 d.
483 2011 502 2042 l.
530 2020 555 2042 1.
583 2020 653 2051 quae
682 2020 747 2043 non
770 2010 901 2042 excutio
917 2032 928 2048 ‚

61 2052 135 2092 quia
159 2061 200 2082 ex
229 2050 440 2092 superioribus
469 2052 564 2084 facile
592 2053 819 2093 intelliguntur.
868 2050 927 2082 Po-

59 2094 122 2124 tius
146 2093 270 2131 dicam,
300 2094 386 2133 quod
410 2095 479 2134 plus
502 2093 648 2126 observat
670 2094 824 2134 Ulpianus
845 2091 874 2134 §.
895 2095 925 2124 6.

59 2133 296 2173 Magistratibus
326 2135 420 2166 etiam
452 2135 628 2175 imputari,
662 2135 683 2167 fi
715 2135 847 2166 omnino
877 2134 928 2165 da-

64 2182 115 2206 tus
138 2184 201 2206 non
225 2173 261 2206 sin
284 2182 370 2207 tutor
393 2176 443 2207 vel
467 2184 612 2208 cui-ator:
637 2176 690 2208 sed
712 2177 757 2207 ita
778 2176 927 2213 demum,

60 2215 82 2249 fi
105 2216 217 2247 moniti
240 2225 305 2247 non
329 2217 490 2248 dederint:
521 2226 582 2248 nee
604 2217 739 2258 ambigi,
777 2217 853 2256 quin
875 2217 928 2248 da-

60 2266 170 2290 mnum
200 2257 287 2297 quod
316 2257 496 2296 impuberes
532 2258 584 2290 vel
619 2258 835 2291 adulescentes
864 2266 929 2289 me-

62 2299 117 2330 dio
142 2305 288 2338 tempore
313 2299 385 2338 paffi
410 2298 498 2337 sunt,
527 2300 567 2331 ad
588 2309 645 2331 eos
674 2300 832 2340 pertineat
858 2298 928 2330 Ma-

59 2338 227 2380 gistratus,
268 2340 322 2377 qui
359 2349 489 2371 munere
523 2342 673 2372 mandato
718 2349 782 2372 non
819 2349 928 2381 parue-

61 2388 146 2412 runt.
188 2380 339 2412 Similiter
369 2380 529 2413 sciendum
561 2381 623 2413 effe
654 2383 697 2413 ait
726 2382 877 2422 Ulpianus
898 2381 928 2422 §-

63 2430 91 2461 7.
122 2421 143 2453 si
174 2420 232 2452 Ma
258 2420 378 2453 istratus
413 2423 619 2463 municipales
660 2425 732 2455 data
755 2432 852 2463 opera
883 2430 929 2453 tu-

64 2461 157 2492 telam
196 2463 225 2493 di
257 2463 373 2494 ulerint
404 2464 434 2495 in
464 2463 654 2496 successores
690 2464 785 2503 suOS,
823 2464 873 2496 vel
907 2462 929 2494 fi

64 2501 293 2535 satisdationem
318 2505 390 2535 data
413 2514 511 2544 opera
535 2507 707 2543 traxerint,
735 2505 841 2545 quoad
864 2504 929 2536 suc-

64 2541 199 2588 cessores
220 2545 393 2584 accipiant,
424 2545 503 2578 nihil
534 2547 579 2578 eis
609 2546 762 2586 prodesse.
807 2545 930 2577 Postre-

66 2592 120 2614 mo
151 2590 193 2614 ait
222 2585 369 2629 Ulpianus
401 2586 429 2628 §.
459 2591 486 2620 8.
518 2586 560 2619 D.
590 2588 785 2620 Hadrianum
823 2588 929 2619 rescri-

65 2623 153 2664 psisse
171 2646 181 2662 ‚
210 2631 304 2655 etiam
326 2629 357 2657 in
379 2637 451 2659 eum
483 2629 535 2668 qui
566 2630 685 2661 electus
717 2628 761 2660 cst
789 2629 828 2660 ad
852 2629 930 2660 aesti-

64 2666 192 2738 gnandas
227 2671 369 2698 tutorum
407 2667 624 2702 satisdationes
660 2670 820 2702 actionem
852 2672 927 2703 dan-

86 2716 146 2738 am.

103 2747 146 2778 At
176 2747 352 2779 subsidiaria
380 2749 462 2781 aCtio
490 2750 568 2783 sicut
595 2751 741 2784 adversus
764 2751 928 2793 Magistra·

65 2795 152 2825 tum,
175 2787 216 2819 sic
238 2788 384 2822 adversus
406 2791 538 2824 heredes
568 2803 699 2834 quoque
730 2794 795 2833 ejus
824 2797 937 2825 datur:

65 2838 253 2870 quamquam
283 2839 349 2862 non
383 2833 497 2865 eodem
529 2835 621 2875 plane
652 2835 751 2866 modo
787 2844 852 2876 quo
874 2835 929 2875 ipfi

66 2878 224 2902 tenentur.
255 2879 326 2902 nam
358 2880 420 2904 nec
450 2873 540 2906 heres
568 2877 700 2913 tutoriS‚
732 2883 766 2907 ut
795 2876 858 2917 ipse
883 2885 929 2908 tu·

65 2919 144 2951 tor,
171 2919 307 2957 tenetur.
346 2920 433 2945 tutor
462 2916 544 2947 enim
575 2919 615 2949 de
646 2918 744 2955 dolo,
782 2918 812 2949 ὅ(
836 2917 928 2958 culpa

62 2953 127 2984 lata
156 2961 193 2983 ac
214 2953 276 2999 levi
302 2960 443 2987 tenetur:
472 2964 503 2987 at
534 2958 624 2991 lieres
655 2960 769 2990 tutoris
792 2968 857 2991 non
882 2968 927 2990 te*

63 3002 158 3027 netur
188 2995 389 3035 negligentiae
416 2998 563 3038 nomine,
598 3001 630 3031 id
653 3000 717 3039 est,
753 3001 929 3041 cujuscum-

63 3036 381 3082 que-negligenti&
411 3037 474 3070 sive
504 3048 568 3072 non
599 3042 677 3072 levis
707 3042 930 3082 negligentiae‚

61 3085 200 3122 nornine.
232 3077 369 3109 similiter
398 3078 536 3111 succedit
564 3083 694 3121 quidem
726 3082 931 3123 Magistratus

65 3126 97 3149 in
120 3127 216 3148 omne
239 3119 413 3157 periculum
437 3122 524 3160 quod
546 3121 627 3154 subit
651 3131 757 3156 tutor:
792 3124 844 3156 sed
876 3125 929 3155 he-

64 3167 115 3190 res
138 3158 228 3198 ipsius
253 3160 330 3193 dolo
352 3161 507 3202 proximae
530 3164 631 3206 culpae
652 3163 863 3200 succedaneus
885 3165 940 3199 est·

105 3196 182 3232 Tom.
205 3200 250 3232 ΙΙ.

980 68 1029 104 D‘e
1054 67 1298 116 tli'cigissizitibiis
1322 75 1541 110 conveniendis.
1775 91 1844 127 45÷

976 158 995 188 l.
1018 167 1047 195 4.
1072 157 1115 203 1).
1137 158 1164 188 b.
1188 163 1210 189 t.
1240 167 1282 206 ita
1300 162 1399 232 [quod
1431 164 1470 195 ad
1501 164 1653 196 heredem
1684 166 1849 208 Magistra*

977 206 1025 229 tus
1057 207 1195 244 attinet,
1225 209 1267 244 ait
1334 204 1455 243 lpianus
1480 205 1504 237 Ἰ.
1527 210 1556 237 6.
1582 203 1623 236 D.
1647 206 1674 237 h.
1691 213 1719 238 ἰ.
1759 219 1848 242 exia-

975 249 1010 271 re
1034 237 1076 286 D.
1109 239 1153 285 [ξι]
1186 240 1384 282 Rescriptum
1407 268 1416 284 ,
1449 247 1537 278 causa
1568 248 1698 287 cognita
1729 249 1848 282 debere

974 281 1040 312 dari
1067 280 1253 327 actionem:
1284 283 1314 315 tit
1338 294 1411 327 cum
1440 289 1535 327 quaeri
1561 288 1684 328 posset,
1718 291 1792 329 quid
1816 294 1846 323 in

975 320 1074 352 causae
1104 329 1291 362 cognitione
1317 326 1476 367 versetur3
1505 329 1626 369 subjicit
1644 353 1654 369 ,
1687 329 1850 372 Magistra-

975 370 1062 409 tnm,
1084 361 1105 393 fi
1129 370 1214 394 tanta
1233 362 1304 409 ,fuit
1331 367 1397 406 ejus
1421 369 1635 411 negligentia,
1659 380 1692 402 ut
1715 381 1846 406 omnem

973 411 1155 450 cautionem
1174 413 1341 449 omitteret
1356 430 1366 446 ,
1390 417 1514 448 aequum
1537 411 1617 450 esse,
1641 412 1747 445 haberi
1772 423 1846 446 eum

972 443 1049 475 loco
1073 443 1277 490 fidejussoris,
1308 455 1342 478 ut
1367 450 1395 480 ἃ
1426 450 1518 482 heres
1542 453 1605 492 ejus
1632 461 1800 486 teneatur:
1825 455 1846 487 fi

972 494 1050 516 vero
1073 493 1176 525 caVit,
1208 486 1237 517 ὅ(
1263 496 1339 519 tunc
1364 490 1471 523 idonei
1498 492 1651 533 fuerunt,
1682 496 1711 527 &
1737 497 1846 536 postca

971 525 1128 557 desierunt
1150 549 1159 565 ,
1197 528 1274 559 sicut
1306 529 1382 573 [δι]
1413 533 1477 572 ipse
1507 533 1706 576 Magistratus
1744 540 1846 577 probe

971 566 1130 613 recusaret
1159 568 1240 599 hanc
1260 570 1437 612 amonem,
1461 582 1503 605 ita
1527 576 1554 606 ὅ(
1591 576 1845 611 licredcmiriul·

972 616 1006 639 to
1032 607 1151 648 justius,
1195 608 1374 644 Novislime
1400 616 1469 653 ait,
1500 626 1563 647 non
1588 619 1661 649 alias
1690 622 1719 649 in
1753 619 1843 652 liere-

972 650 1044 681 dem
1069 651 1201 696 dandam
1226 653 1307 683 nanc
1330 655 1510 695 actionem,
1541 667 1632 697 quain
1663 660 1682 689 si
1714 663 1843 694 eviden-

972 698 1020 722 ter
1043 689 1246 732 Magistratus
1278 701 1350 727 cum
1381 698 1484 729 minus
1507 699 1632 731 idoneis
1663 700 1843 742 fidejussori-

971 732 1029 763 bus
1047 733 1251 765 contrahunt.

1013 772 1210 819 *Incidit-hic
1241 776 1269 806 δι
1300 778 1351 809 illa
1380 779 1549 820 inspectio:
1579 782 1598 814 si
1627 782 1844 816 filiusfamilias

971 813 1280 862 fuit-Magistratus,
1316 820 1344 850 c&
1375 823 1480 853 caveri
1513 824 1634 864 pupillo
1665 835 1730 856 non
1754 835 1844 857 cura-

973 862 1076 903 verit,
1100 864 1154 886 aut
1186 866 1250 889 non
1274 860 1394 904 idonee
1422 868 1550 895 cautum
1581 865 1617 896 sit
1639 867 1730 906 culpa
1755 868 1843 908 ejus:

975 905 1018 942 an⁴
1043 896 1072 927 ot
1095 906 1250 944 quatenus
1273 909 1303 930 in
1327 910 1447 942 patrem
1472 905 1536 945 ejus
1560 907 1641 938 actio
1673 909 1774 940 danda
1797 907 1842 940 sit.

969 937 1108 969 Primum
1132 947 1176 969 ait
1209 941 1381 986 Ulpianus,
1405 943 1560 983 julianum
1588 947 1736 988 sequutus
1767 949 1785 980 l.
1815 959 1842 982 1.

969 978 997 1020 §.
1022 979 1077 1024 alt.
1100 978 1140 1010 D.
1164 981 1192 1010 h.
1219 987 1238 1015 t.
1266 991 1296 1013 in
1327 993 1448 1024 patrem
1475 988 1608 1020 dandam
1640 990 1680 1021 de
1712 991 1841 1030 peculio

969 1019 1144 1051 actionem:
1167 1021 1230 1053 five
1254 1024 1419 1057 voluntate
1442 1028 1507 1067 ejus
1531 1028 1610 1061 filius
1636 1030 1779 1063 Decurio
1796 1032 1845 1063 fa·

971 1061 1037 1092 &us
1060 1060 1113 1099 sit,
1138 1061 1200 1094 sive
1223 1073 1296 1110 non.
1341 1065 1467 1100 Deinde
1492 1070 1571 1101 hanc
1604 1071 1727 1111 subjicit
1751 1074 1845 1105 ratio-

969 1111 1059 1147 nem:
1080 1102 1180 1149 bam.
1198 1105 1227 1140 ἃ
1251 1106 1270 1136 li
1301 1109 1467 1141 voluntate
1498 1112 1593 1152 patris
1624 1113 1843 1154 Magistraturn

969 1143 1214 1184 administraint,
1238 1155 1376 1181 attamen
1400 1160 1464 1182 non
1490 1161 1641 1191 oportere
1658 1164 1778 1195 patrem
1798 1158 1844 1188 ul-

971 1192 1017 1230 tra
1042 1193 1134 1224 quam
1160 1187 1199 1217 de
1223 1190 1351 1227 peculio
1382 1195 1565 1225 conveniri:
1602 1196 1684 1235 quali
1715 1207 1843 1238 rempu-

970 1226 1086 1256 blicam
1109 1226 1221 1274 salvam
1244 1228 1338 1262 solam
1355 1231 1426 1263 fore
1451 1236 1617 1273 promittat
1640 1238 1693 1276 qui
1716 1239 1769 1269 dat
1786 1249 1843 1270 vo-

971 1267 1145 1313 luntatem,
1168 1276 1200 1300 ut
1224 1278 1257 1301 ut
1280 1270 1362 1305 filius
1380 1272 1523 1306 Decurio
1542 1275 1603 1308 fiat.
1648 1278 1700 1309 Sic
1716 1279 1768 1311 hic
1787 1279 1843 1312 Ul-

974 1317 1100 1355 piarius:
1130 1319 1172 1355 ln,
1193 1319 1331 1356 eumque
1362 1314 1480 1347 sensum
1504 1318 1599 1349 etiam
1623 1328 1663 1351 ex
1688 1319 1843 1354 sententia

970 1350 1135 1389 Papiniani
1159 1351 1231 1383 alibi
1263 1353 1424 1395 respondit
1451 1356 1470 1387 l.
1495 1368 1514 1399 3
1548 1359 1576 1400 §.
1602 1360 1656 1390 ult.
1680 1360 1722 1392 D.
1744 1364 1777 1393 de
1795 1371 1843 1404 ρε-

971 1392 1028 1437 cul.
1075 1389 1188 1423 Obstat
1212 1401 1316 1427 tamen
1339 1397 1367 1440 l,
1388 1405 1412 1428 1.
1439 1397 1471 1429 C.
1497 1399 1583 1442 Quod
1605 1410 1670 1431 cum
1692 1411 1720 1432 eo
1743 1408 1794 1444 qm*
1809 1407 1842 1436 in

971 1432 1178 1513 clzlzenblpsqieft.
1220 1435 1282 1468 Sed
1305 1438 1379 1469 huic
1403 1443 1544 1472 occurrit
1568 1440 1609 1472 D.
1626 1441 1773 1483 Cujacius
1794 1445 1842 1478 lib.

992 1483 1040 1519 3..
1081 1516 1085 1520 .
1105 1484 1166 1520 arv.
1191 1485 1214 1506 c.
1236 1486 1286 1517 34.

1011 1513 1126 1548 Similis
1157 1517 1247 1549 labor
1277 1519 1340 1559 est,
1370 1529 1407 1552 an
1440 1521 1469 1554 in
1494 1521 1650 1556 Ordinem
1683 1525 1846 1560 Decurio-

971 1564 1045 1587 num
1075 1557 1176 1588 danda
1212 1558 1247 1606 sit
1270 1560 1447 1594 subsidiaria
1477 1564 1569 1596 astio.
1612 1565 1655 1597 Et
1687 1566 1841 1609 Ulpianus

970 1597 994 1643 l..
1018 1606 1042 1628 1.
1068 1597 1111 1643 D.
1135 1599 1162 1630 h.
1189 1604 1210 1631 t.
1236 1609 1279 1633 ita
1302 1603 1425 1635 scribit:
1459 1604 1493 1636 In
1519 1606 1672 1639 Ordinem
1698 1609 1843 1643 subsidia-

970 1646 1014 1684 ria
1037 1638 1120 1686 aftio
1143 1649 1208 1672 non
1231 1642 1376 1684 dabitur,
1408 1644 1460 1677 sed
1482 1647 1512 1678 in
1536 1648 1748 1688 Magistratus.
1791 1653 1842 1686 An

969 1689 1002 1710 in
1030 1680 1224 1726 fidejussores
1257 1695 1368 1718 eorum
1400 1687 1620 1721 dabitur3Et
1653 1690 1718 1723 hoc
1746 1701 1844 1735 negat

969 1719 1125 1761 Ulpianus
1148 1724 1175 1754 d.
1197 1724 1215 1754 l.
1236 1726 1386 1766 praefatus
1401 1751 1411 1768 ‚
1443 1731 1530 1770 quod
1553 1729 1586 1762 hi
1609 1733 1844 1774 rempublicam

969 1761 1084 1794 salvam
1118 1763 1437 1811 forespromittunt,
1477 1779 1541 1803 non
1565 1773 1687 1812 pupilli.
1731 1775 1846 1810 Proin·

969 1803 1009 1834 de
1030 1803 1099 1844 (sic
1116 1809 1248 1852 per-it)
1272 1819 1333 1841 nec
1355 1812 1574 1845 nominatores
1598 1814 1846 1856 Magistratuum

970 1853 1010 1875 ex
1032 1845 1091 1877 hac
1113 1856 1169 1894 cau
1186 1857 1202 1879 a
1224 1852 1440 1892 tenebuntur,
1463 1853 1516 1886 sed
1538 1853 1592 1886 soli
1617 1854 1852 1898 Magistratusae

970 1893 1069 1933 puto,
1099 1897 1173 1928 quia
1203 1891 1244 1922 de
1272 1892 1320 1925 his
1349 1892 1422 1925 solis
1451 1894 1579 1928 locutus
1610 1894 1673 1928 fuit
1696 1897 1843 1934 Senatus.

971 1927 1078 1969 Quid,
1104 1929 1125 1961 si
1149 1929 1242 1977 Ordo
1265 1935 1426 1975 receperit
1448 1936 1478 1968 in
1502 1936 1532 1969 se
1555 1938 1759 1978 periculum?
1784 1941 1859 1974 hic.

969 1971 1076 2009 piacet
1097 1969 1258 2012 Ulpiano,
1291 1984 1418 2017 aequum
1439 1977 1527 2016 esse,
1567 1980 1668 2012 teneri
1698 1991 1754 2014 eos
1787 1984 1845 2024 qui

969 2009 1137 2050 praesentes
1159 2013 1306 2060 suerunt:
1329 2027 1390 2059 qua
1413 2019 1563 2052 ratione?
1591 2021 1662 2061 quia
1684 2024 1770 2064 parvi
1793 2034 1844 2057 re-

970 2050 1053 2098 fert,
1082 2059 1318 2090 nominaverint
1347 2059 1399 2091 vel
1427 2059 1650 2102 fidejufferint,
1682 2073 1720 2096 an
1752 2065 1782 2097 in
1811 2066 1844 2098 se

970 2094 1146 2138 periculum
1170 2102 1360 2138 receperint.
1406 2101 1460 2133 Ait
1482 2111 1580 2144 ergo,
1602 2104 1713 2137 utilem
1737 2106 1766 2138 in
1784 2116 1844 2140 eos

969 2133 1127 2168 astionem
1150 2146 1349 2180 competere.
1388 2151 1540 2176 caeterum
1563 2143 1583 2175 ss
1607 2154 1623 2175 a
1646 2144 1844 2187 Magistrati·

968 2175 1136 2248 Effifittmor
1159 2180 1249 2213 datus
1269 2180 1307 2214 fit
1324 2205 1336 2223 ,
1366 2192 1433 2216 non
1464 2186 1565 2217 videri
1595 2194 1651 2226 per
1681 2186 1840 2224 Ordinem

1054 2227 1117 2251 um.

1010 2257 1177 2308 Reliquum
1200 2264 1264 2303 est,
1287 2272 1323 2297 ut
1345 2267 1532 2306 tractemus,
1557 2270 1633 2308 quid
1657 2278 1745 2312 petat
1770 2271 1841 2304 sub-

968 2297 1086 2332 sidiaria
1108 2304 1217 2337 aetio?
1252 2305 1295 2338 Et
1325 2317 1397 2339 cum
1427 2309 1544 2341 dictum
1570 2309 1605 2342 sit
1634 2312 1665 2343 in
1695 2321 1842 2346 anteces-

969 2340 1061 2389 sum,
1097 2353 1167 2378 eam
1197 2355 1385 2389 competere
1414 2351 1566 2392 exemplo
1596 2352 1729 2385 aetionis
1760 2363 1843 2388 tute·

972 2383 1011 2428 ize
1032 2384 1178 2426 direetae,
1215 2388 1244 2419 &
1273 2398 1308 2420 re
1337 2397 1412 2422 vera
1442 2390 1504 2423 effe
1535 2393 1644 2426 utilem
1675 2396 1783 2427 tutelae
1812 2406 1843 2428 a·

973 2424 1113 2470 ctionem
1134 2439 1142 2460 :
1175 2438 1280 2462 verius
1303 2430 1371 2470 est,
1403 2433 1441 2464 ad
1463 2433 1494 2464 id
1517 2434 1609 2474 dari,
1639 2437 1678 2468 ad
1701 2438 1788 2476 quod
1811 2448 1842 2470 a·

973 2465 1111 2499 Ctionem
1137 2470 1244 2516 tutelae
1268 2471 1355 2509 dari,
1385 2472 1475 2514 supra
1498 2474 1653 2508 diximus:
1689 2477 1755 2509 hoc
1777 2478 1840 2517 est,

972 2507 1011 2538 ad
1049 2508 1281 2557 prae-stationem
1321 2514 1387 2553 ejus
1420 2515 1507 2555 quod
1536 2517 1659 2558 pupillo
1688 2528 1729 2551 ex
1759 2527 1843 2551 tute-

972 2548 1009 2579 1ae
1032 2551 1302 2584 administratione
1324 2555 1478 2588 debetur.-
1505 2556 1569 2588 huc
1599 2560 1682 2591 enim
1706 2560 1771 2591 exit
1794 2570 1841 2590 tu-

973 2589 1044 2621 telae
1067 2592 1160 2637 aetio.
1185 2594 1227 2624 ita
1250 2602 1405 2633 quatenus
1426 2599 1539 2629 attinet
1562 2599 1601 2631 ad
1631 2600 1757 2632 sortem.
1788 2601 1840 2631 sed

972 2631 1017 2678 de
1036 2631 1131 2678 usuris
1155 2635 1230 2680 quid
1255 2636 1422 2670 dicemus:
1453 2639 1580 2671 videtur
1610 2643 1693 2673 enim
1724 2642 1762 2671 de
1790 2641 1838 2672 his

971 2671 1063 2704 fuisse
1095 2674 1292 2715 dubitatum3
1332 2687 1373 2709 eo
1403 2681 1491 2720 quod
1527 2680 1572 2712 est
1603 2683 1808 2713 constitutum
1827 2704 1838 2719 ,

971 2723 1136 2754 poenarum
1168 2716 1271 2749 usuras
1302 2721 1368 2758 peti
1399 2729 1463 2752 non
1494 2721 1591 2763 posse.
1640 2723 1701 2752 Sed
1732 2722 1837 2761 Ulpia·

972 2764 1029 2786 nus
1061 2756 1080 2786 l.
1111 2757 1164 2788 ult.
1188 2758 1231 2790 D.
1253 2759 1281 2789 h.
1306 2767 1327 2791 t.
1356 2761 1540 2803 rescriptum
1572 2763 1634 2799 est,
1665 2762 1788 2801 ῘΠΨΠΕ,
1819 2772 1837 2793 a

972 2795 1015 2827 D.
1047 2796 1168 2829 Severo
1200 2799 1229 2830 ὅ(
1258 2801 1444 2843 Antonino,
1475 2804 1505 2836 ἅ
1533 2803 1631 2834 usuras
1665 2804 1729 2841 peti
1754 2812 1838 2843 pos-

972 2837 1028 2868 se:
1056 2839 1274 2885 ·hacladjecta
1304 2843 1446 2883 ratione,
1478 2844 1624 2885 quoniam
1656 2844 1767 2874 eadem
1804 2845 1838 2876 in>

973 2878 1209 2920 Magistratibus
1231 2882 1314 2915 actio
1343 2888 1434 2918 datur
1457 2893 1524 2925 quae
1553 2884 1712 2924 competit
1734 2885 1765 2916 in
1790 2893 1838 2916 tu·

973 2927 1069 2953 tores.

1010 2960 1158 2995 Tenetur
1179 2964 1274 3006 igitur
1294 2964 1496 3007 Magistratus
1519 2973 1559 2994 eo
1586 2965 1686 2995 modo
1710 2974 1774 3005 quo
1791 2973 1839 2998 teo

972 3012 1065 3035 netur
1088 3013 1195 3045 tutor,
1226 3007 1255 3038 id
1279 3007 1343 3044 est,
1380 3010 1409 3037 iri
1434 3005 1574 3036 solidum.
1605 3005 1624 3037 si
1650 3007 1778 3046 quidem
1805 3017 1839 3039 u-

973 3047 1030 3076 nus
1059 3044 1104 3077 sit.
1134 3046 1185 3079 sed
1215 3048 1291 3088 quid
1323 3047 1343 3078 fi
1375 3047 1479 3085 plures
1509 3046 1603 3078 sint?
1631 3047 1693 3086 jam
1725 3057 1838 3080 omnes

973 3093 1132 3120 tenentur·
1158 3096 1260 3120 utrum
1285 3097 1342 3127 pro
1367 3087 1446 3117 virili
1471 3088 1620 3127 portione
1637 3111 1646 3125 ‚
1677 3097 1714 3120 an
1739 3089 1784 3121 est
1806 3099 1842 3120 Ο·

972 3129 1042 3168 ptio
1072 3129 1137 3169 ejus
1168 3131 1221 3169 qui
1248 3127 1383 3168 pupillus
1408 3126 1488 3167 suit,
1520 3137 1592 3159 cuni
1624 3138 1689 3169 quo
1722 3130 1840 3170 potisli-

971 3178 1059 3203 mum
1082 3171 1178 3212 agat?
1203 3169 1311 3240 {filius
1334 3168 1353 3199 l.
1377 3177 1406 3208 7.
1430 3167 1472 3200 D.
1497 3169 1525 3201 h.
1548 3174 1570 3202 t,
1594 3168 1636 3202 fic
1657 3171 1841 3237 respondi&

1256 3217 1318 3239 mm
1807 3220 1838 3242 zi
