2052 3487
189 155 266 189 ‚100

413 191 1075 315 GERARDI

1176 231 1739 312 NOO'DT.

696 360 992 430 jurisconsulti
1030 361 1078 410 &
1117 358 1459 420 Antecefforis,

184 475 1068 716 JURISDi

1098 474 1969 689 choNE

491 738 554 825 E
613 737 698 825 Τ
823 737 859 823 Ι
924 737 1030 823 Μ
1091 736 1150 818 P
1213 736 1275 820 E
1337 736 1416 820 R
1478 737 1514 820 I
1577 739 1668 823 O

561 893 910 958 LIBER
965 890 1595 967 SECUNDUS.

932 1066 1146 1104 CAPUT
1194 1064 1221 1101 I.

328 1175 382 1213 De
405 1175 554 1212 mandata
572 1173 786 1223 jurisdill‘ione
812 1170 854 1213 ὅ)
879 1173 945 1220 ejus
969 1172 1106 1218 origine:
1133 1173 1207 1207 item
1232 1171 1305 1218 quid
1317 1169 1363 1217 fit
1390 1170 1538 1207 mandare
1555 1167 1832 1217 jurisditionem?

186 1269 572 1313 Εὲᾏὲὲὲζῶυρετίοτε
598 1271 682 1304 libro
705 1268 911 1312 Magistratus
936 1268 1058 1310 Jurisdi-

189 1311 231 1358 Q
374 1317 415 1360 {eo
436 1314 579 1347 &ionem
597 1322 656 1354 per
674 1311 706 1345 se
724 1311 887 1344 exercuit:
913 1310 978 1342 hoc
1001 1320 1060 1351 per

189 1361 231 1402 {g
274 1334 326 1415 S
372 1362 413 1404 gg
437 1356 532 1388 alium
549 1355 724 1388 exercebit.
741 1363 812 1385 nam
825 1353 869 1384 uti
884 1352 939 1399 jiis⁸
952 1351 997 1383 est
1007 1361 1060 1397 ρετ

188 1405 230 1450 Θ
371 1405 412 1451 Θ
435 1397 614 1429 trifamilias
648 1405 700 1428 res
724 1394 790 1426 suas
822 1393 1059 1425 admlnlstrandl

189 1451 414 1493 &29335433
436 1439 488 1470 vel
509 1448 567 1480 per
589 1437 621 1469 se
639 1459 650 1477 ,
682 1437 734 1469 vel
760 1445 818 1477 per
845 1434 1059 1481 alios-quibus

292 1483 313 1490 ⁴'
436 1481 567 1512 mandet
596 1488 704 1510 earum
735 1477 1059 1512 administrationem3

191 1519 236 1551 ita
259 1520 403 1551 moribus
420 1521 566 1561 placuit,
595 1519 851 1561 jurisdictionem
869 1518 898 1549 &
918 1527 934 1548 a
953 1516 1060 1557 Magi-

189 1560 286 1593 stratu
307 1563 451 1593 exerceri
470 1585 481 1601 ,
513 1563 543 1594 &
568 1561 609 1593 ab
634 1571 675 1593 eo
700 1561 768 1592 aliis
785 1559 947 1597 mandari,
971 1557 1060 1599 poss'e

188 1603 210 1634 l.
232 1611 256 1633 1.
279 1602 308 1644 §.
330 1611 355 1634 1.
378 1602 421 1634 D.
445 1604 478 1634 de
499 1602 589 1645 officio
603 1603 666 1645 ejus
689 1604 738 1633 cui
758 1602 896 1633 mandata
914 1598 952 1641 est
972 1601 1063 1640 juris-

190 1642 288 1675 dictio.
312 1644 331 1674 l.
347 1654 378 1685 5.
401 1644 445 1675 D.
468 1646 502 1676 de
518 1643 724 1687 jurisdictione
739 1666 749 1682 ,
782 1642 845 1674 five
865 1641 1059 1682 Magistrati-

190 1685 268 1725 bus,
291 1684 354 1717 five
380 1686 511 1726 privatis
533 1687 553 1718 l.
569 1696 600 1727 3.
624 1685 662 1720 ὅ)
684 1685 705 1716 i.
723 1684 778 1716 ult.
801 1683 830 1725 §.
851 1692 877 1715 1.
900 1682 944 1714 D.
967 1684 1000 1714 de
1018 1682 1060 1723 of-

182 1725 253 1768 ficio
270 1727 332 1769 ejus
343 1750 354 1766 ‚
377 1728 426 1759 cui
439 1729 579 1760 mandata
595 1725 635 1768 est
646 1725 823 1769 jurisdiftz'o.
855 1723 934 1756 Mos
951 1730 1059 1755 autem

188 1768 245 1801 ille
266 1778 284 1799 a
306 1768 448 1810 Regibus
466 1769 592 1810 coepit:
623 1775 661 1799 ut
683 1767 837 1812 pleraque
864 1774 936 1806 quae
955 1765 1059 1806 Magi-

189 1810 356 1849 stratibus‚
379 1819 515 1851 propter
533 1811 597 1841 vim
620 1808 743 1850 imperii
764 1806 828 1846 sui,
851 1814 1057 1847 competunt.

189 1850 344 1884 Tacitum
365 1853 458 1883 audi:
490 1851 545 1893 qui
567 1851 615 1882 lib.
630 1854 661 1881 6.
685 1848 800 1881 Annal.
824 1858 848 1879 c.
870 1857 916 1879 11.
939 1848 1059 1886 Antea,

192 1894 298 1934 inquit
315 1917 324 1931 ,
351 1892 490 1934 profestis
513 1894 593 1924 domo
614 1891 744 1933 Regibus
763 1913 773 1929 ‚
802 1899 835 1921 ac
859 1898 926 1920 mox
952 1888 1057 1930 Magi-

186 1933 347 1976 stratibus,
369 1944 405 1966 ne
422 1936 490 1967 urbs
499 1933 564 1973 fine
580 1935 695 1975 imperio
705 1933 786 1973 foret
797 1954 807 1969 ‚
837 1931 869 1962 in
886 1936 995 1968 tempus
1012 1932 1058 1961 cle-

193 1978 336 2018 ligebatur
359 1977 410 2018 qui
427 1977 479 2019 jus
500 1976 628 2007 redderet
654 1984 689 2007 ac
701 1973 811 2014 subitis
827 1973 994 2003 mederetur.
1012 1971 1060 2010 fe-

191 2025 319 2059 runtque
343 2020 378 2050 ab
403 2017 525 2050 Romulo
554 2017 697 2048 Dentrem
719 2014 912 2051 Roniulium‚
939 2010 1003 2054 P⁰ft
1026 2013 1062 2043 ab

196 2059 278 2091 Tullo
295 2057 420 2100 Hostilio
443 2060 576 2091 Numam
602 2057 770 2094 Μαπίιιτη,
792 2054 829 2090 &³
846 2057 881 2086 ab
903 2053 1060 2099 Tarquinia

194 2101 320 2143 Superbo
345 2101 485 2142 Spurium
503 2100 674 2132 Lucretium
690 2096 840 2139 impositos.
864 2096 930 2127 dein
954 2096 1062 2143 (lonsic-

194 2143 234 2174 les
251 2143 454 2180 mandabant3
482 2143 626 2183 duratque
637 2140 831 2179 fimulacrum
849 2161 859 2177 ‚
882 2142 1010 2179 quotiens
1029 2137 1061 2167 ob

188 2185 286 2225 ferias
303 2183 429 2215 Latinas
442 2182 605 2225 praeficitur
623 2183 674 2224 qui
687 2180 832 2222 consulare
856 2189 961 2210 munus
978 2179 1062 2211 usur-

190 2232 251 2266 pet.
295 2225 375 2258 Haec
397 2223 552 2257 Tacitus:
584 2224 686 2262 addo,
720 2222 828 2254 Livius
850 2221 899 2252 lib.
919 2229 944 2252 1.
969 2230 992 2250 c.
1008 2229 1058 2259 41.

197 2266 307 2299 Verba
325 2266 418 2298 Livii.
443 2266 564 2300 Interim
579 2266 679 2297 Servio
698 2263 790 2295 Tullio
814 2263 827 2304 (
845 2262 966 2303 Regem
982 2260 1062 2292 Tar-

195 2308 369 2348 quinium)
396 2308 497 2350 jubere
523 2307 662 2348 populum
695 2305 768 2337 (liele
803 2305 966 2336 audientem
997 2302 1060 2343 effe.

196 2350 276 2382 Eum
284 2351 359 2392 jura
373 2351 573 2387 redditurum,
597 2350 798 2388 obiturumque
817 2346 877 2377 alia
895 2344 984 2385 Regis
999 2354 1062 2375 mu-

195 2393 258 2423 nia.
300 2391 422 2422 Servius
446 2400 511 2422 curn
537 2391 635 2422 trabea
660 2389 697 2424 δ’
719 2388 863 2420 lictoribus
874 2389 996 2426 prodit3
1027 2395 1060 2416 ac

196 2433 256 2471 fede
279 2434 360 2474 regia
383 2433 480 2470 sedens
503 2432 562 2463 alia
586 2432 738 2469 decernit,
770 2431 803 2460 de
826 2429 891 2460 aliis
914 2427 1061 2467 consultu-

187 2469 261 2505 ‘rum
276 2474 311 2513 se
329 2473 438 2515 Regem
459 2472 510 2513 effe
519 2472 651 2511 fimulat.
694 2471 798 2513 Itaque
810 2478 862 2511 per
876 2469 984 2511 aliquot
1002 2469 1061 2500 dies

196 2525 263 2546 cuni
274 2516 338 2556 jam
356 2514 517 2555 exspiraffet
536 2514 734 2556 Tarquinius,
757 2513 850 2544 celata
872 2518 960 2542 morte
975 2533 985 2549 ,
1008 2518 1062 2551 per

188 2557 313 2598 speciem
335 2556 433 2587 aliena
448 2557 610 2597 fungendae
630 2556 724 2594 vicis,
739 2555 814 2595 suas
837 2560 899 2594 opes
914 2551 1063 2592 firmavit.

237 2597 339 2639 Igitur
352 2597 492 2628 moribus
512 2605 733 2637 comparatum
750 2595 815 2634 est,
837 2602 871 2626 ut
885 2593 1063 2634 jurisdictio

198 2647 267 2671 non
290 2645 413 2670 tantum
436 2647 454 2669 a
477 2637 666 2678 Magistratu
690 2638 862 2675 exerceri,
895 2634 948 2666 sed
967 2635 1064 2666 etiam

196 2681 250 2713 alii
274 2680 440 2717 mandari,
470 2680 575 2719 poffit.
607 2680 738 2720 ejusque
770 2678 815 2710 rei
841 2675 974 2708 effeetus
999 2676 1061 2715 est,

197 2729 236 2754 ut
253 2721 278 2753 is
301 2722 352 2752 cui
373 2720 538 2752 mandatur
558 2720 734 2760 jurisdielio
751 2743 760 2759 ,
792 2729 829 2750 ea
848 2727 912 2750 non
930 2719 1062 2758 proprio

194 2764 264 2805 jure
281 2762 431 2803 fungatur
445 2784 456 2801 ‚
478 2761 530 2793 sed
552 2762 749 2793 mandantis:
772 2761 845 2801 quia
861 2769 926 2791 non
943 2760 1061 2799 princi-

194 2805 313 2845 paliter
340 2805 430 2836 datur
446 2803 474 2833 ei
491 2803 666 2842 jurisdictio
693 2803 764 2842 lege
781 2825 790 2840 ‚
820 2801 884 2832 sive
901 2810 991 2833 more
1008 2801 1062 2842 qui

196 2856 258 2887 pro
276 2846 348 2886 lege
370 2844 457 2875 cedit
480 2844 497 2875 l.
515 2848 545 2875 6.
569 2843 612 2875 D.
636 2845 669 2874 de
683 2842 901 2884 jzii-isciitiz'one:
931 2852 996 2874 non
1014 2850 1060 2874 et-

198 2889 262 2919 iam
277 2887 369 2918 datur
384 2886 413 2918 ei
430 2895 447 2916 a
466 2883 655 2925 Magistratu
671 2885 713 2915 ita
724 2908 733 2922 ‚
748 2892 782 2915 ut
797 2885 862 2923 ejus
878 2882 932 2914 fiat
953 2884 1063 2925 (quod

197 2938 260 2961 nec
285 2927 392 2968 potest
414 2925 632 2967 Magistratus:
655 2926 774 2965 quippe
797 2934 870 2956 cum
895 2924 1061 2965 Magistra-

199 2979 266 3002 tum
280 2969 388 3001 facere
407 2967 444 3000 fit
461 2968 577 3008 Populi
592 2974 646 2998 aut
664 2966 845 3006 Principis)
869 2973 901 2996 at
919 2968 991 3006 quia
1010 2976 1061 3007 pa-

201 3013 278 3043 titur
308 3020 379 3042 mos
408 3017 582 3049 receptus,
623 3008 718 3048 deligi
751 3017 768 3037 a
801 3006 987 3047 Magistratu
1008 3008 1062 3039 ali-

199 3062 295 3092 quem
319 3052 372 3092 qui
395 3050 542 3082 sustineat
564 3050 628 3091 eius
655 3056 785 3089 partes:
817 3055 967 3087 apparet,
998 3048 1062 3080 five

199 3093 324 3133 legem,
347 3093 412 3124 five
436 3101 579 3130 morem,
613 3091 669 3122 etii
686 3099 752 3121 non
774 3089 991 3130 principaliter
1008 3091 1062 3120 de-

199 3133 285 3164 ferat
301 3135 479 3166 mandatam
498 3132 751 3173 jurisdictionem
770 3153 780 3168 ‚
810 3138 915 3160 tamen
945 3130 1061 3161 confir-

201 3183 289 3206 mare
310 3176 338 3204 d.
363 3176 381 3205 l.
399 3180 430 3206 6.
455 3175 564 3215 itaque
587 3183 659 3205 eum
684 3173 735 3213 qui
753 3171 834 3202 hauc
853 3170 996 3210 suscipit,
1020 3172 1064 3201 ni-

201 3215 247 3247 hil
270 3215 433 3254 proprium
451 3215 590 3254 liabere3
613 3215 667 3246 sed
685 3215 803 3251 aliena,
828 3212 892 3243 hoc
911 3210 976 3250 est,
1000 3212 1063 3251 ejus

200 3256 255 3299 qui
279 3255 458 3294 mandavit,
488 3257 703 3296 jurisdictione
727 3255 795 3287 uti:
818 3260 851 3286 ut
874 3251 1063 3293 Papinianus

1101 1268 1145 1300 ait
1165 1268 1185 1300 l.
1205 1276 1233 1300 1.
1256 1267 1286 1310 ᾗ.
1306 1277 1333 1301 1.
1358 1267 1402 1299 D.
1426 1268 1459 1299 de
1480 1265 1570 1308 officio
1598 1268 1660 1309 ejas
1681 1269 1731 1299 cui
1757 1268 1900 1300 mandata
1932 1262 1974 1308 effi

1095 1309 1263 1352 jurisdictio
1278 1333 1289 1348 ,
1320 1310 1351 1341 &
1376 1308 1516 1349 Julianus
1539 1308 1559 1340 l.
1574 1319 1604 1349 5.
1637 1308 1680 1340 D.
1702 1310 1735 1340 de
1752 1308 1971 1351 jiirisdietione.

1101 1352 1209 1383 Etiam
1233 1349 1345 1382 Livius
1368 1352 1397 1381 d.
1431 1360 1456 1382 c.
1482 1358 1534 1389 41.
1558 1350 1699 1382 scribens
1717 1374 1727 1390 ‚
1757 1351 1901 1382 Servium
1920 1358 1974 1391 per

1093 1393 1221 1434 speciem
1248 1393 1348 1424 alienae
1362 1392 1527 1433 fungendae
1548 1393 1622 1423 vicis
1642 1394 1717 1431 suas
1746 1399 1809 1433 opes
1825 1391 1974 1433 firmaffe:

1103 1444 1163 1475 pro
1180 1457 1190 1474 ‚
1221 1443 1278 1476 per
1304 1433 1443 1475 speciem
1466 1435 1624 1465 mandatae
1652 1433 1890 1474 jurisdictionis.
1935 1432 1975 1465 ld

1103 1486 1183 1507 vero
1199 1478 1282 1507 adeo
1298 1476 1426 1516 placet,
1449 1483 1484 1506 ut
1502 1474 1644 1515 Julianus
1661 1475 1796 1514 scribat,
1821 1473 1885 1513 Etfi
1895 1474 1975 1506 Prte-

1102 1516 1196 1556 torfit
1210 1518 1235 1548 z's
1251 1519 1302 1558 qm·
1315 1517 1438 1548 alienam
1454 1516 1683 1556 iurisdietionem
1699 1517 1868 1557 exsequitur
1881 1539 1891 1555 ‚
1914 1524 1974 1548 non

1103 1566 1198 1590 tamen
1211 1565 1262 1599 pro
1270 1557 1326 1598 suo
1341 1560 1459 1599 imperio
1474 1567 1579 1600 agere,
1585 1558 1640 1598 sed
1650 1564 1704 1599 pro
1721 1568 1767 1597 eo,
1787 1559 1873 1600 cujus
1890 1568 1974 1589 marz-

1102 1601 1175 1631 dutu
1189 1600 1237 1641 jus
1254 1600 1346 1638 dicit,
1375 1600 1504 1640 quotiens
1527 1601 1662 1640 partibus
1686 1598 1748 1631 e'us
1760 1599 1929 1639 fungitur,
1952 1599 1976 1633 l.

1102 1651 1130 1683 3.
1152 1640 1195 1673 D.
1212 1642 1245 1672 de
1263 1639 1353 1681 officio
1367 1642 1430 1682 ejus
1447 1642 1494 1672 cui
1508 1642 1648 1672 mandata
1666 1608 1896 1683 eJijurisdietio.
1938 1641 1973 1673 Si

1103 1691 1210 1714 tamen
1226 1681 1399 1723 Princeps,
1430 1683 1578 1715 mandata
1597 1693 1614 1714 a
1639 1682 1830 1723 Magistratu
1849 1682 1976 1723 jurisdi-

1103 1724 1211 1756 ctione
1226 1746 1237 1763 ‚
1263 1724 1461 1756 mandatario
1477 1724 1613 1764 aliquam
1628 1723 1753 1755 deferat
1773 1732 1896 1764 partem
1907 1748 1917 1763 ,
1940 1725 1976 1757 iri

1103 1775 1141 1797 ea
1163 1774 1277 1797 contra
1295 1765 1467 1797 dicendum
1483 1764 1538 1796 est.
1562 1765 1593 1796 ἀ
1618 1765 1803 1805 exemplum
1821 1765 1852 1796 in
1874 1764 1976 1807 Lega-

1101 1814 1137 1837 to
1168 1806 1373 1838 Proconsulis
1402 1807 1455 1847 qui
1484 1807 1593 1838 tutelae
1619 1806 1786 1838 dationem
1810 1806 1911 1837 habet
1933 1814 1976 1839 ex

1101 1847 1260 1879 Oratione
1285 1847 1328 1880 D.
1358 1848 1464 1880 Marci
1485 1848 1505 1879 l.
1534 1857 1559 1879 1.
1591 1847 1621 1890 §.
1644 1857 1670 1880 1.
1695 1847 1738 1881 D.
1771 1848 1804 1879 de
1828 1849 1975 1880 tutoribus

1101 1891 1178 1921 datis
1207 1890 1243 1920 ab
1272 1889 1316 1920 his
1345 1888 1409 1923 &a
1441 1890 1604 1931 propriam
1636 1899 1739 1931 ergo,
1778 1898 1974 1930 quamquam

1104 1930 1321 1962 exercendam
1339 1932 1488 1971 demum,
1520 1931 1666 1963 mandata
1683 1941 1700 1962 a
1716 1931 1912 1963 Proconlule
1925 1931 1974 1971 ju-

1103 1971 1289 2004 risdifflone
1306 1983 1313 2004 :
1345 1973 1378 2004 id
1398 1973 1484 2004 enim
1511 1972 1709 2013 Pomponius
1727 1974 1795 2004 vult
1820 1973 1840 2004 l.
1861 1982 1909 2015 13.
1925 1972 1972 2005 D.

1103 2014 1136 2044 de
1156 2012 1246 2054 officio
1265 2013 1449 2054 Proconsulis
1465 2012 1501 2048 ὅ)
1517 2014 1644 2056 Legati:
1667 2023 1741 2046 curn
1759 2013 1868 2045 scribit
1882 2037 1892 2053 ,
1916 2014 1973 2045 Le-

1099 2060 1204 2096 gatum
1232 2054 1416 2094 Proconsulis
1444 2055 1519 2086 nihil
1539 2057 1690 2097 proprium
1715 2056 1816 2086 hahere
1831 2078 1843 2094 ,
1877 2054 1933 2094 nifi
1954 2065 1975 2088 a

1104 2096 1276 2135 Proconsule
1292 2097 1318 2127 ei
1334 2098 1476 2128 mandata
1486 2097 1585 2136 fuerit
1594 2096 1772 2138 jurisrlie‘tio.

1143 2137 1366 2178 Superioribus
1383 2137 1428 2170 est
1442 2138 1644 2178 addendum,
1666 2138 1755 2179 quod
1772 2147 1838 2170 non
1856 2147 1972 2170 ornnes

1103 2179 1157 2219 qui
1178 2186 1293 2224 gerunt
1318 2179 1421 2211 vicem
1441 2179 1645 2220 Magistratus
1661 2203 1671 2218 ,
1701 2180 1813 2220 utique
1835 2181 1973 2212 alienam

1100 2220 1355 2260 jurisdictionem
1374 2221 1617 2261 administrant3
1648 2220 1701 2253 sed
1724 2221 1769 2253 est
1795 2222 1826 2253 in
1850 2221 1898 2253 bis
1922 2222 1971 2253 di·

1103 2261 1228 2293 stinetio
1246 2270 1340 2302 quam
1358 2262 1506 2295 observat
1524 2262 1700 2295 Cledonius
1715 2285 1726 2302 ,
1749 2270 1841 2295 vetus
1858 2261 1973 2295 Gram-

1104 2305 1263 2341 maticus,
1295 2304 1378 2335 inter
1397 2304 1543 2336 Vicarios
1568 2305 1597 2335 δε
1624 2303 1722 2336 Vices
1747 2311 1897 2345 agentes:
1925 2304 1973 2337 illi

1105 2354 1121 2376 a
1158 2345 1305 2385 Principe
1344 2344 1465 2377 habent
1494 2347 1656 2387 propriam
1687 2345 1943 2386 jurisdictionem
1960 2367 1973 2385 ,

1106 2395 1298 2432 quamquam
1319 2395 1417 2427 agunt
1441 2387 1528 2419 vices
1545 2387 1766 2427 Praefecturae,
1790 2388 1843 2419 vel
1864 2387 1973 2426 urbis,

1104 2429 1155 2460 vel
1171 2429 1329 2469 praetorii:
1353 2428 1400 2460 isti
1417 2437 1571 2461 exercent
1588 2429 1839 2469 jurisdictionem
1863 2438 1971 2469 neque

1104 2471 1264 2511 propriam
1281 2492 1291 2508 ,
1323 2478 1429 2510 neque
1457 2480 1498 2502 ex
1522 2470 1679 2502 codicillis
1698 2470 1855 2511 Principis
1877 2493 1887 2509 ,
1916 2470 1972 2501 sed

1106 2512 1240 2543 alienam
1259 2520 1299 2542 ex
1321 2513 1472 2543 mandato
1497 2519 1619 2542 tantum
1645 2511 1791 2543 Praefecu
1809 2535 1819 2550 ,
1852 2511 1904 2543 vel
1921 2521 1971 2543 ur-

1105 2552 1136 2583 bi
1155 2576 1165 2592 ‚
1198 2553 1249 2584 vel
1274 2553 1443 2593 praetorio:
1477 2562 1581 2593 neque
1607 2552 1724 2584 Vicarii
1748 2553 1972 2593 appellantur,

1105 2594 1158 2626 led
1179 2594 1271 2626 Vices
1291 2603 1433 2635 agentes.
1478 2594 1586 2626 Verba
1603 2593 1753 2625 Cledonii
1772 2594 1852 2625 sunt.
1891 2594 1971 2634 Saepe

1105 2634 1253 2678 qucefitrzm
1274 2634 1330 2675 est,
1354 2643 1456 2666 utrum
1481 2635 1622 2667 Vicarius
1639 2636 1696 2666 dici
1713 2636 1809 2666 debeat
1825 2635 1912 2665 etiam
1926 2637 1971 2672 is,

1105 2678 1154 2708 cui
1174 2676 1446 2719 magnificentiffimi
1472 2676 1608 2716 Praefeciz·
1633 2677 1709 2708 vices
1716 2680 1792 2716 suas
1809 2677 1841 2707 in
1855 2676 1972 2716 speciali

1105 2719 1192 2755 causa
1208 2721 1433 2750 mandaverunt.
1475 2718 1684 2759 Nequaquam.
1726 2716 1810 2750 Nam
1826 2716 1969 2749 Vicarius

1104 2761 1214 2792 dicitur
1233 2761 1257 2791 is
1270 2784 1279 2799 ‚
1310 2761 1360 2801 qui
1382 2760 1478 2791 ordine
1507 2758 1699 2790 codicillorum
1721 2759 1800 2790 vices
1822 2760 1884 2800 agit
1908 2769 1971 2790 am-

1099 2799 1229 2843 plifflmce
1251 2800 1443 2842 Prcefesturae.
1485 2800 1539 2832 Ille
1554 2810 1640 2840 vero,
1671 2801 1720 2831 cui
1735 2801 1813 2831 vices
1829 2801 1971 2831 mandan-

1105 2852 1154 2874 tur
1166 2849 1281 2883 propter
1296 2843 1454 2883 absentiam
1471 2841 1678 2882 Praefeblorum
1692 2865 1703 2881 ‚
1732 2851 1790 2873 non
1808 2841 1970 2880 Vicarius,

1096 2885 1150 2926 sed
1179 2884 1265 2916 Vices
1286 2893 1374 2926 agens
1391 2907 1401 2922 ,
1430 2893 1480 2915 nec
1506 2882 1690 2924 Praefeflurae
1706 2907 1718 2923 ‚
1738 2883 1792 2923 sed
1815 2881 1971 2921 Praefeeto-

1104 2936 1189 2964 rum,
1213 2926 1320 2956 dicitur
1337 2931 1462 2957 tantum.
1504 2925 1556 2956 Sic
1577 2925 1770 2957 Cledonius:
1794 2924 1845 2955 cui
1862 2923 1969 2954 fimilis

1105 2967 1150 2998 est
1170 2967 1302 3007 sequens
1320 2966 1495 2998 Caffiodori
1520 2966 1611 2997 locus
1632 2966 1680 2997 lib.
1694 2969 1724 2997 6.
1750 2965 1824 2998 Var.
1848 2963 1967 2995 Fbrmu-

1103 3009 1133 3039 la
1155 3018 1202 3048 15.
1244 3007 1318 3053 Qua
1337 3007 1375 3049 eJl
1394 3007 1507 3040 Vicarii
1525 3009 1604 3039 urbis
1624 3007 1731 3039 Romae.
1773 3005 1860 3037 Vices
1879 3015 1968 3047 agen-

1105 3051 1178 3080 tium
1192 3059 1250 3080 mos
1266 3047 1304 3089 eft
1320 3072 1329 3087 ‚
1344 3049 1390 3088 stc
1399 3050 1535 3091 judicum
1560 3049 1762 3080 voluntatibus
1778 3048 1907 3086 obedire,
1930 3052 1968 3077 ut

1095 3095 1170 3130 Juas
1187 3101 1244 3122 nori
1262 3091 1383 3122 habeant
1399 3092 1566 3128 dignitates.
1582 3091 1736 3131 splendent
1757 3094 1889 3118 mutuato
1922 3088 1967 3118 lu-

1105 3134 1198 3170 mine,
1222 3133 1362 3163 nituntur
1385 3134 1499 3163 viribus
1522 3132 1641 3169 alienis,
1672 3129 1707 3164 &⁹
1727 3130 1855 3170 quiedam
1870 3130 1966 3169 imago

1105 3175 1136 3204 in
1154 3174 1211 3204 illis
1226 3174 1342 3205 videtur
1358 3174 1408 3213 effe
1423 3175 1576 3209 veritatis,
1600 3173 1650 3213 qui
1659 3173 1769 3211 proprii
1788 3179 1845 3200 non
1862 3170 1968 3200 habent

1100 3214 1172 3255 jura
1181 3214 1321 3255 fulgoris.
1367 3215 1411 3246 Tu
1426 3220 1522 3245 autem
1543 3213 1682 3245 Vicarius
1705 3213 1804 3242 diceris
1820 3235 1830 3248 ‚
1864 3210 1900 3245 δ’
1915 3217 1966 3242 tua

1100 3256 1257 3296 privilegia
1274 3265 1331 3287 non
1349 3257 1504 3296 relinquis:
1528 3255 1642 3295 quando
1653 3255 1773 3295 propria
1791 3250 1831 3294 est
1843 3253 1965 3294 jurisdi-

1890 3291 1943 3325 ἑῗίο
1952 3314 1967 3332 ‚
