2108 3479
158 241 266 327 V.
349 232 440 319 C.
527 128 1951 341 GEIXAIREIANOODT‚

276 365 751 435 JURISCONS
772 360 988 421 ULTI
1044 385 1119 416 ετ
1170 371 1827 426 ANTECESSORIS

743 447 1363 502 CELEBERRIMI.

873 574 1238 633 AUCTORE

172 667 741 776 JoANNE
830 661 1908 745 BARBEYRAoloss

242 852 262 863 x·
287 845 294 849 ·
316 842 329 883 Ἰ
345 847 357 858 -·
482 837 558 868 u'tm
583 832 753 868 neminem
778 833 895 870 scirem
913 862 920 875 ,
950 835 1005 881 qui
1031 835 1072 870 de
1105 836 1189 871 Vita
1218 836 1296 871 Viri
1321 836 1493 872 Clariffimi
1524 837 1742 874 GERARDI
1763 838 1946 875 NOODT

257 891 277 918 *ιι
404 879 466 929 ’ᾖ
508 882 630 929 aliquid
656 881 856 928 scripsisset,
894 884 963 929 ipse
987 895 1064 919 ante
1090 885 1216 931 aliquot
1246 896 1351 920 annos
1371 913 1379 928 ,
1414 885 1593 920 occasione
1621 887 1698 922 data
1729 898 1945 934 opportuna,

455 934 462 955 ‘²
506 931 595 966 hanc
613 942 726 966 curam
743 931 776 965 in
798 944 851 967 me
873 932 1038 978 suscipere
1061 934 1218 968 decrevi:
1248 934 1397 978 sperans,
1426 945 1496 969 rem
1516 933 1601 969 haud
1623 935 1786 982 ingratam
1815 948 1872 972 me
1896 936 1947 971 fan·

397 1010 404 1018 ,
455 984 464 1027 J
506 979 638 1015 (Sturum
660 980 829 1025 plurimis,
864 981 918 1026 qui
943 980 1079 1016 historia
1104 981 1314 1024 Auctorunt,
1342 983 1495 1028 inprimis
1523 983 1725 1027 celebrium,
1752 997 1820 1020 non
1848 981 1947 1021 mini-

349 1031 387 1073 lat·
438 1057 453 1066 ,.,
505 1040 595 1064 mam
625 1037 755 1074 partem
783 1028 942 1063 Historiae
968 1030 1152 1064 Litterariae
1179 1030 1346 1065 contineri
1375 1041 1503 1076 putant.
1564 1032 1706 1078 Volupe
1735 1033 1829 1069 simul
1854 1044 1943 1077 erat,

302 1096 330 1103 »ι
504 1078 638 1123 publice
652 1076 781 1115 testari,
810 1089 908 1124 quarn
928 1078 1009 1112 mihi
1036 1078 1146 1113 sancta
1164 1078 1242 1114 esset
1259 1081 1421 1114 memoria
1442 1079 1539 1122 Viri,
1566 1090 1639 1116 turn
1654 1083 1699 1117 ob
1721 1082 1885 1129 insignem
1910 1096 1947 1119 e-

379 1125 392 1137 ’
497 1126 552 1172 jus
575 1127 736 1161 virtutem
759 1125 795 1160 ἃ
818 1127 1065 1169 eruditionem,
1101 1138 1173 1162 turn
1200 1138 1340 1173 propter
1366 1127 1524 1163 amicitiae
1545 1129 1621 1175 jus,
1654 1141 1730 1176 quae
1755 1131 1840 1167 mini
1864 1143 1945 1167 cum

150 1189 192 1213 eo
212 1176 453 1219 intercesserat,
488 1184 582 1221 aeque
602 1173 792 1208 honorifica
811 1186 850 1208 ac
865 1175 1024 1221 jucunda.
1079 1175 1229 1211 Subsidia
1249 1178 1279 1212 in
1303 1177 1389 1211 hanc
1408 1186 1498 1219 rem,
1526 1188 1561 1212 ut
1587 1178 1714 1214 necesse
1733 1190 1826 1224 erat,
1855 1191 1946 1227 quae-

154 1228 239 1262 renti
255 1238 321 1261 non
337 1224 507 1265 defutura,
537 1222 572 1257 in
593 1222 739 1268 proclivi
762 1235 832 1257 erat
852 1224 1016 1270 judicare.
1071 1224 1125 1259 An
1148 1226 1238 1260 enim
1265 1225 1349 1259 mihi
1373 1226 1599 1270 denegaturus
1623 1225 1732 1262 fuisset
1756 1229 1801 1271 is,
1829 1241 1848 1264 a
1875 1240 1944 1274 quo

153 1274 307 1311 omnium
332 1273 461 1320 optime
477 1271 623 1307 ediscere
643 1272 763 1306 licebat
785 1272 910 1317 singula
928 1274 967 1308 ad
988 1272 1201 1308 DefunGtum
1230 1275 1430 1319 pertinentia
1456 1275 1569 1309 Gener
1595 1274 1697 1320 ipsius
1717 1275 1943 1323 dignissimus,

151 1322 372 1371 JOANNES
398 1321 512 1356 HAM
537 1319 645 1355 VAN
673 1319 776 1354 DEN
805 1320 951 1365 ENDE,
989 1322 1252 1368 jurisconsultus
1274 1322 1310 1358 ἃ
1333 1323 1532 1357 Advocatus
1558 1324 1863 1372 Arifielodanienfis‚
1890 1326 1947 1362 cui

151 1372 234 1408 tanti
254 1371 372 1407 Soceri
390 1369 482 1404 fama
505 1380 573 1404 non
599 1369 709 1403 minus
726 1369 863 1414 gloriae,
889 1382 990 1416 quam
1009 1371 1102 1405 cordi
1122 1370 1199 1406 est?
1226 1371 1306 1407 Nec
1326 1371 1402 1406 sane
1421 1371 1528 1418 major
1546 1372 1580 1407 in
1595 1384 1638 1408 eo
1664 1384 1759 1408 mora
1779 1373 1843 1409 fuit
1869 1374 1945 1421 sup-

154 1419 347 1469 peditandi,
376 1429 475 1464 quam
500 1418 615 1453 inme
634 1421 783 1463 petendi.
836 1419 889 1452 lta
917 1419 1046 1454 schedis
1064 1421 1104 1455 ad
1130 1431 1184 1454 me
1206 1419 1613 1463 transmiffisinstrt16tus,
1642 1420 1740 1465 hinc,
1768 1421 1804 1457 ἃ
1825 1422 1945 1464 exiis,

155 1481 229 1516 quae
248 1467 460 1514 aliundeipse
479 1467 560 1502 scire
579 1477 753 1512 poteram,
782 1477 856 1501 eam
884 1469 1092 1503 concinnavi
1117 1470 1344 1504 narrationem
1362 1496 1371 1512 ‚
1409 1480 1483 1515 quae
1507 1470 1646 1505 nomine
1670 1470 1875 1507 Laudationis
1897 1473 1947 1506 hi-

144 1520 270 1568 storicae
286 1517 409 1564 prodiit
433 1516 678 1563 Amstelodamz‘,
704 1526 794 1550 anno
819 1516 916 1562 liujus
943 1517 1049 1552 saeculi
1077 1516 1252 1564 trigesimo
1282 1518 1401 1564 primo.
1462 1517 1568 1553 Nunc
1593 1530 1679 1554 vero
1704 1530 1863 1566 rogatu3‚
1893 1531 1947 1564 ut,

152 1579 226 1614 quse
247 1567 376 1602 Gallice
392 1565 566 1607 dixeram,
600 1564 764 1598 Romano
793 1576 926 1611 quoque
951 1566 1106 1601 sermone
1131 1565 1309 1609 efferrem,
1338 1567 1434 1602 latius
1460 1577 1688 1614 propagatum
1712 1568 1870 1605 notitiam
1893 1581 1947 1605 re-

147 1627 223 1651 rum
250 1615 292 1651 ad
315 1614 459 1657 natales,
498 1614 754 1655 conditionem,
791 1615 984 1657 fortunam,
1024 1626 1154 1656 mores,
1192 1615 1367 1663 ingenium
1387 1643 1397 1658 ,
1444 1615 1559 1650 Amici
1592 1626 1757 1662 perpetuo
1786 1617 1944 1662 colendi,

152 1663 373 1711 speftantiurn
387 1674 395 1698 :
409 1675 464 1699 sne
481 1661 558 1697 heic
572 1662 707 1708 quidem
726 1660 835 1698 deesse
853 1662 966 1698 officio
985 1675 1064 1699 meo
1083 1664 1189 1698 volui.
1242 1664 1368 1710 Neque
1390 1674 1503 1699 tamen
1524 1676 1655 1700 merum
1675 1665 1742 1700 mei
1765 1665 1865 1711 ipfius
1892 1666 1945 1702 in-

153 1723 340 1757 terpretem
355 1712 427 1760 egi:
456 1712 508 1748 sed
527 1738 535 1754 ‚
563 1722 625 1758 pro
643 1712 719 1758 jure
735 1722 830 1755 meo,
860 1713 1174 1760 quaedamaddidi,
1202 1712 1354 1757 mutavi,
1383 1713 1534 1757 detraxi,
1569 1722 1607 1749 ut
1632 1725 1685 1750 res
1708 1713 1858 1759 ferebat,
1885 1724 1944 1752 aut

176 1761 352 1797 ostulabat.

149 1773 173 1809 P
198 1811 369 1846 NATUS
395 1809 445 1844 est
471 1809 734 1846 GERARDUS
763 1810 942 1846 NOODT
968 1812 1124 1858 Neomagi
1147 1811 1181 1847 in
1208 1813 1313 1847 Gelria
1329 1838 1339 1855 ‚
1376 1823 1467 1849 anno
1492 1811 1672 1848 millesimo
1697 1811 1945 1850 sexcentesimo*

151 1857 404 1907 quadragesimo
423 1858 586 1903 septimo,
614 1859 668 1892 die
692 1860 842 1900 Saturni,
872 1861 1074 1904 Septembris,
1106 1860 1203 1904 juxta
1231 1871 1384 1893 veterem
1405 1862 1629 1902 computandi
1656 1862 1817 1903 modum,
1844 1873 1944 1906 quar-

152 1917 207 1949 ta,
234 1907 323 1941 circa
347 1906 467 1940 horam
501 1904 625 1939 sextam
651 1906 886 1949 vespertinam.
950 1907 1080 1938 Patrem
1116 1906 1233 1939 habuit
1268 1906 1397 1940 Petrum
1428 1907 1552 1948 Noodc3
1584 1908 1734 1943 Matrem
1763 1909 1943 1945 Gishertanz

153 1958 310 1992 Biesman.
363 1954 498 1988 Horum
518 1954 716 1987 Noodtiorum
735 1962 832 1987 vetus
854 1951 903 1987 est
927 1952 962 1988 δε
989 1951 1238 1995 honestissima,
1267 1953 1355 1997 apud
1389 1953 1638 2001 Neomagenses,
1666 1956 1821 1993 Familia:
1849 1958 1942 2002 aliis,

153 2015 226 2051 quae
246 2003 369 2038 ibidem
387 2003 451 2037 loci
467 2001 556 2042 sunt,
584 2001 730 2035 nominis
751 2010 879 2036 tantum
899 2000 1104 2048 cognatione
1127 2000 1322 2048 conjunCta.
1373 2002 1608 2050 Antiquiffima
1624 2003 1661 2039 ἃ
1676 2004 1808 2047 illustris
1835 2007 1941 2042 etiarn

149 2055 425 2091 Biesmannorum,
452 2061 471 2083 a
493 2061 557 2096 qua
582 2049 710 2085 Noster
730 2061 837 2096 genus
863 2061 1050 2085 maternum
1076 2049 1187 2086 ducit:
1216 2062 1259 2086 ex
1275 2061 1315 2085 ea
1334 2051 1443 2094 enim,
1473 2063 1491 2086 a
1520 2052 1624 2098 longo
1643 2063 1815 2100 tempore,
1843 2055 1941 2091 multi

150 2103 367 2149 prodierunt,
406 2098 463 2144 qui
492 2098 616 2133 virtute
639 2098 675 2133 ἃ
703 2098 830 2134 meritis
854 2100 895 2135 ad
922 2098 1034 2134 varios
1063 2098 1211 2134 honores
1234 2099 1325 2135 viam
1354 2099 1413 2135 fibi
1437 2098 1609 2145 fecerunt,
1635 2102 1739 2138 etiam
1765 2102 1938 2149 summos,

153 2151 266 2197 quales
287 2148 461 2196 Confidam,
489 2146 526 2182 ἃ
549 2148 742 2182 Senatorum.

201 2199 352 2245 Uterque
374 2195 492 2231 Nostri
515 2204 652 2241 parens,
681 2207 741 2241 pro
767 2197 820 2232 sua
843 2196 980 2244 quisque
1012 2206 1122 2243 parte,
1153 2197 1185 2232 id
1213 2196 1325 2232 sedulo
1353 2198 1441 2244 egit,
1471 2207 1506 2234 ut
1534 2198 1713 2234 liberaliter
1734 2199 1938 2237 educatione

151 2246 369 2292 dolitrinaque
391 2244 511 2291 puerili
531 2244 619 2279 filius
641 2245 880 2281 institueretur.
933 2246 1052 2281 Statim
1079 2257 1178 2292 atque
1202 2246 1258 2282 hic
1289 2247 1397 2282 aetatis
1421 2258 1548 2282 annum
1575 2247 1726 2290 sextum,
1762 2259 1819 2284 aut
1841 2249 1939 2295 septi-

149 2305 243 2330 mum
256 2322 265 2337 ,
293 2295 430 2341 adtigit,
458 2293 597 2327 traditus
612 2292 660 2328 est
678 2293 847 2340 Magistris
865 2294 999 2331 Scholae
1020 2294 1262 2342 Neomctgenfis,
1289 2295 1344 2330 eui
1364 2306 1445 2330 tunc
1461 2296 1568 2330 Petrus
1591 2295 1768 2331 Werichius
1785 2308 1938 2342 praeerat.

146 2344 200 2379 Ex
227 2344 287 2378 illis
314 2342 439 2389 Jsaacus
463 2343 630 2384 Gruterus,
659 2342 692 2378 ἃ
718 2343 785 2387 ipse
812 2343 1008 2387 Weri'chius‚
1036 2354 1161 2379 tantam
1190 2344 1223 2378 in
1250 2355 1356 2390 puero
1379 2344 1589 2391 diligentiam
1621 2345 1828 2381 mirabantur
1854 2373 1864 2390 ,
1899 2355 1938 2384 ut

150 2392 323 2438 exemplar
341 2392 379 2426 ad
403 2390 600 2425 imitandum
621 2391 688 2425 aliis
709 2390 886 2437 Discipulis
905 2392 1020 2437 saepius
1039 2401 1277 2439 proponerent.

200 2440 350 2476 Emensis
372 2440 555 2474 studiorum
575 2440 752 2485 puerilium
772 2441 943 2475 curriculis
960 2468 968 2482 ,
995 2441 1112 2487 dignus
1128 2441 1295 2486 judicatus
1311 2440 1361 2476 est
1375 2468 1384 2483 ‚
1413 2442 1468 2488 qui
1486 2441 1517 2476 in
1536 2440 1758 2477 Academiam
1777 2443 1937 2480 transfer-

149 2500 262 2532 retur,
289 2501 378 2524 anno
394 2487 571 2522 millesimo
591 2488 832 2523 sexcentesimo
852 2489 1056 2535 sexagesimo
1076 2490 1197 2532 tertio,
1226 2490 1331 2524 fetatis
1349 2491 1449 2536 igitur
1468 2491 1561 2525 sexto
1578 2489 1615 2525 ἃ
1630 2491 1778 2526 decimo.
1831 2493 1936 2528 Ante-

151 2549 248 2585 quam
264 2550 347 2573 vero
364 2537 496 2571 Scholia
515 2537 739 2579 valediceret,
767 2537 956 2573 missionem
973 2539 1196 2585 consequutus
1217 2538 1265 2573 est
1286 2538 1559 2574 honestissimam.
1614 2539 1744 2575 Habuit
1765 2540 1856 2576 enim
1885 2542 1936 2576 O—

148 2588 335 2628 rationem,
362 2586 401 2620 In
419 2587 605 2631 vitziperium
629 2586 908 2631 Peregrinationis,
939 2586 996 2620 suo
1025 2586 1122 2632 ipsius
1142 2597 1247 2621 marte
1263 2587 1508 2634 conscriptam:
1536 2587 1696 2623 facultate
1721 2599 1843 2633 praeter
1861 2601 1936 2624 mo-

147 2648 218 2670 rem
234 2644 373 2681 accepta
390 2637 429 2670 ab
449 2647 509 2675 ες),
539 2634 593 2680 qui
611 2644 690 2668 tunc
709 2636 868 2679 temporis
887 2635 1046 2670 Scholam
1068 2634 1309 2682 Neomagensem
1329 2638 1482 2683 regebat,
1510 2636 1935 2680 GREVlNBROEKlO,

149 2684 193 2719 ita
213 2694 247 2719 ut
266 2684 341 2725 hic,
370 2683 401 2718 in
420 2683 559 2727 scripte,
591 2682 647 2717 [ibi
665 2693 740 2718 ante
757 2684 989 2718 recitationem
1015 2684 1189 2725 exhibito,
1218 2683 1299 2719 nihil
1324 2686 1421 2729 plane
1444 2685 1688 2720 emendaverit.
1745 2687 1934 2732 Argumena'

150 2743 220 2767 tum
240 2732 409 2768 Orationis
425 2744 465 2767 ex
483 2742 623 2766 numero
638 2742 755 2766 eorum
775 2742 864 2774 erat,
891 2744 965 2777 quae
983 2733 1106 2767 faciem
1127 2744 1195 2767 non
1224 2744 1325 2767 unam
1350 2734 1493 2777 habent,
1521 2745 1584 2778 pro
1610 2734 1706 2769 vario
1729 2736 1834 2769 modo
1861 2735 1933 2780 spe-

146 2779 281 2822 flandi,
307 2780 342 2815 ὃ(
362 2780 404 2815 de
421 2780 538 2826 quibus
554 2780 631 2813 ideo
648 2807 656 2820 ,
685 2780 773 2826 apud
794 2781 933 2815 Scliolus
951 2781 1163 2825 Rhetorum,
1182 2781 1215 2816 in
1237 2790 1414 2829 utramque
1432 2792 1559 2829 partem
1577 2781 1770 2825 disputatur.
1800 2783 1931 2831 Quum·

151 2839 212 2872 que
229 2829 360 2874 plurimi
387 2840 429 2864 ex
446 2827 735 2874 peregrinantibus
754 2829 832 2864 inde
851 2838 968 2873 parum
988 2830 1138 2865 utilitatis
1165 2830 1253 2865 haud
1279 2842 1355 2865 raro
1384 2832 1521 2875 capiant
1545 2831 1748 2877 negligentia
1775 2831 1847 2872 sua,
1875 2842 1932 2867 aut

150 2875 332 2921 imperitia,
358 2878 390 2912 in
416 2878 453 2913 iis
473 2876 690 2911 observandis
709 2890 784 2922 quae
804 2878 924 2922 juvare
944 2878 980 2914 &
1007 2877 1160 2924 prodeffe
1179 2889 1257 2924 apta
1285 2891 1362 2915 nata
1387 2880 1478 2915 sunt:
1507 2879 1550 2914 nil
1567 2880 1710 2922 mirum,
1739 2879 1762 2915 si
1779 2878 1930 2923 Noster,

149 2923 287 2970 ingenio
312 2926 462 2970 pollens,
489 2938 528 2961 ea
552 2935 650 2960 aetate
673 2925 746 2961 satis
769 2928 938 2962 rationum
962 2929 1159 2974 excogitare
1189 2929 1361 2972 potuerit,
1389 2929 1509 2975 quibus
1536 2927 1659 2963 Itinera
1679 2929 1711 2963 in
1737 2927 1930 2963 universum

149 2972 335 3007 damnaret.

195 3020 276 3055 Nec
302 3020 402 3065 longe
426 3023 601 3066 quaerencla
626 3021 757 3057 Nostro
780 3022 843 3058 fuit
866 3022 1074 3066 Academia,
1112 3025 1144 3059 in
1170 3036 1233 3072 qua
1255 3024 1461 3071 tyrocinium
1498 3019 1749 3072 disciplinarum
1770 3025 1931 3062 altiorum

145 3078 299 3115 poneret.
352 3069 389 3102 ln
415 3067 482 3114 ipsi
501 3073 606 3113 patria
635 3071 830 3106 inveniebat
855 3084 972 3107 recens
999 3073 1194 3115 conditam,
1225 3074 1283 3108 etsi
1310 3072 1394 3108 statu
1426 3086 1493 3109 non
1522 3075 1594 3108 satis
1619 3073 1690 3108 fixo
1716 3072 1751 3108 ἃ
1777 3073 1930 3110 fundato.

145 3117 233 3152 Solis
256 3116 416 3151 nimirum
437 3116 594 3164 suffragiis
617 3121 783 3154 Ordinum
807 3120 990 3156 Tetrarchiae
1008 3122 1249 3169 Neomngenfis,
1279 3122 1374 3167 cujus
1389 3133 1494 3167 caput
1520 3121 1568 3157 est
1600 3122 1813 3167 Neomagum‚
1842 3124 1931 3158 Uni-

143 3165 280 3200 versitas
301 3165 354 3200 illa
381 3176 492 3200 ortum
517 3168 676 3202 debebat:
703 3169 735 3202 in
760 3181 823 3214 qua
852 3170 902 3203 sex
930 3170 1152 3212 Professores,
1182 3182 1303 3216 praeter
1322 3171 1580 3216 'I'heologiam‚
1608 3168 1931 3215 Jurisprudentiam‚

140 3212 178 3250 ἃ
195 3214 428 3297 ἒᾰράίςίίηαιῃ,
455 3226 571 3251 omnes
588 3214 809 3266 Philosophiae
828 3228 964 3266 partes,
994 3231 1063 3256 non
1080 3231 1226 3268 excepta
1249 3219 1414 3287 Misshesi,
1449 3219 1687 3266 Eloquentiam
1714 3219 1932 3307 quoqtf33st&

221 3274 277 3302 om.
320 3288 328 3298 .
1329 3270 1335 3280 ²
1856 3280 1866 3304 1
1897 3274 1934 3304 o-
