2052 3487
464 124 528 164 Dis
577 125 934 174 JuaisnierroNE

983 136 1037 163 er
1085 128 1287 165 Inrnnio.
1338 122 1480 165 L13.I.

787 285 999 335 CAPUT
1041 268 1135 324 lV.

125 396 175 432 De
198 404 277 430 mero
305 391 429 440 imperio
449 416 458 433 ‚
482 389 542 436 seii
563 388 665 437 gladii
687 390 843 438 potestate.
895 392 927 426 id
946 391 1109 439 qnofinlii
1137 404 1254 428 merum
1281 394 1425 436 dicator,
1460 391 1502 433 ἐξ
1525 405 1545 429 a
1570 396 1665 431 minio
1680 389 1805 442 imperio

378 438 571 487 separetur?
598 440 804 485 Cognitionem
824 436 865 480 &2⁹
879 441 1029 477 decretam
1050 444 1127 477 meri
1151 443 1271 488 imperii
1282 452 1403 489 partein
1411 441 1536 489 facere.

97 546 100 547 ⁷
159 557 177 580 e
194 543 317 588 imperii
346 546 374 578 ὅς
396 541 622 586 jurisdictionis
641 540 869 587 significatione
897 548 939 578 di-

79 551 153 627 D
179 589 260 620 Ctum
280 588 359 619 satis.
377 597 474 628 pori-o
485 586 647 619 deformis
658 589 847 621 dicendum:
867 598 939 621 cum

80 638 187 662 autern
206 630 374 670 imperium
403 629 521 669 duplex
538 628 593 668 fit,
618 639 760 669 merum,
785 640 835 661 aut
861 632 939 661 mix-

79 680 165 711 tum;
188 674 323 712 primum
347 671 386 701 de
412 680 501 701 mero
526 670 710 702 videndum.
757 670 791 703 ld
817 671 856 702 ab
882 669 936 702 Ul-

78 710 173 754 'piano
191 713 210 743 l.
228 723 255 754 3.
285 712 321 743 D.
347 713 380 743 de
398 707 600 753 jurisdictione
630 711 798 750 definitur,
825 712 938 743 Habere

78 755 170 796 gladii
198 751 364 794 potestatem
389 754 427 784 ad
452 755 741 784 animadvertendum
758 754 938 793 facinorosos

80 798 211 827 homines.
238 795 422 837 Ait,gladii;
439 795 488 833 ὃς,
500 802 534 825 ut
550 803 628 834 puto
645 818 654 833 ‚
674 796 811 834 exempli
831 793 937 826 causti:

78 845 175 868 utitur
192 838 277 868 enim
290 836 393 876 specie
410 835 607 876 imperfectae
617 835 832 874 definitionis,
844 843 938 875 quam

79 877 214 911 Isidorus
241 877 301 906 κατ’
317 878 462 912 &raamias
482 878 639 918 appellac3
662 886 728 908 non
754 875 941 908 definitione

82 930 122 958 ex
133 929 249 960 genere
261 918 489 951 &differentia
508 916 600 951 Adeo
619 918 751 959 perinde
761 919 941 958 acceperim

80 960 273 1001 Ulpianum,
285 970 321 991 ac
339 959 358 991 fi
377 956 518 998 dixisset,
535 970 656 991 merum
671 961 838 1000 imperium
859 959 920 990 effe
932 981 940 997 ‚

81 1003 170 1033 vei-bi
188 1004 304 1042 gratia,
324 1001 440 1032 habere
459 1002 553 1043 gladii
566 1001 769 1042 potestatem.
782 1001 940 1032 nonenim

81 1045 199 1084 gladius
218 1053 268 1084 qui
287 1043 369 1083 apud
389 1040 559 1083 Ulpianum
578 1043 618 1074 de
643 1043 757 1073 ultimo
787 1040 941 1082 supplicio

82 1086 216 1122 dicitur,
241 1092 362 1115 tantum
388 1084 426 1114 ad
451 1093 571 1115 merum
597 1085 762 1124 imperium
783 1082 941 1120 refertur,

79 1125 133 1157 sed
153 1126 310 1166 &quaevis
325 1124 383 1157 alia
400 1125 567 1166 criminum
585 1125 762 1161 coercitio,
780 1133 871 1164 quain
890 1121 942 1154 Ul-

81 1164 192 1208 planus
209 1176 225 1198 a
243 1166 336 1208 gladii
348 1166 505 1206 potestate
520 1162 640 1206 separat
656 1163 674 1196 l.
696 1169 727 1196 6.
745 1164 786 1196 D.
809 1167 841 1196 de
851 1163 941 1204 officio

80 1209 262 1240 proconsulis
278 1207 313 1242 ἐξ
332 1208 444 1245 Legati.
468 1207 477 1236 l
506 1216 552 1246 70.
577 1206 614 1237 D.
634 1207 666 1237 de
688 1206 796 1247 regulis
807 1207 896 1248 juris.
920 1206 939 1236 l.

81 1253 110 1281 6.
127 1249 155 1290 §.
175 1254 203 1283 8.
227 1249 267 1279 D.
293 1250 324 1279 de
339 1247 427 1288 officio
444 1246 584 1286 Prceficlis.
629 1246 701 1279 Nec
720 1255 825 1279 tamen
844 1245 939 1278 infici·

81 1300 137 1329 or,
160 1289 294 1320 Veteres
312 1289 470 1334 interdum
495 1297 553 1329 per
577 1288 715 1329 gladium
741 1290 836 1320 etiam
858 1289 940 1330 inte-⁴

79 1340 169 1371 grum
189 1339 306 1361 merum
324 1338 510 1370 imperium,
534 1339 599 1361 non
624 1337 745 1361 tantum
769 1338 892 1371 partem
910 1339 940 1360 e-

77 1381 142 1411 Jus,
159 1372 343 1411 indigitare:
363 1379 478 1402 utcum
497 1371 637 1403 honores
654 1372 729 1412 juris
747 1372 840 1413 gladii
854 1372 938 1412 apud

78 1412 156 1444 Lam
183 1414 294 1444 ridium
320 1412 452 1452 legimus
477 1413 508 1443 in
532 1415 598 1443 vita
615 1413 778 1444 Alexandri
796 1413 895 1443 Severi
913 1422 936 1442 c.

79 1464 128 1493 49.
152 1422 211 1485 „god
230 1454 310 1494 apud
331 1453 501 1493 Ulpianum
518 1462 631 1485 contra
650 1455 712 1485 est:
736 1454 766 1485 &
784 1454 888 1485 forsan
909 1453 938 1485 in

76 1496 135 1527 illo
147 1495 307 1528 Prudentii
327 1495 522 1526 Cathemerin.
552 1496 656 1536 hymno
674 1500 898 1536 antejomnum.

269 1535 410 1580 Qicaelz'tor
425 1535 470 1567 ille
484 1536 559 1572 loliis

268 1581 440 1619 Aniniceque
456 1580 634 1620 corporisque
642 1599 652 1618 ,

267 1618 408 1661 Ensisqzie
424 1621 465 1650 bis
487 1623 630 1651 timendas

268 1661 370 1692 Prima
388 1671 422 1692 ac
430 1663 558 1701 secunda
572 1671 646 1692 mors
662 1659 711 1703 est.

78 1699 208 1736 Deinde
231 1702 274 1735 ait
295 1698 468 1743 Ulpianus,
490 1702 539 1734 Aa
556 1704 845 1735 animadvertendum
861 1701 940 1742 faci-

77 1746 186 1781 norosos
209 1744 341 1776 homines.
387 1743 510 1779 Video,
544 1753 583 1775 ex
604 1743 652 1775 his
680 1745 785 1776 verbis
810 1745 941 1785 colligi,

77 1784 126 1826 jus
145 1786 240 1826 gladii
267 1792 387 1816 tanturn
412 1788 606 1816 executione
623 1809 632 1823 ‚
666 1795 731 1817 non
764 1787 860 1817 etiam
885 1795 939 1816 co-

79 1828 244 1868 gnitione,
265 1825 424 1857 constare:
449 1826 478 1857 ἃ
499 1826 572 1857 ideo
589 1827 651 1857 alio
671 1828 802 1858 nomine
818 1834 940 1858 merum

79 1868 247 1907 imperium
269 1868 349 1899 dici:
370 1867 464 1898 etiam
483 1868 605 1907 opponi
623 1867 758 1908 imperio
770 1871 873 1898 miXto
890 1867 942 1897 cui

78 1909 254 1950 jurisdictio
279 1907 375 1940 inest:
406 1907 586 1949 postremo.
610 1909 865 1947 coiircitionem,
888 1918 941 1939 ex-

81 1953 286 1986 ecutionem,
309 1947 633 1987 animadversionem,
651 1949 860 1990 potestatem,
883 1950 942 1989 jus-

81 2001 144 2029 que
167 1991 460 2029 animadvertendi,
485 1990 635 2031 appellari
658 1991 685 2021 d.
711 1991 731 2021 l.
755 2001 784 2031 3.
802 1990 838 2024 ὅ)
856 1990 874 2021 l.
895 1999 941 2021 11.

79 2032 124 2065 D.
148 2035 180 2061 de
201 2031 290 2072 officio
316 2031 494 2071 Proconlzilis
520 2031 557 2066 ὅ)
579 2029 683 2071 Legati
710 2032 729 2062 l.
754 2041 778 2062 1.
806 2031 835 2073 §.
858 2041 883 2062 1.
900 2030 941 2062 D.

80 2075 114 2105 de
130 2072 218 2113 officio
237 2074 298 2115 ejus
315 2074 362 2103 cui
381 2076 519 2105 mandata
537 2070 575 2114 est
585 2072 763 2114 jurisdictio.
781 2075 799 2104 l.
823 2081 889 2113 131.
913 2071 942 2113 §.

85 2125 110 2147 1.
137 2114 173 2145 D.
195 2116 228 2145 cle
244 2112 631 2154 ‘verborumsignificatione.
657 2113 757 2157 Quod
774 2114 850 2146 milii
877 2123 942 2145 non

82 2157 205 2197 placet:
222 2165 291 2187 nam
311 2165 382 2186 cum
402 2156 465 2187 hoc
482 2156 651 2196 imperium
662 2162 796 2187 vocatur
815 2165 943 2194 merum,

81 2198 229 2237 idemque
244 2199 333 2228 mixto
349 2198 541 2237 opponitur3
567 2207 631 2228 non
653 2197 734 2228 hanc
751 2197 871 2228 causam
892 2197 940 2228 he·

82 2239 153 2277 bet,
178 2239 265 2277 quod
291 2239 321 2269 id
345 2237 443 2269 solum
470 2247 507 2269 ac
534 2239 652 2270 nudum
681 2238 849 2279 imperium
876 2237 940 2275 est;

83 2288 271 2319 quamquam
288 2279 434 2310 &merum
453 2280 509 2311 hac
521 2278 749 2321 fignificatione
768 2279 861 2318 suini,
875 2289 940 2311 non

83 2319 249 2361 ignorem,
272 2328 326 2351 aut
342 2330 475 2361 negem:
499 2320 552 2353 sed
569 2322 641 2361 quia
658 2321 696 2352 ad
716 2321 873 2353 ultionem
889 2322 939 2353 lae-

83 2362 121 2393 sae
140 2360 310 2402 disciplinae
333 2361 478 2401 respicit,
509 2362 539 2393 ὁ(
554 2361 752 2394 severitatem
768 2362 887 2402 Judicis
905 2371 942 2393 ac

83 2403 148 2434 vim
173 2403 318 2443 requirit,
343 2403 370 2434 ὅ(
389 2403 432 2433 ob
451 2404 481 2434 id
499 2403 721 2435 vehementius
747 2404 941 2445 &insignius

81 2442 234 2475 habetur:
247 2452 281 2475 ut
290 2441 392 2475 solent
410 2453 480 2484 quae
496 2445 580 2476 nulla
589 2446 788 2477 admixtione
805 2455 857 2476 aut
874 2455 942 2476 cor-

81 2492 194 2526 rupta,
218 2493 270 2516 aut
291 2493 516 2527 attemperata,
549 2485 627 2517 sunt.
651 2486 700 2518 Eo
726 2487 812 2518 sensu
834 2496 944 2517 merum

81 2525 197 2558 Latine
219 2526 388 2558 scientibus
412 2527 567 2567 usurpari,
592 2530 687 2559 etiarn
714 2526 857 2560 Obertus
884 2527 941 2558 Gi-

83 2567 188 2598 fanius
211 2568 381 2606 observat,
408 2569 505 2600 Indice
528 2571 565 2600 aa
591 2569 780 2605 Lucretium3
806 2570 834 2600 <St
858 2566 942 2609 apud

85 2607 248 2640 Sidonium
273 2610 488 2650 Apollinarem
511 2610 666 2650 accipitur
686 2612 733 2642 lib.
753 2620 782 2650 4.
809 2609 886 2650 epist.
916 2619 941 2641 1.

87 2648 150 2681 istis
169 2650 283 2681 verbis.
316 2651 443 2690 Parius,
458 2652 586 2690 fortius,
608 2653 747 2683 meracius
764 2661 870 2683 amare.
893 2650 943 2691 Ju-

85 2687 235 2723 stinianus
252 2700 382 2732 quoque
396 2693 415 2724 l.
431 2702 473 2724 12*
486 2693 518 2723 C.
534 2695 566 2724 de
581 2692 716 2733 legitimis
725 2694 870 2723 heredibus
882 2692 946 2722 lioc

88 2728 191 2775 sensu,
216 2732 327 2771 Omne,
351 2735 471 2772 inquit,
494 2735 541 2774 jus
557 2735 632 2775 qnod
649 2743 685 2764 ex
701 2743 872 2775 quacunque
889 2734 946 2775 lege

88 2766 341 2811 liberispraesiitzlm
356 2773 394 2814 eft
405 2797 413 2813 ‚
430 2776 479 2805 hoc
489 2784 610 2807 merum
620 2781 706 2816 atque
721 2775 945 2806 immutilatum

89 2812 333 2852 hnjuiinoilifiliir
350 2817 396 2846 vel
407 2815 662 2856 filiabusservari.
708 2816 830 2847 Contra
848 2816 878 2846 id
890 2816 945 2847 im·

89 2853 211 2892 perium
237 2856 322 2892 quod
344 2858 467 2887 mixtum
491 2857 534 2888 est
553 2880 561 2895 ‚
593 2864 656 2888 non
682 2857 804 2888 idcirco
831 2856 871 2888 sic
892 2866 944 2897 :ip-

89 2894 244 2939 pellatur,
261 2895 331 2933 quia
349 2898 525 2937 cognitioni
545 2898 708 2931 miscetur:
728 2900 877 2930 minime:
896 2897 946 2929 sed

89 2943 161 2973 quia
179 2935 279 2980 lenius
297 2936 362 2982 eil,
386 2947 438 2969 aut
463 2949 526 2970 non
552 2948 614 2971 tam
635 2939 828 2978 vehemens,
853 2949 947 2979 quain

88 2984 211 3007 merum
233 2985 412 3014 imperium:
428 2989 531 3017 neque
548 2983 586 3011 ad
606 2981 824 3012 vindicandam
844 2982 945 3021 reipu-

89 3017 180 3062 blicae
199 3017 411 3057 majestatem,
430 3019 480 3051 sed
504 3022 541 3052 ad
560 3023 730 3062 regendam
751 3024 947 3060 privatorum

88 3059 261 3102 utilitate-in
286 3060 433 3091 refertur.
476 3061 527 3092 Sic
551 3064 626 3093 milii
651 3064 795 3095 videtur:
820 3064 848 3094 ἃ
870 3063 948 3094 facit

87 3100 184 3141 priori
217 3101 401 3139 iententiae‚
433 3103 517 3137 quod
547 3102 740 3145 Pomponius
758 3105 776 3136 l.
798 3116 815 3136 2
850 3104 877 3146 §.
902 3110 947 3140 18.

91 3140 134 3172 D.
149 3142 182 3170 tle
192 3141 301 3178 origine
312 3142 408 3182 juris,
434 3144 461 3173 ἃ
484 3143 634 3175 Arcadius
660 3144 818 3177 Chai-iiius
838 3146 856 3176 l.
870 3149 947 3178 unic.

88 3180 134 3214 D.
156 3183 189 3212 cle
215 3180 305 3222 officio
333 3183 466 3225 Profecti
491 3187 621 3226 pretorio
637 3208 647 3225 ‚
671 3187 782 3227 capitis
814 3188 948 3221 animad-

127 3261 204 3295 Ίονη.
228 3263 255 3297 Ι.

984 548 1160 581 versionem
1184 548 1294 581 eadem
1317 548 1440 579 ratione
1465 548 1614 582 summam
1639 549 1669 582 &
1694 550 1848 590 majorem

983 590 1174 630 potestatem
1203 598 1332 621 vocant.
1378 589 1465 620 Facit
1499 592 1626 631 utrique
1654 590 1772 622 Cicero
1795 598 1850 632 pro

984 632 1097 663 Caecina
1116 639 1176 672 cap.
1201 642 1229 663 2,
1250 640 1323 662 cuin
1346 630 1386 662 fic
1405 631 1522 662 scribit.
1549 632 1659 663 Omnia
1668 633 1784 673 judicia
1795 638 1850 663 aut

981 671 1230 713 distrahendarum
1259 670 1538 711 controversiarum,
1562 680 1615 704 aut
1634 674 1850 714 puniendorum

980 714 1182 753 maleficiorum
1208 714 1295 754 causa
1322 721 1432 754 reperta
1447 715 1524 753 siml
1542 725 1552 745 .-
1582 724 1703 756 quorum
1722 715 1848 746 alterum

985 756 1085 786 lenius
1105 754 1162 796 est,
1180 762 1329 796 propterea
1347 757 1422 796 qnod
1438 755 1475 789 ὃ*
1493 757 1590 786 minus
1609 756 1706 794 laedit,
1732 756 1768 790 ὅ)
1783 763 1851 796 per-

972 796 1048 835 srepe
1071 797 1254 837 disceptatore
1277 794 1422 837 domestico
1447 797 1636 838 dijudicatur.
1662 794 1796 828 Alterum
1811 795 1853 837 effi

986 836 1315 876 veliementiffimum,
1338 839 1413 879 quod
1436 837 1473 871 ἐξ
1496 839 1534 869 ad
1556 839 1707 881 graviores
1729 847 1772 869 res
1787 845 1852 879 per-

984 880 1075 917 tinet,
1100 872 1137 912 ἐξ*
1164 889 1221 910 non
1241 879 1422 910 honorariam
1444 886 1555 920 operam
1577 881 1680 919 amici,
1698 880 1752 920 sed
1769 883 1851 919 βενε·

982 920 1096 950 ritatem
1109 921 1216 961 judicis
1234 930 1267 950 ac
1283 921 1344 950 vim
1359 922 1490 961 requirit.
1696 958 1698 961 v

1024 963 1065 991 At
1084 961 1168 992 enim
1188 970 1308 992 merum
1327 962 1495 1002 imperium
1532 962 1649 994 dicitur
1692 962 1765 994 ladii
1788 971 1848 1003 po-

985 1002 1078 1032 testas
1104 1003 1142 1033 ad
1159 1003 1497 1040 animadvertendum,
1523 1003 1639 1035 dicitur
1664 972 1693 1036 ἒ
1721 1005 1849 1036 coerci-

986 1044 1053 1080 tio,
1078 1043 1107 1074 &
1127 1043 1365 1075 animadversio.
1389 1043 1545 1075 Memini:
1569 1044 1620 1076 sed
1647 1046 1677 1077 id
1701 1055 1765 1077 non
1790 1045 1849 1077 ob*

986 1084 1062 1124 stat3
1089 1094 1193 1124 neque
1217 1087 1315 1124 magis
1335 1086 1555 1125 cognitionem
1571 1086 1609 1117 ab
1628 1087 1764 1128 imperio
1780 1096 1849 1118 me·

985 1136 1021 1156 ro
1039 1126 1200 1163 excludit,
1223 1135 1316 1166 quam
1336 1125 1407 1164 lex,
1432 1135 1506 1157 cum
1526 1126 1722 1168 Magistratui
1739 1129 1851 1170 cogni*

986 1169 1108 1198 tionem
1126 1165 1443 1207 autjurisoistionem
1468 1168 1631 1209 indulget,
1655 1169 1694 1200 ab
1712 1178 1749 1201 ea
1774 1179 1852 1201 exe-

984 1210 1150 1240 cutionem
1166 1216 1219 1239 aut
1238 1209 1405 1240 notionem
1426 1207 1555 1247 separat.
1583 1205 1681 1250 Igitur
1705 1211 1735 1242 ἀ
1752 1211 1853 1252 impe'-

983 1252 1083 1288 rium,
1120 1250 1148 1280 ὅ(
1173 1249 1421 1288 animadversio,
1453 1250 1483 1281 ἃ
1511 1252 1689 1291 coercitio,
1727 1252 1851 1292 plenius

982 1292 1156 1332 accipenda
1178 1290 1267 1329 sunt;
1292 1299 1325 1321 ut
1357 1290 1660 1323 animadversionem
1692 1293 1744 1324 seu
1763 1294 1854 1333 juris-

983 1332 1156 1364 dictionem
1174 1334 1330 1373 integram
1350 1333 1542 1364 exhibeant:
1569 1334 1657 1364 velut
1675 1335 1706 1366 in
1734 1333 1851 1366 Editio

983 1374 1022 1405 de
1042 1375 1177 1414 injuriis,
1201 1375 1230 1405 ὅ(
1250 1377 1289 1405 de
1309 1374 1505 1413 minoribus3
1529 1375 1580 1413 vel
1599 1373 1737 1414 Ulpiano
1755 1375 1853 1407 inter-

983 1423 1073 1456 prete
1099 1416 1122 1447 l.'
1149 1425 1194 1456 ¹5·
1218 1414 1248 1456 ἓ.
1276 1420 1324 1450 28.
1347 1419 1389 1447 ι’).
1415 1416 1447 1446 de
1466 1416 1600 1456 injuriis,
1627 1416 1663 1450 δέ)
1679 1417 1698 1448 l.
1725 1422 1751 1448 1.
1769 1416 1797 1458 §.
1824 1425 1852 1448 1.

976 1456 1083 1498 juncia
1100 1457 1118 1487 l.
1140 1467 1188 1495 24.
1210 1457 1238 1497 §.
1259 1456 1314 1488 ult.
1339 1456 1381 1487 D.
1406 1458 1440 1488 de
1455 1458 1622 1489 minorihus.
1647 1456 1853 1500 Quamquam

983 1499 1059 1538 qnid
1085 1499 1191 1530 verbis
1213 1507 1294 1536 opus
1320 1498 1389 1530 est?
1414 1498 1465 1529 ubi
1490 1507 1538 1530 res
1561 1508 1710 1539 apparet,
1737 1499 1766 1530 ἃ.
1795 1499 1853 1532 Ui-

982 1541 1094 1580 pianus
1111 1539 1215 1570 scribit
1234 1539 1252 1569 l.
1270 1543 1300 1570 6.
1318 1539 1359 1570 D.
1378 1540 1411 1570 de
1429 1538 1518 1579 officio
1536 1539 1717 1579 Proconsulis
1738 1539 1776 1575 ὅ)
1795 1542 1851 1572 Le⁶

980 1582 1047 1622 gaii
1055 1605 1064 1620 ,
1078 1581 1261 1619 Proconsnles
1271 1580 1360 1617 fhlere
1370 1579 1563 1620 custodiarum
1572 1583 1761 1622 cognitionem
1770 1592 1853 1614 man-

984 1624 1053 1653 dare
1071 1622 1208 1663 Legatir:
1228 1622 1334 1659 scilicet
1350 1628 1382 1652 nt
1396 1623 1572 1663 praeauaitas
1598 1621 1739 1664 cilliodias
1762 1625 1799 1655 ad
1817 1624 1854 1664 ſse

984 1666 1152 1702 remittant,
1183 1669 1215 1694 ut
1236 1664 1411 1694 innocentem
1429 1660 1482 1704 ipsi
1506 1664 1633 1695 liberent.
1656 1666 1705 1702 sed
1726 1664 1776 1696 hoc
1801 1674 1855 1707 ge-

976 1715 1040 1740 nus
1065 1706 1197 1736 mandati
1220 1705 1486 1736 extraordinarium
1508 1703 1579 1745 effe:
1602 1706 1631 1737 ὃς
1661 1705 1768 1745 addit,
1800 1716 1853 1738 nec

985 1749 1061 1778 enim
1076 1746 1148 1787 poffe
1172 1755 1255 1787 quein
1268 1746 1364 1786 gladii
1380 1745 1545 1786 potestatem
1563 1745 1623 1784 fibi
1642 1748 1741 1779 datam
1760 1771 1769 1785 ,
1804 1748 1852 1779 vel

984 1789 1068 1830 cujns
1086 1789 1206 1818 alterius
1222 1788 1398 1817 coercitionis
1409 1810 1418 1826 ,
1431 1789 1468 1818 ad
1484 1788 1574 1818 alium
1588 1790 1756 1826 trantferre.
1781 1788 1853 1821 Un-

985 1831 1024 1861 de
1046 1828 1169 1860 constat
1187 1851 1196 1865 ‚
1230 1829 1453 1868 cognitionem
1483 1828 1624 1867 Ulpiano
1652 1829 1760 1862 facere
1786 1841 1853 1869 par-

986 1878 1050 1902 tem
1086 1868 1250 1911 potcstatis
1283 1869 1378 1909 gladii
1398 1892 1407 1907 ‚
1444 1869 1474 1901 ἃ,
1504 1869 1558 1901 sub
1590 1879 1679 1902 mero
1715 1872 1852 1913 imperio

985 1910 1226 1951 comprehendi.
1277 1909 1338 1942 Sed
1367 1910 1431 1941 hoc
1455 1911 1593 1951 probant
1623 1921 1755 1954 quoque
1784 1913 1856 1945 foi·-

986 1954 1079 1984 mulae
1099 1953 1203 1993 legum
1225 1951 1428 1992 publicorum
1450 1953 1658 1992 judiciorum:
1683 1954 1711 1985 in
1733 1955 1852 1995 quibus

986 1994 1029 2025 ita
1061 1994 1192 2031 caveri,
1229 1993 1341 2024 docuit
1373 2003 1423 2024 me
1457 1992 1621 2025 Ciceronis
1656 1994 1768 2027 Oratio
1792 1997 1853 2028 Pro

987 2036 1119 2066 Cluentio
1131 2058 1140 2072 ,
1159 2034 1190 2066 (Sc
1209 2033 1329 2065 Collatio
1349 2034 1460 2076 Legum
1479 2034 1676 2073 Ilffosaicarum
1692 2035 1728 2071 &³
1747 2036 1853 2069 Roma-

986 2086 1092 2107 narum
1109 2075 1167 2107 Tz'r.
1193 2084 1216 2107 1.
1245 2075 1302 2106 Uti
1317 2076 1341 2105 is
1361 2076 1488 2114 Praetor‚
1510 2076 1654 2115 Judexve
1668 2076 1854 2119 quaefiionis‚

987 2119 1036 2149 cui
1049 2119 1125 2154 sorte
1148 2118 1293 2147 obvenerit
1311 2115 1424 2158 quceslio
1449 2118 1481 2148 cle
1490 2116 1625 2156 ficariis,
1657 2125 1767 2161 qucerat
1785 2130 1853 2151 cum

986 2160 1031 2190 his
1052 2159 1197 2200 judicibus
1211 2181 1220 2198 ‚
1246 2160 1299 2200 qui
1317 2168 1353 2189 ex
1372 2159 1430 2200 lege
1446 2160 1521 2198 ferte
1541 2161 1719 2192 obvenerint.
1761 2160 1853 2195 Idem

988 2201 1137 2241 Virgilius
1159 2199 1297 2231 ostendit
1320 2200 1367 2231 lib.
1389 2204 1418 2232 6.
1450 2200 1569 2233 AEneid.
1591 2202 1664 2242 veis.
1684 2208 1755 2244 431.
1782 2212 1853 2236 ver=¹

986 2241 1034 2273 bis
1054 2240 1266 2282 sequentibus.

1023 2283 1089 2315 Nec
1103 2293 1169 2314 vero
1188 2283 1228 2314 lice
1238 2283 1303 2321 fine
1316 2283 1388 2322 fiirte
1405 2284 1495 2323 dalle,
1512 2282 1577 2323 sine
1590 2280 1803 2326 judicesea‘es,

1024 2323 1168 2368 νρμαεζίίῑον
1185 2323 1287 2355 annos
1308 2335 1414 2357 urnam
1435 2330 1547 2364 movet,
1570 2327 1616 2357 ille
1631 2325 1772 2364 silentum

1027 2365 1237 2407 Consiliumque
1252 2372 1336 2397 vocat
1346 2389 1355 2405 ,
1374 2367 1529 2408 vitasque,
1546 2365 1582 2400 ὅ)
1597 2370 1720 2399 crimina
1736 2368 1831 2407 discit.

986 2404 1086 2440 Vides
1111 2407 1342 2450 Quaefflorem,
1367 2417 1439 2439 euin
1457 2417 1566 2439 urnam
1588 2418 1722 2440 movere
1742 2406 1854 2442 Confi·

986 2449 1061 2481 lium
1085 2457 1270 2480 convocare
1288 2471 1297 2485 ,
1330 2449 1409 2480 vitas
1437 2448 1466 2479 ὅ(
1494 2449 1626 2480 crimina
1642 2449 1788 2483 discere:
1818 2449 1853 2484 id

987 2500 1066 2522 vero
1085 2490 1161 2529 quid
1177 2489 1262 2521 aliud
1282 2489 1343 2528 est,
1367 2498 1460 2529 quam
1480 2499 1552 2521 eum
1570 2491 1623 2531 qui
1649 2501 1772 2525 merum
1793 2492 1854 2525 im-

986 2533 1110 2571 perium
1130 2531 1225 2562 habet
1243 2553 1253 2569 ,
1283 2531 1323 2562 de
1347 2531 1532 2563 criminibus
1560 2532 1759 2574 cognoscere
1778 2555 1788 2573 ,
1819 2535 1855 2566 &

987 2573 1194 2613 pronuntiare
1211 2571 1228 2603 ἱ)
1261 2572 1292 2602 id
1317 2571 1362 2604 est
1381 2596 1390 2611 ,
1420 2573 1469 2613 jus
1492 2574 1610 2605 dicere.
1656 2575 1762 2615 Atque
1786 2576 1851 2607 hoc'

987 2612 1142 2645 Asconius
1170 2613 1324 2645 Pedianus
1347 2623 1387 2645 ex
1413 2614 1468 2645 illo
1493 2614 1614 2656 Virgilii
1638 2615 1715 2648 loco
1745 2617 1853 2649 obser-

988 2662 1057 2693 vat,
1082 2655 1111 2685 &
1134 2653 1175 2686 sse
1191 2655 1287 2685 tradit
1304 2655 1334 2685 in
1356 2656 1534 2697 Argumento
1551 2658 1689 2689 orationis
1706 2658 1851 2690 Ciceronis

989 2698 1020 2727 in
1046 2696 1166 2727 Verrem
1197 2697 1229 2727 de
1249 2701 1378 2736 praetura
1410 2698 1534 2730 urbana.
1580 2697 1686 2730 Verba
1711 2699 1849 2732 Asconii.

989 2734 1039 2769 Aci
1057 2738 1131 2768 hanc
1143 2736 1365 2774 similitudinem
1389 2737 1477 2769 Poe'ta
1495 2738 1639 2780 Virgilius
1655 2738 1786 2772 Minoem
1794 2742 1848 2783 ju-

989 2779 1077 2809 dicem
1098 2779 1176 2819 apnd
1197 2779 1304 2817 inferos
1319 2802 1329 2817 ‚
1359 2785 1500 2821 tanquam
1514 2778 1544 2818 fi
1562 2780 1674 2812 Praetor
1691 2782 1732 2820 fit
1755 2792 1851 2814 rerum

989 2820 1158 2860 capitalium
1176 2843 1186 2859 ,
1218 2819 1404 2865 Quoesttorem
1426 2821 1546 2861 appellat
1563 2833 1574 2852 .-
1603 2824 1653 2854 (ἰαί
1668 2825 1708 2854 ilii
1729 2824 1854 2861 sortitio-

989 2871 1072 2900 nem,
1099 2863 1148 2892 ubi
1162 2871 1267 2892 urnam
1283 2863 1431 2893 nominat.-
1459 2864 1509 2893 dat
1524 2862 1681 2895 electionem
1695 2866 1852 2907 judicum,

989 2912 1054 2933 cum
1066 2903 1160 2942 nica,
1184 2901 1385 2945 consiliumque
1401 2910 1503 2935 vocat:
1533 2905 1584 2935 dat
1602 2907 1788 2946 cognitionem
1797 2905 1852 2945 fa-

990 2945 1120 2974 tinorum
1138 2967 1147 2982 ,
1178 2954 1239 2975 cum
1263 2946 1359 2984 dicit,
1387 2946 1520 2986 vitasque
1547 2946 1584 2980 ἐξ
1608 2947 1730 2977 crimina
1755 2948 1848 2985 discit.

989 2984 1052 3016 Sed
1071 2986 1100 3016 ὃ(
1119 2985 1282 3017 sententiae
1302 2987 1602 3027 pronunciationem
1622 2984 1782 3027 Praetori,
1799 2987 1852 3021 seu

991 3025 1176 3070 Quaefitori,
1200 3027 1421 3067 competiiss‘e,
1453 3037 1568 3068 praeter
1586 3028 1733 3060 eumdem
1754 3028 1850 3061 Asco-

991 3078 1077 3100 nium
1102 3069 1133 3099 in
1158 3068 1297 3100 Prooenzio
1326 3069 1447 3100 actionis
1469 3071 1500 3099 in
1531 3067 1650 3101 Veri-em
1675 3075 1707 3109 p.
1731 3080 1780 3112 47.
1812 3071 1851 3107 δ’

990 3114 1040 3150 48.
1065 3109 1095 3140 ἃ
1120 3111 1152 3140 in
1167 3110 1347 3151 Argumenta
1367 3109 1537 3141 Milonianae
1554 3116 1586 3149 p.
1609 3118 1674 3145 191.
1701 3111 1785 3144 clare
1807 3123 1852 3144 at.

991 3149 1122 3184 testatur
1138 3151 1327 3184 Plutarchus
1345 3152 1455 3183 invita
1469 3150 1597 3191 Pompejz·
1607 3156 1638 3192 p.
1649 3154 1720 3186 620.
1739 3157 1778 3188 acl
1789 3156 1849 3197 fin,

1380 3269 1450 3306 L2
1762 3271 1855 3310 CA}
