2036 3495
152 133 218 174 133
595 122 628 157 G
658 131 678 155 a
712 130 735 153 n
767 128 789 153 A
821 130 843 154 R
874 128 898 152 n
928 128 942 153 1

158 218 310 249 tinentur.
332 217 397 247 imo
413 211 606 252 Papinianus
623 207 814 252 confirmat,
825 206 1038 252 hereditatem

159 259 256 290 etiam
275 258 338 288 sine
361 256 426 286 ullo
445 261 584 292 corpore
609 250 727 281 habere
748 249 822 289 juris
838 248 1036 280 intellectum

158 301 176 331 l.
195 309 245 339 50.
265 299 310 328 J).
330 298 356 327 h.
376 302 396 327 ι.
428 293 594 325 Africanus
612 300 683 322 eam
699 290 801 330 inquit
819 290 1037 335 demonstrare

158 338 392 372 universitatem
404 335 571 376 quamdam
587 343 623 364 ac
636 333 682 373 jus
695 332 894 363 successionis
904 356 923 376 ,Ι
932 332 961 362 &
972 340 1038 363 non

158 381 326 421 singulares
343 388 391 409 res
412 379 429 408 l.
448 381 516 411 208.
537 376 584 406 J).
602 376 635 405 cie
651 375 729 405 verb.
742 372 849 415 signif.
876 372 942 418 ‘His
961 382 1039 404 con·

159 423 328 461 sequenter
350 418 391 450 ait
417 417 636 460 Pomponius,
658 425 698 447 eo
723 417 935 459 verboetiam
954 417 1038 446 dam-

159 464 265 494 nosam
284 461 497 492 hereditatem
517 457 694 489 contineri:
717 457 748 488 dt
763 457 924 496 causatur,
950 456 1038 496 quod

161 504 204 536 cli
219 502 292 543 juris
310 511 428 533 nomen
446 501 465 532 Z.
487 509 552 536 ¹19-
575 500 622 531 D.
640 500 668 529 d.
685 505 706 529 z.
752 497 799 529 Ut
822 507 901 529 vero
918 497 1039 529 succes-

158 547 246 579 sione
260 544 290 575 in
308 542 450 575 defuntsi
467 543 574 574 locum
592 539 786 580 adquii·itur;
801 538 844 570 ita
859 538 902 570 nil
912 539 1040 583 mirum,

159 586 390 619 succeffionem
414 594 431 615 a
456 583 540 623 Gajo
565 581 627 613 dici
654 584 686 612 in
710 582 738 612 ci.
757 581 775 611 l.
793 590 840 616 24.
866 581 895 611 ἃ
914 580 1040 624 Juliano

159 630 179 660 l.
195 632 246 659 (12.
269 628 306 658 i).
324 629 356 657 de
373 636 432 667 reg.
445 626 509 667 jur.
530 633 599 664 quie
617 622 662 654 est
679 632 719 654 ex
739 621 853 661 Juliani
870 622 925 653 lib.
938 626 968 652 6,
985 620 1040 652 Di-

161 670 323 711 gestorum
335 692 344 708 ,
362 668 391 699 dt
407 666 547 699 similiter
557 665 596 696 ad
614 664 702 703 hujus
720 663 824 694 Edicii
842 662 1040 708 intellestum

160 710 317 752 pertinet:
332 709 529 741 monstrante
547 707 566 738 l.
588 709 633 737 16.
651 705 680 747 §.
702 705 887 749 2.*&l.'31.
908 705 1041 749 aliisque

160 754 252 794 hujus
268 751 370 783 Tituli
389 750 467 782 loeis
478 774 487 788 ‚
511 758 583 780 eum
599 746 711 788 Juliani
727 747 842 778 librum
858 746 1040 777 citantibus.

148 793 312 835 'Aliquem
341 801 502 824 moretur:
528 790 615 830 quod
641 788 812 819 succedere
838 788 867 819 ὅ(
892 787 1042 830 successio

162 828 298 877 proprie
310 834 355 866 est
372 833 505 865 heredis.
530 840 561 862 at
576 831 737 862 hereditas
755 829 798 860 est
813 829 860 869 jus
881 829 1044 874 successio·

161 888 202 909 rie
220 876 408 917 adquisitum
426 875 444 906 l.
464 884 493 915 3.
506 880 554 914 pr.
576 872 612 907 &P
629 871 658 913 §.
676 881 700 902 1.
718 871 760 902 D.
777 872 919 920 d⁹.b⁰⁷²?⁷'·
935 869 1040 911 poſjeff.

162 919 224 951 Sed
242 925 408 960 putemus,
434 925 506 947 cum
532 914 691 945 hereditas
717 921 735 957 a
758 911 842 952 Gajo
868 914 898 944 i&
918 912 1043 957 juliano

162 960 312 992 successio
329 959 526 999 appellatur3
543 965 606 987 non
624 954 686 986 esse
698 955 788 986 aliam
807 956 960 993 loquendi
978 952 1043 984 for-

163 1012 246 1034 mam
259 1025 268 1039 ,
285 1003 377 1042 quam
396 1008 468 1031 cum
479 997 609 1029 servitus
625 1006 642 1027 a
653 995 843 1028 Florentino
853 994 968 1026 dicitur
982 1004 1046 1025 con-

163 1042 273 1081 stitutio
287 1043 363 1082 juris
379 1040 521 1083 gentium
537 1039 555 1069 l.
570 1049 599 1078 4.
613 1039 656 1069 D.
667 1039 699 1068 cie
709 1036 782 1077 βαι.
800 1037 906 1068 hoiiiz‘iz.
929 1045 987 1076 pro
1004 1045 1045 1067 eo

156 1080 319 1127 'quodrest
342 1084 410 1124 jure
432 1081 575 1124 gentium
595 1079 814 1111 constitutum.
839 1079 868 1108 ἃ
885 1077 1045 1123 thesaurus

165 1137 182 1158 a
202 1126 299 1158 Paulo
317 1124 465 1157 definitur
482 1130 572 1154 vetus
588 1122 733 1162 quaedam
750 1118 880 1161 depositio
898 1127 1043 1159 pecuniae

163 1171 181 1199 i.
199 1178 247 1210 31-
267 1167 296 1209 §.
319 1177 345 1198 1.
364 1167 410 1198 D.
428 1167 461 1196 de
474 1166 537 1205 adq.
557 1173 611 1193 rer.
626 1164 731 1193 domiin.
764 1170 822 1201 pro
841 1160 975 1201 pecunia
991 1169 1043 1191 an·

164 1210 296 1251 tiquitus
307 1207 460 1248 deposita.
485 1204 645 1246 Exposui,
662 1203 790 1245 quando
808 1209 975 1242 competat
991 1202 1044 1233 he·

164 1252 306 1283 reditatis
325 1248 452 1291 petitio.
684 1286 689 1290 .
1016 1285 1022 1290 ¹

208 1293 351 1333 Sequens
370 1290 521 1322 traCtatus
539 1287 617 1326 erit,
641 1296 691 1318 cui
710 1291 893 1331 competat„
908 1284 951 1315 Et
969 1284 1046 1329 huie

165 1334 306 1367 serviunt
333 1332 435 1364 Edisti
459 1331 574 1362 verba:
599 1329 786 1360 hereditatis
805 1335 996 1367 petitionem
1014 1334 1044 1356 ei

168 1377 222 1416 qui
250 1376 333 1407 illam
359 1374 443 1404 suam
469 1371 531 1403 esse
556 1378 666 1411 petet,
690 1367 927 1413 promittentia:
952 1368 1045 1408 plane

166 1417 411 1449 accommodate
429 1414 466 1446 ad
485 1421 627 1444 naturam
644 1410 775 1442 aetionis
792 1420 822 1440 in
839 1419 925 1448 rem,
944 1409 1046 1440 ‹lomi-

168 1461 222 1491 nio
238 1466 290 1490 aut
305 1458 373 1498 jure
390 1457 419 1487 in
440 1459 492 1493 re,
518 1454 667 1484 subnixae.
709 1451 816 1493 Quam
831 1458 938 1495 autem
956 1450 1045 1494 here-

168 1501 301 1532 ditatem
314 1498 463 1538 possimus
481 1495 619 1527 nostram
638 1494 765 1530 dicere,
782 1493 877 1524 facile
886 1492 1048 1533 colligitur

168 1552 210 1574 ex
227 1543 244 1571 l.
266 1551 289 1572 t.
307 1550 335 1571 2.
347 1549 375 1580 3.
394 1538 434 1569 D.
451 1538 477 1568 h.
494 1542 513 1567 t.
530 1536 658 1567 Summa
673 1534 735 1572 est,
752 1533 888 1575 primum
904 1534 1043 1566 delatam

166 1583 229 1615 esse
245 1590 398 1622 oportere
409 1603 417 1617 ‚
431 1579 460 1610 ἂ
470 1577 585 1610 deinde
596 1575 765 1617 quaesitam.
777 1574 934 1606 Defertur
943 1582 1050 1605 autem

165 1626 219 1656 vel
239 1633 279 1654 ex
297 1622 507 1658 testamento,
524 1619 576 1650 vel
594 1619 716 1659 exlege
733 1617 772 1648 ab
789 1616 948 1648 intestato.
965 1615 1048 1646 Cum

168 1666 395 1698 testamentum
415 1661 509 1699 dico,
525 1660 671 1698 intelligo
687 1660 757 1699 jure
771 1657 892 1694 snitum
910 1668 925 1688 a
944 1665 1048 1698 patre-

164 1706 302 1740 familias
320 1705 407 1746 Lege
428 1701 611 1734 Duodecim
627 1700 824 1732 Tabularum
835 1723 844 1738 ‚
869 1708 923 1730 aut
938 1709 953 1729 a
969 1698 1050 1743 mil-i-

167 1757 200 1781 te
218 1748 281 1780 sive
306 1745 533 1788 patrefamilias
558 1742 620 1774 sive
643 1740 848 1774 filiofamilias
865 1751 905 1772 ex
920 1740 1048 1785 ‚Conlli-

166 1788 358 1823 tutionibus.
404 1787 454 1818 Ab
479 1784 628 1817 intestato
647 1782 791 1816 defertur
817 1782 976 1813 hereditas
995 1789 1050 1812 aut

166 1840 281 1863 vetere
295 1832 364 1872 jure
374 1836 428 1860 aut
445 1836 545 1859 novo.
569 1833 681 1856 vetere
698 1834 737 1855 ex
756 1823 844 1864 Lege
862 1823 1048 1868 Duodecim

167 1873 366 1906 Tabularum
378 1870 437 1901 suis
455 1869 485 1901 dc
500 1866 621 1909 agnatis
637 1867 666 1898 dt
681 1865 855 1907 gentilibus
873 1866 1026 1906 proximis
1039 1888 1049 1903 ,

169 1915 248 1948 item
266 1914 408 1955 patronis
426 1911 456 1942 ὅ(
475 1917 683 1951 patronorum
700 1907 816 1939 liberis.
832 1916 920 1937 novo
938 1916 977 1937 ex
996 1906 1049 1950 Se-

168 1953 479 1992 natusconsultis‚ut
496 1949 691 1992 Orphitiano
708 1949 735 1980 ἅ
752 1947 965 1980 Tertulliano.
999 1947 1051 1978 Sic

171 1999 276 2031 delata
294 1995 454 2028 hereditas
473 1991 650 2032 adquiritur
660 1991 712 2022 vel
728 1988 795 2031 ipso
808 1990 876 2030 jure
893 1990 943 2021 vel
956 1988 1050 2020 facto.

171 2040 241 2081 ipso
260 2041 327 2079 jure
347 2034 524 2077 adquiritur
540 2031 739 2070 necessariis,
763 2031 840 2077 item
853 2030 927 2078 ‘suis
953 2031 982 2062 ἀ
1000 2040 1052 2062 ne-

171 2080 326 2113 cessariis:
342 2079 389 2111 his
408 2076 537 2118 quidem
555 2083 627 2106 cum
641 2073 758 2106 effectu
773 2080 976 2104 immixtione
998 2072 1051 2118 he-

172 2120 335 2159 reditatis‚
358 2121 425 2160 jure
444 2118 601 2151 Praetorio
622 2123 763 2156 recepta.
788 2114 875 2148 facto
893 2121 1052 2146 extraneis

172 2163 348 2205 adquiritur
358 2161 502 2193 aditione
519 2159 569 2190 vel
579 2157 723 2199 gestione
736 2165 795 2197 pro
812 2156 941 2202 herede.
965 2163 1051 2187 iitro-

175 2215 239 2245 que
264 2205 363 2236 modo
389 2203 441 2234 vel
460 2210 516 2242 per
536 2210 615 2239 nos,
640 2199 691 2230 vel
711 2208 768 2238 per
782 2198 872 2229 alios.
898 2206 955 2238 per
974 2206 1050 2238 nos;

175 2248 196 2280 fi
215 2247 324 2279 nostro
339 2245 469 2277 nomine
480 2243 627 2274 adeamus
637 2240 848 2272 hereditatem
860 2262 869 2278 ‚
880 2248 982 2279 prove
1000 2239 1053 2270 he-

178 2290 255 2321 rede
281 2295 438 2329 geramus.
462 2293 519 2325 per
543 2285 643 2321 aiios,
666 2290 701 2313 ut
719 2291 774 2322 per
791 2280 908 2312 liberos
925 2289 978 2312 aut
997 2281 1054 2312 ser-

178 2340 239 2361 vos
258 2338 338 2370 quos
356 2330 387 2360 in
406 2325 566 2367 potestate
583 2324 756 2362 habemus3
780 2322 801 2354 fi
820 2322 953 2368 heredes
970 2322 1055 2354 insti-

176 2375 236 2404 tuti
258 2371 468 2403 hereditatem
495 2367 629 2398 adierint
652 2364 730 2405 jussu
758 2364 876 2396 nostro.
902 2365 952 2396 led
980 2364 1009 2396 ὅ(
1033 2363 1055 2395 si

177 2413 376 2445 successimus
394 2409 505 2442 heredi
523 2409 673 2445 alterius3
689 2408 755 2446 ejus
766 2406 926 2438 hereditas
941 2406 979 2438 ad
995 2415 1055 2437 nos

178 2455 334 2496 pertinet3
359 2460 470 2491 certo,
496 2450 622 2482 hei-edis
638 2448 890 2490 appellationem
907 2450 946 2479 ad
964 2448 1055 2479 here·

179 2497 227 2528 dis
251 2496 402 2527 heredem
428 2494 458 2525 &
483 2492 638 2530 deinceps
663 2491 824 2530 pertinere
848 2489 867 2520 l.
884 2492 934 2528 65.
958 2488 1000 2520 D.
1025 2489 1058 2519 de

177 2539 256 2569 verb.
265 2535 415 2577 signifi&
433 2535 453 2567 l.
471 2534 525 2566 ult.
539 2533 571 2564 C.
587 2534 619 2563 de
631 2532 752 2577 heredis).
767 2528 860 2571 instii.
885 2530 947 2562 Sed
963 2539 1057 2570 appa·

177 2587 247 2615 ret,
273 2577 458 2608 hereditatis
478 2576 671 2616 petitionem
689 2574 753 2604 dari
770 2574 799 2604 ei
817 2573 870 2613 qui
888 2572 993 2612 potest
1011 2573 1055 2603 di-

177 2629 270 2656 cere,
297 2619 508 2649 hereditatem
536 2616 620 2647 suam
644 2614 725 2654 esse,
749 2613 812 2645 sive
830 2623 871 2645 ex
888 2613 1057 2645 testamen-

179 2671 215 2695 to
229 2685 238 2700 ‚
255 2660 318 2691 five
336 2669 375 2690 ex
394 2660 464 2700 lege
489 2659 527 2690 ab
550 2656 715 2689 intestato:
738 2657 837 2688 modo
863 2655 915 2686 ille
942 2656 995 2696 qui
1013 2653 1058 2686 est

179 2704 272 2736 heres
296 2701 477 2741 legitimus,
500 2701 539 2730 ab
558 2699 675 2730 herede
694 2697 812 2737 scripto
830 2706 870 2728 ex
889 2696 1057 2728 testamen-

179 2755 216 2778 to
231 2753 296 2776 non
308 2743 470 2782 acceperit
482 2742 631 2781 legatum.
645 2741 711 2771 imo
723 2739 753 2771 ἃ
763 2738 784 2770 si
799 2739 963 2779 acceperit
973 2738 1059 2778 igna-

179 2796 252 2825 rus,
269 2792 398 2825 ruptum
416 2791 469 2812 aut
485 2783 605 2813 irritum
622 2781 685 2813 esse
700 2792 710 2821 ;
736 2781 917 2821 deindeque
933 2780 1058 2811 intelle-

181 2830 235 2861 6ὶο
254 2835 380 2864 errore,
397 2824 436 2855 ab
452 2822 600 2854 intestato
617 2831 706 2863 petat
720 2822 953 2860 hereditatem3
972 2830 1059 2862 para-

181 2880 251 2908 tus,
265 2870 403 2909 legatum
422 2865 570 2897 reddere:
587 2874 623 2895 ea
640 2865 730 2905 lege,
754 2872 790 2894 ut
805 2863 835 2895 ei
852 2870 1020 2900 caveatur,
1038 2861 1060 2893 si

183 2919 297 2943 contra
315 2917 388 2939 eum
400 2907 440 2939 de
458 2905 637 2937 hereditate
651 2905 827 2944 judicatum
845 2905 960 2942 fuerit,
972 2904 1060 2936 reddi

181 2956 212 2985 ei
229 2954 369 2993 legatum
387 2950 405 2980 i,
424 2958 472 2988 43.
493 2947 533 2978 D.
552 2946 578 2977 b.
597 2953 621 2975 t.
660 2945 787 2977 Eodem
814 2947 914 2978 modo
943 2946 1060 2978 Paulus

179 2996 200 3026 l.
219 2999 244 3028 8.
270 2999 364 3033 negat
387 2990 559 3031 legitimam
578 2986 792 3018 hereditatem
809 2988 970 3019 vindicare
987 2995 1078 3027 pro»

179 3035 284 3067 hiberi
311 3043 382 3065 eum
408 3032 461 3071 qui
484 3039 558 3061 cum
576 3029 742 3069 ignorabat
758 3029 841 3060 vires
858 3028 1060 3068 testamenti,

178 3078 332 3119 judicium
356 3072 499 3106 defunCti
525 3070 675 3110 sequutus
698 3068 770 3113 estt
788 3069 906 3109 petita,
930 3069 972 3102 stc
992 3070 1059 3111 opi·

181 3128 263 3154 nor,
286 3126 303 3148 a
322 3117 463 3148 Praetore
478 3113 508 3145 in
525 3114 684 3152 integrum
702 3110 910 3142 restitutione.

222 3159 314 3190 Ordo
332 3167 427 3196 quem
446 3154 522 3187 mihi
539 3152 708 3195 proposui,
729 3151 865 3192 postulat
883 3160 980 3192 porro
997 3160 1058 3184 tra-

182 3202 234 3240 di,
258 3198 404 3231 adversus
424 3206 521 3238 quem
544 3196 646 3228 danda
670 3192 706 3224 fit
724 3193 911 3224 hereditatis
929 3194 1058 3232 petitio.

182 3242 354 3285 pollicetur
377 3248 483 3273 autern
507 3238 589 3272 hanc
614 3235 757 3276 Praetor,
782 3234 917 3276 adversus
931 3243 995 3268 euin
1011 3235 1062 3274 qui

999 116 1263 152 NoonT
1323 116 1537 153 Contu.

1080 205 1263 238 hereditatem
1274 204 1392 248 poffidet
1401 213 1454 248 pro
1470 207 1586 247 herede,
1606 213 1697 247 prove
1709 207 1861 249 poffeffore.
1899 209 1954 244 sic

1081 249 1217 289 concepi
1235 247 1404 280 EdiCtum:
1428 249 1457 280 ἂ
1472 250 1561 289 juvat
1577 250 1791 289 conjecturam
1808 259 1882 282 curn
1899 253 1953 285 de-

1080 287 1183 321 finitio
1201 289 1276 321 hinc
1293 289 1440 330 profecta
1456 291 1474 321 l.
1485 300 1514 328 9.
1533 299 1578 322 10.
1599 299 1644 321 11.
1665 290 1758 325 12&
1771 300 1817 333 13.
1835 292 1877 323 D.
1896 293 1954 325 h.t.

1082 338 1148 362 tum
1165 339 1275 362 natura
1294 331 1428 363 astionis
1445 334 1477 364 in
1496 341 1563 363 rem
1579 343 1587 363 ι
1611 340 1682 371 quae
1699 331 1828 364 subnixa
1842 333 1910 374 jure
1923 336 1956 367 in

1081 380 1136 409 re,
1159 381 1229 404 eam
1245 371 1404 412 sequitur,
1421 374 1452 404 in
1471 374 1700 414 cujuscumque
1718 383 1844 406 manum
1864 375 1958 407 deve-

1081 413 1181 444 nerit:
1197 422 1236 444 an
1253 414 1346 445 etiam
1363 414 1509 447 adversus
1525 415 1645 446 alium?
1662 424 1702 446 ne
1718 424 1793 455 puta
1809 415 1958 457 §.1.Inft.
1997 447 1999 449 .

1082 454 1115 484 de
1129 453 1232 485 astion.
1252 463 1287 486 ut
1304 463 1338 486 ut
1351 456 1466 496 jactet,
1491 465 1527 487 ac
1545 457 1679 495 clamet,
1696 456 1725 487 se
1742 457 1894 489 heredem
1913 468 1960 490 es-

1083 494 1134 541 spi
1154 494 1295 527 Praetore
1311 506 1375 528 non
1395 498 1434 529 de
1453 498 1605 537 nomine,
1623 498 1675 529 sed
1692 498 1732 529 de
1749 496 1885 537 effectu,
1900 498 1959 531 sol-

1083 537 1184 568 licito.
1221 536 1263 582 Et
1281 538 1324 568 ita
1344 537 1406 569 est:
1429 538 1553 571 Praetor
1568 549 1632 571 non
1652 539 1774 571 idcirco
1791 539 1957 580 proposuit:

1083 578 1272 622 hereditatis
1286 579 1497 620 petitionem;
1522 589 1556 612 ut
1572 582 1612 613 de
1628 581 1695 612 solo
1714 581 1839 614 heredis
1857 582 1960 613 norni-

1083 625 1124 650 ne
1148 623 1231 650 inter
1256 620 1285 649 le
1310 620 1375 650 dno
1400 624 1655 655 contenderent:
1680 622 1731 654 sed
1750 632 1783 654 ut
1802 623 1962 656 hereditas

1085 661 1125 692 de
1142 670 1203 706 qua
1227 660 1286 692 illis
1306 660 1341 692 lis
1359 661 1457 702 esset,
1480 664 1630 703 probanti
1656 663 1739 695 suam
1765 663 1826 696 esse
1841 664 1961 703 Judicis

1084 701 1194 733 officio
1212 711 1228 747 a
1246 700 1416 741 possessore
1435 706 1662 737 restitueretur.
1705 704 1890 738 Videndum
1908 706 1963 747 igi-

1085 751 1135 774 tur
1147 767 1156 782 ,
1173 746 1249 783 quid
1266 742 1320 780 fit,
1338 744 1548 778 hereditatem
1567 747 1723 784 possidere
1741 757 1800 787 pro
1819 747 1962 787 herede,

1085 794 1188 826 prove
1203 783 1382 824 possessore.
1408 785 1461 817 Est
1478 796 1582 819 autem
1598 789 1774 829 poffidere,
1791 799 1856 820 rem
1876 797 1964 820 tene-

1085 836 1119 858 re
1144 835 1218 857 cum
1243 828 1348 857 animo
1371 826 1426 858 fibi
1444 828 1600 868 habendi;
1622 830 1685 861 sive
1706 830 1789 869 sine,
1813 830 1877 862 sive
1894 839 1967 863 cum

1087 868 1263 908 opinione,
1280 868 1430 900 dominii:
1454 870 1555 901 altero
1569 871 1640 902 casu
1655 873 1758 903 civilis
1770 895 1779 910 ,
1796 873 1905 907 altero,
1917 881 1967 903 na·

1088 909 1215 948 ruralis,
1232 908 1377 950 poffeffio
1395 911 1581 951 appellatur.
1598 914 1685 953 quod
1705 913 1725 944 si
1743 914 1812 953 quis
1829 922 1895 944 non
1913 912 1965 944 ha·

1088 951 1162 981 beat
1186 952 1324 997 animum
1349 951 1406 983 sibi
1430 951 1594 986 habendi:
1625 953 1677 986 sed
1702 955 1894 986 detentione
1916 954 1967 986 sua

1088 992 1251 1032 praebendi
1269 992 1398 1024 alterius
1416 993 1596 1033 possessioni
1613 995 1834 1027 ministerium:
1850 996 1875 1027 is
1888 996 1965 1027 dici-

1089 1042 1139 1065 tur
1167 1035 1298 1074 quidem
1322 1042 1452 1074 tenere,
1475 1035 1505 1067 <St
1531 1037 1563 1067 in
1588 1036 1776 1077 possessione
1801 1036 1890 1077 esse3
1912 1037 1965 1069 sed

1089 1076 1328 1115 possiderenon
1343 1077 1469 1108 dicitur.
1503 1076 1536 1108 In
1557 1079 1721 1118 proposito
1739 1086 1843 1110 tamen
1861 1080 1965 1119 placu-

1089 1119 1132 1162 it,
1150 1116 1204 1148 sub
1213 1117 1429 1156 appellatione
1439 1117 1636 1159 possessoris,
1653 1119 1707 1152 etsi
1719 1120 1881 1152 resistente
1900 1120 1966 1152 sub-

1085 1159 1201 1190 tilitate
1222 1158 1334 1197 verbi,
1351 1160 1448 1192 etiam
1468 1160 1672 1193 detentorem
1690 1163 1869 1194 contineri:
1892 1162 1965 1203 quia

1084 1209 1175 1241 teque
1200 1209 1237 1230 ac
1258 1199 1410 1240 possessor
1431 1201 1529 1233 habet
1551 1202 1752 1235 restituendae
1771 1205 1814 1235 rei
1832 1203 1966 1235 faculta-

1086 1249 1163 1273 tem.
1179 1242 1362 1281 exemplum
1378 1243 1410 1274 in
1426 1244 1445 1274 l.
1462 1247 1512 1284 36.
1532 1245 1577 1275 D.
1594 1245 1621 1275 b.
1638 1251 1659 1276 t.
1682 1245 1763 1277 illud
1783 1246 1965 1284 videamus,

1086 1292 1153 1324 quo
1172 1282 1258 1314 sensu
1275 1282 1436 1315 hereditas
1455 1285 1602 1324 possideri
1619 1287 1758 1317 dicatur:
1781 1287 1900 1327 quippe
1917 1296 1967 1319 res

1086 1324 1319 1365 incorporaliS,
1343 1324 1410 1356 solo
1428 1325 1575 1358 constans
1591 1327 1754 1359 intelletsu
1766 1351 1775 1367 ,
1799 1337 1838 1359 ac
1856 1335 1966 1359 natura

1090 1366 1195 1406 tangi,
1216 1366 1337 1405 teneri,
1359 1374 1412 1397 aut
1428 1367 1594 1407 poffideri,
1609 1369 1769 1400 inidonea.
1794 1368 1866 1410 Ego
1885 1378 1965 1400 vero

1090 1407 1224 1445 censen,
1250 1407 1464 1440 hereditatem
1488 1409 1652 1449 possideri3
1676 1420 1748 1442 cum
1773 1420 1823 1441 res
1843 1411 1967 1441 heredi-

1091 1448 1167 1479 taria
1181 1448 1230 1480 vel
1245 1449 1292 1488 jus
1311 1449 1536 1481 hereditarium
1558 1451 1732 1488 pofficictur
1749 1461 1807 1492 pro
1826 1452 1965 1489 herede,

1090 1499 1193 1530 prove
1221 1488 1404 1530 possessore.
1428 1493 1519 1531 praeit
1543 1491 1698 1531 Ulpianus
1724 1493 1743 1524 l.
1757 1502 1786 1528 9.
1812 1494 1839 1523 h.
1855 1499 1876 1523 t.
1899 1493 1968 1532 opi-

1093 1541 1173 1570 nor,
1190 1541 1230 1562 ex
1250 1530 1352 1562 Edisti
1363 1531 1534 1564 sententia:
1549 1533 1698 1565 etsienim
1717 1534 1839 1565 Praetor
1856 1534 1967 1573 loqua-

1094 1581 1147 1617 tur·
1167 1573 1207 1604 de
1225 1572 1418 1612 hereditate,
1444 1573 1573 1614 ipsaque
1588 1574 1681 1606 distet
1699 1584 1715 1605 a
1735 1575 1829 1605 rebus
1846 1574 1968 1605 heredi-

1093 1623 1196 1653 tariis,
1221 1622 1325 1645 tamen
1350 1623 1423 1646 cum
1442 1617 1546 1646 omnis
1563 1616 1629 1655 ejus
1649 1616 1713 1654 vis,
1738 1616 1862 1654 honor,
1886 1616 1968 1647 utili-

1093 1664 1224 1695 tasque,
1243 1656 1408 1699 pendeata
1428 1657 1520 1687 rebus
1539 1657 1757 1696 hereditariis,
1775 1656 1903 1698 ipsaque
1919 1660 1970 1689 ad·

1093 1698 1235 1737 quiratur
1256 1706 1381 1736 anime,
1406 1699 1645 1739 qualiscumque
1670 1709 1719 1731 res
1737 1708 1795 1739 pro
1813 1698 1968 1730 heredita-

1091 1748 1136 1770 ria
1153 1740 1324 1779 attingatur
1336 1762 1345 1777 ,
1370 1740 1466 1770 etiam
1484 1741 1534 1770 ubi
1554 1749 1618 1771 non
1635 1739 1680 1771 est
1697 1741 1786 1779 talis;
1810 1741 1912 1779 cedo,
1929 1749 1968 1773 atr

1093 1780 1198 1820 potest
1217 1780 1306 1825 fieri²
1323 1789 1358 1811 ut
1376 1790 1442 1812 rem
1461 1790 1513 1812 aut
1527 1782 1575 1821 jus
1595 1781 1822 1813 hereditarium
1840 1791 1900 1822 pro
1915 1782 1970 1813 he-

1093 1824 1168 1853 rede
1185 1831 1286 1862 prove
1304 1821 1474 1862 possessore
1500 1823 1679 1863 possidens,
1703 1833 1766 1855 non
1783 1824 1927 1855 videatur
1939 1832 1970 1855 a·

1093 1865 1181 1894 nimo
1193 1871 1293 1894 totam
1303 1864 1474 1904 complecti
1493 1864 1723 1903 hereditatem,
1740 1874 1848 1896 natura
1861 1864 1910 1896 sua
1926 1867 1970 1897 in*-

1094 1905 1254 1936 dividuam
1267 1928 1277 1944 ‚
1301 1914 1361 1936 nec
1378 1915 1436 1946 pro
1455 1915 1544 1944 parte
1565 1907 1685 1946 adquiri
1704 1915 1758 1937 aut
1776 1907 1906 1938 retineri
1924 1905 1972 1938 so-

1094 1947 1191 1978 litam.
1222 1946 1287 1986 ]am
1308 1948 1379 1978 viee
1397 1946 1496 1984 versa,
1523 1948 1547 1978 is
1565 1950 1617 1988 qui
1637 1948 1848 1979 hereditatem
1866 1948 1973 1989 petit,

1094 1988 1176 2019 suam
1192 1988 1351 2020 achonem
1370 1989 1468 2030 magis
1489 1990 1619 2020 metitur
1636 1999 1676 2021 ex
1691 1990 1759 2029 jure
1777 1989 1850 2028 suo,
1874 1998 1971 2030 quam

1095 2039 1135 2061 ex
1153 2039 1193 2061 eo
1206 2031 1291 2069 quod
1306 2029 1455 2070 possessor
1471 2030 1653 2070 occupavit.
1677 2040 1738 2062 nee
1753 2031 1855 2062 minus
1867 2038 1973 2062 totam

1095 2071 1271 2103 vindicabit
1289 2072 1519 2109 hereditatem3
1538 2072 1613 2103 licet
1631 2079 1664 2103 tu
1683 2081 1775 2104 unam
1794 2081 1860 2104 rem
1878 2071 1973 2113 possi·
2018 2083 2019 2087 ¹

1095 2114 1188 2151 deas,
1213 2121 1246 2144 ut
1271 2121 1305 2144 ut
1323 2114 1483 2145 minimam
1500 2114 1517 2143 l.
1538 2123 1585 2144 10.
1599 2121 1644 2153 pr.
1663 2113 1705 2144 D.
1724 2114 1750 2144 h.
1768 2120 1788 2145 t.
1811 2114 1892 2145 adeo
1911 2121 1973 2144 nec

1095 2155 1173 2187 mihi
1191 2155 1333 2195 impero:
1357 2164 1397 2186 ne
1416 2155 1446 2185 in
1464 2154 1618 2196 d.l.1o.§.
1633 2163 1657 2185 1.
1677 2156 1764 2187 omni
1780 2155 1880 2187 modo
1897 2163 1972 2195 pro-

1096 2197 1170 2228 bem
1190 2197 1270 2227 hanc
1289 2195 1359 2236 Gaji
1377 2196 1562 2228 illationem.
1588 2199 1692 2237 licique
1706 2197 1757 2237 qui
1772 2206 1808 2228 ex
1825 2196 1880 2237 affe
1896 2197 1973 2227 heres

1096 2237 1153 2279 est,
1179 2238 1303 2268 intendit
1329 2239 1443 2279 quidem
1466 2237 1649 2269 hereditatem
1660 2239 1742 2275 suain
1758 2237 1829 2278 effe.-
1844 2237 1898 2278 sed
1924 2237 1973 2268 boc

1088 2280 1185 2321 solum
1203 2281 1228 2310 ei
1244 2278 1333 2320 officio
1351 2279 1470 2319 Jzidicis
1494 2278 1673 2320 restituitur,
1699 2282 1774 2320 quod
1792 2279 1975 2319 adversarius

1092 2321 1221 2363 poffidei.
1246 2321 1415 2360 videlicet,
1439 2322 1510 2361 quia
1536 2322 1568 2353 id
1593 2330 1633 2352 ex
1658 2321 1836 2353 hereditate
1854 2319 1974 2352 restitui

1098 2363 1197 2394 solum
1215 2362 1332 2403 potest.

1140 2405 1257 2437 Adhuc
1275 2404 1406 2444 quaeris‚
1423 2402 1499 2444 quid
1517 2404 1547 2434 in
1559 2402 1674 2435 Edicto
1690 2402 1745 2441 sit,
1762 2402 1975 2434 hereditatem

1098 2455 1158 2487 pro
1184 2446 1322 2485 herede,
1347 2455 1447 2486 prove
1468 2444 1638 2485 possessore
1656 2444 1839 2485 possidere?
1863 2443 1928 2475 Vix
1943 2452 1977 2474 o·

1099 2497 1157 2529 pus
1173 2486 1324 2525 adscribi,
1341 2487 1430 2526 quod
1446 2486 1547 2527 liquet
1564 2487 1648 2517 ultro
1661 2509 1669 2524 ‚
1687 2486 1899 2518 hereditatem
1915 2493 1974 2526 pro

1100 2529 1220 2561 herede
1245 2528 1401 2568 possidere
1425 2528 1478 2567 qui
1503 2536 1571 2558 eam
1593 2527 1729 2568 possidet
1746 2535 1907 2567 tamquam
1924 2526 1977 2557 he-

1099 2580 1164 2603 res:
1180 2570 1209 2601 &
1229 2579 1286 2610 pro
1304 2568 1494 2610 possessore,
1512 2569 1564 2607 qui
1576 2578 1644 2600 eam
1662 2568 1799 2608 possidet
1815 2575 1975 2609 tamquam

1100 2611 1262 2653 possessor.
1286 2612 1317 2642 id
1331 2611 1415 2642 enim
1434 2610 1627 2641 denunciare
1647 2611 1794 2642 voculam
1807 2633 1816 2648 ‚
1836 2616 1907 2649 pro,
1922 2609 1976 2640 ali-

1102 2655 1133 2685 bi
1151 2652 1288 2685 ostendi.
1311 2651 1387 2684 Inde
1404 2653 1487 2691 apud
1506 2649 1679 2691 Ulpianum
1697 2651 1715 2682 l.
1729 2661 1774 2682 11.
1786 2652 1899 2683 I).b.t.
1916 2650 1976 2681 Pro

1103 2696 1223 2727 herede
1240 2694 1396 2735 possidere
1410 2693 1545 2730 dicitur,
1569 2703 1634 2724 non
1653 2693 1707 2733 qui
1724 2693 1770 2724 est
1788 2693 1900 2731 heres,
1925 2689 1976 2722 sed

1103 2738 1156 2778 qui
1176 2743 1283 2776 putat,
1299 2735 1328 2766 se
1346 2735 1498 2766 heredem
1516 2733 1596 2773 esse,
1610 2744 1684 2766 cum
1701 2743 1766 2766 non
1786 2733 1850 2771 est,
1867 2732 1977 2773 autju-

1103 2789 1137 2810 re
1155 2787 1220 2809 non
1239 2778 1390 2815 habetur,
1409 2776 1511 2807 heres.
1535 2777 1704 2813 nimirum,
1722 2775 1908 2807 hereditatis
1924 2783 1976 2815 ρε-

1104 2820 1196 2857 titio,
1214 2821 1286 2859 quia
1297 2818 1407 2849 heredi
1426 2819 1537 2857 datur,
1553 2827 1617 2849 non
1629 2816 1736 2858 potest
1750 2819 1815 2848 dari
1832 2814 1976 2847 adversus

1104 2862 1255 2893 heredem
1268 2883 1276 2897 ‚
1300 2867 1460 2898 tamquam
1478 2859 1640 2891 heredem.
1671 2858 1739 2899 Jam
1755 2857 1834 2890 sicut
1852 2867 1909 2898 pro
1925 2857 1978 2887 he·

1104 2905 1180 2935 rede
1196 2901 1354 2942 poffidere
1370 2902 1486 2932 dicitur
1497 2923 1507 2940 ,
1523 2902 1576 2940 qui
1588 2909 1679 2941 putat
1689 2900 1718 2931 se
1734 2899 1796 2931 esse
1807 2899 1979 2935 hei-edem,

1104 2954 1176 2976 cum
1200 2953 1265 2975 non
1291 2943 1344 2975 sit:
1368 2943 1410 2974 ita
1432 2942 1486 2982 qui
1503 2941 1578 2982 scit,
1600 2941 1631 2973 se
1648 2951 1713 2973 non
1731 2941 1792 2973 esse
1807 2940 1978 2985 heredem,

1104 2987 1134 3018 ἃ
1156 2994 1260 3017 tamen
1283 2993 1340 3025 per
1361 2984 1563 3016 mendacium
1588 2984 1686 3022 dicit,
1710 2983 1741 3014 se
1763 2981 1848 3027 esse,
1864 2981 1978 3013 dicitur

1103 3023 1980 3107 iss..2ss¹ssisj²ui?.¹si0tffns·,2213sustentasti&

1103 3110 1166 3142 Pro
1183 3109 1354 3151 possessore
1370 3108 1528 3149 possidere
1542 3108 1660 3140 dicitur
1674 3104 1798 3146 praedo:
1812 3105 1870 3147 qui
1882 3108 1979 3132 inter-

1103 3160 1251 3193 rogatus,
1268 3160 1324 3183 cur
1342 3150 1517 3191 possideat,
1533 3146 1733 3190 responsurus
1749 3144 1803 3182 sit,
1819 3152 1891 3183 quia
1908 3151 1981 3183 pos-

1103 3193 1211 3231 side03
1235 3202 1296 3224 nec
1320 3191 1508 3229 contendit,
1532 3190 1562 3222 se
1589 3188 1739 3221 heredem
1769 3184 1833 3217 esse
1857 3184 1908 3215 vel
1924 3191 1982 3228 per

1103 3235 1329 3273 mendacium.
1350 3241 1412 3267 nec
1427 3231 1524 3273 poffit
1548 3231 1643 3268 uuam
1660 3226 1782 3262 causam
1799 3226 1936 3297 dicerei}1
1939 3223 1982 3297 g
