2036 3495
572 117 638 153 An
661 116 752 152 L113.
778 115 843 152 IV.
882 116 980 154 T1r.
1007 117 1073 155 lV.
1106 117 1156 154 De
1174 118 1352 155 minoribus.

50 216 114 250 que
130 216 243 242 contra
258 218 315 241 eos
333 208 385 251 qui
403 215 615 250 acceperunt,
640 214 831 239 caeterorum
848 216 923 248 que-

49 251 163 289 relam,
188 260 222 283 ut
247 253 378 293 pecunia
400 252 674 287 communicetur,
698 258 763 281 nori
788 250 922 281 admitti.

48 293 111 324 Sed
128 295 220 325 nimis
232 294 348 333 liquet,
367 292 523 333 postulata
534 291 750 328 restitutione,
767 291 922 331 quidquid

48 335 86 365 ad
106 335 262 366 minorem
286 334 451 374 pervenit,
473 333 512 364 ab
528 343 569 364 eo
591 332 711 363 restitui
730 332 920 364 adversario.

46 375 136 407 Idem
147 375 227 414 esse,
246 378 289 407 ait
305 375 485 409 Antoninus
501 375 528 405 d.
547 374 565 405 l.
583 373 661 405 unic.
679 372 700 404 ss
712 374 785 414 quid
803 373 921 405 factum

47 416 94 448 est
116 419 182 457 eius
206 418 303 454 dolo,
327 425 392 456 quo
411 419 512 448 minus
532 417 727 456 perveniret.
753 425 818 446 non
836 416 919 446 enim

47 457 94 489 est
111 458 241 490 Praetori
261 459 444 499 negotium,
467 457 667 497 improbitati
684 458 712 487 ὅ(
732 457 857 488 malitiae
875 457 919 488 in-

45 500 198 541 dulgerez,
216 499 265 531 sed
283 500 382 530 aetatis
401 499 530 530 minoris
546 498 671 529 lubrico
692 500 720 529 <St
735 498 855 529 consilii
875 500 919 529 in-

45 539 186 572 firmitati
206 540 382 572 subvenire.
414 541 521 579 Atque
539 539 608 570 haec
625 541 804 579 procedunt
820 540 917 570 maxi-

45 583 144 614 mein
161 583 209 613 his
225 592 292 623 quae
308 582 450 622 pendent
467 582 506 612 ab
518 591 582 613 iino
601 584 765 621 utriusque
782 581 850 612 actu
862 605 871 620 ‚
889 581 918 612 &

45 623 130 663 quasi
148 624 331 660 cohaerent,
348 633 408 654 nec
424 623 519 654 facile
538 622 735 663 separantur:
754 632 788 654 ut
804 625 833 653 in
854 632 918 654 em·

42 666 157 706 ptione
174 666 203 696 ἃ
220 665 407 696 venditione
422 688 431 702 ,
456 665 484 696 ἀ
501 664 662 695 similibus.
689 665 743 695 sed
761 665 850 694 aliter
874 663 918 695 est

43 707 75 738 in
91 706 254 746 separatis:
278 707 378 746 qualis
395 706 481 737 casus
499 705 543 737 est
561 707 579 737 l.
599 711 647 740 28.
664 708 691 737 h.
711 712 733 737 t.
758 705 870 736 Minor
886 714 916 736 e-

42 749 89 788 git
112 747 235 778 actione
258 749 366 779 tutelae
383 748 517 779 diretta:
543 756 630 779 tutor
653 748 821 779 contraria.
845 747 918 784 ille,

44 796 80 820 ut
104 790 185 820 ratio
210 789 415 821 redderetur:
441 789 494 820 hic
519 799 553 821 ut
577 788 732 829 impensas
750 790 918 828 reciperet.

42 830 148 862 minor
165 829 306 862 obtinuit
324 832 448 869 mitius,
466 840 560 870 quam
577 830 630 862 fibi
644 831 752 861 deberi
765 829 919 861 existima-

43 871 107 902 bat.
140 872 222 912 petit
245 871 364 903 restitui
391 874 421 904 in
445 875 615 913 integi-uin.
647 882 684 903 an
708 871 919 903 restituendus

44 921 175 953 quoque
191 914 303 945 tutor‘?
327 924 421 956 negat
446 914 666 945 Modestinus:
690 914 762 952 quia
780 914 919 952 separata

43 954 88 985 est
100 963 232 995 utraque
247 956 331 987 attio
342 979 351 993 ‚
370 965 430 987 nec
447 956 544 986 altera
556 964 627 986 cum
640 956 736 985 altera
747 955 919 994 quidquam

42 995 142 1028 habet
156 1006 340 1029 commune.
371 996 479 1029 Potest
495 998 579 1028 enim
597 996 659 1028 ell'e
676 997 793 1027 ‹iii-ecta
810 996 918 1026 tutelae

41 1037 145 1075 actio,
163 1047 196 1068 ut
206 1048 270 1070 non
287 1038 322 1071 sit
339 1040 508 1070 contraria.
533 1039 604 1069 vice
615 1047 745 1078 quoque
762 1036 846 1068 versa
861 1046 918 1076 po-

43 1078 103 1110 test
120 1078 405 1112 instituicontraria
417 1104 427 1119 ,
444 1089 476 1111 ut
492 1089 555 1111 non
576 1078 822 1121 agaturdirefta.
847 1077 919 1109 Nec

45 1120 190 1152 dissimile
206 1122 269 1160 est,
293 1123 380 1161 quod
397 1123 545 1153 traditum
563 1122 582 1151 l.
602 1131 650 1157 29-
670 1120 699 1162 §.
721 1130 745 1152 1.
762 1121 790 1152 d.
811 1127 832 1151 t.
871 1119 919 1151 Ex

42 1160 257 1201 superioribus
274 1163 403 1204 profluit
421 1164 478 1194 alia
496 1162 627 1201 quaestio
643 1162 723 1201 l.4i.
744 1162 772 1192 b.
790 1168 811 1192 ι.
829 1162 917 1200 cuius

43 1205 145 1235 variat
162 1204 267 1236 lectio.
317 1205 486 1237 Florentiae
502 1203 544 1235 sic
561 1204 676 1234 editur.
711 1203 743 1234 Si
756 1203 847 1242 judex
864 1203 917 1232 cir·

44 1252 198 1277 cumvento
216 1250 247 1277 in
268 1248 433 1277 venditione
447 1245 622 1285 adulescenti
630 1242 715 1285 jiifflt
725 1245 861 1283 fundum
876 1252 918 1274 re-

37 1285 146 1328 fiuuz',
169 1297 287 1329 eumque
297 1289 425 1328 precium
441 1287 560 1326 emptori
578 1287 709 1323 reddere,
733 1284 769 1319 δ’
786 1286 831 1316 hic
847 1285 919 1315 nolit

42 1331 97 1361 hac
104 1330 137 1360 in
152 1330 296 1371 integrum
313 1327 506 1367 restitutione:
515 1328 687 1368 paenitentia
701 1325 768 1357 ιιὲἶα
779 1327 919 1367 exceptio-

43 1380 108 1401 nem
124 1371 225 1401 utilem
240 1371 377 1410 adversus
392 1375 531 1409 petentem
541 1370 687 1409 pretium,
704 1366 785 1409 quast
801 1377 836 1399 ex
854 1377 922 1399 cau-

34 1411 75 1453 Jiz
87 1412 214 1454 judicati
237 1412 400 1451 adulescens
416 1412 516 1442 habere
529 1411 658 1451 poterit:
678 1411 749 1451 quia
764 1410 923 1451 unicuique

43 1454 107 1485 licet
125 1460 299 1484 contemnere
324 1453 380 1484 haec
397 1462 459 1494 quse
471 1460 524 1493 pro
540 1452 567 1490 le
584 1450 750 1482 introducta
765 1452 845 1491 sunt.
872 1460 922 1481 nec

44 1496 127 1538 queri
138 1497 240 1535 poterit
257 1496 406 1532 venditor,
419 1493 448 1532 si
463 1491 713 1534 restitutusfueric
729 1494 761 1523 in
776 1502 837 1524 eum
854 1502 922 1524 cau-

36 1544 104 1577 Jain
123 1537 154 1567 in
170 1546 227 1577 qua
236 1537 268 1574 se
277 1536 332 1576 ipse
349 1534 516 1576 constituit:
531 1535 665 1576 &quam
676 1540 787 1565 mutare
802 1544 858 1564 non
872 1541 922 1574 po-

48 1576 143 1617 tuiffec
181 1576 210 1615 fi
223 1579 317 1609 rrii'nor
334 1577 480 1608 auxilium
499 1577 634 1608 Praecoris
659 1586 716 1606 non
738 1576 918 1616 implorqlfht.

46 1618 99 1650 Sic
117 1617 297 1649 Florentia».
319 1620 401 1659 apud
422 1618 640 1650 Haloandruin
659 1617 721 1655 est,
738 1617 774 1651 ὅ*
790 1617 835 1648 hic
850 1617 922 1647 nolit

49 1661 96 1692 uti
120 1660 173 1691 huc
193 1661 225 1691 in
245 1661 391 1701 integrum
415 1657 602 1700 restitucione.
641 1658 810 1690 Russardus
837 1668 918 1699 pro,

47 1702 200 1741 venditor,
224 1710 357 1741 quoque
372 1701 487 1740 habet,
504 1707 628 1742 emptor.-
651 1709 840 1740 quamquam
857 1699 920 1732 Ha-

49 1743 183 1776 loander
209 1745 326 1774 retinet
347 1744 499 1781 venditor,
524 1752 558 1774 ut
577 1742 623 1774 est
638 1743 667 1773 in
686 1742 829 1773 editione
846 1741 919 1773 Flo-

47 1785 184 1817 rentina.
207 1784 278 1824 sed,
295 1794 343 1816 res
363 1784 518 1824 postulat,
546 1791 662 1826 emptor.
690 1783 835 1824 Species:
858 1783 921 1815 Mi-

47 1835 109 1859 noi·
125 1826 269 1858 vendidit
286 1825 422 1857 fundum
438 1834 530 1857 certo
546 1826 662 1867 pretio.
679 1825 705 1856 is
717 1825 822 1857 minor
838 1826 920 1865 petit

47 1867 169 1900 restitui
194 1869 225 1899 in
248 1867 418 1908 integrum.
464 1867 587 1899 Praetor
604 1867 658 1898 suo
674 1868 806 1898 decreto
821 1866 921 1906 Juffit,

46 1910 164 1942 minori
179 1909 217 1940 ab
234 1918 382 1949 emptore
399 1908 517 1940 restitui
538 1908 693 1947 fundum;
716 1909 746 1940 &
762 1918 779 1939 a
796 1910 920 1941 minore

48 1952 122 1983 vice
139 1950 225 1982 versa
242 1952 379 1991 pretium
397 1951 515 1982 restitui
534 1951 693 1990 emptori3
710 1950 787 1981 ficut
799 1951 828 1981 in
840 1951 919 1981 inte-

46 2002 138 2035 grum
154 1991 353 2023 restitutione
368 1993 467 2024 moris
483 1992 539 2023 est.
564 1991 672 2033 postea
684 1992 921 2023 adolescentem

47 2034 200 2076 poenituit
216 2036 394 2075 impetratae
411 2033 629 2065 restitutionis.
655 2034 750 2075 igitur
769 2043 833 2065 nori
851 2034 921 2064 vult

49 2085 87 2108 ea
104 2076 160 2107 uti.
185 2075 249 2116 ejus
266 2075 459 2107 adversarius
475 2077 540 2117 agit
551 2076 677 2107 actione
697 2077 740 2106 rei
755 2075 921 2115 judicatae,

48 2124 86 2150 ut
101 2116 155 2148 sibi
181 2117 317 2157 pretium
343 2116 539 2148 restituatur:
564 2126 691 2157 paratus
716 2118 743 2147 ei
767 2116 922 2156 fundum,

50 2166 86 2190 uc
101 2157 213 2197 jusssis,
236 2158 411 2190 restituere.
435 2160 604 2200 quaeritur:
629 2168 666 2190 an
689 2160 794 2190 minor
814 2159 925 2190 adver-

50 2198 99 2231 sus
115 2208 187 2231 eum
206 2200 298 2240 poffit
315 2200 361 2231 uti
382 2200 449 2231 utili
468 2202 683 2241 exceptione,
701 2200 732 2231 id
749 2199 814 2239 est,
831 2209 924 2231 exce·

51 2240 165 2282 ptioiie
180 2242 210 2271 in
228 2240 372 2272 factum?
391 2241 490 2281 prima
506 2241 590 2273 facie
607 2251 672 2272 non
691 2242 834 2274 videtur:
851 2250 922 2282 qua-

52 2282 74 2315 fi
89 2282 265 2314 adversario
280 2281 316 2313 sit
326 2283 374 2322 jus
389 2282 552 2323 quaefitum
563 2293 603 2315 ex
613 2284 747 2314 decreto
759 2283 927 2323 Praetoris,

51 2325 262 2364 utrumquein
280 2324 439 2365 integi-um
455 2323 658 2356 restituentis.
682 2324 737 2355 Ait
753 2332 858 2356 tamen
876 2325 927 2364 Ju-

51 2362 171 2404 lianus,
192 2365 279 2405 quod
296 2364 481 2397 adolescens
498 2367 726 2407 exceptionem
745 2367 854 2398 utilem
873 2367 926 2397 ad-

51 2405 160 2438 versus
178 2414 343 2447 petentem
364 2410 500 2447 pretium
513 2431 523 2447 ,
547 2407 630 2449 quali
645 2417 685 2438 ex
703 2407 791 2438 causa
806 2408 925 2448 judica-

54 2447 99 2486 ti,
123 2448 241 2479 habere
268 2450 398 2489 poterit.
430 2449 460 2480 ot
487 2458 546 2488 pro
571 2449 694 2480 ratione
717 2450 830 2481 addit:
855 2449 927 2490 quia

54 2490 227 2529 unicuique
250 2489 326 2521 licet
348 2497 558 2522 contemnere
581 2491 650 2521 haec
665 2499 734 2531 quae
751 2499 809 2531 pro
829 2490 858 2521 se
883 2491 927 2521 in-

56 2531 199 2576 trodutta
218 2530 304 2562 sunt:
321 2541 382 2563 nec
397 2532 486 2572 queri
504 2532 624 2572 poterit
639 2541 768 2573 emptor
780 2556 789 2571 ‚
807 2531 868 2571 (sic
884 2532 928 2562 di-

55 2579 88 2602 xi
105 2571 294 2612 legendum)
315 2572 336 2604 fi
353 2572 514 2605 restitutus
529 2573 627 2605 fuerit
641 2574 671 2605 in
691 2574 838 2605 eamdem
857 2582 927 2603 cau-

55 2610 117 2643 sam
138 2614 169 2643 in
187 2622 279 2652 quam
296 2612 325 2643 se
344 2613 409 2654 ipse
424 2615 650 2652 constituerat,
669 2616 698 2646 &
715 2624 809 2655 quam
827 2622 928 2646 muta·

55 2661 90 2684 re
109 2661 174 2699 non
190 2653 360 2698 potuisset,
382 2654 404 2687 si
421 2657 524 2688 minor
547 2666 613 2688 non
637 2655 831 2697 impetrasset
847 2656 928 2687 Prae-

56 2700 137 2726 toris
155 2695 315 2726 auxilium.

99 2734 180 2766 Item
199 2736 367 2774 quaeritur,
384 2736 404 2767 fi
422 2739 524 2769 minor
540 2738 686 2770 adversus
702 2739 860 2771 minorem
880 2748 927 2770 re-

57 2776 142 2809 stitui
159 2776 330 2814 desiderat,
344 2786 383 2809 an
401 2776 437 2822 fit
453 2779 652 2812 audiendus?
671 2779 824 2820 Ulpianus
839 2782 858 2811 l.
882 2789 928 2810 11.

57 2818 87 2860 §.
106 2821 136 2849 6.
155 2818 182 2849 h.
199 2824 220 2848 t.
246 2825 355 2858 putat,
379 2819 609 2858 inspiciendum
633 2830 648 2851 a
676 2821 835 2860 Praetore,
859 2822 929 2860 quis

57 2867 170 2900 captus
186 2858 231 2891 fit.
253 2859 386 2899 proinde
403 2859 423 2890 fi
441 2860 536 2891 ambo
553 2863 636 2901 capti
654 2862 740 2900 sunt,
759 2863 849 2894 verbi
861 2871 928 2903 gra-

57 2901 119 2940 tia,
144 2901 249 2932 minor
261 2901 384 2932 minori
403 2902 568 2940 pecuniam
587 2904 674 2934 dedit
686 2927 695 2942 ,
712 2904 742 2935 &
759 2904 812 2936 ille
828 2904 930 2944 perdi·

57 2943 122 2974 dit:
147 2942 280 2980 melior,
305 2942 426 2982 inquit,
450 2941 495 2973 est
521 2942 610 2974 causa
631 2945 696 2984 ejus
715 2948 767 2985 qui
785 2947 929 2984 accepit,

58 2983 89 3016 &
105 2983 311 3024 dilapidavit,
329 2983 380 3014 vel
398 2983 543 3023 perdidit.
569 2984 664 3016 Plane
681 2986 710 3016 in
730 2986 758 3028 §‚
773 2996 808 3025 7.⁴
821 2985 930 3017 censet

56 3024 233 3067 Ulpianus,
257 3025 278 3057 fi
298 3025 402 3056 minor
416 3025 505 3057 annis
521 3034 593 3055 cum
615 3025 818 3059 filiofamilias
834 3028 929 3067 majo-

57 3077 93 3100 re
109 3067 289 3099 contraxit:
315 3065 403 3107 posl'e
421 3067 451 3097 in
477 3068 634 3107 integi-um
657 3066 795 3107 i·estitui;
817 3076 851 3099 ut
868 3077 930 3099 ma·

61 3109 106 3150 gis
119 3109 237 3148 aetatiS,
257 3117 350 3149 quarn
360 3108 647 3147 Senatusconsulti,
667 3109 748 3140 ratio
765 3110 928 3141 habeatur.

59 3151 136 3190 quid
153 3173 163 3190 ,
193 3149 216 3183 fi
239 3150 323 3191 apud
349 3151 507 3181 minorem
534 3150 646 3181 mulier
672 3159 731 3190 pro
754 3151 816 3182 alio
839 3152 932 3182 inter-

60 3190 209 3223 cesserit?
227 3191 248 3223 fi
264 3191 407 3223 audimus
427 3189 541 3231 Gajum
559 3192 578 3222 l.
602 3201 647 3223 12.
667 3192 693 3222 h.
710 3197 730 3223 t.
754 3201 819 3223 non
837 3191 883 3223 est
903 3193 932 3223 ei

61 3232 144 3265 attio
160 3233 193 3265 in
207 3234 373 3266 mulierem
392 3233 512 3266 danda:
534 3231 587 3265 sed
602 3233 735 3275 perinde
757 3242 855 3275 atque
871 3242 930 3266 cae—

1802 128 1849 165 93

969 208 1046 246 teri,
1063 216 1120 248 per
1135 209 1364 249 exceptionem
1381 207 1541 240 removeri
1560 206 1676 239 debetz
1701 205 1843 245 scillcet,

968 249 1040 289 quia
1056 251 1298 290 communijure
1317 251 1344 281 ei
1361 250 1444 281 attio
1460 249 1491 280 in
1504 250 1642 289 priorem
1657 249 1842 280 debitorem

966 289 1150 322 restituitur.
1174 291 1254 322 Haec
1271 291 1292 322 si
1314 291 1466 323 solvendo
1484 290 1519 322 fit
1535 292 1622 330 prior
1640 291 1787 322 debitor:
1809 299 1841 320 a·

965 332 1089 368 lioiiuin
1102 333 1214 362 mulier
1230 342 1294 363 non
1306 332 1696 364 utetur-Senatusconsulti
1712 332 1843 363 auxilio.

1003 371 1080 404 Non
1098 375 1337 413 praeter-mittam
1355 374 1407 404 hic
1423 376 1442 404 I.
1465 384 1508 413 153.
1525 375 1552 405 l).
1571 380 1591 404 t.
1611 375 1684 414 quia
1700 381 1843 404 meretur

965 414 1084 454 exponi
1101 415 1190 454 quod
1209 415 1330 445 tractat.
1363 417 1415 446 Ait
1433 415 1475 446 ibi
1495 414 1666 455 Ulpianus,
1692 416 1722 446 in
1739 413 1839 445 causae

965 455 1157 496 cognitione
1175 456 1271 486 etiam
1292 455 1421 494 versarii,
1446 465 1550 488 utrum
1570 457 1624 488 soli
1643 457 1759 488 minori
1773 455 1840 486 suc-

963 498 1155 528 currendum
1174 497 1229 534 fit,
1246 506 1283 527 an
1302 497 1396 528 etiam
1415 498 1461 529 his
1477 499 1529 537 qui
1551 508 1607 536 pro
1624 508 1664 529 co
1681 498 1739 529 fint
1758 498 1840 529 obli-

961 539 1043 579 gati,
1068 547 1165 579 puta,
1187 536 1420 578 fidejussoribus
1436 548 1489 569 aut
1505 540 1754 570 mandatoribus.
1778 539 1841 580 pri-

962 589 1048 611 mum
1067 590 1123 619 pro
1148 588 1239 610 certo
1259 580 1368 618 ponit,
1393 581 1482 619 quod
1504 581 1608 611 minor
1625 590 1755 620 captus,
1778 589 1841 613 nec

961 622 1132 659 creditori,
1156 630 1217 652 nec
1241 620 1432 661 fidejussori,
1458 630 1602 652 tenetur:
1627 621 1678 653 sed
1704 632 1840 663 perpen-

962 663 1100 694 dendum
1119 662 1163 694 est
1180 662 1333 702 Praetori,
1356 664 1416 693 utri
1442 663 1550 703 potius
1565 662 1741 694 subveniat.
1786 663 1841 694 Sic

962 714 1040 734 vero
1057 712 1205 744 apparet,
1229 705 1317 744 quod
1335 705 1486 744 Ulpianus
1502 705 1522 738 l.
1540 714 1569 745 3.
1594 704 1623 745 §.
1639 713 1670 742 4.
1686 705 1714 736 h.
1735 709 1756 735 t.
1773 707 1816 736 ait
1828 727 1840 743 ,

962 744 1174 777 restitutionis
1193 746 1345 777 auxilium
1359 745 1461 778 solere
1476 747 1638 778 interdum
1656 747 1787 778 minoris
1803 746 1839 777 fi-

962 786 1108 827 dejuffori
1124 787 1282 826 prodesse.
1302 795 1334 818 at
1350 790 1478 828 quando
1495 789 1524 818 ei
1543 787 1659 828 prosit,
1675 787 1739 819 hoc
1756 797 1843 828 quae-

962 828 1040 858 ritur
1057 827 1074 859 ἱ)
1105 827 1169 859 Fac
1188 852 1197 867 ,
1222 830 1442 861 mandatorem
1466 828 1550 869 esse3
1574 837 1665 869 putat
1688 830 1844 869 Ulpianus

962 870 990 902 d.
1009 869 1028 899 l.
1050 877 1097 908 13.
1127 869 1252 900 facilius
1275 870 1357 909 dici,
1382 881 1448 902 non
1478 871 1596 902 debere
1613 872 1641 902 ei
1660 871 1843 902 subveniri:

962 910 1102 948 scilicet,
1118 912 1206 951 quod
1224 911 1275 941 liic
1292 910 1354 942 fuit
1371 914 1460 944 velut
1475 912 1700 944 adfirmator&
1718 912 1842 952 suasor;

963 959 998 982 ut
1014 961 1085 982 cum
1108 953 1232 983 minore
1248 953 1504 985 contraheretur.
1538 955 1625 986 Idem
1643 963 1748 987 tamen
1766 964 1843 986 cen-

962 992 1008 1024 set
1035 993 1066 1024 in
1094 991 1293 1033 fidejuss'ore:
1318 993 1361 1033 fi,
1386 1004 1456 1026 cum
1480 995 1591 1027 scirem
1610 997 1786 1036 minorem,
1811 997 1843 1028 &

963 1035 992 1065 ei
1019 1026 1260 1080 hon'haberein
1291 1034 1409 1073 fidem
1433 1046 1466 1068 tu
1489 1046 1548 1076 pro
1574 1048 1614 1068 eo
1637 1037 1843 1078 fidejufferis:

962 1085 1028 1107 non
1048 1085 1131 1107 enim
1149 1075 1210 1107 effe
1227 1086 1371 1117 aequum,
1390 1077 1558 1118 fidejussori
1570 1078 1727 1111 subveniri
1743 1081 1773 1111 in
1787 1088 1844 1111 ne·

962 1126 1033 1148 cem
1050 1127 1173 1156 meam;
1198 1117 1250 1149 sed
1269 1128 1377 1158 pomus
1404 1121 1625 1161 denegandam
1641 1121 1694 1162 ipsi
1717 1121 1791 1152 fore
1808 1130 1842 1153 a·

961 1158 1113 1190 Ctionem.
1144 1160 1259 1191 Paulus
1276 1161 1323 1190 lali..
1347 1170 1372 1192 1.
1393 1162 1522 1192 Sentent.
1541 1163 1587 1193 tit.
1605 1159 1639 1198 9]
1654 1162 1680 1204 ᾗ.
1702 1167 1731 1193 6.
1751 1164 1782 1194 id
1799 1162 1843 1193 sse

963 1200 1132 1240 exprimit:
1155 1200 1220 1245 Qui
1229 1202 1325 1240 sciens
1343 1204 1526 1244 prudensque
1534 1206 1568 1243 se
1580 1210 1633 1243 pro
1653 1206 1760 1234 minore
1775 1204 1842 1235 ooli-

959 1243 1067 1283 gavit,
1085 1240 1114 1280 fi
1142 1244 1170 1273 id
1194 1242 1319 1282 consulto
1343 1242 1558 1284 corifiliofecic,
1580 1246 1643 1275 licet
1659 1246 1764 1276 minori
1772 1248 1843 1285 suc-

961 1291 1117 1322 curratur,
1133 1282 1185 1324 ipfi
1200 1289 1295 1315 tamen
1305 1295 1362 1316 non
1371 1290 1573 1323 succurretur.
1598 1285 1760 1319 Caeterum
1775 1297 1844 1320 non

965 1325 1110 1365 iniquum
1127 1324 1243 1364 fuerit,
1262 1325 1339 1357 sicut
1358 1327 1492 1366 minori,
1510 1326 1552 1358 sic
1569 1327 1759 1369 fidejussori,
1775 1328 1844 1360 sub-

966 1367 1088 1399 veniri:
1113 1367 1212 1398 modo
1235 1367 1341 1399 minor
1358 1379 1423 1399 non
1444 1370 1474 1401 in
1491 1378 1544 1406 re,
1569 1369 1621 1401 sed
1641 1370 1720 1401 dolo
1739 1371 1843 1402 credi-

966 1408 1044 1439 toris
1056 1432 1065 1446 ,
1085 1409 1323 1440 circumventus
1342 1410 1466 1442 dicatur
1483 1411 1502 1442 l.
1515 1422 1543 1443 2.
1555 1411 1589 1442 C.
1607 1412 1640 1442 cie
1650 1410 1841 1453 fidejufforz'b,

966 1449 1101 1494 rnz'iz31ic
1123 1452 1207 1482 enim
1226 1453 1379 1490 exceptio
1395 1461 1460 1484 non
1484 1461 1557 1484 cum
1577 1454 1709 1484 minoris
1736 1452 1844 1494 perso-

965 1501 1022 1529 na,
1041 1492 1092 1522 sed
1110 1500 1182 1523 cum
1198 1501 1250 1529 re,
1269 1493 1423 1525 cohaeret.
1446 1495 1596 1534 idemque
1613 1493 1718 1533 foret,
1742 1495 1761 1526 fi
1781 1504 1845 1526 ma·

963 1534 1014 1573 j0r
1032 1531 1118 1563 laesus
1134 1533 1210 1564 ess‘et
1228 1534 1306 1564 dolo
1324 1536 1493 1565 creditoris
1512 1536 1530 1566 l.
1547 1545 1574 1575 7.
1594 1535 1622 1576 §.
1638 1545 1662 1566 1.
1684 1535 1724 1566 D.
1742 1537 1775 1566 de
1793 1546 1844 1567 ex-

964 1579 1035 1614 cept.
1072 1574 1134 1605 Sed
1154 1574 1258 1606 nostra
1273 1575 1405 1614 quaestio
1421 1576 1481 1607 est:
1501 1576 1523 1608 si
1538 1579 1661 1615 minor,
1684 1576 1748 1608 fine
1764 1577 1844 1609 dolo

964 1615 1133 1646 creditoris
1145 1639 1154 1654 ,
1170 1616 1200 1646 in
1217 1626 1250 1647 re
1267 1616 1302 1647 lit
1319 1618 1574 1659 circumscriptus
1586 1618 1711 1649 lubrico
1730 1620 1844 1652 aetatis.

965 1666 1031 1688 tum
1058 1658 1143 1688 enim
1164 1658 1308 1697 pei-lonae
1326 1658 1420 1690 favor
1438 1660 1566 1691 denium
1584 1660 1694 1691 locum
1710 1659 1790 1691 facit
1813 1661 1846 1698 in

963 1700 1122 1740 integrum
1134 1698 1345 1732 restitutioni:
1362 1702 1503 1741 ideoque
1519 1702 1672 1742 exceptio
1690 1711 1763 1733 cum
1775 1711 1847 1743 per-

964 1740 1039 1772 sona
1056 1740 1199 1772 cohaeret
1213 1742 1242 1771 d.
1260 1741 1279 1772 l.
1296 1752 1325 1782 7.
1344 1742 1373 1784 §.
1397 1752 1423 1774 1.
1448 1752 1509 1774 nec
1525 1743 1652 1774 videtur
1669 1743 1785 1785 porrigi
1804 1743 1845 1776 ad

963 1781 1194 1823 fidejussorem:
1212 1783 1298 1823 cujus
1316 1793 1381 1814 non
1401 1785 1486 1816 idem
1502 1784 1596 1816 favor
1612 1784 1667 1816 est.
1691 1785 1766 1827 quin
1785 1795 1845 1826 po·

964 1823 1024 1856 test
1039 1825 1067 1855 ei
1084 1825 1253 1864 imputari,
1278 1834 1334 1856 cur
1351 1824 1552 1866 fidejusserit3
1575 1826 1596 1858 si
1614 1825 1726 1866 scivit,
1738 1827 1844 1859 mino·

963 1876 1030 1898 rem
1048 1865 1110 1897 effe
1130 1875 1188 1907 pro
1207 1875 1273 1906 quo
1296 1869 1489 1900 intervenit:
1513 1876 1566 1899 aut
1584 1877 1640 1899 cur
1657 1877 1722 1900 non
1740 1869 1846 1910 inqui-

962 1908 1069 1940 siverit
1094 1907 1124 1938 in
1149 1908 1316 1948 personam
1340 1910 1428 1948 ejus,
1451 1909 1471 1941 fi
1490 1908 1635 1941 nescivit.
1659 1911 1771 1951 utique
1787 1920 1845 1951 po-

964 1951 1025 1982 tuit
1041 1950 1221 1989 inquirere:
1247 1949 1276 1980 &
1292 1948 1313 1981 fi
1329 1960 1395 1982 non
1411 1949 1511 1990 fecit,
1536 1960 1608 1983 cum
1627 1951 1752 1991 posset,
1776 1952 1845 1993 ejus

963 1993 1057 2034 culpa
1071 1991 1134 2022 est:
1159 2000 1253 2032 quain
1273 2000 1400 2031 aequum
1418 1991 1464 2024 est
1483 1993 1581 2034 magis
1599 1992 1646 2031 ei,
1665 2002 1760 2032 quam
1777 2003 1847 2024 cre·

965 2033 1082 2071 ditori,
1104 2042 1234 2064 nocere.
1257 2033 1344 2064 hunc
1369 2042 1458 2065 certe
1481 2035 1553 2066 laedi
1576 2033 1764 2074 fidejussoris
1788 2036 1847 2067 im·

965 2075 1153 2118 prudentia,
1173 2084 1239 2105 non
1259 2083 1391 2114 oportet
1408 2075 1426 2106 l.
1447 2085 1472 2107 1.
1490 2075 1528 2110 ὅ)
1545 2085 1572 2107 2.
1592 2075 1625 2106 C.
1642 2077 1675 2106 de
1685 2075 1769 2118 fidej.
1792 2079 1848 2108 rni-

965 2128 1027 2149 nor.
1071 2117 1115 2148 At
1129 2117 1214 2147 enim
1233 2115 1360 2147 obstant
1375 2117 1395 2148 l.
1412 2127 1462 2157 51.
1482 2117 1525 2148 D.
1547 2118 1581 2148 cle
1595 2123 1744 2157 procurrit.
1762 2118 1778 2148 l.
1797 2121 1847 2152 86.

969 2159 1011 2190 D.
1028 2161 1060 2190 de
1076 2160 1142 2199 adq.
1159 2159 1251 2188 hered.
1270 2158 1289 2188 l.
1309 2168 1337 2190 2.
1355 2157 1382 2199 §.
1395 2160 1453 2197 fin.
1475 2158 1515 2189 D.
1533 2160 1566 2189 de
1581 2159 1690 2190 admin.
1710 2165 1764 2190 tut.
1782 2159 1846 2191 Sed

968 2201 1151 2238 videamus;
1171 2209 1210 2230 ne
1225 2199 1256 2230 in
1275 2199 1323 2230 his
1340 2200 1463 2240 fitquid
1476 2201 1630 2240 speciale,
1647 2202 1686 2231 ad
1704 2200 1847 2240 superio-

969 2252 1036 2274 rem
1052 2241 1192 2281 regulam
1210 2250 1273 2272 non
1293 2241 1466 2281 pertinens.
1510 2240 1631 2272 Habuit
1646 2241 1718 2272 sane
1733 2242 1785 2273 illa
1801 2243 1849 2273 lo-

969 2293 1043 2315 cuni
1056 2282 1255 2322 ‚fidejiiss'ore
1270 2283 1453 2323 simpliciter
1464 2283 1700 2314 interveniente
1716 2293 1776 2323 pro
1792 2286 1849 2316 mi·

969 2335 1049 2357 nore
1066 2348 1076 2363 ,
1100 2325 1201 2364 qualis
1219 2324 1319 2364 qua-lis
1335 2323 1381 2355 fit.
1400 2332 1431 2355 at
1449 2326 1479 2355 in
1497 2323 1662 2366 proposito
1684 2323 1846 2365 fidejussor

969 2377 1028 2409 pro
1048 2368 1173 2398 minoi-e
1191 2366 1384 2404 intervenit,
1409 2375 1474 2396 non
1493 2365 1697 2404 simpliciter,
1716 2365 1767 2397 sed
1784 2376 1847 2407 qua

971 2409 1043 2440 tali:
1060 2409 1092 2439 id
1107 2406 1152 2438 est
1164 2430 1173 2445 ‚
1190 2415 1250 2447 pro
1268 2409 1393 2438 minore
1413 2415 1533 2438 certam
1549 2406 1724 2438 assumente
1741 2407 1849 2449 perso·

971 2460 1062 2488 nam,
1087 2448 1175 2480 verbi
1193 2449 1313 2489 gratia,
1337 2447 1512 2479 defensoris
1527 2455 1581 2479 aut
1600 2448 1736 2481 heredis.
1763 2449 1848 2482 hanc

971 2492 1155 2532 qualitatem
1183 2489 1333 2529 quamdiu
1356 2490 1473 2520 retinet
1488 2490 1614 2529 minor3
1638 2499 1763 2529 aequum
1783 2491 1849 2531 est,

972 2533 1074 2564 teneri
1099 2530 1310 2571 fidejussorem
1337 2531 1389 2569 qui
1414 2531 1444 2561 in
1464 2539 1534 2562 eam
1550 2530 1717 2564 consenfit.
1740 2542 1809 2565 eam
1826 2533 1848 2566 si

971 2573 1107 2615 deponit
1124 2574 1247 2610 minor,
1265 2573 1433 2611 impetrata
1452 2572 1482 2603 in
1501 2573 1660 2614 integrum
1678 2573 1850 2606 restitutio-

971 2624 1029 2647 ne:
1044 2616 1123 2647 ficut
1141 2613 1257 2645 minori
1274 2612 1475 2651 subvenitur,
1491 2614 1534 2644 ita
1552 2616 1617 2654 eJus
1634 2613 1849 2655 fideJufforem

971 2656 1108 2697 adjuvari
1126 2662 1274 2694 oportet:
1291 2655 1363 2694 quia
1379 2653 1526 2695 fidejuffit
1541 2664 1601 2696 pro
1618 2656 1764 2695 minore,
1780 2667 1848 2690 non

971 2706 1132 2738 tamquam
1158 2697 1283 2727 minore
1301 2719 1309 2734 ‚
1333 2694 1386 2727 sed
1413 2705 1572 2737 tamquam
1598 2697 1769 2730 defensore
1794 2707 1849 2730 aut

972 2740 1103 2770 herede.
1128 2737 1197 2768 talis
1213 2746 1319 2768 autem
1335 2736 1484 2769 defensor
1499 2747 1552 2769 aut
1567 2738 1660 2771 heres
1677 2739 1739 2771 effe
1758 2739 1848 2771 desiit

973 2782 1005 2812 in
1023 2782 1182 2819 integi-tim
1201 2778 1370 2811 restitutus.
1397 2780 1492 2820 igitur
1517 2780 1607 2812 desiit
1630 2790 1760 2821 quoque
1784 2779 1849 2811 effe

974 2821 1063 2852 causa
1079 2819 1283 2860 fidejuffionis
1293 2844 1302 2859 ,
1314 2821 1408 2852 unice
1422 2820 1527 2860 faelae,
1537 2830 1571 2853 ut
1589 2824 1694 2854 minor
1706 2821 1782 2852 ess'et
1792 2830 1848 2854 aut

973 2863 1066 2894 heres
1079 2886 1088 2900 ,
1104 2870 1158 2892 aut
1174 2861 1282 2892 alicnae
1298 2862 1360 2894 litis
1378 2862 1537 2895 defensor.
1561 2873 1622 2894 nec
1642 2863 1756 2901 restat3
1772 2862 1826 2894 nisi
1837 2886 1848 2903 ,

971 2912 1006 2935 ut
1021 2911 1112 2944 aeque
1128 2903 1158 2934 in
1175 2903 1332 2944 integrum
1351 2903 1531 2936 restituatur
1551 2903 1727 2943 fidejussor,
1744 2912 1781 2934 ac
1799 2913 1850 2935 re·

971 2945 1098 2976 stitutus
1124 2944 1169 2976 est
1189 2945 1310 2977 minor:
1331 2944 1485 2986 siquidem
1505 2945 1663 2985 stipulatio
1679 2953 1720 2975 ex
1742 2944 1849 2984 liujus·-

973 2987 1059 3018 modi
1085 2985 1172 3017 causa
1196 2987 1384 3029 intelligitur
1408 2988 1569 3027 interponi
1594 2992 1727 3025 propter
1748 2983 1848 3026 ipsam'

973 3037 1040 3060 rem
1063 3036 1197 3069 propter
1221 3037 1314 3066 quarn
1339 3029 1409 3070 quis
1436 3027 1646 3065 convenitur,
1671 3025 1701 3057 ἂ
1724 3027 1848 3060 idcirco

975 3078 1062 3101 caret
1077 3067 1210 3101 effectu:
1226 3070 1247 3101 fi
1265 3080 1301 3101 ea
1315 3070 1351 3102 fit
1362 3070 1406 3101 rei
1419 3068 1549 3110 persona
1565 3076 1638 3098 curn
1657 3075 1717 3107 qua
1733 3072 1782 3110 agi
1793 3079 1850 3102 ne·

975 3119 1089 3152 queat,
1107 3111 1206 3151 qualis
1218 3111 1263 3143 est
1281 3112 1386 3143 servus
1404 3111 1422 3141 l.
1440 3120 1469 3146 9.
1486 3110 1504 3140 l.
1526 3119 1571 3149 13.
1589 3107 1631 3140 D.
1651 3109 1684 3140 Si
1698 3112 1765 3151 quis
1780 3121 1851 3143 cau-

975 3154 1072 3185 tionib.
1086 3153 1118 3184 in
1129 3153 1225 3194 judic.
1239 3151 1303 3194 fist.
1321 3162 1373 3184 aut
1388 3151 1408 3183 fi
1426 3151 1493 3181 talis
1504 3149 1558 3188 fit,
1570 3158 1605 3181 ut
1615 3151 1763 3183 adversus
1779 3163 1850 3187 eam

970 3194 1032 3235 jam
1053 3196 1187 3235 amplius
1211 3195 1302 3235 dii-igi
1319 3203 1383 3225 non
1401 3191 1514 3232 poffit:
1530 3199 1574 3238 'ut
1588 3193 1696 3225 evenit
1713 3194 1745 3226 in
1763 3202 1852 3227 tuto.

973 3245 1028 3276 re,
1050 3234 1139 3268 finita
1156 3237 1254 3268 tutela
1270 3237 1290 3267 l.
1311 3244 1355 3275 15.
1374 3233 1416 3265 D.
1433 3234 1491 3264 eod.
1511 3238 1558 3266 ιιι,
1771 3274 1805 3309 N

1807 3285 1850 3313 ΟΒ

1088 3276 1164 3317 Ma
