2036 3495
140 76 205 112 168
566 69 601 105 G
635 79 656 104 E
688 80 711 104 R
743 78 765 103 Δ
798 78 820 102 R
853 78 877 102 D
909 76 922 101 1
980 65 1018 102 N

182 161 366 202 Sequuntur
387 159 454 191 aliae
479 157 546 188 duae
571 157 736 187 servitutes
752 156 942 195 praediorum
961 164 1009 186 ur-

142 203 315 234 banorum:
340 210 397 232 una
422 199 465 230 est
488 199 534 238 jus
554 196 745 227 immittendi
763 198 847 237 tigna
864 195 894 227 in
913 197 1011 235 parie-

141 252 210 275 tem
228 244 322 274 vicini
340 243 357 272 l.
379 251 406 271 2.
418 240 458 270 D.
473 240 499 269 h.
518 245 538 268 t.
564 239 662 268 altera
679 238 784 268 oneris
803 236 927 269 ferendi
943 237 972 279 §.
988 246 1011 268 1.

144 283 217 324 inst.
234 282 478 324 deserviz.praed.
497 277 679 316 Drfferunt,
696 279 772 309 illae:
789 279 875 318 quod
893 281 944 318 qui
964 280 1014 310 ha—

143 326 201 356 bet
215 325 262 364 jus
281 321 359 362 tigni
384 322 599 357 immittendi,
625 318 730 359 petest
748 320 869 360 tignum
895 330 935 351 ex
960 320 1017 351 suo

143 366 265 406 pariete
289 362 460 394 immittere
485 366 516 393 in
544 362 638 392 vicini
666 362 837 401 parietem,
862 361 904 392 ita
922 369 958 392 ut
974 360 1016 392 ibi

144 404 284 447 quiescat
300 404 317 434 l.
345 413 411 440 242.
432 403 461 445 §
484 413 509 434 1.
534 402 574 433 D.
595 404 627 433 de
642 404 720 433 verb.
734 400 864 442 fignz'fil
895 407 923 437 8.
940 402 969 444 §.
987 412 1016 434 2.

144 449 193 478 1).
211 446 244 476 Si
259 446 332 481 serv.
349 445 459 475 vindic.
483 452 515 474 at
539 446 569 475 in
598 443 748 474 servitute
772 445 878 476 oneris
894 443 1018 475 ferendi

144 487 209 519 hoc
234 487 303 526 plus
330 487 435 524 venit,
460 486 547 525 quod
573 485 626 525 qui
654 485 735 515 hanc
749 485 868 522 debet,
891 492 1018 516 tenetur

145 529 326 560 columnam
338 535 390 558 aut
407 529 560 567 parietem
578 524 710 557 reficere
727 526 804 566 1733.
817 525 924 556 I).h.t.
941 525 1018 557 Non

143 569 265 602 sinebat
283 568 348 600 hoc
363 576 471 599 natura
486 567 669 599 servitutum
682 567 699 597 l.
715 576 759 606 15.
777 566 804 608 §.
822 566 898 598 1.D.
916 569 949 597 de
962 570 1018 605 ser-

143 611 234 642 vitur..
260 610 399 650 ideoque
424 619 496 641 cum
525 618 559 639 ea
587 618 637 639 res
660 609 692 639 in
717 607 791 639 Forr
807 607 1021 647 disputatione

145 659 344 690 verteretur,
369 651 504 691 negabat
523 649 650 688 Gallus,
668 648 851 680 servitutem
872 650 913 680 ita
933 648 1020 690 posse

145 693 288 734 imponi3
305 701 338 724 ut
356 694 424 732 quis
442 692 559 730 aliquid
577 690 683 721 facere
705 698 897 730 cogeretur3
913 690 964 723 sed
981 700 1021 722 ne

146 744 198 767 me
216 734 322 765 facere
341 733 536 774 prohiberet.
563 732 721 763 Caeterum
740 734 781 762 ait
800 730 974 772 Ulpianus,
991 742 1022 763 e-

145 775 276 807 valuiffe
292 776 392 807 Servii
413 775 600 805 sententiam
617 775 647 804 in
668 772 828 813 proposita
846 773 968 814 specie:
986 780 1020 804 ut

146 818 216 857 quis
236 817 330 857 poffit
346 816 539 853 defendere,
555 814 664 855 fibijus
681 814 760 853 ess‘e,
777 823 895 855 cogere
912 815 1020 846 adver-

147 859 259 890 sarium
271 882 281 897 ,
299 857 431 889 reficere
448 858 600 897 parietem
617 858 655 887 ad
666 865 763 887 onera
781 855 828 886 sua
847 855 1020 888 sustinenda

144 901 165 932 i.
182 903 210 931 6.
229 899 256 941 §.
273 910 298 931 2.
324 898 359 929 D.
377 899 523 937 Siservz'z.
544 899 651 928 vindic.
669 897 751 935 hoc,
769 898 904 937 opinor,
929 897 1017 928 colo-

144 951 198 973 re:
214 942 300 981 quod
318 950 430 971 omnes
448 939 612 971 servitutes
630 938 696 969 sunt
713 947 895 981 perpetuae,
914 948 1020 970 exem-

145 983 201 1024 plo
226 983 419 1022 praeuiorum
443 981 557 1021 quibus
578 980 741 1011 inhaercnt.
763 980 898 1020 parietes
914 980 942 1011 ἂ
968 990 1020 1010 co-

147 1025 262 1057 lumnae
282 1031 392 1054 contra
405 1046 413 1062 ‚
431 1022 485 1054 nifi
497 1030 700 1062 reparentur,
719 1029 864 1061 tempore
878 1029 1021 1061 pereunt.

146 1064 242 1106 igitur
267 1065 319 1105 qui
344 1065 441 1096 debet
463 1066 511 1104 jus
538 1063 644 1094 oneris
669 1062 814 1100 ferendi,
840 1070 968 1093 tenetur
983 1063 1021 1093 ad

146 1107 275 1147 parietis
303 1115 356 1137 ant
373 1107 530 1137 columnae
555 1103 784 1135 refectionem:
809 1113 849 1134 eo
878 1105 964 1144 quod
990 1104 1021 1134 in

147 1149 219 1188 lege
240 1149 354 1179 aedium
379 1147 423 1179 ita
447 1147 524 1177 esset
549 1145 717 1185 scriptum,
746 1145 851 1177 Paries
870 1146 957 1176 oneri
975 1144 1020 1175 fe-

145 1189 251 1221 rundo
267 1189 311 1220 uti
331 1198 415 1220 nunc
433 1188 496 1227 est,
510 1191 553 1218 ita
573 1187 626 1219 fit:
648 1196 748 1226 eaque
763 1185 898 1217 formula
918 1186 1024 1226 postu—

147 1231 212 1269 lat,
237 1240 308 1261 eum
327 1231 481 1269 parietem
502 1237 654 1269 oportere
680 1228 740 1259 effe
760 1237 789 1258 in
815 1236 1023 1267 perpetuum:

146 1281 208 1304 nec
225 1279 330 1304 tamen
348 1272 407 1303 hac
423 1273 544 1311 agitur,
567 1278 599 1300 ut
616 1272 646 1300 in
667 1277 855 1309 perpetuum
871 1270 953 1300 idem
973 1278 1022 1308 pa-

149 1314 212 1345 ries
231 1322 366 1344 aeternus
386 1313 480 1350 effet3
508 1313 595 1351 quod
614 1320 652 1341 ne
670 1309 735 1341 fieri
755 1310 880 1349 quidem
899 1310 1022 1349 potest:

150 1354 203 1385 sed
230 1356 274 1386 uti
292 1355 431 1395 ejusdem
452 1354 539 1384 modi
565 1353 594 1383 in
621 1360 809 1392 perpetuum
829 1351 906 1382 effet
923 1352 1023 1391 paries

149 1396 240 1426 oneri
260 1395 398 1426 ferundo
414 1396 560 1426 idoneus.
581 1394 849 1433 quemadmodum
867 1392 886 1423 si
905 1394 973 1433 quis
992 1402 1022 1424 a·

148 1437 224 1470 licui
249 1436 399 1474 cavisset,
423 1444 456 1467 ut
478 1435 660 1466 servitutem
689 1434 844 1474 praeberct
867 1434 920 1474 qui
945 1443 1024 1466 onus

148 1478 236 1509 suum
256 1478 434 1511 sustineret,
460 1476 479 1507 si
496 1486 531 1506 ea
548 1485 596 1506 res
614 1484 682 1514 quae
704 1474 815 1512 servit,
840 1475 868 1506 ὅ(
886 1483 974 1506 tuum
991 1485 1020 1506 o-

149 1528 207 1551 nus
225 1518 340 1557 ferret,
358 1517 501 1556 periffet,
517 1517 574 1548 alia
591 1515 621 1547 in
640 1517 746 1547 locum
765 1516 829 1556 ejus
848 1515 910 1547 dari
929 1517 1022 1548 debe-

148 1568 181 1591 at
197 1562 224 1590 d.
243 1560 260 1590 l.
278 1569 327 1599 5353.
360 1559 487 1590 Interim
512 1558 582 1598 quia
601 1557 661 1597 ipsa
679 1567 746 1595 res,
772 1567 836 1588 non
856 1558 955 1589 homo
971 1566 1024 1588 cu-

146 1601 196 1641 jus
216 1610 251 1631 ea
272 1602 326 1639 lit,
350 1601 446 1632 debet
464 1599 666 1637 servitutem,
691 1600 765 1630 ideo
784 1597 858 1629 licet
875 1600 1027 1637 domino,

149 1643 273 1673 volenti
293 1641 446 1682 impensas
466 1640 652 1672 refeetionis
673 1641 810 1676 evitare,
834 1639 967 1671 fundum
984 1650 1028 1671 re-

148 1683 293 1721 linquere
313 1685 330 1714 d
360 1683 378 1714 l.
394 1687 420 1714 6.
438 1682 503 1724 §.2
529 1682 623 1713 Plane
641 1680 717 1712 ficut
737 1680 870 1711 refectio
889 1682 1030 1720 pertinet

149 1725 188 1755 ad
205 1725 344 1755 vicinum
358 1748 366 1763 ‚
392 1724 432 1755 ita
456 1724 574 1755 fultura
600 1723 636 1754 ad
657 1731 728 1754 eum
748 1723 797 1753 cui
817 1723 952 1754 debetur
971 1723 1027 1754 ser·

148 1767 232 1797 vitus
249 1766 265 1796 l⁴
284 1770 311 1800 8.
332 1766 369 1796 D.
388 1766 532 1803 Silervz‘t.
553 1765 660 1795 vindic.

192 1806 342 1847 Sequitur
358 1807 439 1846 apud
457 1806 572 1846 Gajum
591 1807 608 1836 l.
631 1815 657 1836 2.
675 1805 700 1836 h.
720 1811 730 1835 t
764 1803 1028 1845 Itemstillicidium

149 1850 301 1881 avertendi
317 1850 348 1879 in
365 1848 469 1879 tetiam
480 1848 526 1878 vel
541 1857 637 1878 aream
651 1848 742 1877 vicini
756 1853 807 1877 aut
824 1857 881 1877 non
900 1853 1030 1877 averten-

153 1892 192 1922 di.
220 1890 296 1928 Imp.
316 1890 504 1930 justinianus
519 1889 546 1930 ἓ.
560 1899 584 1920 1.
603 1886 675 1928 [nst.
685 1888 831 1927 deservit.
857 1889 952 1919 etiam
969 1897 1032 1919 me-

152 1932 245 1964 minit
255 1930 401 1971 fluminis.
428 1931 560 1963 Interest
577 1938 682 1960 autern
694 1931 775 1960 inter
787 1938 954 1970 utramque
972 1929 1030 1961 ser-

152 1973 307 2005 vitutem:
332 1982 401 2004 nam
428 1972 618 2004 stillicidium
643 1970 705 2008 est,
733 1979 803 2001 cum
832 1980 910 2011 aqua
928 1972 1033 2010 pluvia

152 2013 294 2047 stillatim
314 2014 399 2045 cadit
415 2015 455 2045 de
475 2014 595 2045 summo
616 2012 712 2043 tedio.
736 2011 872 2050 flumen,
889 2022 960 2043 cum
978 2022 1034 2053 per

153 2057 250 2087 imam
267 2057 378 2086 aedium
402 2064 523 2096 partem
541 2064 630 2086 more
647 2052 783 2084 fluminis
798 2052 982 2085 effunditur.
1007 2053 1033 2086 I-

154 2105 187 2128 ta
206 2097 337 2128 servitus
356 2097 499 2128 stillicidii
518 2096 582 2135 est3
605 2103 676 2126 cum
699 2096 820 2125 vicinus
839 2096 966 2136 cogitur
981 2104 1034 2135 pa·

156 2139 201 2176 ti,
228 2146 261 2169 ut
286 2148 365 2177 aqua
392 2139 500 2178 pluvia
520 2141 559 2168 de
578 2135 671 2168 vicini
691 2136 777 2167 tecto
795 2136 904 2167 calitet
922 2137 952 2168 in
970 2137 1034 2177 ejus

159 2180 263 2218 aedes,
287 2189 411 2216 aream,
434 2188 487 2210 aut
503 2180 662 2210 cloacam:
687 2177 824 2209 fluminis
841 2187 938 2215 vero,
962 2187 1034 2209 cum

154 2222 281 2252 vicinus
301 2229 426 2252 tenetur
443 2222 525 2262 pati,
541 2228 576 2250 ut
591 2219 711 2259 aquain
723 2219 863 2250 canalem
880 2219 1014 2250 collefta
1026 2243 1035 2258 ‚

156 2263 189 2294 in
216 2263 281 2302 ejus
310 2272 413 2293 aream
439 2270 493 2293 aut
517 2262 659 2292 cloacam
687 2259 876 2292 effundatur.
900 2269 1034 2300 utraque

154 2303 290 2334 servitus
309 2304 353 2334 est
378 2303 560 2340 avertendi,
586 2303 637 2333 vel
656 2311 719 2333 non
747 2302 921 2334 avertendi.
943 2303 988 2341 jus
1006 2312 1022 2333 a

155 2346 302 2376 vertendi
321 2344 511 2377 stillicidium
531 2345 581 2375 vel
600 2344 716 2375 flumen
734 2341 798 2381 est,
821 2352 892 2374 cum
911 2345 1034 2374 vicinus

157 2385 298 2418 nostrum
321 2386 515 2419 stillicidium
532 2393 585 2418 aut
604 2385 723 2418 flumen
739 2384 866 2426 cogitur
890 2386 1034 2426 recipere

812 2468 1164 2505 T1TuLus

1051 76 1242 102 ooDT
1300 67 1515 104 CoMM.

1053 157 1085 188 in
1104 156 1184 188 suam
1202 158 1331 190 domum
1344 181 1353 197 ,
1369 167 1472 189 aream
1484 181 1493 196 ‚
1512 164 1565 189 aut
1582 158 1733 191 cloacam.
1754 160 1802 200 J'us
1816 169 1879 193 non
1892 168 1926 193 a·

1054 198 1352 236 vercendiest,cum
1371 201 1492 231 vicinus
1504 199 1691 239 prohibetur
1708 199 1792 232 suum
1809 201 1928 234 flumen

1054 246 1106 270 aut
1123 239 1313 272 stillicidium
1326 243 1466 272 derivare
1483 241 1515 271 in
1527 242 1621 271 vicini
1633 251 1734 272 aream
1746 265 1754 278 ,
1773 244 1902 274 domum
1914 265 1927 281 ,

1059 288 1111 311 aut
1129 281 1281 313 cloacam.
1303 282 1464 320 habetque
1480 291 1517 313 ea
1535 281 1665 313 servitus
1684 284 1770 313 usum
1789 284 1840 314 ubi
1853 282 1928 314 vici-

1061 330 1103 352 no
1122 323 1242 362 legibus
1261 332 1314 354 aut
1339 325 1480 355 moribus
1506 323 1601 361 licet,
1626 323 1711 354 suum
1739 323 1932 358 stillicidium

1062 370 1113 392 aut
1131 362 1247 395 flumen
1269 365 1298 396 in
1318 366 1414 396 vicini
1432 374 1532 395 aream
1549 372 1692 396 avertere
1728 364 1772 396 lta
1789 364 1830 395 D.
1852 364 1931 397 Vin-

1060 406 1129 436 nius
1144 406 1182 435 ad
1198 407 1224 436 d.
1240 405 1269 446 §.
1289 415 1313 437 1.
1330 416 1349 436 n
1380 416 1407 446 5.
1439 405 1493 437 Est
1509 415 1605 446 porro
1622 407 1670 447 jus
1688 405 1835 437 stillicidii
1855 407 1933 437 levi-

1061 454 1095 489 us
1111 468 1120 483 ,
1144 454 1236 484 quam
1259 446 1422 479 fluminis:
1445 447 1584 487 ideoque
1607 448 1700 479 altius
1726 448 1796 478 tolli
1822 446 1930 487 potest

1061 485 1269 517 stillicidium:
1288 489 1450 519 dimittere
1464 490 1511 528 jus
1530 498 1594 520 non
1612 488 1666 519 est.
1695 488 1834 520 similiter
1852 489 1930 519 licet

1062 527 1252 558 stillicidium
1276 536 1362 560 retro
1385 530 1525 568 ducere;
1553 532 1733 570 producere
1759 530 1931 561 nonlicet.

1062 577 1214 609 praeterea
1232 567 1252 598 fi
1272 579 1311 599 ex
1329 572 1431 611 tegula
1449 570 1565 602 cecidit
1586 571 1795 609 stillicidium,
1814 571 1951 601 deinde'

1063 619 1127 640 non
1148 609 1252 649 potest
1270 608 1355 648 fieri,
1380 621 1412 642 ut
1436 621 1476 643 ex
1501 612 1606 643 tabula
1624 612 1734 644 cafitet
1751 613 1769 642 l.
1791 621 1838 643 ρο.
1856 611 1882 653 §.
1902 621 1934 651 4.
1983 627 1986 631 -

1064 650 1137 692 &52
1150 652 1176 681 h.
1191 656 1211 681 t.
1236 660 1299 681 uno
1319 652 1437 690 verbo,
1455 653 1559 692 potest
1578 655 1678 684 levior
1694 653 1761 685 fieri
1784 654 1935 691 servrtus,

1065 693 1173 736 dur-ior
1190 701 1253 722 non
1273 692 1385 731 potest.
1411 693 1462 724 Est
1480 694 1509 725 ἃ
1529 696 1583 725 alia
1601 701 1716 734 praeter
1734 695 1814 725 hanc
1830 693 1938 725 obser·

1066 741 1167 764 vatio:
1193 734 1280 771 quod
1299 734 1429 765 domino
1445 734 1536 765 fundi
1557 735 1716 768 servientis
1734 737 1793 773 ibi,
1819 736 1870 766 ubi
1887 744 1939 765 ca·

1064 775 1151 806 litare
1168 775 1268 814 coepit
1290 774 1500 813 stillicidium,
1517 776 1674 808 aedificare
1692 786 1754 808 non
1776 777 1848 808 licet
1865 777 1892 807 d.
1912 776 1934 807 l.

1063 816 1185 858 20.§.3,
1205 815 1257 846 nisi
1277 815 1488 847 aedificatione
1499 826 1561 847 non
1574 819 1792 859 praejudicetur
1809 817 1941 848 servitu-

1064 866 1086 888 ti
1098 860 1124 888 ti.
1135 860 1151 888 l.
1163 867 1211 888 20.
1222 856 1249 898 §.
1261 857 1304 887 ult
1325 856 1450 897 &Lfiru
1460 856 1548 898 §.firm
1559 860 1584 889 h.
1597 866 1618 889 t.
1628 867 1679 889 aut
1690 860 1836 890 dominus
1847 858 1940 889 fundi

1064 899 1256 929 dominantis
1274 907 1426 937 patratur:
1450 898 1671 931 existimandus
1695 900 1874 931 servitutem
1891 899 1941 930 su-

1064 950 1111 971 am
1130 939 1170 971 sic
1186 939 1314 970 amisisse
1332 941 1350 970 l.
1361 944 1387 973 8.
1402 940 1441 970 D.
1453 942 1729 981 quemadservitut.
1743 944 1836 972 unzin.
1863 940 1941 972 Non

1065 976 1168 1012 obstat
1183 981 1262 1025 l.·21.
1284 980 1323 1011 D.
1336 984 1369 1011 cle
1383 982 1482 1017 servit.
1498 984 1576 1021 proeci
1605 984 1708 1013 urban.
1725 981 1808 1023 Quia
1819 982 1939 1014 eaedem

1066 1024 1148 1053 aetles
1172 1022 1212 1052 ibi
1231 1024 1306 1052 duas
1323 1022 1484 1053 debebant
1501 1024 1683 1054 servantes:
1707 1032 1816 1059 unam,
1842 1032 1881 1053 ne
1897 1023 1941 1054 al-

1066 1064 1127 1095 tius
1151 1064 1358 1102 tollerentur3
1382 1064 1528 1102 alteram,
1552 1073 1585 1095 ut
1609 1064 1801 1096 stillicidium
1819 1065 1941 1105 recipe·

1066 1113 1145 1136 rent.
1170 1114 1207 1135 ac
1224 1105 1358 1145 proinde
1376 1106 1488 1136 altine
1500 1104 1712 1136 aedificatione
1727 1104 1890 1143 concessa,
1907 1115 1941 1136 u-

1066 1146 1097 1178 ni
1115 1154 1236 1177 tantum
1249 1145 1387 1177 servituti
1400 1170 1409 1185 ,
1428 1156 1491 1177 non
1503 1147 1592 1178 alteri
1609 1156 1740 1187 quoque
1752 1171 1759 1184 ,
1776 1148 1940 1177 renuncia-

1067 1196 1132 1218 tum
1152 1187 1270 1225 videri,
1286 1186 1485 1218 manifestum
1502 1187 1554 1219 est.
1574 1189 1712 1228 ideoque
1732 1187 1771 1220 fic
1790 1187 1938 1220 aedificari

1067 1229 1195 1266 licebit,
1221 1237 1255 1259 ut
1272 1228 1477 1260 nihilominus
1496 1229 1663 1269 recipiatur
1679 1228 1881 1260 stillicidium.

1108 1269 1186 1301 Illud
1209 1269 1346 1308 pulchrae
1371 1270 1415 1301 est
1437 1270 1637 1309 quaestionis,
1661 1270 1799 1302 aedificio
1817 1281 1857 1301 ex
1877 1279 1942 1311 quo

1067 1313 1151 1342 cadit
1170 1310 1378 1348 stillicidium,
1396 1310 1536 1350 subiato,
1556 1322 1587 1342 ut
1608 1313 1718 1342 eadem
1737 1311 1887 1352 qualitate
1905 1312 1936 1343 δι’.

1067 1354 1171 1392 specle
1195 1360 1383 1394 reponatur:
1407 1354 1552 1391 idemne,
1577 1363 1613 1384 an
1637 1352 1738 1390 aliud,
1763 1352 1935 1385 aedificiurn

1067 1393 1283 1434 intelligatur?
1301 1393 1462 1433 l'ropofita
1475 1395 1503 1425 <St
1515 1394 1616 1425 decisa
1628 1404 1663 1425 ea
1680 1394 1810 1434 quaestio
1828 1403 1843 1424 a
1860 1394 1941 1426 Pau·

1069 1436 1099 1467 lo
1116 1435 1135 1466 l.
1157 1445 1204 1466 20.
1222 1434 1250 1475 §.
1268 1443 1295 1466 2.
1310 1435 1335 1465 h.
1354 1441 1374 1465 t.
1400 1435 1555 1476 latiusque
1571 1445 1588 1466 a
1605 1445 1656 1467 me
1673 1435 1820 1474 uastata,
1844 1436 1895 1466 De
1909 1445 1945 1467 u-

1058 1477 1202 1517 sufruCIu
1217 1477 1262 1506 llb.
1283 1485 1306 1507 1.
1323 1486 1346 1506 c.
1363 1485 1413 1507 xr.

1110 1517 1274 1549 Postremo
1291 1518 1333 1546 ait
1353 1516 1451 1557 Gajus
1468 1517 1486 1548 l.
1506 1527 1534 1548 2.
1552 1517 1578 1548 h.
1596 1523 1616 1547 t.
1636 1517 1676 1548 Et
1693 1518 1813 1559 denique
1824 1518 1945 1559 projici-

1070 1560 1154 1596 endi,
1168 1559 1387 1599 protegendive,
1405 1565 1559 1599 caeteraque
1575 1558 1635 1599 istis
1645 1558 1766 1595 similia.
1788 1558 1888 1599 Supra
1905 1560 1947 1590 de

1069 1600 1206 1631 immiffis
1223 1599 1349 1630 diuum.
1377 1600 1415 1630 ab
1435 1599 1479 1631 his
1497 1609 1581 1630 nunc
1599 1600 1738 1644 projecta
1756 1599 1784 1631 ὅ(
1805 1599 1956 1639 proteeta·
1997 1611 2000 1614 ·

1071 1642 1312 1681 distinguuntur.
1330 1640 1576 1672 namimmissum
1589 1642 1948 1681 diciturtignum‚quod

1071 1684 1179 1723 aliquo
1198 1681 1365 1721 requiescit
1385 1683 1470 1713 loco.
1496 1683 1689 1722 projectum,
1708 1683 1795 1721 quod
1811 1690 1900 1713 extra
1910 1692 1952 1712 aa·

1073 1725 1128 1755 des
1147 1724 1188 1754 ita
1208 1723 1403 1764 projectum,
1421 1732 1454 1753 ut
1472 1724 1560 1754 nullo
1579 1724 1652 1754 loco
1665 1722 1948 1763 requiescatl.242.

1070 1766 1100 1807 §.
1116 1775 1139 1796 1.
1161 1764 1198 1795 D.
1218 1766 1249 1795 de
1263 1763 1451 1805 verbfignz'f.
1470 1763 1561 1797 Talia
1579 1765 1717 1804 projecta
1735 1763 1799 1795 sunt
1819 1764 1950 1796 moenia-

1072 1816 1128 1839 na:
1154 1807 1193 1838 de
1210 1806 1322 1847 quibus
1338 1806 1422 1837 inter
1438 1814 1573 1837 caeteros
1593 1805 1726 1838 Isidorus
1744 1806 1791 1836 lib.
1810 1816 1855 1846 15.
1878 1806 1949 1837 Ori-

1074 1851 1138 1889 gin.
1159 1857 1181 1878 c.
1203 1857 1231 1888 3.
1250 1854 1315 1889 pag.
1339 1856 1424 1886 1195·
1442 1847 1509 1878 sunt
1525 1847 1618 1879 etiam
1637 1847 1705 1878 alia.
1730 1846 1872 1878 Pertinet
1894 1848 1950 1888 igi-

1077 1898 1126 1920 tur
1136 1888 1310 1929 projectum
1325 1890 1362 1919 ad
1375 1889 1506 1920 urbanas
1522 1889 1697 1921 servitutes.
1721 1889 1825 1927 Atque
1841 1889 1879 1919 ab
1889 1888 1951 1920 hac

1077 1931 1165 1961 causa
1185 1929 1317 1962 Alfenus
1329 1930 1347 1961 l.
1364 1939 1406 1970 ¹7-
1425 1929 1464 1961 D.
1483 1930 1517 1960 Si
1530 1932 1628 1966 servit.
1646 1931 1755 1960 vindic.
1774 1930 1948 1970 Siquando,

1076 1971 1199 2011 inquit,
1218 1972 1294 2002 inter
1310 1973 1390 2002 binas
1406 1974 1475 2003 aedes
1484 1973 1577 2011 paries
1594 1971 1676 2012 effa,
1694 1971 1744 2012 qui
1757 1972 1800 2001 ica
1816 1977 1947 2001 ventrem

1069 2013 1204 2054 faceret,
1232 2019 1265 2043 ut
1290 2015 1320 2044 in
1344 2014 1436 2043 vicini
1452 2014 1566 2043 domum
1575 2012 1741 2052 semipedem
1757 2018 1809 2043 aut
1828 2012 1952 2051 amplius

1072 2056 1285 2095 procumberet:
1309 2058 1358 2093 agi
1375 2060 1479 2094 oportet
1491 2077 1500 2089 ,
1519 2054 1570 2095 jus
1589 2063 1646 2084 nun
1663 2053 1732 2094 effe,
1755 2053 1837 2084 illum
1852 2054 1950 2093 parie-

1078 2103 1132 2126 tem
1154 2098 1197 2127 iza
1218 2095 1375 2137 projebium
1397 2097 1427 2126 in
1439 2101 1524 2135 suum
1549 2094 1600 2134 effe
1614 2094 1759 2134 invitaſse.
1785 2094 1952 2135 lgitur-re-

1077 2137 1217 2169 medium
1242 2146 1307 2175 quo
1335 2137 1396 2167 hoc
1416 2137 1658 2168 incommodum
1676 2136 1882 2174 emendatur,
1906 2134 1951 2166 est

1078 2179 1161 2210 actio
1179 2180 1350 2220 negatoria.
1376 2177 1457 2210 Illud
1473 2178 1638 2217 quaeritur,
1661 2187 1699 2208 an
1718 2176 1875 2217 projecta,
1892 2175 1952 2208 im-

1078 2219 1225 2258 missave,
1246 2229 1295 2250 aut
1314 2219 1439 2257 similia,
1457 2219 1550 2250 etiam
1568 2219 1683 2259 poffint
1697 2220 1784 2257 perd1
1801 2225 1854 2255 aut
1871 2218 1951 2250 dirui

1079 2262 1198 2302 privata
1216 2260 1406 2292 auctoritate
1423 2261 1488 2300 ejus
1505 2260 1591 2301 cujus
1608 2260 1716 2299 iniuria
1732 2258 1793 2291 sit?
1811 2269 1847 2290 ea
1865 2269 1950 2298 quae-

1077 2301 1136 2334 stio
1154 2303 1197 2334 est
1215 2310 1346 2343 propter
1362 2303 1381 2333 l.
1398 2311 1446 2342 27-
1465 2301 1505 2333 D.
1524 2302 1551 2332 h.
1568 2308 1588 2332 t.
1606 2301 1643 2336 &³
1659 2301 1677 2332 l.
1694 2310 1740 2337 29.
1757 2300 1784 2341 §.
1802 2309 1827 2331 1.
1846 2300 1884 2330 D.
1899 2300 1952 2331 Ad

1078 2344 1279 2417 ffg'iAqm'l'
1311 2343 1374 2376 Sed
1399 2343 1454 2375 has
1477 2342 1617 2385 explicui
1641 2343 1691 2374 lib.
1712 2341 1788 2383 fing.
1805 2340 1856 2372 Ad
1872 2340 1948 2383 Leg.

1112 2395 1181 2427 qut.
1198 2396 1219 2417 c.
1241 2394 1285 2422 19.

1221 2468 1295 2503 ΙΙΙ.

711 2545 761 2581 De
766 2544 976 2590 servitutibus
989 2546 1173 2592 praediorum
1191 2544 1382 2592 rusticorum.

251 2643 289 2666 rc
304 2632 431 2668 Titulus
449 2646 465 2668 a
483 2632 683 2667 servitutibus
700 2635 891 2666 urbanorum
904 2635 1035 2675 praedio-

271 2685 338 2707 rum
356 2676 459 2707 transit
477 2677 514 2707 ad
532 2675 718 2708 rusticorum
737 2675 926 2716 praediorum
944 2677 1035 2707 servi-

156 2727 251 2751 tutes.
288 2716 340 2748 De
364 2717 410 2748 his
427 2717 525 2748 statim
543 2727 715 2749 occurrunt
735 2719 764 2749 in
782 2718 800 2748 l.
823 2727 846 2748 1.
871 2717 1033 2758 sequentia

158 2759 289 2799 Ulpiani
300 2758 413 2789 verba:
426 2758 586 2789 servitutes
602 2769 636 2789 ru
632 2756 774 2799 sticorum
788 2760 957 2798 prediorum
966 2760 1033 2796 [um

157 2802 218 2833 hae:
233 2803 303 2837 iter,
318 2797 420 2836 actus,
437 2800 505 2834 via,
522 2800 713 2840 aqueduezus.
740 2799 802 2831 Hic
816 2810 897 2831 vero
917 2799 1034 2832 mireris

159 2841 302 2883 apposita
321 2840 437 2879 verba,
454 2840 524 2877 sunt
541 2842 599 2870 [κε.-
616 2848 687 2872 cum
705 2841 762 2873 lint
774 2841 891 2881 species
909 2843 1034 2880 plures,

159 2893 254 2925 quam
274 2889 475 2914 enumeratae.
501 2879 582 2916 Sed,
598 2884 716 2921 credo,
738 2882 862 2921 respicit
879 2882 1035 2924 Ulpianus

157 2928 198 2957 ad
220 2925 303 2956 Artis
322 2923 434 2954 nostrae
450 2921 557 2953 initia:
583 2921 612 2951 ἃ
626 2923 714 2965 vult,
732 2924 784 2955 has
802 2924 899 2964 solas,
924 2934 987 2955 non
1004 2934 1034 2955 a·

156 2967 234 3003 lias,
260 2975 326 2996 tum
351 2964 466 3004 regulis
488 2962 563 3001 juris
587 2961 677 2994 fuisse
694 2964 876 3005 designatas.
916 2965 1034 2997 Melius

156 3007 223 3039 hoc
240 3008 271 3038 in
290 3005 490 3046 sequentibus
501 3002 682 3047 apparebit..
700 3014 783 3036 nunc
800 3006 961 3044 praesentia
978 3017 1033 3038 ex-

157 3048 315 3093 positurus
345 3045 473 3087 Ulpiani
498 3044 612 3081 verba,
637 3052 771 3083 primum
797 3047 947 3087 attingam
965 3049 1034 3079 iter.

158 3090 190 3121 1d
211 3090 262 3119 ille
278 3088 319 3120 fic
334 3088 462 3121 definit:
491 3086 549 3117 lter
563 3082 601 3126 est
609 3085 661 3126 jus
677 3087 783 3124 eundi,
803 3088 970 3120 ambulandi
986 3091 1033 3120 ho—

157 3131 248 3167 mini,
272 3139 328 3160 non
352 3131 438 3161 etiam
459 3129 626 3170 jumentum
647 3127 760 3167 agendi.
806 3126 853 3158 Ire
871 3137 949 3158 vero
967 3129 1033 3169 est,

156 3180 312 3214 pergere,
329 3169 398 3203 fere
415 3169 539 3213 negotii
549 3167 647 3202 causa.
662 3167 821 3201 ambulare
837 3175 951 3202 contra
969 3170 1031 3210 est,

1080 2633 1176 2676 spatia
1193 2633 1317 2672 facere,
1343 2633 1371 2664 ἃ
1389 2631 1492 2673 spatiis
1513 2631 1604 2664 faelis
1626 2632 1657 2664 in
1686 2631 1798 2664 eadem
1823 2629 1954 2672 vestigia

1077 2676 1214 2714 reverti,
1231 2674 1422 2706 amoenitatis
1440 2675 1627 2714 plerumque
1645 2675 1752 2714 gratia.
1771 2672 1864 2704 Hanc
1883 2682 1952 2703 ver-

1078 2718 1191 2749 borum
1215 2717 1445 2757 proprietatem
1467 2717 1634 2746 annotavit
1663 2715 1798 2746 antehac
1826 2713 1865 2745 V.
1890 2713 1951 2745 CL.

1078 2758 1232 2790 Ausonius
1250 2758 1371 2798 Popma
1387 2757 1434 2787 lib.
1450 2766 1475 2788 1.
1497 2756 1727 2797 Dedifferenzz'is
1742 2757 1900 2787 verborum.
1917 2755 1950 2786 St

1080 2810 1175 2838 vere,
1192 2807 1227 2830 ut
1244 2808 1342 2838 puto:
1359 2798 1503 2835 audebo,
1520 2798 1690 2836 confiteri,
1706 2797 1873 2829 ambulandi
1882 2794 1951 2837 sim.-

1079 2842 1210 2873 ziandive
1230 2841 1325 2871 verba
1353 2841 1473 2871 itineris
1490 2839 1668 2871 definitioni
1686 2838 1775 2870 initio
1795 2848 1860 2870 non
1876 2846 1952 2869 con·

1081 2882 1214 2914 venisse:
1238 2881 1398 2913 resistente
1415 2883 1520 2923 rigore
1538 2881 1615 2921 juris
1635 2884 1685 2920 qui
1712 2890 1778 2912 tum
1803 2888 1887 2917 erat,
1911 2888 1952 2910 ne

1078 2922 1325 2965 praediiservitus
1341 2924 1419 2955 ultra
1437 2924 1502 2963 ejus
1520 2922 1734 2953 necessitatem
1746 2921 1952 2963 egrederetur

1078 2967 1096 2997 l.
1114 2970 1142 3000 8.
1160 2966 1205 2996 D.
1221 2966 1254 2995 de
1269 2966 1469 3000 servitutibus.
1497 2964 1525 2995 &
1545 2972 1649 2995 tamen
1669 2972 1805 3003 potuere
1822 2962 1872 2993 illa
1888 2969 1951 2991 am-

1078 3004 1204 3039 bulandi
1222 3005 1250 3036 &
1268 3006 1417 3046 spatiandi
1437 3006 1533 3036 verba
1548 3006 1586 3036 ab
1604 3003 1742 3046 Ulpiano
1757 3003 1876 3034 itineris
1896 3001 1951 3032 de-

1077 3047 1214 3080 finitioni
1232 3057 1261 3078 in
1278 3048 1334 3078 d.l.
1353 3056 1377 3078 1.
1396 3048 1518 3086 optime
1535 3045 1641 3077 inseri:
1658 3045 1820 3087 postquam
1838 3042 1949 3087 adver-

1077 3089 1126 3121 sus
1143 3090 1218 3130 juris
1231 3090 1353 3129 regulas
1369 3089 1509 3119 moribus
1525 3088 1683 3123 obtinuit,
1700 3084 1805 3126 praedii
1818 3081 1948 3129 servitu-

1076 3139 1140 3163 tem
1162 3139 1225 3161 non
1244 3138 1366 3162 tantum
1385 3129 1576 3161 necessitatis
1592 3127 1719 3169 praedii,
1743 3123 1792 3155 sed
1809 3133 1903 3155 etiam
1920 3133 1951 3154 a-

1072 3172 1249 3207 moenitatis
1271 3171 1361 3204 causa
1372 3170 1535 3204 constitui.
1545 3168 1613 3202 fac:
1630 3166 1740 3208 aliquis
1756 3165 1877 3207 praedio
1893 3165 1948 3236 sug
