2036 3495
459 82 527 117 Diz

74 184 130 207 tuo
147 174 176 205 in
195 172 372 204 continenti
390 171 544 210 adiectum
556 179 648 208 ,cum
663 177 757 209 auget
774 169 942 209 obligatio—

72 226 166 253 nem,
191 224 302 247 mutuo
328 213 396 245 iniit
419 222 458 244 ex
482 220 570 252 parte
594 210 725 248 actoris,
750 211 844 250 cique
861 213 898 241 ad
912 219 940 240 a-

73 259 211 289 ctionem
236 254 347 296 proiit:
370 263 442 285 cum
467 254 496 284 in
515 252 726 292 superioribus
746 260 785 281 cx
801 252 819 281 l.
844 261 890 282 11.
908 251 937 292 §.

75 308 100 330 1.
125 298 162 329 D.
183 300 216 328 (ie
232 299 314 328 rebus
330 297 443 326 creditis
461 294 670 330 ostenderim,
694 291 842 332 placuisse
861 293 936 324 Pro<

72 341 163 378 culo,
177 339 228 370 hic
245 338 364 368 servare
379 337 538 375 antiquam
554 335 634 374 juris
649 333 796 364 formam.
822 333 875 364 Est
892 342 935 364 ta-

71 390 144 412 men
161 381 245 420 quod
264 379 359 410 metui
382 377 472 415 possit
489 387 504 407 a
522 375 724 416 sequentibus
742 374 812 415 Gaji
832 375 935 407 verbis

70 422 100 453 in
121 423 140 453 l.
157 427 207 460 48.
231 420 268 451 D.
286 421 317 450 de
333 418 441 458 pastis:
466 418 502 449 ln
522 418 722 448 traditionibus
739 426 835 446 rerum
852 418 938 457 qnod-

71 472 183 504 cunque
195 461 310 502 ,vatium
321 459 418 498 fimet
433 459 527 490 valere
543 455 727 498 manifestum
741 456 787 497 est.
805 458 891 488 Solet
908 467 937 488 e-

69 505 132 535 nim
145 503 240 543 Gajus
250 501 290 533 {ic
300 501 417 540 accipi:
434 499 515 538 quasi
532 500 634 536 dicat,
645 501 875 539 qualecumque
888 508 937 538 pa-

71 545 154 576 stum
173 553 274 576 rerum
292 542 512 573 traditionibus
527 540 700 580 adjeftum,
724 541 777 571 ubi
795 550 857 571 non
876 542 933 571 ler-

70 595 162 617 vatur
177 586 302 616 actione
321 583 471 613 nominati
490 582 670 612 contractus
682 606 690 619 ,
709 583 813 613 adhuc
830 585 935 613 valere

69 628 99 658 in
117 629 246 659 modum
264 624 461 655 innominati.
486 623 528 654 ita
544 624 656 655 deceni
674 624 772 662 datis,
789 631 822 654 ut
840 624 934 654 unde-

68 669 130 699 cim
156 668 345 698 reddantur:
370 671 531 696 nummum
556 666 757 696 undecimum
781 674 843 695 non
867 665 934 704 qui-

67 710 138 740 dem
151 708 216 748 peti
232 707 437 738 condictione
449 707 528 737 certi
541 715 581 736 ex
596 714 727 744 mutuo,
744 705 794 737 sed
811 706 936 736 afflone

67 750 254 791 praescriptis
272 748 375 779 verbis
392 748 469 789 peti.
499 747 540 778 At
559 747 622 778 hoc
639 757 747 788 parum
765 748 936 778 conturbat

67 792 206 823 rationes
225 799 320 821 meaS.
346 788 390 820 est
409 790 493 820 enirn
511 798 618 819 verum
636 790 723 829 quod
741 789 823 826 dixi,
841 798 935 828 pecu-

65 832 115 864 nia
134 832 184 863 vel
201 832 257 862 alia
275 831 451 871 quantitate
474 831 561 868 data,
587 839 620 860 ut
639 830 816 861 restituatur
829 831 862 861 *in
881 839 933 860 co·

67 875 138 906 dcrn
159 882 294 915 genere,
319 873 349 903 dt
376 880 526 912 praeterea
544 874 637 902 detui-
655 872 705 902 vel
724 870 776 902 fiat
794 871 931 910 aliquid:

66 915 166 946 videri
191 922 352 951 mutuum3
377 914 498 952 pactum
522 920 627 943 autem
652 913 808 953 adjectum
825 913 864 943 de
881 921 932 942 au-

64 958 165 998 genda
184 955 399 996 obligatione,
424 963 481 994 pro
498 954 585 985 nullo
606 953 678 985 esl'e.
703 963 838 993 nempe,
863 954 934 992 quia

65 997 263 1030 elladverl‘us
281 1004 422 1027 naturam
437 995 555 1032 mutui,
572 1003 681 1027 utnon
698 994 912 1036 fitgratuiturn
924 1017 933 1031 ,

66 1040 216 1079 quamdiu
233 1038 348 1068 retinet
372 1046 489 1068 nornen
507 1036 603 1068 stium.
627 1045 770 1068 mutuum
787 1044 874 1067 certe
890 1036 934 1066 ob

67 1079 248 1120 hujusmodi
275 1079 398 1118 pactum
423 1087 485 1109 non
512 1078 609 1118 inagis
636 1077 741 1109 transit
763 1079 792 1108 in
810 1085 933 1107 contra-

67 1122 150 1152 sttiin
165 1122 413 1156 innominatum,
428 1128 520 1158 quarn
537 1120 566 1150 in
583 1118 813 1159 obligationem
832 1117 934 1149 foene—

64 1163 128 1194 bris
154 1164 305 1203 pecuniae.
338 1169 485 1192 neutrum
506 1161 589 1191 enirn
612 1161 770 1200 proditum
790 1159 834 1190 est
850 1159 933 1198 apud

64 1203 208 1236 nostrose
230 1205 301 1242 quia
319 1211 463 1233 neutrum
485 1209 650 1240 receptum
668 1200 712 1231 est
736 1201 830 1231 Civili
847 1199 931 1237 jure.

65 1246 140 1284 quin
160 1245 270 1276 Paulus
286 1244 334 1274 lib.
351 1253 378 1274 2.
397 1242 524 1273 sentent.
542 1243 587 1272 rit.
608 1251 653 1280 14.
670 1242 698 1282 §.
720 1251 745 1272 1.
761 1242 822 1279 ait,
839 1241 872 1271 Si
881 1247 932 1279 pa-

67 1286 145 1317 &um
167 1287 279 1316 nudum
302 1286 335 1315 de
355 1282 521 1324 praestandis
547 1285 644 1323 usuris
663 1281 860 1322 interpositum
872 1280 932 1320 fic,

64 1328 171 1358 nullius
193 1324 232 1367 eft
255 1326 405 1357 momenti.-
429 1324 457 1355 ὅ(
478 1325 558 1355 hanc
574 1325 663 1355 addit
678 1325 833 1355 rationem
856 1323 930 1354 Pau-

66 1369 132 1406 lus,
157 1367 207 1399 Ex
223 1368 299 1398 nudo
317 1368 391 1397 enim
404 1365 487 1406 ριιὲἶο
510 1367 586 1396 incer
600 1366 676 1396 cives
698 1365 841 1396 Romanos
858 1363 930 1396 ostio

62 1419 118 1441 non
136 1409 273 1446 nascitur.
309 1408 405 1439 Simili
425 1407 523 1438 inodo
542 1414 659 1447 negant
677 1406 777 1448 Impp.
794 1406 930 1437 Severus

63 1452 92 1484 &
112 1450 310 1488 Antoninus,
334 1449 353 1480 l.
370 1459 397 1489 3.
417 1449 448 1479 C.
466 1450 499 1478 de
515 1448 630 1486 usuris,
656 1447 757 1479 usuras
776 1447 930 1479 foenebris

63 1492 207 1533 pecuniae
229 1491 306 1521 citra
332 1490 492 1520 vinculum
517 1489 723 1527 stipulationis
750 1491 841 1530 peti:
875 1488 929 1520 etii

61 1532 292 1570 confiteantur,
310 1531 423 1563 solutas
438 1541 478 1562 ex
494 1530 574 1570 pasti
590 1531 809 1562 conventione
825 1539 930 1570 neque

60 1583 96 1606 ut
112 1574 267 1606 indebitas
283 1573 404 1613 repeti,
419 1581 524 1612 neqte
540 1572 569 1603 in
589 1571 705 1604 sortem
724 1580 861 1613 accepto
882 1572 928 1602 fe-

59 1617 172 1648 rendas
187 1614 258 1646 ess'e.
284 1615 370 1654 quod
389 1623 452 1644 non
472 1614 575 1645 minus
590 1612 718 1652 salium,
736 1623 828 1654 quam
844 1613 929 1645 dictu

60 1656 226 1688 absurdum
241 1654 345 1686 foret:
370 1655 388 1686 si
404 1654 467 1686 fine
483 1653 685 1694 stipulatione
699 1654 853 1694 promiss'ae
872 1664 927 1686 nu-

61 1699 103 1730 do
123 1698 215 1738 paeto
231 1697 262 1728 in
274 1696 445 1727 traditione
457 1703 574 1727 mutuae
590 1697 732 1735 pecuniae
744 1719 753 1734 ‚
770 1704 928 1736 tamquam

61 1749 101 1771 ex
117 1738 316 1770 innominato
327 1736 490 1769 contraCiu
500 1759 510 1775 ,
529 1737 653 1768 actione
664 1736 851 1778 praescriptis
862 1747 929 1768 ver·

59 1780 107 1812 bis
124 1786 320 1820 Peterentur.
349 1779 400 1811 Ad
419 1777 488 1808 haee
502 1779 645 1810 accedit:
671 1779 758 1819 quod
774 1779 804 1810 in
821 1779 928 1819 paucis

59 1819 179 1852 caiibus
195 1820 352 1858 obtinuit,
366 1820 434 1860 jure
450 1818 610 1860 singulari:
627 1828 661 1851 ut
676 1829 717 1851 ex
735 1819 828 1860 paCko
844 1820 928 1860 adje-

58 1862 112 1894 cto
130 1861 292 1894 traditioni
309 1861 498 1892 creditarum
522 1861 726 1902 pecuniarum
752 1862 848 1892 usurae
873 1865 927 1893 de·

59 1903 204 1935 beantur.
238 1903 300 1934 tale
327 1902 510 1942 exemplum
526 1903 557 1934 in
573 1902 701 1934 foenore
715 1903 844 1934 nautico
859 1903 877 1933 l.
896 1912 926 1943 7.

57 1943 95 1979 ἐξ
110 1945 128 1975 l.
145 1955 175 1985 5.
193 1944 222 1986 §.
245 1953 271 1975 1.
294 1942 335 1974 D.
360 1945 392 1974 de
404 1944 515 1982 faenore
538 1945 671 1982 nautico,
696 1944 728 1975 in
752 1943 894 1984 pecuniis
909 1954 926 1975 a

57 1987 190 2017 civitate
206 1985 337 2016 creditis
361 1985 378 2015 l.
396 1994 447 2025 30.
466 1985 508 2016 D.
525 1986 558 2015 de
575 1985 689 2023 mitris,
712 1985 741 2016 in
760 1984 925 2016 frumento

56 2035 109 2057 aut
124 2026 247 2058 hordeo
266 2035 378 2058 mutuo
396 2028 470 2057 dato
489 2026 507 2055 l.
525 2035 570 2057 12.
590 2026 622 2057 C.
638 2028 694 2058 eod.
712 2028 757 2057 tit.
775 2026 804 2058 ἃ
821 2027 851 2057 in
871 2036 925 2067 pe-

55 2069 154 2099 cuniis
172 2068 210 2098 ab
226 2067 406 2108 argentariis
425 2067 553 2098 creditis
571 2077 610 2098 ex
626 2067 752 2098 Novella
773 2072 838 2108 136.
855 2077 878 2098 c.
892 2077 923 2107 4.

57 2108 134 2150 Quo
154 2109 323 2150 privilegio
341 2118 376 2139 an
395 2107 499 2139 fuiffet
519 2109 548 2139 in
569 2108 616 2140 his
635 2118 734 2149 opus:
757 2108 778 2140 fi
797 2109 922 2148 pastum

55 2151 86 2181 in
102 2151 279 2182 continenti
295 2149 447 2189 adjectum
461 2150 621 2181 traditioni
632 2158 748 2181 mutuae
758 2152 921 2190 pecuniae,

58 2199 217 2231 tamquam
241 2201 280 2222 ex
307 2191 505 2222 innominato
536 2191 703 2222 contractu
720 2215 730 2230 ,
765 2192 923 2224 actionem

55 2232 243 2272 praescriptis
261 2233 364 2263 verbis
383 2233 422 2263 ad
439 2231 529 2263 sortis
555 2233 786 2264 incrementum
807 2233 924 2274 produ-

56 2273 170 2305 ceret?
195 2274 281 2305 nullo
308 2273 417 2304 modO.
462 2273 505 2304 At
530 2272 756 2315 Gajusssibstat
780 2275 806 2305 d.
830 2274 849 2304 l.
872 2279 923 2311 118.

57 2313 163 2354 Quid,
187 2314 209 2345 fi
234 2314 359 2354 respicit
380 2314 418 2345 ad
441 2312 559 2354 Legem
590 2315 771 2346 Duodecim
786 2314 923 2346 Tabula-

56 2364 125 2388 rum
149 2356 236 2396 cujus
259 2356 328 2387 haec
353 2354 421 2387 sunt
438 2357 534 2387 verba
551 2357 634 2397 apud
652 2355 797 2390 Festum:
823 2357 855 2388 Si
874 2366 922 2388 nt·-

749 2462 963 2498 CAPUT

568 81 765 116 Pieris
805 92 863 116 ετ
905 80 1450 117 TitANsAcrioriinus.

1786 92 1859 128 42?

984 179 1056 200 xum
1071 169 1166 209 faciet
1188 171 1435 212 mancipiumque,
1465 171 1511 202 uti
1530 169 1631 210 lingua
1652 169 1854 210 nnncupoffit,

983 212 1024 241 ita
1041 211 1088 250 jus
1104 209 1183 251 esto?
1206 211 1236 242 id
1255 213 1330 243 milii
1349 212 1513 252 persuadet
1533 211 1698 251 inleriptio
1712 212 1738 242 ci.
1756 211 1775 242 l.
1792 217 1851 250 48:

983 252 1079 292 Gojzis
1103 253 1150 282 lib.
1177 262 1205 292 53.
1240 253 1288 284 Ad
1305 254 1392 294 legem
1407 262 1465 286 itii
1486 253 1672 285 Tabularum.
1698 261 1851 292 quantum

980 302 1058 323 vero
1081 293 1259 332 corjtctum
1279 294 1446 334 ass'equorz
1473 295 1638 335 complura
1664 295 1789 325 notavit
1814 303 1852 325 ea

979 334 1008 364 in
1027 333 1112 375 Lege
1126 334 1234 374 Gajus.
1253 345 1386 374 primum
1403 336 1466 374 cst,
1483 337 1622 368 locutam
1640 334 1729 366 fuiss‘e
1745 336 1785 366 de
1803 345 1851 366 re-

977 375 1034 406 bus
1052 377 1204 415 mancipi:
1230 376 1280 408 sed
1299 377 1383 408 usum
1400 379 1465 416 ejus
1483 378 1545 409 vim
1564 375 1737 417 poi-rexiise
1754 377 1849 408 ctiam

980 417 1018 447 ad
1037 426 1084 447 res
1101 426 1242 450 caeteras.
1266 419 1399 450 alterurn
1419 419 1481 451 est:
1509 420 1595 459 quod
1621 417 1687 449 Lex
1708 419 1791 449 cavit
1810 419 1851 449 de

980 457 1110 489 solemni
1133 460 1367 499 mancipatione
1388 461 1469 491 inter
1487 461 1574 491 cives
1600 459 1763 491 Romanos
1779 458 1848 490 fieri

981 498 1086 530 solita:
1111 498 1207 539 Gajus
1229 510 1333 532 autem
1353 502 1440 540 quoti
1458 500 1526 532 Lex
1553 503 1592 532 de
1610 501 1848 541 mancipatione

980 541 1078 578 dixit,
1103 542 1196 572 ctiam
1213 542 1241 572 in
1261 543 1431 573 traditione
1449 542 1608 573 observari
1626 542 1710 573 sinit:
1728 551 1788 573 nec
1802 542 1848 573 in-

979 590 1026 613 ter
1046 583 1131 613 cives
1158 584 1316 614 Romanos
1342 593 1481 621 tantum,
1507 584 1555 613 led
1574 587 1655 614 inter
1672 584 1751 614 alios
1767 593 1848 623 quo-

978 633 1050 663 que.
1069 633 1222 664 praeterea
1239 635 1301 656 non
1319 624 1511 666 effugitGaji
1529 625 1740 664 diligentiam:
1758 626 1847 664 quod

979 663 1050 696 Lex
1076 675 1137 696 non
1165 665 1225 696 suit
1245 668 1284 697 de
1301 669 1387 697 omni
1408 667 1515 698 locuta
1533 667 1645 705 patim
1671 665 1720 696 i'eti
1744 667 1784 696 de
1802 666 1848 696 l'o-

979 707 1074 737 lemni
1089 718 1096 738 :
1122 707 1170 745 Si,
1188 708 1332 746 inquiens
1344 731 1352 745 ,
1368 718 1475 739 nexum
1489 708 1578 746 faciet
1594 707 1846 747 mancipiumque,

978 748 1025 778 nti
1048 748 1150 788 lingua
1172 749 1354 789 nuncupciffic
1367 773 1375 787 ‚
1400 751 1442 780 iia
1453 750 1504 790 jus
1520 746 1584 789 esto.
1616 756 1648 778 at
1668 747 1767 788 Gajus
1784 750 1847 786 ait,

978 788 1016 820 In
1031 790 1231 820 traditionibus
1246 801 1341 821 rerum
1355 792 1542 831 quodcunque
1554 788 1718 830 pactumfii
1729 813 1739 827 ,
1750 791 1779 819 id
1794 799 1847 819 vct-

975 830 1040 860 lere.
1084 829 1172 871 Quid
1188 841 1266 871 crgo
1286 832 1355 863 est?
1380 841 1501 864 tantum
1523 832 1590 862 vult
1610 830 1727 870 Gajus,
1749 828 1847 862 licere

975 871 1109 902 domino
1127 881 1142 901 a
1160 880 1224 910 quo
1241 873 1480 913 qualiscumque
1495 882 1544 904 res
1561 873 1701 904 tradatur
1718 880 1757 902 ex
1775 881 1848 903 cau-

976 913 1002 942 la
1017 913 1229 949 venditionis,
1246 915 1349 950 dotis,
1366 915 1565 952 donationis,
1584 923 1637 945 aut
1657 913 1848 945 innominati

976 953 1157 984 contractus
1170 977 1178 990 ‚
1194 954 1259 993 ejus
1277 955 1437 986 traditioni
1458 965 1550 995 quam
1569 955 1662 993 velit,
1679 955 1783 996 legem
1800 955 1848 986 di·

977 1004 1069 1032 cere3
1094 994 1123 1025 &
1141 995 1254 1026 dictam
1273 996 1398 1026 afflone
1417 997 1509 1026 bona:
1528 996 1622 1034 fidei,
1638 1005 1692 1027 aut
1710 995 1847 1036 praescri-

977 1036 1039 1075 ptis
1057 1036 1178 1074 verbis,
1195 1035 1337 1069 servare:
1355 1039 1442 1077 quod
1458 1037 1644 1069 veriffimum
1663 1037 1724 1069 est:
1747 1037 1848 1070 modo

976 1077 1011 1107 iit
1040 1077 1119 1108 intra
1137 1077 1273 1108 formam
1299 1078 1500 1110 contractus:
1526 1087 1559 1109 ut
1577 1079 1595 1110 ii
1614 1077 1741 1117 respicit
1758 1080 1796 1110 ad
1813 1079 1847 1109 id

976 1119 1062 1156 quod
1078 1117 1391 1158 pacilcentisinterfit
1405 1120 1448 1150 ob
1462 1129 1526 1150 rem
1542 1121 1692 1150 debitam.
1717 1119 1768 1151 Eo
1784 1119 1849 1151 sen-

977 1159 1007 1189 l‘u
1033 1158 1187 1198 Ulpianus
1211 1160 1229 1190 l.
1249 1170 1276 1199 7.
1303 1159 1344 1190 D.
1373 1162 1405 1190 de
1421 1162 1502 1190 rebus
1519 1163 1633 1192 creaz'iz's
1650 1161 1712 1199 ait,
1737 1161 1846 1193 Omnia

975 1210 1036 1241 qziae
1060 1201 1146 1239 inseri
1153 1199 1392 1242 stipulationibus
1403 1201 1540 1241 postiam,
1563 1203 1658 1232 eadem
1683 1203 1769 1232 eiiam
1781 1209 1847 1241 pos-

965 1247 1042 1280 sunt
1066 1245 1262 1274 numerationi
1279 1244 1424 1283 pecum‘ae:
1455 1243 1490 1276 δ’
1512 1244 1572 1273 ideo
1597 1242 1633 1276 ὃ)
1661 1244 1846 1274 conditiones.

975 1282 1044 1313 Sic:
1063 1282 1083 1314 ss
1100 1284 1285 1322 paciscentis
1303 1284 1424 1315 interiit
1441 1285 1483 1314 ob
1501 1293 1565 1315 rem
1583 1284 1734 1314 debitam.
1758 1285 1847 1323 qnod

974 1322 995 1355 fi
1012 1324 1074 1355 alio
1093 1325 1229 1364 spectet:
1246 1334 1359 1356 contra
1376 1325 1430 1356 est.
1448 1325 1520 1364 qnia
1537 1326 1696 1366 egreditur
1714 1325 1848 1356 niodum

974 1366 1156 1398 contraCtus
1169 1390 1178 1405 ‚
1197 1367 1426 1407 patstionisque.
1445 1369 1628 1407 exemplum
1646 1367 1675 1397 in
1695 1366 1788 1407 paCto
1806 1367 1847 1398 de

975 1406 1092 1446 usuris,
1117 1409 1278 1439 traditioni
1299 1409 1443 1448 pecuniae
1468 1416 1585 1440 mutua:
1609 1409 1639 1439 in
1665 1409 1846 1439 continenti

973 1448 1115 1488 adjecto:
1140 1450 1216 1480 item
1239 1451 1267 1481 in
1293 1449 1438 1489 pactione
1457 1458 1569 1489 poenae.
1593 1450 1613 1481 l.
1630 1460 1658 1489 7.
1675 1449 1716 1481 D.
1746 1451 1779 1479 de
1794 1452 1847 1485 ser-

973 1491 1020 1520 vir
1033 1492 1226 1529 exportandis.
1258 1491 1328 1530 plus
1351 1490 1498 1522 observat
1517 1490 1628 1522 Paulus
1644 1491 1662 1521 i.
1686 1500 1733 1522 11.
1752 1490 1794 1522 D.
1811 1492 1846 1521 cle

973 1530 1126 1573 religiofis,
1151 1532 1237 1572 quod
1255 1532 1308 1563 tali
1329 1532 1441 1569 pasto,
1465 1531 1518 1563 etii
1544 1533 1707 1563 traditioni
1724 1531 1847 1571 appofi-

973 1580 1026 1611 to,
1051 1582 1146 1614 atque
1164 1575 1193 1604 in
1212 1574 1304 1604 boriae
1322 1573 1395 1605 fidei
1415 1574 1599 1611 contractu,
1623 1582 1686 1603 non
1708 1572 1846 1604 efficitur

973 1614 1060 1654 quod
1080 1624 1136 1655 per
1153 1615 1387 1654 stipulationem
1401 1613 1470 1646 fieri
1488 1614 1602 1655 potest.
1640 1614 1702 1645 Sed
1718 1613 1786 1645 haec
1804 1614 1846 1645 la-

973 1656 1034 1687 tius
1053 1654 1117 1687 suin
1142 1656 1309 1688 exsecutus
1334 1657 1365 1686 in
1389 1656 1451 1687 fine
1476 1655 1686 1696 praecedentis
1711 1656 1844 1696 capitis:

973 1706 1034 1728 nec
1059 1698 1198 1738 pluribus
1220 1707 1301 1738 opus
1324 1697 1378 1729 est.
1412 1697 1585 1729 desinamus
1610 1697 1705 1738 igitur
1720 1697 1846 1735 mirari,

973 1739 1003 1769 in
1028 1748 1161 1778 mutuo,
1186 1739 1218 1771 id
1242 1738 1306 1777 est,
1330 1739 1362 1770 in
1387 1738 1482 1771 stricti
1504 1739 1580 1778 juris
1602 1738 1788 1777 contractu,
1812 1739 1844 1770 ὃς

972 1781 1133 1821 gratuito,
1149 1781 1280 1812 evenire
1296 1782 1326 1811 in
1342 1781 1371 1811 d.
1388 1780 1407 1812 l.
1429 1790 1476 1812 11.
1494 1780 1523 1822 §.
1543 1787 1578 1812 1:
1597 1787 1630 1811 ut
1647 1781 1759 1812 decem
1776 1789 1845 1811 cre-

972 1821 1062 1859 ditis,
1087 1821 1140 1852 sub
1157 1821 1267 1862 pasto,
1292 1829 1325 1852 ut
1341 1822 1490 1853 undecim
1506 1822 1694 1860 reddantur,
1719 1829 1843 1853 tantum

971 1863 1084 1893 decem
1107 1863 1215 1894 deberi
1234 1874 1241 1895 :
1273 1862 1463 1903 pastumque
1486 1863 1519 1894 id
1541 1863 1658 1894 nullius
1683 1864 1844 1895 momenti

972 1903 1100 1942 haberi;
1123 1913 1159 1935 ac
1177 1913 1216 1935 ne
1233 1904 1272 1935 ad
1289 1904 1486 1936 contr-assum
1510 1905 1639 1944 quidem
1662 1903 1843 1936 innomina-

971 1952 1038 1976 tum
1057 1944 1223 1985 proficere.
1250 1944 1468 1977 Donationein
1486 1945 1555 1977 sane
1572 1945 1654 1984 esse,
1680 1954 1766 1977 vetat
1783 1947 1842 1978 do-

969 1986 1105 2017 nationis
1131 1986 1254 2018 forma:
1279 1988 1368 2027 (quae
1387 1994 1459 2017 ante
1478 1986 1681 2026 justinianum
1700 1987 1762 2018 fuit
1780 1995 1842 2017 tra-

969 2027 1048 2058 ditio
1059 2026 1300 2067 autstipulatio)
1318 2031 1485 2066 minusque
1502 2037 1570 2059 eam
1588 2038 1636 2059 res
1653 2030 1780 2068 patitur.
1797 2029 1841 2058 ita

967 2068 1090 2108 optime
1113 2068 1322 2111 Augustinus,
1346 2068 1480 2100 Concimz.
1497 2080 1526 2109 3.
1544 2071 1574 2100 in
1589 2076 1664 2110 part.
1680 2079 1709 2110 3.
1725 2069 1839 2108 Psalm.

965 2114 1023 2150 36,
1047 2116 1112 2141 com.
1139 2115 1167 2144 8.
1188 2118 1257 2150 pag.
1281 2119 1347 2150 123.
1394 2110 1428 2141 Si
1441 2111 1636 2150 foeneraveris
1660 2111 1783 2148 homini,
1807 2111 1838 2140 id

965 2149 1024 2191 est,
1052 2156 1184 2182 mutuam
1207 2153 1356 2191 pecuniam
1380 2157 1461 2182 tuam
1484 2153 1591 2183 dederis
1611 2162 1630 2183 α
1652 2162 1706 2193 quo
1727 2153 1839 2192 aliquid·

963 2193 1048 2233 plus,
1072 2202 1158 2233 qaam
1185 2191 1302 2230 dedisti,
1326 2192 1463 2232 exspeties
1480 2194 1623 2233 accipere;
1647 2203 1704 2225 non
1717 2195 1838 2235 pecnni-

966 2236 1143 2272 anisolam,
1162 2234 1211 2271 sed
1235 2233 1346 2273 aliquid
1357 2233 1425 2272 plus
1443 2231 1564 2274 dedisti,
1599 2244 1646 2265 ive
1662 2235 1736 2266 illud
1758 2236 1837 2266 triti-

967 2285 1031 2306 cum
1049 2273 1109 2312 sit,
1126 2272 1191 2310 five
1214 2275 1335 2311 vinum,
1352 2272 1417 2310 five
1438 2275 1548 2313 oleum,
1583 2285 1630 2307 ive
1654 2278 1789 2317 quidlibet
1805 2287 1835 2308 α-

965 2317 1045 2354 liud,
1061 2313 1091 2354 fi
1103 2316 1171 2356 plus
1194 2325 1281 2358 quom
1298 2313 1398 2357 dedisti
1414 2316 1558 2358 exspeffas
1574 2319 1698 2359 accipere
1705 2318 1835 2357 foenera·

965 2363 1008 2389 tor
1022 2366 1060 2389 es.

1021 2462 1134 2497 XIII.

355 2541 403 2576 De
417 2541 562 2588 legitimis
582 2543 831 2577 conventionibus
848 2555 886 2577 ex
902 2541 1074 2588 definitione
1090 2542 1185 2578 Pauli
1200 2543 1221 2577 I.
1240 2544 1271 2577 6.
1291 2543 1334 2578 D.
1361 2544 1394 2579 de
1410 2545 1517 2589 panis.

62 2641 108 2710 F
120 2639 236 2685 xplicui
260 2642 525 2688 pasta-conventa
540 2645 754 2678 contractibus
775 2645 869 2677 bonae
886 2644 920 2676 fi-

102 2698 114 2709 ]
134 2681 183 2726 dei
199 2681 228 2711 ὅ(
244 2681 336 2713 strieti
352 2687 424 2721 juris
440 2686 574 2726 adjecta:
593 2687 623 2717 id
639 2686 700 2724 est,
717 2688 854 2726 priorem
873 2695 922 2717 ca-

60 2720 124 2769 sum
149 2730 179 2765 in
204 2730 266 2760 quo
288 2732 327 2753 ex
350 2725 440 2763 pacto
465 2726 598 2758 nascitur
621 2728 672 2758 vel
690 2728 812 2759 tollitur
826 2729 920 2758 aCtio.

66 2761 203 2807 sranleo
225 2764 261 2792 ad
280 2763 365 2809 pacta
384 2766 538 2807 legitima:
562 2768 674 2807 quibus
693 2769 824 2800 alterurn
844 2778 921 2800 con-

62 2810 171 2838 tineri,
195 2801 281 2841 supra
297 2804 370 2835 diXi.
395 2808 435 2837 de
452 2807 499 2839 his
514 2809 555 2838 ita
571 2808 651 2840 libro
669 2811 765 2840 tertio
781 2810 829 2841 Ad
849 2809 920 2841 Edi-

62 2844 146 2875 ctum
165 2843 276 2874 Paulus
293 2844 302 2872 l
328 2847 356 2874 6.
376 2845 415 2876 D.
434 2848 467 2877 de
479 2848 581 2888 pastis.
610 2849 754 2890 Legitima
771 2852 919 2882 conventio

62 2883 99 2925 est
116 2894 176 2925 quae
194 2885 251 2925 lege
266 2886 364 2925 aliqua
379 2887 582 2926 confirmatur:
600 2888 636 2923 ὅ)
652 2894 710 2921 ideo
725 2893 868 2923 interdum
883 2901 919 2922 ex

52 2925 137 2967 pasto
160 2924 232 2956 afiio
255 2928 383 2961 nascitur
400 2929 444 2958 vel
460 2929 587 2967 tollitur,
610 2933 739 2970 quotiens
758 2933 849 2973 Lege,
872 2933 919 2963 vel

58 2967 306 3002 Senatnsconsulco
323 2968 493 3008 adjuvatur.
524 2970 637 3001 Paulus
656 2973 826 3012 legitimam
843 2983 918 3004 con-

58 3009 246 3039 ventionem
267 3007 377 3039 definit
400 3019 416 3039 a
439 3009 683 3041 confirmatione
709 3012 821 3054 Legis:
846 3023 918 3045 curn

58 3047 212 3088 Ulpianus
228 3049 246 3080 l.
263 3059 292 3088 5.
310 3050 351 3080 l).
368 3052 426 3081 eod.
447 3053 491 3082 tit.
511 3052 592 3082 illam
609 3052 739 3084 aestimet
751 3077 760 3090 ,
783 3064 799 3084 a
816 3054 919 3085 forma

55 3089 135 3129 Juris
158 3089 279 3122 Civilis.
311 3091 396 3121 recte
415 3093 453 3123 ad
470 3092 559 3123 suum
578 3093 710 3133 quisque
728 3093 834 3126 finem.
866 3095 918 3127 scd
938 3098 940 3101 ’

57 3131 138 3162 maie
161 3130 239 3169 Juris
265 3131 437 3164 Architecti
461 3143 529 3164 eam
548 3134 629 3165 Pauli
648 3134 866 3166 definitionem
887 3137 917 3168 in

54 3173 82 3203 d.
97 3171 167 3244 4:⁰53.
193 3172 350 3244 sIubJecere
367 3183 425 3214 pro
443 3175 660 3216 explicatione
684 3175 841 3210 divisionis
863 3177 915 3211 Ul·

963 2646 1047 2718 pigsni
1065 2646 1095 2678 in
1110 2647 1137 2693 ιζ.
1158 2646 1177 2677 l.
1194 2655 1233 2685 5,
1255 2646 1295 2678 ad
1311 2654 1404 2686 quarn
1421 2656 1485 2679 non
1510 2647 1667 2688 pertinet:
1691 2655 1725 2680 ut
1744 2648 1833 2690 supra

963 2697 984 2718 o
1023 2696 1175 2718 ervaVic.
1200 2696 1292 2718 vt11.

1004 2728 1067 2759 Sed
1085 2728 1214 2759 Paulum
1231 2729 1403 2761 Videamus.
1449 2729 1522 2767 Ait,
1546 2730 1704 2763 aaronem
1723 2742 1763 2763 ex
1780 2740 1832 2772 pa-

964 2768 1016 2800 cto
1042 2769 1123 2800 nasci
1148 2769 1286 2814 tit-tolli,
1310 2771 1436 2810 quoties
1455 2771 1523 2811 lege
1539 2772 1641 2812 aliqua
1657 2773 1830 2812 adjuvatur.

962 2811 1120 2841 Accidere
1137 2810 1168 2840 id
1184 2819 1214 2840 in
1237 2810 1349 2850 paeto,
1373 2811 1424 2843 Ne
1446 2811 1523 2844 furti
1539 2822 1666 2854 agatur,
1689 2816 1770 2845 idem
1787 2816 1830 2844 ait

962 2850 1074 2896 Raulus
1090 2851 1109 2882 l.
1131 2860 1176 2891 17.
1195 2850 1223 2892 §.
1249 2860 1274 2882 i.
1294 2852 1333 2884 D.
1348 2854 1406 2884 eod.
1426 2854 1472 2885 cit.
1497 2863 1568 2893 quae
1585 2855 1635 2886 lex
1652 2854 1696 2886 est
1711 2865 1751 2885 ex
1766 2854 1831 2893 ejus

962 2892 1043 2923 libro
1061 2902 1090 2933 3.
1114 2892 1162 2923 Ad
1180 2892 1325 2925 Edictum
1337 2917 1346 2932 ,
1362 2894 1439 2925 ficut
1457 2896 1484 2926 d.
1496 2895 1516 2926 l.
1534 2900 1573 2935 63
1590 2897 1619 2927 ἂ
1637 2905 1708 2927 curn
1724 2905 1759 2926 ea
1777 2896 1830 2925 be-

961 2942 1001 2963 ne
1023 2933 1233 2973 conjungitur.
1265 2944 1336 2967 nam
1360 2935 1388 2967 ἃ
1414 2935 1568 2976 Ulpianus
1584 2937 1601 2967 1.
1624 2945 1647 2976 7.
1665 2937 1692 2977 §.
1718 2945 1761 2974 14.
1783 2935 1827 2967 D.

959 2974 1016 3004 eod.
1045 2977 1089 3004 tit.
1116 2974 1161 3004 De
1177 2976 1282 3014 furto,
1306 2977 1426 3017 inquit,
1447 2979 1556 3018 pacisci
1579 2977 1645 3008 Lex
1667 2978 1828 3016 permittit.-

962 3014 1054 3056 Legis
1074 3016 1172 3047 verbo
1195 3016 1368 3057 significans
1392 3019 1493 3059 legem
1514 3018 1696 3049 Duodecim
1716 3016 1826 3048 Tabu-

961 3056 1076 3087 larum:
1100 3065 1191 3096 quam
1210 3068 1265 3098 per
1282 3060 1503 3091 excellentiam
1523 3059 1562 3089 fic
1579 3059 1727 3097 appellari
1747 3068 1826 3090 con-

962 3096 1036 3136 stat,
1053 3097 1180 3129 &idem
1196 3099 1296 3132 refert
1313 3100 1469 3140 Ulpianus
1487 3100 1515 3130 in
1530 3099 1642 3138 Frogm.
1662 3101 1706 3129 tit.
1725 3109 1775 3132 iti.
1793 3100 1823 3142 §.

959 3147 988 3178 3.
1032 3138 1080 3170 Ad
1097 3139 1179 3170 hanc
1196 3142 1291 3173 etiam
1309 3142 1463 3181 respicere
1481 3149 1595 3178 opinor
1612 3138 1825 3181 Imperatores

957 3180 976 3212 l.
998 3188 1042 3221 13-
1063 3179 1099 3253 {I
1117 3182 1275 3253 1delfonis:
1299 3192 1390 3221 cuni,
1416 3181 1537 3221 Leges,
1564 3182 1730 3222 inquiunt,
1756 3182 1826 3224 post

1161 3232 1172 3253 i
1197 3232 1215 3254 2
1768 3233 1823 3256 cieo
