2052 3487
382 139 462 174 DE
511 138 819 174 For-:Nona
869 141 939 171 ΕΤ
989 132 1252 171 Usunrs.

41 231 132 263 ximis
149 254 157 269 ‚
182 229 337 267 minimis,
361 239 468 261 carere
485 237 549 260 non
569 227 664 270 poffit
678 250 688 266 ‚
712 235 748 273 ea
766 226 904 271 hornini-⁴

42 274 98 304 bus
124 273 315 304 interdicere
332 270 348 302 ἱ)
377 272 436 302 erit
459 272 555 312 igitur
573 280 623 302 res
648 276 725 300 tanti
746 275 905 300 momenti

43 324 103 356 qua
121 315 205 345 nulla
228 314 272 345 est
297 313 441 352 majoris,
464 313 609 353 pleniore
634 311 728 352 digna
743 312 904 357 5³³4.me

83 356 211 387 Faciam
234 364 337 386 autem
365 355 487 385 initium
515 363 532 384 a
556 353 650 384 bona:
673 352 748 383 fider
778 352 903 392 judicus

43 399 73 429 in
99 398 213 438 quibus
239 395 358 427 usuram
381 405 421 427 ex
444 404 532 426 mora
556 394 693 436 praestari
721 393 832 424 officio
850 393 903 433 Ju-

44 440 124 471 dicis
143 463 152 478 ,
182 438 262 470 infra
283 437 444 468 ostendam
462 448 470 469 ε
501 437 611 476 estque
634 435 757 476 species
776 435 904 476 elegans

43 482 125 521 aptul
144 480 356 520 Pomponium
374 479 392 509 l.
411 483 461 510 60.
485 478 527 509 D.
552 478 719 517 l'rosocio,
745 486 839 516 quam
859 481 904 508 in-

44 522 208 561 terpretari
228 521 374 552 constitui
393 529 401 549 :
433 520 505 560 quia
528 520 684 551 rationem
711 519 808 549 habet
832 518 903 549 sane

43 563 204 595 diliicilem
219 586 227 600 ‚
252 563 299 598 ἃ,
321 569 474 602 quantum
492 560 579 600 scio,
607 562 750 593 nondum
774 561 905 600 expedi·

44 615 118 636 tam.
143 604 240 635 verba
262 603 432 644 Pomponii
460 604 529 634 sunt
554 613 590 634 ex
613 603 660 633 lil).
682 612 727 641 153.
759 603 797 632 ad
822 602 904 633 Sabi-

42 657 123 677 num.
167 646 281 676 Socz'zmi
297 647 346 686 qui
367 646 441 675 ineo
460 646 535 686 quod
555 654 592 675 ex
610 645 743 682 societate
761 644 837 674 lucri
852 645 906 681 fa·

43 693 113 718 aeret
135 687 273 717 reddentia
291 696 399 717 moram
421 687 553 717 adhibuit
565 709 573 724 ,
607 696 672 716 cum
689 696 721 716 ea
734 686 861 725 pecunia
880 686 903 714 z*-

39 731 87 770 pse
105 729 172 767 ustis
183 727 241 766 sit,
272 728 375 766 usuras
397 738 507 769 quoque
529 728 632 768 (etim)
650 724 785 768 prestare
807 728 903 757 crebere

43 770 135 802 Labeo
158 771 199 800 ait
211 780 219 800 .-
233 770 286 809 seri
300 779 357 800 non
378 770 459 810 qnasi
479 770 600 807 usuros,
616 771 668 809 >secl
684 768 840 810 quodsotii
858 769 903 797 in-

44 810 120 849 terfit
137 834 145 849 ,
176 820 281 841 moram
303 820 367 841 eum
386 821 443 842 ozon
460 810 616 851 adhib-ztiffe
632 834 641 849 ,
658 812 711 850 secl
722 808 751 846 fi
766 814 819 840 auc
835 810 905 848 usus

42 862 73 884 ea
85 854 208 893 pecunia
224 862 280 883 non
296 850 356 891 fit,
380 859 431 883 aut
448 863 556 883 moram
577 862 633 882 non
648 852 771 891 fecerit,
803 856 904 881 contra

43 894 104 934 effe.
141 895 208 925 ilem
232 892 295 934 post
317 902 433 925 moriem
457 894 525 929 sccii
547 893 659 924 nullam
683 892 766 924 talem
787 889 904 931 aestz'ma-

44 938 148 967 monem
163 945 199 966 ex
207 936 291 975 facio
308 935 416 966 heredis
431 936 602 976 faciendam
620 945 629 970 ,·
660 935 730 975 quia
750 939 838 964 morte
854 933 904 972 so-

42 979 81 1008 cz'z'
102 977 256 1008 dirimatur
273 976 402 1014 societas.
447 977 492 1008 Ita
518 977 587 1007 fere
614 985 726 1007 omnes
748 974 879 1006 codices
894 996 904 1012 ‚

43 1019 139 1050 etiam
159 1017 379 1050 Florentinus:
404 1017 456 1050 secl
474 1018 663 1060 legendum,
694 1017 832 1047 recidendo
849 1024 904 1062 mo-

45 1070 107 1091 ram
130 1061 262 1091 adhibuit
277 1083 287 1098 ,
310 1066 362 1091 aut
378 1070 442 1090 cum
458 1070 500 1091 ea.
523 1060 610 1100 quod
628 1059 782 1090 veriffime
796 1065 903 1095 conje-

46 1102 91 1132 cit
107 1100 244 1140 jacobus
266 1101 412 1141 Cujacius
429 1102 477 1133 lib.
492 1109 537 1142 13.
556 1101 706 1139 Obsorvat.
724 1110 747 1130 c.
767 1108 814 1138 15.
832 1106 904 1128 nam

48 1143 78 1173 ἃ
100 1142 171 1183 post
194 1143 236 1173 ait
257 1140 585 1182 Pomponius‚sedfi
606 1147 659 1172 aut
681 1142 750 1177 usus
764 1150 796 1170 ea
813 1145 904 1178 pecu-

47 1184 98 1214 nia
113 1193 170 1215 non
184 1182 226 1222 fit
241 1206 250 1222 ,
274 1191 325 1215 auc
339 1194 446 1216 moram
464 1194 520 1214 non
528 1184 642 1222 fecerit.
687 1181 816 1227 Species
834 1179 905 1210 haec

49 1224 103 1256 est.
135 1225 296 1256 contr-atta
320 1226 402 1256 inter
428 1235 478 1256 me
504 1225 534 1255 ἃ
559 1231 589 1254 te
612 1222 657 1254 est
679 1222 837 1268 societas:
867 1229 903 1265 tu

47 1267 168 1298 lucrum
192 1275 233 1297 cx
256 1275 292 1296 ea
310 1265 439 1301 fe‘cisti3
462 1273 515 1296 aut
540 1273 576 1295 ea
594 1263 727 1302 pecunia
751 1264 816 1303 iple
834 1262 904 1293 ulus

47 1317 92 1338 es.
120 1308 162 1338 ait
180 1306 311 1345 Labeo,
336 1306 437 1337 usuras
463 1314 495 1337 te
517 1305 662 1345 praestare
687 1305 816 1336 debere.
840 1303 903 1349 five

47 1348 131 1378 enirn
158 1348 189 1378 in
211 1347 280 1378 usus
302 1356 374 1378 tuos
391 1346 576 1378 convertisti
601 1347 750 1381 lucrum;
775 1344 903 1377 voluisti

45 1389 103 1420 tibi
127 1389 290 1428 adquirere
316 1389 404 1427 quod
427 1390 504 1419 mihi
521 1387 664 1419 noluisti:
688 1387 752 1419 five
775 1387 806 1418 in
830 1389 902 1417 red·

44 1430 151 1462 dendo
170 1439 290 1461 moram
310 1430 476 1461 adhibuisti
494 1453 504 1469 ‚
528 1429 693 1470 postquam
718 1429 903 1468 interpella-

44 1479 94 1504 tus
117 1481 168 1510 es3
190 1471 268 1502 mihi
287 1471 389 1502 minus
409 1473 461 1504 das
476 1495 485 1510 ,
517 1480 611 1511 quam
630 1471 714 1509 tibi,
746 1469 801 1502 etsi
824 1471 901 1501 utri·

43 1523 106 1553 que
130 1513 213 1544 idem
238 1514 317 1551 das3
349 1521 471 1545 tantum
497 1513 569 1553 quia
595 1512 671 1543 mihi
693 1513 811 1543 tardius
828 1534 838 1550 ,
871 1512 903 1543 id

43 1554 107 1592 est,
131 1562 277 1595 tempore
298 1555 400 1586 minus
417 1578 427 1594 ‚
457 1555 521 1586 das.
545 1562 693 1586 neutrum
716 1563 794 1584 vero
825 1554 902 1594 pati-

43 1603 94 1627 tur
110 1603 218 1627 natura
236 1595 411 1628 societatis:
435 1605 506 1636 quae
529 1597 584 1637 (ut
602 1594 711 1626 Livius
726 1595 772 1626 ἰώ.
790 1600 819 1629 8.
839 1601 901 1635 cop.

41 1639 73 1677 4
97 1636 233 1678 definit)
253 1638 376 1679 aeqaatz'o
390 1638 468 1678 juris
481 1635 531 1677 eft.
574 1636 714 1678 Ulpiano
723 1638 903 1676 fraternitas

41 1679 160 1710 dicitur
182 1679 201 1709 l.
215 1683 265 1720 63.
289 1678 332 1711 D.
353 1680 411 1710 Pro
431 1680 513 1716 socio.
538 1678 568 1710 ἀ
586 1679 710 1719 optime
728 1678 900 1721 Quintilia-

42 1729 101 1752 nus
117 1720 250 1751 Declam.
266 1730 337 1762 320.
360 1721 402 1751 ait
413 1744 422 1759 ‚
445 1722 536 1752 Sacra
550 1730 593 1751 res
608 1718 646 1761 est
662 1721 760 1751 unitas
778 1719 814 1754 &³
828 1729 903 1759 qziae·

42 1763 110 1793 dam
116 1762 295 1802 fraternitas
312 1763 482 1793 animorum.
506 1762 646 1801 confirmes
663 1764 736 1793 enim
746 1760 837 1803 potest
848 1761 902 1801 fa·

42 1813 105 1835 cere
136 1804 240 1842 casus:
270 1810 402 1834 caeterum
432 1805 569 1845 quidem,
604 1814 669 1835 cum
693 1805 747 1834 duo
778 1804 903 1834 homines

42 1854 139 1877 omnes
154 1845 297 1884 fortunas
315 1846 384 1882 sitas
406 1845 613 1883 contulerunt,
644 1854 738 1876 omnes
758 1846 838 1882 casus
853 1846 904 1876 mi-

33 1890 205 1928 seuerum,
235 1896 327 1918 unum
349 1888 490 1927 quoddam
508 1886 625 1925 fatiam
648 1884 697 1926 eft.
719 1886 790 1927 quid
804 1884 843 1926 est
854 1886 904 1927 ju-

38 1927 135 1970 stius,
157 1938 245 1969 quam
265 1927 443 1969 compofitzmz
459 1929 671 1968 patrimonium
688 1928 789 1959 hahere
811 1928 904 1958 condi-

43 1971 181 2001 ditionem
203 1971 293 2001 unius
304 1971 453 2010 societatis
468 1969 484 2000 .9
516 1970 565 2000 hoc
581 1971 655 2000 enim
670 1967 709 2008 cst
726 1971 835 2000 urticas.
859 1970 904 1999 vi-

41 2012 91 2042 des
113 2020 178 2052 ergo
196 2011 232 2045 δ’
247 2013 353 2043 damna
375 2011 411 2045 ὅ)
434 2012 517 2042 lucra
539 2013 698 2041 communia
716 2010 766 2051 effe
787 2011 902 2047 dehere,

40 2052 81 2087 ὅ)
108 2052 182 2083 nihil
206 2062 265 2084 non
284 2063 396 2094 aequztm
419 2051 470 2092 effe
492 2053 608 2093 utrique
630 2053 720 2093 parti.
763 2051 862 2097 Igitur
882 2051 903 2082 si

43 2093 122 2134 quid
148 2095 227 2126 lucri
252 2103 293 2125 ex
317 2104 351 2125 re
375 2095 539 2125 communi
563 2095 602 2124 ad
631 2102 664 2125 te
694 2101 903 2134 pervener1t3

42 2135 110 2166 hoc
136 2135 214 2166 milii
237 2144 296 2175 pro
322 2142 410 2176 parte
437 2136 552 2173 reddi,
584 2134 755 2173 societati,
786 2135 819 2166 id
837 2134 903 2173 est,

41 2176 256 2215 fraternitati,
278 2181 443 2208 convenit.
469 2178 557 2217 quod
573 2175 592 2207 fi
608 2175 705 2214 facis,
730 2176 813 2208 bene
837 2175 903 2207 est:

42 2217 67 2250 fi
84 2227 149 2250 non
170 2218 249 2251 facis
266 2241 276 2256 ‚
307 2218 358 2250 sed
377 2228 413 2250 ea
438 2218 572 2258 pecunia
597 2217 660 2257 ipse
678 2216 747 2250 usus
772 2228 824 2256 es,
848 2216 905 2248 etfi

42 2268 111 2290 non
135 2268 175 2290 ex
197 2258 330 2300 persona
351 2269 472 2291 moram
501 2260 683 2291 committas
701 2282 711 2297 ,
742 2260 815 2299 quia
837 2268 904 2291 non

47 2309 82 2331 es
96 2300 334 2341 interpellatus,
358 2301 420 2341 ipsa
444 2309 549 2333 tamen
570 2310 618 2332 res
642 2310 764 2332 moram
787 2300 904 2332 habet:

44 2341 77 2372 &
99 2341 174 2372 ideo
196 2341 306 2373 Labeo
326 2351 357 2373 te
375 2344 413 2374 ad
440 2342 544 2374 usuras
562 2342 638 2373 mihi
659 2344 761 2374 teneri
781 2342 904 2382 voluit3

43 2381 99 2414 sed
114 2391 179 2414 non
195 2382 277 2423 quafi
292 2384 329 2414 ad
357 2383 478 2422 usuras,
502 2383 553 2415 sed
572 2384 659 2424 quod
678 2393 747 2416 mea
764 2383 903 2416 interiit:

42 2424 76 2455 id
92 2423 155 2462 est,
179 2433 243 2456 non
264 2424 345 2465 quasi
370 2426 408 2456 ad
432 2425 582 2465 quaestum
602 2435 696 2465 quem
721 2426 903 2464 intendam,

45 2465 76 2496 &
93 2474 157 2505 quo
179 2464 266 2497 usura
291 2466 466 2506 censetur3
497 2466 548 2497 sed
572 2466 655 2506 quafi
673 2467 711 2498 ad
734 2467 905 2499 restitutio-

45 2515 118 2538 nem
144 2507 290 2538 utilitatis
307 2517 402 2548 quam
427 2518 467 2539 ex
489 2510 632 2549 pecuniae
657 2518 736 2540 meae
760 2508 814 2539 usu
836 2518 905 2549 per·

45 2547 168 2587 cepisti.
200 2556 296 2588 atque
321 2550 384 2580 hoc
406 2551 433 2581 ei
458 2559 522 2581 non
543 2558 666 2581 tantum
693 2551 725 2582 in
751 2549 905 2581 societate

46 2588 186 2628 placuit3
209 2590 260 2622 sed
278 2591 310 2621 in
328 2591 476 2622 omnibus
500 2600 630 2631 quoque
654 2592 748 2623 bonae
768 2591 841 2623 fidei
858 2592 904 2632 ju-

48 2629 158 2661 diciis:
191 2632 322 2663 volente
339 2632 409 2672 post
430 2633 646 2665 dominiorum
670 2633 905 2665 distinctionem

49 2668 135 2700 bona
157 2670 240 2711 fide,
272 2682 312 2704 ne
332 2675 402 2712 quis
427 2684 467 2706 ex
493 2674 599 2706 alieno
624 2675 746 2706 lucrum
772 2675 905 2706 sentiat:

50 2718 202 2756 extatque
219 2715 401 2755 exemplum
417 2716 480 2756 ejus
498 2716 624 2757 generis
647 2724 771 2748 certum
790 2726 827 2747 ac
844 2716 906 2747 cla-

51 2759 120 2781 rum
142 2761 173 2783 in
194 2754 317 2787 actione
334 2758 555 2797 pigneratitia,
589 2759 672 2797 apud
690 2758 906 2798 Pomponium

53 2791 72 2820 l.
90 2794 118 2822 6.
140 2791 169 2833 §.
187 2802 213 2824 1.
232 2794 274 2826 D.
300 2798 332 2827 de
345 2799 535 2837 pignerazitia
558 2798 679 2830 afflone.
722 2799 785 2830 Sed
809 2799 906 2839 quid,

49 2831 73 2863 fi
89 2841 152 2864 non
169 2833 256 2879 sis-ea
274 2839 407 2876 pecunia
424 2838 511 2879 usus3
526 2849 636 2872 verum
654 2841 819 2872 reddendo
838 2849 907 2872 mo-

48 2882 116 2919 {sam
145 2874 338 2921 adhib—nisti,
369 2889 433 2911 non
453 2890 494 2912 ex
523 2891 580 2919 re,
610 2881 662 2913 sed
690 2892 730 2914 ex
752 2882 907 2923 persona3

50 2915 84 2945 ld
104 2914 168 2961 est,
193 2925 266 2957 quia
281 2918 497 2960 interpellatus
517 2932 704 2963 opportuno
722 2924 817 2962 loco,
841 2933 907 2954 non

52 2955 191 3003 dedisti?
214 2958 254 3004 de
270 2961 427 2993 creditore
444 2963 514 2994 silet
537 2964 734 3005 Pomponius
749 2966 780 2996 in
797 2966 907 3006 pigne-

48 3005 155 3043 τευ-[πει
178 2999 305 3031 achone
327 3003 356 3032 d.
376 3003 396 3033 l.
414 3007 443 3034 6.
468 3004 495 3045 ὃ.
519 3014 543 3036 1.
568 3005 620 3037 sed
644 3007 684 3038 de
703 3014 735 3038 te
757 3008 810 3047 qui
832 3006 909 3038 mihi

50 3037 226 3086 socrus-eS,
252 3042 329 3082 quid
344 3043 510 3076 dicemus?
533 3046 609 3077 nihil
632 3048 717 3079 enirn
738 3048 816 3079 lucri
840 3057 910 3089 per-

48 3079 162 3126 cepisti
180 3104 189 3118 ,
220 3091 326 3123 neque
349 3094 386 3116 ea
411 3095 451 3116 ex
477 3086 565 3118 causa
583 3088 660 3120 mihi
685 3090 824 3122 teneris:
857 3089 886 3120 se

50 3122 129 3153 mihi
146 3122 294 3155 tarditate
311 3131 364 3156 tua
382 3127 531 3159 damnum
548 3129 848 3171 dedistizatque,ut
857 3131 909 3162 Se-

47 3171 131 3210 ·neca
152 3161 230 3205 epist.
245 3170 295 3200 81.
318 3167 381 3207 ait,
406 3168 525 3209 Sapiens
545 3170 664 3210 interse
684 3174 779 3203 omnia
801 3180 910 3214 compa·

51 3205 145 3244 rabit,
168 3206 262 3248 majus
276 3209 300 3239 ez'
314 3215 400 3249 opus,
424 3216 476 3241 aut
496 3211 594 3243 minus
604 3211 665 3252 fit,
687 3215 822 3254 quamvis
837 3216 909 3246 idem

45 3243 111 3286 fit,
140 3252 285 3291 tempore,
316 3250 391 3292 2000,
421 3253 518 3296 causa.
560 3253 659 3297 Igitur
676 3255 780 3290 adhuc
804 3256 908 3291 solves

1304 136 1331 170 L
1350 145 1409 173 113.
1443 136 1473 174 1.
1753 151 1825 188 157

948 222 1164 264 mihi‘usuras3
1189 224 1244 257 sed
1268 225 1378 268 (quod
1400 227 1430 259 &
1454 227 1507 260 hic
1527 229 1664 261 tentavit
1684 227 1821 267 Labeo,

948 267 977 298 t&
997 276 1038 297 ex
1057 275 1097 297 eo
1117 267 1318 308 Pomponius
1340 270 1440 300 refert
1461 272 1496 302 dr
1515 270 1533 301 l.
1554 272 1626 311 60.)
1650 281 1715 303 non
1734 272 1822 312 quali

947 308 1074 347 usuras;
1100 307 1152 340 sed
1173 310 1261 350 quod
1284 320 1356 342 mea
1376 311 1498 343 interiit
1517 335 1527 351 ,
1559 322 1681 345 moram
1698 322 1729 344 te
1752 324 1819 345 non

947 349 1122 382 adhibuiss'e
1139 361 1147 389 ς
1173 350 1228 382 etii
1245 353 1276 383 in
1294 361 1429 393 utraque
1453 354 1557 394 specie
1578 357 1666 386 ulura
1683 355 1819 393 dicitur3

947 392 1019 431 quia
1040 391 1308 437 volebatLabeo
1324 417 1333 432 ‚
1367 396 1455 434 qnod
1480 395 1556 426 socii
1581 396 1721 435 intersit,
1744 405 1820 428 cen-

947 433 1006 464 seri
1026 433 1126 464 modo
1146 434 1243 465 ulurae
1261 458 1272 473 ,
1302 435 1454 467 suadente
1480 437 1618 469 utilitate
1645 439 1822 479 expedien—

947 476 1057 507 darurn
1073 484 1198 514 rerum,
1222 485 1286 508 tam
1302 477 1420 508 difficili
1437 478 1631 519 probatione
1647 481 1712 520 ejus
1729 481 1820 520 quod

947 521 978 548 in
998 517 1134 557 pecunia
1150 527 1184 548 re
1209 527 1283 548 vera
1300 519 1431 551 interiit.
1456 520 1559 552 solves
1578 522 1674 562 igitur
1697 524 1819 553 uluram

947 558 1042 589 etiam
1059 568 1098 588 eo
1117 558 1148 589 in
1166 558 1256 591 casu:
1280 558 1332 591 sed
1354 570 1418 591 non
1438 561 1521 603 quali
1539 566 1680 602 ulttiarn3
1705 564 1735 594 id
1754 562 1828 600 est,.

946 609 1012 631 non
1040 598 1125 640 quali
1149 600 1273 632 lucrum
1296 608 1350 632 aut
1376 602 1529 642 quaestum
1550 615 1557 634 :
1593 604 1645 636 l'ed
1679 606 1763 645 quali
1786 605 1821 636 id

948 642 1036 681 quod
1056 640 1205 685 interest3
1239 643 1379 682 denique
1402 653 1467 674 non
1492 652 1599 684 tuum,
1625 646 1674 677 l'etl
1701 649 1828 678 meum.'

947 684 1000 713 bic
1018 683 1049 713 in
1074 683 1236 714 locictate.
1262 694 1299 715 an
1321 686 1351 715 in
1377 686 1503 718 caeteris
1522 695 1651 727 quoqne
1670 689 1761 719 bona:
1782 687 1820 718 fi-

947 723 998 754 dei
1015 723 1171 763 judiciis?
1194 724 1282 756 forte
1301 726 1404 758 dices:
1429 725 1482 758 sed
1505 736 1570 759 non
1593 729 1703 768 γρᾶες
1733 730 1753 761 fi
1780 730 1820 760 :td

948 763 1109 810 Labeonis
1128 764 1158 795 ὅ(
1176 765 1348 810 Ροωροῃίί
1365 768 1511 808 respicias
1535 778 1681 810 tempora
1703 771 1822 810 quibus

948 807 979 836 in
1004 808 1158 851 locietatc
1175 816 1200 837 rs
1217 809 1311 839 color
1333 809 1453 848 placuit
1478 811 1521 841 ob
1537 813 1584 851 jus
1610 811 1819 843 fraternitatis

949 847 1036 886 quod
1061 854 1144 877 inter
1170 846 1275 880 socios
1300 850 1364 886 est3
1400 850 1452 882 sed
1475 861 1539 884 non
1558 855 1589 884 in
1610 854 1738 894 reliquis
1760 855 1821 884 bo-

947 897 995 919 nae
1017 885 1090 918 fidei
1113 888 1262 927 judiciis:
1288 900 1482 932 quamquam
1507 895 1536 925 in
1564 894 1610 925 his
1629 905 1761 936 quoque
1777 904 1820 926 ex

948 937 1038 960 mora
1062 937 1202 969 recepta:
1228 930 1298 963 sunt
1321 933 1438 972 ulurae,
1470 934 1580 967 officio
1598 937 1713 977 judicis
1738 947 1819 978 prae-

947 969 1251 1015 standae'frustuum
1275 975 1346 1005 vice
1379 975 1398 1006 l.
1425 985 1476 1016 34.
1502 976 1544 1007 D.
1571 980 1604 1008 a'e
1631 980 1754 1013 usuris.-
1787 986 1822 1010 at

947 1011 1013 1042 noi}
1052 1011 1267 1056 dilputatione
1308 1014 1471 1048 Labeonis
1490 1041 1499 1056 ,
1541 1017 1592 1050 sed
1632 1020 1818 1060 Principum

947 1051 1240 1085 constitutionibus
1257 1078 1266 1093 ‚
1289 1056 1401 1095 postea
1420 1058 1589 1099 insecutis,
1621 1070 1655 1091 ut
1674 1062 1821 1102 pluribus

948 1093 1111 1125 ostendam
1136 1104 1162 1125 c.
1180 1104 1230 1126 vt.
1257 1097 1324 1127 libri
1348 1106 1415 1130 111.
1449 1100 1578 1132 Interim
1605 1102 1703 1133 fuerit
1728 1113 1817 1144 argu-

947 1143 1117 1181 mentum,
1146 1137 1235 1176 quod
1261 1147 1360 1178 porro
1385 1140 1428 1171 ait
1450 1142 1650 1182 Pomponius
1674 1146 1701 1175 cl.
1727 1145 1743 1175 l.
1764 1150 1819 1176 oo.

946 1177 1021 1208 Item
1044 1180 1106 1217 post
1126 1183 1242 1209 mortem
1255 1181 1332 1218 socii
1352 1182 1462 1212 nullam
1494 1184 1578 1214 talem
1604 1183 1821 1225 affirmationem

946 1227 983 1249 ex
1000 1218 1085 1263 fabio
1114 1218 1232 1264 heredis*
1236 1220 1433 1259 faciendam:
1464 1226 1534 1264 quia
1551 1234 1639 1256 morte
1652 1228 1727 1267 socii
1748 1229 1819 1259 diri-

946 1261 1191 1305 macursocittas.
1215 1261 1319 1292 lensus
1346 1265 1430 1294 enim
1456 1266 1500 1296 est
1519 1290 1528 1305 ,
1562 1269 1650 1307 quod
1676 1269 1723 1308 jus
1750 1279 1821 1301 mo-

946 1310 1013 1333 ram
1038 1300 1148 1332 offleio
1165 1301 1284 1341 judicis
1304 1303 1476 1338 aestimandi
1504 1308 1543 1339 ad
1562 1311 1694 1340 modum
1715 1310 1819 1342 usura-

946 1352 1016 1374 rum
1039 1351 1079 1373 ex
1102 1341 1264 1376 Labeonis
1288 1344 1444 1378 sententia
1474 1350 1603 1389 quidem
1627 1351 1757 1382 obtinet
1784 1352 1818 1384 in

946 1384 1072 1431 'atti-one
1095 1393 1154 1424 pro
1180 1383 1288 1426 socio;
1313 1387 1366 1419 sed
1390 1398 1453 1421 nou
1473 1391 1503 1421 in
1526 1392 1592 1424 aliis
1616 1392 1711 1423 bona:
1735 1392 1815 1424 fidei

943 1427 1079 1470 judiciis.
1112 1435 1184 1458 nam
1207 1435 1241 1459 ut
1265 1429 1330 1469 ipse
1358 1428 1461 1462 socius
1494 1431 1582 1464 socio
1609 1441 1756 1466 teneatur
1779 1434 1821 1466 ad

946 1470 1050 1511 uiuras
1071 1478 1078 1499 :
1113 1475 1219 1500 tamen
1243 1470 1314 1510 post
1332 1481 1470 1505 mortem
1492 1472 1587 1513 socii,
1618 1475 1637 1507 fi
1668 1476 1762 1507 neres
1786 1477 1821 1508 in

944 1509 1112 1540 reddendo
1135 1519 1258 1542 moram
1289 1515 1502 1554 committat,
1531 1517 1617 1547 nulla
1642 1518 1712 1548 talis
1739 1517 1821 1548 aesti—

945 1552 1047 1596 matio
1072 1560 1113 1595 ex
1135 1551 1200 1592 ejus
1223 1552 1311 1585 facto
1331 1554 1478 1586 facienda
1505 1557 1569 1589 est:
1593 1558 1624 1588 id
1643 1558 1707 1596 est,
1733 1559 1820 1590 nulla

946 1592 1034 1638 locro
1052 1593 1139 1624 ulura
1158 1603 1198 1625 ex
1219 1594 1344 1627 heredis
1363 1603 1457 1628 mora
1473 1599 1682 1639 adjudicanda
1699 1599 1744 1631 est
1760 1598 1818 1631 sub

945 1635 1084 1681 imagine
1107 1635 1174 1679 ejus
1191 1637 1288 1681 *quod
1312 1638 1455 1670 interest.
1478 1640 1584 1679 quaeso
1604 1664 1613 1679 ,
1644 1641 1722 1681 quid
1744 1641 1819 1674 ita?

930 1685 1018 1721 'qma
1039 1675 1109 1716 post
1132 1679 1209 1708 locri
1229 1686 1368 1711 mortem
1391 1689 1457 1712 non
1482 1681 1529 1713 est
1552 1682 1712 1715 societas:
1745 1683 1822 1715 diri-

944 1725 1041 1749 mitur
1067 1718 1152 1749 enim
1179 1728 1297 1753 morte.
1329 1731 1391 1753 nec
1415 1722 1530 1763 igitur,
1561 1724 1581 1755 fi
1606 1725 1682 1765 quid
1699 1724 1819 1757 deinde

944 1759 1001 1790 fiat
1025 1768 1042 1790 a
1066 1758 1141 1791 socii
1164 1760 1305 1802 herede,
1338 1763 1421 1795 attio
1443 1773 1502 1805 pro
1527 1765 1614 1797 sucio
1639 1767 1748 1798 locum
1766 1766 1823 1798 ha-

946 1801 1023 1847 bet3
1054 1799 1108 1832 sed
1131 1805 1296 1835 communi
1320 1806 1520 1838 dividundo:
1551 1809 1623 1848 quia
1640 1830 1650 1847 ‚
1684 1808 1755 1849 post
1774 1808 1823 1841 so-

947 1849 1100 1888 cietatem
1117 1852 1222 1875 morte
1246 1845 1454 1887 diremptam,
1481 1848 1585 1880 adhuc
1601 1859 1706 1882 rerum
1731 1859 1824 1883 com·-

947 1893 1059 1929 mumo
1080 1884 1211 1923 mansit3
1235 1896 1336 1928 eaque
1357 1897 1423 1920 non
1446 1889 1574 1922 actione
1599 1900 1660 1931 pro
1679 1891 1769 1924 socio
1787 1892 1824 1925 fi-

948 1933 1033 1956 nitur
1049 1948 1059 1963 ‚
1083 1926 1135 1957 sed
1151 1926 1278 1959 afflone
1296 1930 1462 1962 communi
1478 1932 1657 1964 dividundo
1673 1933 1694 1965 l.
1714 1938 1764 1975 65.
1790 1934 1823 1976 §-

950 1975 999 2007 13.
1021 1966 1064 1998 D.
1082 1967 1245 2014 Prosociox
1269 1979 1340 2010 quae
1355 1971 1412 2004 etfi
1434 1982 1527 2014 aeque
1549 1974 1642 2006 bonae
1667 1974 1742 2007 fidei
1763 1975 1823 2016 fit,

947 2017 1045 2049 atque
1062 2009 1146 2055 aCtio
1170 2019 1229 2051 pro
1253 2010 1341 2044 socio
1363 2013 1392 2054 §.
1413 2018 1463 2048 28.
1490 2014 1562 2056 Inst.
1587 2017 1621 2047 de
1639 2016 1824 2050 actionibus:

948 2057 1055 2081 tamen
1080 2059 1153 2090 quia
1183 2061 1248 2084 non
1277 2054 1373 2086 talem
1398 2056 1639 2089 aessimationem
1669 2057 1748 2089 facit
1778 2068 1824 2092 ex

946 2091 1035 2138 facto
1061 2091 1209 2133 heredis,
1258 2097 1361 2128 nalem
1381 2097 1463 2129 aetio
1479 2107 1539 2139 pro
1561 2097 1650 2130 socio
1667 2109 1708 2131 ex
1730 2099 1819 2133 facto

947 2132 1042 2164 loen:
1066 2143 1219 2180 apparet,
1274 2138 1431 2170 abennem
1454 2140 1584 2180 quidem
1603 2141 1757 2181 voluiss'e,
1780 2152 1822 2175 ex

946 2184 1036 2206 mora
1053 2177 1157 2207 uluras
1184 2179 1320 2217 praestari
1338 2180 1370 2210 in
1396 2180 1524 2212 actione
1542 2191 1602 2222 pro
1624 2181 1714 2214 socio
1732 2194 1742 2222 ;
1765 2182 1821 2217 sed

947 2226 1012 2248 non
1033 2218 1064 2248 in
1088 2221 1211 2250 caereris
1237 2220 1332 2251 bonae
1356 2221 1431 2254 fidei
1450 2222 1587 2262 judiciis.
1613 2233 1661 2255 am
1690 2225 1748 2256 lius
1766 2235 1822 2266 ap·

946 2267 1059 2300 paret,
1084 2262 1171 2299 quod
1189 2261 1258 2293 haec
1281 2262 1453 2304 Pomponii
1471 2264 1586 2302 verba,
1612 2264 1666 2306 po]
1700 2273 1821 2299 mortem

935 2301 1013 2339 socii
1030 2300 1141 2332 nullam
1163 2304 1249 2334 talem
1265 2301 1478 2344 <estimationem
1494 2316 1531 2338 ex
1541 2305 1626 2346 facio
1646 2308 1821 2349 heredisfa-

946 2343 1094 2381 ciendam,
1125 2343 1294 2376 referenda
1317 2355 1381 2377 non
1400 2346 1470 2378 sunt
1495 2349 1533 2380 ad
1554 2355 1721 2389 utramque
1737 2359 1821 2390 prae-

947 2384 1119 2416 cedentem
1135 2384 1292 2426 speciem:
1316 2387 1368 2418 sed
1386 2395 1509 2419 tantum
1535 2390 1574 2420 ad
1593 2388 1820 2429 posteriorem.

947 2425 1036 2465 quod
1053 2425 1108 2457 etsi
1127 2427 1240 2459 mirum
1259 2429 1359 2460 videri
1377 2429 1490 2469 possit:
1517 2437 1624 2462 tamen
1641 2440 1692 2462 res
1711 2431 1822 2473 postil-

947 2467 1016 2504 lat3
1040 2466 1070 2498 &
1087 2466 1169 2508 l'aepe
1183 2469 1258 2500 alibi
1275 2468 1322 2500 fit.

988 2508 1130 2547 Exposui
1153 2519 1250 2541 unum
1277 2511 1463 2551 exemplum
1480 2512 1589 2552 judicii
1607 2515 1703 2548 bona:
1726 2515 1820 2549 fidei.

947 2550 969 2582 fi
990 2550 1112 2589 placet,
1130 2552 1244 2582 addam
1260 2553 1344 2584 aliud
1361 2562 1451 2592 aeque
1467 2555 1611 2588 evidens.
1627 2556 1731 2598 finge:
1748 2558 1821 2590 fun-

948 2593 1023 2623 dum
1048 2591 1106 2622 tibi
1124 2593 1237 2624 tradidi
1255 2602 1295 2625 ex
1322 2594 1412 2625 causa
1429 2596 1602 2636 emptionis
1619 2622 1629 2638 ,
1662 2609 1724 2630 nec
1747 2609 1820 2641 pre·

948 2634 1027 2664 tium
1046 2642 1062 2663 a
1079 2639 1111 2664 te
1134 2635 1264 2675 accepi:
1287 2637 1419 2667 rationis
1445 2637 1508 2676 est,
1531 2638 1632 2679 ficut,
1657 2649 1691 2673 tu
1714 2639 1820 2674 fundo

948 2674 1064 2706 frueris
1082 2697 1091 2713 ,
1121 2675 1163 2706 fic
1190 2685 1241 2707 me
1264 2678 1371 2717 pretio
1392 2677 1467 2710 frui.
1498 2679 1564 2711 hoc
1587 2683 1673 2714 enim
1693 2691 1822 2715 contra-

950 2716 1018 2747 ‹Stus
1037 2717 1230 2756 cequalitati,
1252 2719 1284 2750 id
1307 2718 1352 2751 est
1368 2742 1378 2758 ,
1409 2719 1469 2759 juri
1496 2720 1675 2762 Gentium,
1709 2724 1821 2757 conse-

950 2766 1051 2798 quens
1072 2758 1126 2789 est.
1150 2760 1305 2799 proinde,
1328 2760 1348 2792 fi
1363 2770 1429 2792 non
1444 2761 1549 2795 solvas
1566 2765 1643 2797 mihi
1661 2767 1819 2807 pretium,

950 2799 1118 2840 postquam
1140 2801 1253 2834 frueris
1271 2810 1409 2844 accepto
1427 2813 1444 2834 a
1465 2813 1518 2836 me
1539 2805 1664 2846 fundo,
1694 2807 1749 2839 etsi
1773 2809 1820 2838 in·

952 2842 1137 2881 ter-peilatus
1168 2853 1185 2874 a
1209 2853 1262 2875 me
1283 2854 1350 2876 non
1375 2844 1412 2877 fis
1431 2868 1442 2884 ,
1474 2856 1580 2888 neque
1611 2859 1652 2880 ex
1684 2848 1818 2890 persona

950 2891 1086 2930 moram·
1103 2883 1201 2916 facias
1218 2908 1228 2924 ,
1259 2885 1322 2926 ipsa
1347 2894 1453 2919 tamen
1479 2898 1528 2919 res
1551 2899 1676 2922 moram
1701 2890 1817 2922 habet:

951 2933 1023 2970 qma
1046 2925 1121 2957 mihi
1146 2927 1295 2959 damnum
1312 2928 1393 2960 facis
1410 2953 1420 2967 ,
1449 2929 1622 2963 interversa
1638 2932 1732 2972 pretii
1758 2933 1820 2962 uti-

952 2966 1063 3013 l1tate3
1095 2967 1124 2998 &
1146 2968 1221 3000 ideo
1244 2977 1276 3001 te
1303 2971 1370 3011 ejus
1388 2970 1491 3003 usuras
1513 2973 1675 3012 praestare,
1700 2972 1733 3003 id
1753 2972 1819 3012 est,

953 3008 1058 3039 damni
1083 3008 1327 3044 aestimationem
1346 3035 1356 3051 ,
1386 3022 1452 3044 non
1478 3013 1634 3046 infinitam
1653 3036 1663 3052 ,
1699 3012 1753 3044 sed
1778 3015 1818 3048 ad

951 3050 1083 3082 modum
1101 3050 1262 3086 usurarum
1280 3055 1392 3095 pretii,
1416 3054 1570 3094 reficere,
1589 3064 1654 3085 non
1674 3054 1821 3096 iniquum

951 3090 997 3122 est
1019 3091 1037 3123 l.
1060 3101 1107 3133 132
1130 3095 1160 3135 §.
1179 3104 1227 3126 20.
1253 3095 1295 3127 D.
1319 3097 1352 3126 de
1369 3097 1528 3127 aaronitas
1550 3097 1637 3136 empti
1653 3095 1690 3129 ὅ)
1714 3099 1817 3130 vendi-

947 3133 985 3165 zi.
1006 3140 1103 3173 atque
1125 3135 1190 3167 hoc
1215 3136 1496 3178 Hermogenianus
1522 3137 1625 3168 voluit
1647 3137 1667 3168 l.
1686 3139 1741 3171 ult.
1772 3139 1818 3172 D.

949 3175 984 3205 de
994 3176 1119 3216 periculo
1144 3177 1182 3212 &²
1200 3181 1340 3210 commodo
1357 3180 1399 3209 νεὶ
1413 3179 1537 3208 venclz'tae
1552 3187 1563 3214 ;
1593 3188 1667 3211 cum
1684 3179 1726 3212 fic
1742 3179 1817 3213 scri-

950 3216 1016 3256 bit,
1048 3217 1204 3250 Venditorz'
1216 3219 1246 3258 fi
1262 3226 1369 3260 emptor
1392 3220 1423 3249 in
1445 3220 1537 3258 pretio
1547 3219 1687 3258 stilvendo
1709 3232 1819 3254 moram

947 3258 1076 3301 fecerit,
1106 3261 1209 3304 usuras
1226 3263 1376 3295 duntaxat
1387 3258 1552 3302 proestahz't,
1580 3272 1638 3295 non
1662 3273 1742 3296 omne
1762 3273 1818 3296 om·

1341 3299 1373 3335 V
1393 3310 1414 3344 3
1650 3318 1657 3323 ’
1767 3306 1815 3337 712'·
