2036 3495
174 81 246 128 366

180 170 268 203 niba:
283 167 316 197 in
334 158 623 200 communesubjec'lis
637 158 769 190 donavit.
791 156 844 188 Sic
860 155 992 196 quidem
1008 154 1059 201 Ju-

179 210 341 244 stinianus.
363 205 417 236 sed
433 208 518 234 errat
534 202 567 231 in
583 209 617 232 re
631 198 726 232 facti:
749 206 812 230 nec
826 200 866 235 ad
880 206 947 229 rem
964 204 1060 238 perti·

179 259 238 286 net
261 247 340 281 tanti
359 242 501 285 majestas
526 241 687 275 nominis:
704 240 814 281 palam
833 237 1059 271 refellentibus

181 301 255 325 eum
272 286 390 321 Dionis
409 283 584 324 Cocceiani
599 280 772 322 Excerptis
787 289 830 313 ex
841 278 1058 313 Collectaneis

180 327 382 366 Constantini
405 323 538 368 Augusti
569 324 872 365 Porphyrogenetae
897 320 993 354 editis
1017 319 1057 353 ab

180 371 327 408 Henrico
342 367 488 406 Valefio,
505 365 627 398 Parisiis
636 365 876 398 A.M1)cxxx1V.
892 372 966 405 pag.
984 371 1054 404 744.

181 423 252 456 quae
269 412 334 444 hoc
347 417 520 450 acceptum
542 405 653 440 ferunt
675 406 843 438 Antonino
861 404 1054 445 Caracallae,

179 464 243 488 nec
266 460 375 485 tamen
391 451 458 491 ejus
482 448 695 492 benignitati,
717 455 753 480 ut
767 447 908 480 indicare
924 447 1055 478 videtur

179 494 388 537 Justinianus,
411 491 465 524 sed
486 491 553 532 ejus
576 490 716 523 avaritiae
732 489 764 521 &
778 488 882 521 studio
898 488 1054 527 onerandi

178 536 367 579 peregrinos
381 533 590 575 vectigalibus
612 541 629 563 a
648 531 764 572 quibus
775 533 941 577 ‘immunes
957 537 1058 562 erant.

180 579 303 620 primus
320 578 354 608 id
370 574 598 608 animadvertit
615 571 758 605 Valesius
773 581 806 603 1n
821 570 921 603 Notis
934 572 974 603 ad
985 580 1059 603 eum

178 621 308 653 locum:
330 626 410 650 mox
437 615 606 648 annotavit
629 613 780 647 Claudius
803 611 990 652 Salmasius,
1012 611 1061 644 De

178 662 260 694 modo
275 660 450 701 usurarum,
471 668 496 689 c.
516 665 565 694 19.
581 663 652 697 pag.
671 660 743 696 854.
755 654 792 690 ὅ)
793 654 875 696 seqq.
885 654 981 701 etiam
997 653 1059 686 Ru-

177 710 293 745 pertus
316 702 355 734 ad
376 698 570 732 Enchiridion
585 697 754 739 Pomponii,
776 696 824 728 De
839 696 949 737 origine
959 696 1060 737 juris,

178 754 206 778 c.
225 752 253 776 1.
263 750 337 786 pag.
359 752 406 783 17.
423 740 460 776 {9⁹
479 744 527 774 18.
551 739 582 771 δι
607 738 773 771 noviffime
791 736 947 769 Ezechiel
962 737 1060 778 Span-

178 785 307 820 hemius
323 783 450 816 erudito
467 781 601 813 tractatu
617 781 669 812 cui
687 787 809 812 nornen
826 778 873 811 cst
894 778 983 811 Orbis
1000 777 1060 810 Ro-

179 836 305 865 manus,
327 823 504 866 pleniffime
527 822 668 855 tradidit.
698 821 798 852 verba
815 819 935 852 Dionis
948 819 970 852 si
988 821 1059 861 quis

181 868 357 907 desideret,
373 863 504 908 apposui
513 874 554 898 ex
563 863 710 898 versione
718 861 856 897 Valefii:
872 861 942 895 sunt
953 869 1060 894 autem

781 67 1094 105 GERARD1
1144 65 1372 109 Nloon‘r

1101 155 1183 188 haec.
1205 153 1349 196 Postremo
1360 162 1468 197 proezer
1482 154 1638 198 vectigalia
1648 162 1710 191 tum
1724 159 1785 193 alia
1798 169 1860 203 quoe
1866 163 1902 194 ab
1915 163 1975 205 iffi

1089 229 1091 233 ,
1097 197 1228 245 primum
1241 204 1353 240 reperta
1356 198 1430 237 sunt
1439 221 1451 238 ,
1465 203 1526 230 tum
1541 197 1667 241 vestigal
1679 201 1789 232 decimae
1797 223 1809 240 ,
1822 212 1908 243 quam
1918 212 1976 245 pro

1100 237 1234 278 vicesima
1249 237 1396 281 constituit
1405 262 1418 281 ‚
1439 244 1500 272 tam
1508 248 1606 272 eorum
1619 242 1672 282 qui
1683 244 1977 283 manumitterentur,

1100 289 1190 322 quam
1198 282 1388 315 hereditatum
1397 292 1432 315 ac
1440 281 1600 324 legatorum
1609 292 1619 314 .·
1633 292 1698 314 cum
1705 284 1928 326 succedendijus
1936 285 1975 321 ὃ*

1100 323 1299 355 immunitates
1320 333 1415 356 omnes
1438 333 1501 366 quae
1510 324 1653 365 proximis
1668 323 1867 365 defunstorum
1881 335 1916 357 ac
1926 336 1978 368 ge·

1098 372 1165 396 nere
1179 364 1417 406 conjuncttffimis
1432 365 1560 407 conceffoe
1574 365 1681 408 legibus
1697 364 1971 407 erant,suslulfflet.

1098 406 1185 448 cujus
1192 408 1235 438 rei
1240 407 1328 445 causa
1333 407 1422 438 etiam
1430 408 1560 438 omnibus
1567 409 1620 449 qui
1627 409 1658 439 in
1665 409 1729 439 orbe
1738 407 1868 439 Romano
1877 415 1971 449 erant,

1096 448 1244 479 civitatem
1250 449 1327 480 dedit
1335 449 1376 487 :s
1386 450 1441 480 ecie
1448 450 1563 490 quidem
1570 449 1631 489 il>sa
1638 450 1677 481 eis
1686 450 1817 481 honorem
1825 449 1952 482 tribuens
1959 473 1972 490 ,

1088 488 1143 529 sed
1163 498 1283 528 revera,
1306 495 1340 521 ut
1370 490 1555 531 fhumsuum
1578 496 1713 532 augeret:
1734 492 1837 532 quippe
1851 500 1916 521 cum
1926 499 1975 532 pe-

1102 531 1213 577 regrini
1223 530 1362 573 pleraque
1376 532 1477 563 horum
1491 530 1679 573 vestigalium
1693 541 1751 564 non
1762 533 1928 573 penderent.
2028 552 2029 561 i

1144 570 1224 603 Dixi
1241 573 1282 604 de
1297 572 1469 612 pulchra&
1485 573 1586 606 nobili
1605 572 1781 614 quaestione
1797 573 1885 614 quod
1900 573 1975 607 mihi
2028 571 2030 613 ζ

1102 613 1242 645 videtur.
1258 612 1332 645 Nec
1344 622 1452 646 tamen
1464 614 1684 655 dissimulabo,
1699 615 1786 654 aliis,
1803 624 1837 647 ut
1853 613 1978 648 servent
2029 646 2031 658 ,

1102 653 1360 694 Tribonianum,
1377 656 1525 697 placere,
1544 656 1712 697 intereffe3
1730 654 1837 689 utrum
1855 656 1976 697 legatus

1103 694 1140 742 fit
1150 695 1345 728 ususfructus
1359 696 1538 729 vestimenti
1555 705 1590 729 ut
1606 698 1770 740 corporis,
1785 708 1824 730 an
1837 706 1872 729 ut
1883 707 1979 738 quan-

1103 738 1225 776 titatis3
1249 738 1280 769 ἂ
1304 737 1360 769 illo
1384 737 1457 769 casu
1479 748 1608 778 verum,
1632 739 1696 771 hoc
1721 739 1805 781 quafi
1822 739 1977 770 usumfru-

1103 778 1189 811 etum
1209 779 1349 820 legatum
1372 779 1524 821 intelligi:
1546 780 1645 821 idque
1659 781 1759 822 Juvari
1777 781 1817 812 ab
1837 779 1977 821 Ulpiano

1102 821 1131 852 d.
1150 820 1170 852 l.
1193 829 1240 861 15.
1257 819 1287 862 §.
1298 830 1328 860 4.
1349 819 1412 852 Sed
1427 821 1508 853 hanc
1519 820 1707 854 sententiam
1725 823 1845 855 dudum
1859 820 1977 854 refuta·
2032 830 2034 842 >

1102 862 1135 895 vi
1150 862 1200 895 lib.
1218 871 1248 895 2.
1264 861 1464 895 Probabilium
1480 872 1505 895 c.
1521 873 1552 903 4.
1568 864 1606 895 ad
1615 863 1718 904 finem.

877 969 1093 1006 CAPUT
1151 968 1284 1006 XXH.

588 1052 639 1088 De
656 1049 821 1099 usufhza‘lu
834 1050 978 1097 jurium,
1005 1050 1038 1085 id
1052 1050 1116 1100 cst,
1131 1049 1326 1097 servitutum
1343 1048 1385 1091 δεῖ
1398 1051 1564 1087 nominum.

179 1161 263 1236 Ex
281 1158 434 1191 hactenus
450 1156 542 1189 dictis
561 1156 682 1197 liquet,
707 1155 850 1187 omnium
866 1164 935 1196 quae
951 1154 983 1186 in
1000 1154 1060 1186 bo-

255 1200 304 1232 nis
320 1200 412 1238 sunt,
436 1197 665 1231 usumfructum
683 1197 781 1238 legari
798 1196 888 1237 poffe
910 1206 952 1228 ex
967 1195 1060 1228 Sena·

181 1241 396 1276 tusconsulto.
419 1241 469 1274 An
487 1240 517 1272 &
533 1240 666 1281 jurium:
689 1247 725 1270 ut
741 1237 946 1276 servitutum,
969 1238 1060 1269 itine-

180 1285 242 1324 ris,
258 1283 345 1315 actus
356 1305 367 1322 ,
383 1282 443 1313 viae
454 1305 464 1321 ,
479 1280 708 1323 aquaeductus?
732 1278 777 1310 Ea
793 1278 926 1320 quaestio
942 1278 987 1310 est
1001 1279 1020 1310 l.
1034 1289 1059 1310 1.

180 1325 227 1358 D.
241 1327 275 1357 de
290 1327 345 1366 usu
363 1323 399 1359 &³
416 1322 574 1364 usufruc'lu
591 1322 702 1364 legato:
718 1321 804 1360 cujus
820 1329 980 1361 apponam
991 1330 1061 1352 ver-

183 1368 246 1407 ba,
261 1373 298 1397 ut
313 1365 487 1406 explicem.
512 1364 609 1396 verba
626 1364 705 1395 sunt.
729 1362 796 1393 Nec
811 1363 899 1402 usus,
914 1371 964 1392 nec
980 1364 1061 1401 usus-

174 1407 302 1451 fructus
309 1408 423 1438 itineris
431 1430 442 1446 ,
457 1405 540 1438 ailus
547 1429 558 1445 ,
567 1406 623 1436 vioe
632 1428 641 1444 ,
652 1403 839 1445 aqueductus
854 1403 945 1444 legari
949 1401 1041 1442 potest
1050 1413 1060 1438 ς

179 1452 252 1493 quia
258 1449 390 1490 servitus
396 1448 553 1488 servitutis
569 1445 621 1487 effe
635 1455 693 1476 non
701 1443 803 1485 potest.
838 1443 906 1475 Nec
922 1445 976 1474 erit
990 1443 1061 1474 utile

178 1501 217 1524 ex
233 1489 487 1528 Senatusconsulto
498 1511 508 1527 ,
523 1497 579 1529 quo
597 1491 736 1523 cavetur,
759 1491 792 1516 ut
808 1485 935 1517 omnium
951 1494 1013 1526 quae
1027 1486 1060 1515 in

177 1532 259 1564 honis
266 1529 350 1569 sint,
365 1529 554 1569 ususfruftus
567 1528 660 1568 legari
672 1525 775 1569 poffit‚
791 1528 863 1568 quia
874 1527 904 1557 id
918 1535 1008 1567 neque
1023 1535 1060 1557 ex

181 1573 282 1611 honis,
296 1580 388 1612 neque
404 1577 490 1602 extra
499 1571 574 1602 bona
582 1568 635 1609 fit.
650 1571 705 1610 sed
714 1569 818 1600 incerti
832 1567 906 1600 aiiio
923 1573 978 1599 erit
993 1577 1060 1599 cum

179 1614 295 1652 herede,
310 1619 344 1644 ut
357 1612 495 1653 legatario
504 1635 515 1651 ,
530 1611 672 1653 quamdiu
684 1610 814 1649 vixerit,
824 1610 929 1648 eundi,
939 1610 1058 1652 agendi,

181 1655 307 1688 ducendi
314 1654 492 1694 facultatem
503 1650 638 1694 praellet,
661 1651 698 1687 ὅ)
714 1657 748 1683 ut
763 1660 797 1682 ea
808 1652 938 1690 servitus
954 1649 1057 1692 consti-

180 1697 350 1737 tuatursub
365 1695 420 1727 hac
431 1697 582 1734 cautione,
596 1700 631 1726 ut
639 1692 668 1732 fi
680 1692 820 1735 decefferit
834 1692 994 1735 legatarius
1010 1692 1058 1723 vel

177 1740 272 1780 capite
286 1737 452 1770 deminutus
466 1746 502 1769 ex
517 1745 626 1778 magna
640 1736 729 1776 causa
747 1734 861 1774 fuerit,
876 1731 1057 1775 restituatur.

170 1779 328 1824 >Quaestio
346 1778 412 1819 est;
434 1778 573 1821 poffitne
596 1777 692 1818 legari
709 1775 780 1808 usus
797 1775 847 1808 vel
863 1774 1058 1808 ususfructus

177 1822 303 1855 itineris
313 1844 323 1860 ,
338 1820 445 1860 astus,
460 1823 520 1852 viae
530 1843 540 1860 ,
555 1827 688 1860 aquaeve
703 1817 843 1850 ductus?
867 1816 903 1850 ln
920 1826 956 1849 ea
973 1826 1058 1858 quae·

174 1863 280 1897 stione
293 1862 425 1902 Paulus,
441 1863 529 1904 quod
546 1860 687 1893 ostendit
698 1858 867 1899 Inscriptio
882 1857 1058 1901 praeferens

177 1906 247 1947 eius
259 1905 366 1937 librum
382 1905 502 1936 tertium
517 1904 555 1935 ad
570 1903 731 1940 Sabinum,
747 1901 883 1942 primum
901 1901 1058 1942 proponit

175 1947 209 1979 ἃ
225 1947 321 1979 fulcit
337 1946 445 1978 Sabini
461 1944 670 1977 sententiam:
685 1942 802 1976 deinde
819 1951 889 1974 eam
905 1944 938 1974 in
956 1941 1057 1974 Notis

175 1988 310 2021 refellit.
355 1987 403 2020 Ea
427 1986 584 2019 sententia
610 1985 675 2023 est,
699 1985 870 2016 Servitutis
894 1983 983 2017 usum
1002 1992 1057 2016 aut·

177 2029 319 2062 fruClum
334 2030 491 2062 inutiliter
508 2028 617 2070 legari.
654 2025 795 2070 QuaesO,
817 2026 1055 2066 quamobrem?

175 2073 249 2112 quia
261 2071 393 2104 servitus
409 2070 568 2103 servitutis
583 2068 645 2101 ess‘e
661 2078 726 2101 non
743 2067 867 2109 potest,
881 2067 1056 2108 prohiben-

175 2120 210 2145 te
234 2114 355 2155 regula.
385 2122 458 2145 nam
477 2111 693 2145 ususfructus:
717 2118 754 2142 ut
778 2117 903 2140 caeterae
921 2108 1053 2140 servitu-

176 2162 245 2194 teS,
268 2155 313 2187 est
336 2156 384 2195 Jus
409 2155 440 2186 in
468 2163 606 2195 corpore
623 2153 642 2184 l.
661 2161 689 2184 2.
711 2151 754 2184 D.
772 2152 805 2182 de
822 2150 999 2191 usufrullu:
1021 2159 1055 2183 at

176 2195 312 2229 servitus
331 2206 396 2228 non
413 2195 458 2227 est
482 2205 539 2228 cor
566 2206 619 2233 us,
643 2194 696 2225 sed
713 2193 861 2235 corporis
881 2192 1016 2233 qualitas
1031 2193 1052 2225 l.

176 2241 227 2273 86.
252 2237 296 2270 D.
312 2239 343 2269 de
358 2239 511 2269 verborum
521 2205 756 2278 sipigrq'flcationu
781 2241 970 2275 tantumque
985 2234 1054 2274 iure

173 2279 382 2321 intelligitur:
407 2288 481 2310 curn
497 2278 682 2310 naturaliter
696 2285 761 2308 non
779 2275 826 2307 fit.
857 2275 939 2308 Haec
952 2275 1053 2307 causa.

174 2322 253 2354 huic
266 2321 435 2362 subjicitur
448 2320 555 2352 Sabini
567 2318 709 2359 objectio
726 2317 919 2358 solutioque.
942 2316 1055 2349 Sensus

180 2363 374 2404 objectionis
401 2361 465 2401 est,
489 2361 623 2393 Senatus
646 2359 767 2398 voluit,
791 2360 881 2400 legari
903 2359 1054 2398 usumfru-

166 2404 258 2437 aum
274 2407 401 2436 omnium
415 2414 478 2446 quae
489 2404 521 2435 in
536 2403 616 2434 bonis
625 2404 712 2442 sunt.
736 2401 832 2441 igitur
850 2401 947 2432 etiam
963 2401 1056 2432 itine-

175 2447 239 2484 ris,
262 2446 369 2485 actus,
392 2448 472 2485 viae,
496 2443 718 2486 aquaeductus:
743 2441 788 2474 est
811 2442 896 2474 enim
920 2443 1000 2481 iter,
1025 2451 1055 2473 a-

177 2487 265 2527 stus,
289 2490 339 2519 via
361 2488 391 2520 61
413 2497 430 2519 a
456 2486 616 2519 uaedustus
633 2486 665 2517 in
681 2484 787 2516 bonis.
828 2483 885 2516 Illa
900 2483 1053 2524 objectio.

175 2529 304 2561 Solutio
326 2529 396 2561 talis
415 2539 432 2561 e
472 2552 482 2569 ‚
508 2527 643 2560 Senatus
662 2526 747 2557 cavit
764 2525 804 2557 de
819 2525 969 2558 omnibus
985 2534 1055 2566 quae

174 2570 207 2602 in
231 2570 325 2602 bonis
352 2570 442 2603 sunt:
465 2578 497 2602 at
522 2570 554 2601 id
577 2577 683 2609 neque
700 2569 731 2599 in
749 2567 845 2599 bonis
863 2565 926 2606 est,
949 2575 1056 2607 neque

176 2618 271 2643 extra
286 2611 384 2643 bona.
411 2611 458 2643 Ut
474 2612 539 2644 hoc
555 2610 766 2651 intelligatur;
791 2609 928 2649 primurn
943 2617 1056 2640 mone-

176 2653 222 2684 bo
233 2675 243 2690 ,
264 2651 356 2684 fuiffe
373 2662 414 2684 ex
431 2652 606 2685 Veteribus
630 2651 685 2692 qui
704 2660 754 2683 res
770 2650 990 2691 incorporales
1006 2658 1056 2682 ac-

176 2692 345 2726 censerent
353 2694 452 2735 magis
467 2695 515 2726 his
527 2703 595 2735 quae
606 2702 671 2725 non
683 2691 752 2724 sunt
761 2716 772 2732 ,
788 2701 882 2732 quam
893 2700 964 2732 quae
974 2691 1055 2723 sunt.

176 2736 243 2768 hoc
261 2745 302 2767 ex
319 2744 453 2767 nurnero
471 2734 590 2767 Cicero
607 2735 637 2766 in
657 2733 768 2775 Topicis
785 2733 814 2775 §.
829 2743 860 2774 5.
878 2732 919 2765 fic
935 2732 1054 2765 scribit.

180 2775 401 2818 Definitionum
421 2776 477 2807 duo
493 2776 569 2817 sunt
583 2785 691 2818 genera
709 2776 817 2817 prima.
847 2784 941 2806 unum
955 2783 1057 2806 earum

176 2828 276 2852 rerum
298 2827 361 2860 quae
382 2817 471 2855 sunt,
495 2818 616 2849 alterum
633 2827 734 2849 earum
749 2826 845 2848 rerum
859 2826 923 2858 quae
945 2816 1051 2849 intelli-

174 2865 302 2903 guntur.
324 2857 392 2900 Effe
406 2867 439 2890 ea
456 2859 536 2896 dico,
558 2868 620 2900 quae
636 2860 715 2890 cerni
731 2859 852 2899 tangive
862 2856 996 2899 P0ffums
1017 2863 1052 2889 ut

170 2903 326 2945 fundum,
346 2901 436 2939 cedes,
453 2900 612 2940 parietem,
631 2898 833 2939 stillicidium,
855 2900 1051 2940 mancipium,

174 2944 329 2987 pecudem,
353 2939 569 2983 supelleililem,
580 2947 692 2980 penus,
715 2940 752 2975 ὅ)
768 2947 878 2973 caetera.
916 2940 990 2974 Non
1001 2940 1053 2982 effe

177 2986 251 3025 rurs
248 2994 281 3016 us
296 2993 329 3015 ea
337 2984 398 3014 dico
407 3005 418 3022 ,
433 2992 495 3024 quoe
511 2982 596 3023 tangi
612 2980 835 3019 demonstrarive
850 2992 908 3014 non
922 2981 1055 3023 poffunt,

176 3034 211 3060 ut
220 3025 250 3066 Ji
267 3027 485 3066 usucapionem,
494 3022 523 3062 si
539 3022 677 3059 tutelam,
688 3022 717 3059 fi
731 3029 861 3063 gentem,
884 3022 907 3060 si
922 3025 1055 3065 agnacio-

176 3078 242 3100 nem
256 3068 397 3107 definias,
412 3075 539 3108 quarum
554 3074 648 3095 rerum
663 3063 778 3094 nullum
781 3063 878 3104 subest
895 3064 976 3106 quafi
993 3074 1053 3096 cor-

172 3116 251 3151 pus;
273 3106 312 3149 eft
337 3115 433 3138 tamen
460 3108 590 3149 quoedam
614 3104 801 3144 conformatio
828 3104 989 3146 insignita,

176 3150 306 3191 impreffa
321 3149 531 3191 intelligentia,
559 3156 646 3189 quam
661 3147 801 3177 notionem
812 3154 889 3176 voco.
934 3146 984 3178 Ex
1002 3147 1050 3180 his

173 3192 283 3226 verbis
297 3199 440 3233 apparet,
451 3189 647 3224 Ciceronem
657 3196 707 3222 res
722 3187 941 3228 incorporales
955 3197 1054 3222 annu-

1103 1154 1233 1187 meraffe
1249 1155 1298 1187 his
1314 1164 1385 1196 quae
1396 1165 1461 1187 non
1471 1155 1552 1187 sunt.
1577 1154 1703 1195 itaque,
1720 1159 1756 1184 ut
1771 1162 1812 1184 eo
1831 1153 1976 1193 redeam;

1104 1206 1214 1237 putem
1227 1207 1236 1236 3
1248 1197 1326 1229 illud
1342 1196 1470 1235 Sabini,
1487 1196 1683 1228 Servitutem
1697 1204 1802 1234 neque
1818 1195 1851 1226 in
1867 1195 1977 1235 bonis,

1104 1247 1210 1279 neque
1227 1246 1316 1270 extra
1332 1238 1418 1269 bona
1435 1237 1516 1277 effe,
1538 1239 1671 1278 perinde
1687 1236 1789 1275 accipi
1807 1245 1977 1276 oportere,

1105 1288 1141 1311 ac
1164 1278 1185 1311 fi
1208 1279 1250 1311 fic
1273 1280 1396 1311 diceret
1414 1303 1423 1319 ‚
1448 1279 1590 1310 Servitus
1615 1279 1660 1310 est
1683 1287 1723 1309 ex
1748 1277 1796 1308 his
1822 1287 1894 1318 quae
1913 1287 1978 1310 non

1103 1320 1193 1359 sunt,
1211 1322 1240 1352 ἀ
1256 1321 1332 1352 ideo
1347 1330 1412 1352 non
1431 1320 1571 1361 pertinet
1588 1320 1627 1351 ad
1647 1318 1980 1358 Senatusconsuitum,

1105 1370 1141 1393 ut
1158 1362 1243 1403 quali
1258 1363 1289 1393 in
1307 1363 1400 1394 bonis
1418 1362 1473 1400 fit,
1490 1360 1720 1393 usumfrucmm
1737 1360 1879 1401 recipiat.
1902 1360 1991 1392 Hoc„

1104 1403 1219 1442 Livio,
1243 1404 1339 1442 licet,
1362 1405 1490 1436 credas:
1512 1403 1565 1444 qui
1581 1412 1678 1444 agens
1695 1402 1743 1433 lib.
1760 1411 1811 1442 30.
1830 1411 1856 1434 c.
1872 1412 1922 1445 37.
1940 1403 1982 1433 de

1102 1444 1228 1485 legibus
1243 1454 1260 1476 a
1275 1444 1428 1485 Scipione
1445 1445 1526 1477 datis
1542 1447 1613 1485 paci
1624 1443 1892 1484 Carthaginiensi,
1902 1442 1981 1474 fuis-

1103 1484 1156 1524 se,
1176 1486 1300 1526 inquit,
1323 1488 1355 1517 in
1372 1485 1422 1518 his
1440 1493 1640 1518 conventum
1664 1483 1752 1516 sensu
1774 1483 1883 1522 fimili,
1905 1483 1980 1517 Bel-

1102 1527 1170 1559 lum
1185 1536 1257 1558 neve
1272 1529 1304 1558 in
1314 1527 1440 1567 Africa,
1456 1536 1529 1559 neve
1544 1532 1630 1558 extra
1644 1526 1783 1566 Africam
1797 1525 1907 1566 injussu
1922 1535 1980 1567 po·

1103 1568 1169 1608 puli
1187 1568 1323 1600 Romani
1340 1577 1509 1610 gererent:
1531 1576 1592 1608 pro
1609 1575 1776 1607 nusquam.
1799 1566 1922 1599 Contra
1935 1567 1980 1600 ait

1102 1609 1225 1641 Seneca
1236 1610 1303 1649 ,lib.
1316 1619 1345 1641 1.
1362 1608 1665 1653 Quaslionmataral.
1683 1609 1716 1640 in
1725 1608 1844 1649 praefat.
1868 1607 1979 1642 Deum

1101 1660 1182 1691 opus
1206 1650 1294 1683 suum
1318 1651 1349 1683 &
1370 1659 1461 1683 extra
1476 1651 1506 1682 ἀ
1524 1651 1610 1682 intus
1628 1658 1758 1689 tenere;
1780 1649 1979 1692 fignfficans,

1098 1692 1210 1725 Deum
1224 1697 1279 1734 (ut
1297 1700 1366 1724 utar
1377 1693 1484 1725 verbis
1499 1691 1638 1724 Minucii
1653 1690 1769 1724 Felicis
1785 1693 1817 1723 in
1833 1691 1978 1733 Oilavio)

1102 1734 1223 1775 ubique
1245 1735 1336 1776 operi
1359 1733 1417 1766 suo
1440 1734 1470 1766 ἀ
1494 1735 1676 1775 proximum
1696 1731 1878 1765 &infusum
1901 1732 1975 1766 effe.

1102 1775 1212 1808 Verba
1227 1775 1369 1808 Senecae.
1394 1775 1476 1820 Quid
1491 1773 1531 1815 eli
1547 1774 1653 1807 Deus?
1668 1773 1756 1820 Quod
1771 1775 1851 1806 vides
1866 1779 1978 1814 totum,

1101 1818 1139 1853 ὅ)
1148 1818 1224 1860 quod
1232 1827 1290 1850 non
1297 1818 1379 1849 vides
1387 1823 1489 1850 totum.
1512 1817 1563 1849 Sic
1572 1818 1687 1849 demum
1697 1816 1868 1859 magnitudo
1870 1816 1928 1855 sua
1935 1816 1978 1848 illi

1100 1861 1253 1897 redditur,
1268 1860 1340 1901 quia
1357 1859 1432 1891 nihil
1448 1859 1546 1900 majus
1560 1859 1721 1900 excogitari
1734 1855 1843 1899 potest,
1859 1857 1888 1898 fi
1902 1858 1974 1895 solus

1100 1899 1140 1942 esi
1156 1903 1268 1940 omnia,
1284 1901 1449 1942 opussuum
1464 1900 1501 1935 δ’
1515 1906 1601 1932 extra
1616 1901 1654 1935 ὅ)
1664 1901 1746 1931 intus
1761 1905 1846 1931 tenet.
1882 1898 1974 1931 Unde

1099 1951 1249 1984 apparet,
1274 1943 1343 1983 quis
1363 1941 1401 1974 fit
1425 1941 1528 1974 sensus
1551 1942 1617 1983 ejus
1637 1940 1822 1980 solutionis,
1842 1941 1975 1973 Servitus

1099 1994 1189 2026 neque
1203 1987 1234 2016 in
1249 1985 1348 2023 honis,
1365 1993 1457 2034 neque
1471 1989 1556 2015 extra
1571 1985 1644 2015 bona
1660 1981 1711 2024 est.
1741 1982 1841 2016 Poffis
1859 1992 1929 2015 eam
1944 1983 1974 2024 ὅς

1098 2025 1142 2059 sse
1163 2025 1384 2066 interpretari:
1408 2026 1552 2058 Servitus
1575 2033 1641 2056 non
1658 2023 1704 2056 est
1718 2024 1750 2056 in
1767 2024 1879 2063 bonis,
1902 2025 1976 2065 quia

1097 2067 1146 2108 jus
1162 2067 1226 2107 est,
1248 2066 1451 2099 substantiam
1468 2075 1547 2099 vero
1573 2066 1759 2098 naturaliter
1773 2075 1838 2097 non
1859 2066 1978 2106 habet,

1100 2117 1208 2149 neque
1232 2108 1431 2141 accidentia:
1455 2116 1516 2140 nec
1538 2115 1629 2139 extra
1654 2108 1756 2146 bona,
1778 2107 1851 2147 quia
1867 2108 1978 2139 animo

1096 2150 1299 2191 concipitur,
1323 2157 1420 2191 atque
1443 2149 1482 2181 ab
1502 2158 1563 2188 eo,
1586 2149 1663 2181 licet
1686 2147 1888 2180 substantiam
1906 2157 1974 2181 non

1097 2191 1215 2231 habet,
1231 2199 1338 2224 tamen
1354 2191 1524 2233 imaginem
1541 2190 1643 2223 sumit.
1669 2191 1711 2222 ita
1728 2190 1882 2231 ambiguae
1899 2199 1974 2230 qua-

1096 2233 1194 2265 litatis
1212 2232 1275 2273 est;
1300 2235 1562 2274 verendumque,
1585 2241 1621 2264 ut
1637 2232 1733 2264 bonis
1748 2231 1906 2263 accenseri
1922 2231 1975 2263 de-

1097 2275 1192 2314 beat,
1216 2275 1245 2306 &
1261 2272 1410 2307 adversus
1427 2275 1569 2316 regulam
1587 2273 1670 2314 Juris
1696 2283 1738 2305 ex
1764 2272 1973 2305 Senatuscon·

1097 2315 1180 2348 sulto
1196 2314 1282 2348 usum
1297 2315 1478 2348 fructumve
1488 2317 1644 2356 recipere.
1664 2313 1740 2346 Hoc
1758 2321 1792 2346 ut
1809 2314 1971 2354 censeam,

1096 2358 1234 2399 impellit
1254 2367 1307 2390 me
1335 2356 1440 2390 similis
1462 2357 1587 2389 locutio
1613 2357 1697 2397 apud
1711 2354 1865 2388 Tacitum
1878 2356 1927 2389 lib.
1943 2364 1970 2387 1.

1097 2397 1214 2440 Hzstor.
1232 2409 1256 2430 c.
1273 2408 1323 2440 40.
1344 2399 1398 2430 ubi
1414 2407 1561 2431 enarrans
1578 2397 1675 2430 finem
1693 2396 1828 2437 Galbae,
1844 2398 1905 2436 ait,
1917 2395 1970 2428 sub

1097 2450 1171 2473 eum
1194 2439 1291 2472 finem
1314 2449 1405 2483 neque
1428 2441 1587 2472 tumultum
1596 2438 1707 2480 fuiffe,
1729 2448 1819 2481 neque
1833 2440 1970 2481 quietem;

1098 2483 1132 2514 id
1147 2482 1212 2520 est,
1235 2482 1319 2513 inter
1337 2491 1508 2523 utrumque
1525 2483 1666 2513 medium
1691 2481 1768 2521 quid
1785 2480 1815 2512 ἀ
1832 2479 1969 2511 dubium.

1098 2522 1252 2556 Similiter
1269 2522 1426 2564 Ulpianus
1440 2523 1460 2554 l.
1476 2533 1504 2564 7.
1522 2522 1552 2564 ἓ.
1572 2532 1598 2554 1.
1615 2522 1660 2554 D.
1676 2523 1710 2554 de
1725 2519 1970 2563 administratione

1098 2571 1238 2597 tutorum.
1263 2564 1375 2596 Debuit
1389 2566 1469 2596 tutor
1482 2565 1617 2605 partibus
1631 2565 1691 2602 luis
1701 2564 1816 2605 fungi,
1839 2573 1895 2594 non
1928 2562 1970 2593 ui-

1097 2608 1161 2638 dem
1170 2607 1314 2648 praecipiti
1322 2603 1531 2647 festinatione,
1545 2607 1600 2645 sed
1618 2614 1670 2636 nec
1686 2606 1841 2637 moratoria
1856 2613 1909 2636 cun
1938 2612 1968 2634 a·

1099 2649 1185 2679 tione.
1216 2647 1298 2680 Item
1315 2647 1445 2683 Livius,
1471 2647 1524 2679 sed
1542 2649 1667 2688 plenius
1682 2647 1731 2678 lib.
1750 2651 1777 2681 8.
1794 2656 1818 2677 c.
1840 2655 1884 2687 13.
1900 2644 1970 2687 Jam

1097 2689 1188 2721 Latio
1201 2689 1227 2720 is
1235 2686 1335 2730 flatus
1349 2694 1411 2721 erat
1431 2698 1546 2728 rerum,
1570 2696 1604 2720 ut
1627 2698 1732 2730 neque
1757 2688 1896 2726 bellurn,
1918 2694 1970 2718 ne-

1098 2739 1163 2772 que
1179 2739 1293 2771 pacem
1304 2732 1368 2770 pati
1379 2730 1498 2772 poffent.
1523 2731 1561 2762 ad
1575 2730 1678 2761 bellam
1691 2738 1753 2771 opes
1771 2730 1907 2761 deerant.-
1916 2734 1969 2768 pa-

1098 2782 1156 2804 cem
1171 2773 1204 2803 ob
1219 2774 1285 2814 agri
1301 2773 1429 2813 adempti
1447 2772 1567 2803 dolorem
1587 2774 1826 2813 aspernabantur.
1860 2768 1970 2802 mediis

1097 2813 1236 2846 consiliis
1250 2812 1393 2855 flandum
1415 2814 1582 2845 videbatur.
1612 2814 1764 2854 Apuleius
1778 2819 1908 2852 quoque
1921 2809 1969 2842 lib.

1097 2864 1125 2888 1.
1152 2854 1199 2887 De
1209 2855 1397 2896 philosophia.
1422 2855 1530 2888 Verba
1546 2855 1683 2896 Apuleji.
1708 2853 1867 2886 Materiam
1887 2850 1970 2883 Plato

1095 2906 1185 2939 neque
1200 2903 1358 2937 corpoream
1368 2920 1378 2936 ‚
1386 2898 1440 2938 sed
1454 2906 1546 2938 neque
1551 2899 1625 2937 sane
1640 2898 1831 2936 incorpoream
1843 2891 1894 2933 effe
1907 2900 1970 2922 con-

1100 2940 1184 2970 cedit.
1208 2940 1268 2970 ideo
1285 2944 1382 2970 autem
1397 2948 1455 2969 non
1469 2945 1557 2980 putat
1573 2944 1694 2976 corpus,
1717 2936 1793 2978 quod
1807 2942 1885 2965 omne
1907 2941 1968 2963 cor-

1094 2980 1254 3021 pusspecie
1268 2980 1464 3021 qualicunque
1482 2989 1540 3011 non
1554 2985 1664 3011 careat:
1682 2976 1746 3017 fine
1769 2981 1879 3015 corpore
1900 2981 1968 3003 vero

1098 3020 1150 3062 effe
1172 3031 1230 3053 non
1255 3020 1347 3063 potest
1367 3024 1478 3058 dicere,
1501 3022 1571 3063 quia
1587 3020 1662 3052 nihil
1683 3015 1854 3064 incorporale
1868 3020 1970 3054 corpus

1097 3064 1249 3101 exhibeat,
1258 3063 1310 3103 sea
1326 3065 1359 3094 vi
1368 3062 1405 3097 ὅ)
1414 3064 1526 3094 ratione
1540 3071 1603 3093 eam
1611 3060 1668 3100 sibi
1681 3060 1774 3090 viden
1788 3061 1966 3096 corpoream:

1012 3105 1050 3141 ὅ·
1093 3110 1181 3146 atque
1198 3105 1258 3136 ideo
1283 3113 1334 3135 nec
1354 3103 1423 3135 aaa
1439 3104 1521 3145 solo,
1542 3112 1630 3145 neque
1648 3108 1740 3131 tamen
1753 3097 1818 3137 fila
1840 3097 1969 3136 opinione

1095 3147 1282 3188 cogitationis
1291 3146 1434 3187 intelligi:
1448 3154 1572 3192 namque
1585 3150 1698 3182 corpora
1708 3144 1823 3187 propter
1831 3135 1970 3179 insignem

1095 3189 1272 3222 evidentiam
1286 3190 1341 3228 sui
1351 3185 1444 3228 fimili
1458 3188 1572 3229 judicio
1595 3181 1736 3226 cognosti.-
1751 3180 1806 3221 sed
1827 3187 1888 3220 quae
1901 3178 1968 3216 sab-

1884 3217 1966 3260 flan-
