2036 3495
194 93 263 136 384

192 179 288 210 Cium.
318 176 424 209 Titius
440 172 631 213 Sempronio
647 179 706 212 pro
722 171 791 212 Seja
807 172 836 202 ei
857 180 992 212 nuptura
1004 195 1013 211 ,
1035 174 1067 205 in

197 221 308 251 dotem
326 218 413 249 dedit
436 213 663 245 usumfructum
678 212 768 244 fundi
786 213 873 252 cujus
891 216 1066 254 proprieta-

195 268 261 292 tem
277 259 388 290 mulier
403 265 469 288 non
485 255 632 287 habebat.
667 253 733 285 hoc
747 255 982 286 matrimonium
1001 255 1067 288 fini-

194 308 244 332 tur
261 299 412 331 divortio.
445 298 613 336 quaeritur,
637 296 907 336 quemadmodum
933 295 1068 329 ususfru-

195 342 261 372 ctus
285 338 476 379 Sempronio
503 339 533 368 in
558 339 669 369 dotem
692 337 782 368 datus
803 360 812 373 ‚
844 336 922 377 Sejae
947 338 1065 370 restitui

193 380 313 422 posfit?
336 379 493 420 praecipua
518 379 685 410 difficultas
710 378 755 409 est
779 378 824 409 ob
848 379 1017 411 cessionem
1033 381 1064 412 in

191 425 277 462 jure:
301 431 380 462 qua,
406 430 440 452 ut
466 421 550 459 dixi,
577 420 679 451 solent
704 420 788 460 apud
804 418 976 452 t’raetorem
993 423 1064 453 cedi

191 473 242 495 res
265 462 500 502 incorporales,
524 470 560 493 ut
577 460 780 493 ususfruttus.
811 460 863 493 sed
881 462 1064 503 Pomponio

192 513 259 536 non
277 504 382 543 plat-et
401 504 496 536 ceffio
513 503 590 542 Sejae
610 512 674 534 non
693 501 881 542 profutura,
905 503 959 535 sed
978 507 1065 535 noci-

192 552 281 583 tura,
304 545 449 576 extincto
468 544 638 575 usufructu.
664 544 762 575 verba
780 543 964 584 Pomponii.
995 545 1065 584 Dif-

186 585 308 626 ficultas
329 588 382 618 erit
400 584 463 627 post
482 587 640 616 divortium
656 586 734 615 circa
751 585 925 617 reddendum
935 586 988 627 jus
1003 597 1065 618 rizza-

191 627 271 659 lz'erz':
286 630 422 670 quoniam
437 628 566 658 diximus
580 625 796 667 ujurnfrustum
810 626 1007 666 afruttuario
1022 638 1063 659 ce-

191 670 222 700 di
237 679 294 700 non
307 669 382 710 poffe
394 693 403 708 ,
419 668 473 705 nifi
489 669 599 699 domino
612 668 817 708 proprietatnm
836 666 872 702 ἃ
883 669 912 706 fi
927 674 1063 701 extraneo

190 711 327 751 cedatur,
352 712 382 742 id
396 708 452 750 est,
477 711 502 740 ez·
517 711 569 751 qui
579 710 782 749 proprietatem
797 718 854 739 riori-
873 710 973 748 habet,
988 711 1063 742 nihil

188 753 228 784 ad
243 762 307 784 eum
323 752 462 790 transire.
480 752 531 791 secl
554 752 592 782 ed
609 751 754 781 (lentinum
794 751 953 791 roprietatis
969 761 1061 783 rever·

179 794 290 833 surum
313 791 538 833 usumfructum.
586 791 706 823 Verum
730 793 763 831 ip
778 801 829 824 um
849 802 979 832 quoque
997 792 1062 825 hoc

189 835 221 867 in
238 835 374 867 obscuro
391 833 446 865 est.
473 834 550 874 quid
566 835 651 865 enim
667 832 838 874 fignificat,
855 835 910 865 Sed
924 835 961 865 ad
977 836 1062 866 domi-

189 885 260 907 num
281 877 466 918 proprietatis
491 875 674 915 reversurum
691 875 932 915 usumfrutiunz?
957 883 1062 908 utrum

187 916 243 949 suo
266 925 432 958 ternpore,
457 926 495 948 an
521 916 642 954 statim,
667 917 697 948 &
724 925 780 957 per
799 916 1062 957 consequentiam

189 958 335 991 cessionis
345 959 361 990 ’.Ρ
378 957 466 990 forte
477 958 565 990 dabis
583 958 791 996 humanitati,
805 966 839 989 ut
849 959 976 990 mitiora
987 968 1061 991 cen-

188 1000 273 1033 seas:
290 1001 377 1041 quod
394 1000 507 1032 durum
526 1000 671 1038 videtur,
689 1008 751 1030 tam
769 1000 885 1031 acerbe
903 1000 1004 1040 puniri
1021 1001 1062 1031 le-

186 1051 263 1074 vem
287 1050 457 1080 conatum,
481 1040 546 1072 non
571 1041 671 1073 modo
695 1050 760 1072 non
786 1041 957 1072 habentem
983 1040 1061 1072 effe-

186 1082 271 1115 Ctum
283 1106 293 1122 ‚
316 1092 348 1115 at
373 1092 434 1115 nec
452 1083 573 1115 crimen
592 1089 656 1114 tam
674 1081 779 1113 severa
797 1082 998 1114 coercitione
1017 1083 1061 1114 di-

181 1134 292 1165 gnum.
314 1125 415 1158 mavis
434 1124 548 1165 igitur,
565 1124 780 1164 Pomponium
797 1123 931 1162 sentire,
954 1134 1059 1156 rever-

183 1167 289 1198 surum
306 1165 548 1198 usumfructum:
574 1175 639 1197 non
658 1165 780 1203 statim,
797 1174 857 1197 nec
877 1175 933 1206 pei·
950 1165 1061 1196 conse-

184 1209 347 1249 quentiam
371 1207 534 1239 cesfionis:
557 1205 608 1238 sed
629 1206 679 1238 ubi
706 1205 814 1239 finitus
836 1209 896 1238 erit
914 1207 1061 1247 legitimis

183 1250 311 1288 modis,
334 1248 432 1280 veluti
457 1257 583 1286 morte,
607 1255 661 1279 aut
686 1248 798 1288 capitis
825 1248 1058 1280 deminutione.

184 1290 249 1323 Sed
274 1291 458 1329 videamus;
482 1299 522 1321 ne
537 1299 553 1321 a
567 1290 636 1330 jure
652 1289 752 1320 aliena
773 1288 810 1320 fit
827 1290 878 1320 illa
896 1290 1059 1321 mollities.

186 1332 276 1373 quod
291 1340 397 1364 tamen
415 1330 550 1362 vertitur
565 1330 714 1362 <relietum
725 1330 741 1362 2
764 1329 817 1362 sed
833 1329 964 1368 sufficit,
982 1339 1061 1361 erra-

187 1381 255 1406 tum
274 1372 336 1405 ess'e
353 1371 628 1414 ignorantiajuris.
653 1373 696 1403 ita
710 1375 744 1402 ut
758 1380 824 1402 non
841 1371 876 1403 iit
892 1377 1061 1410 peccatum

184 1415 274 1455 quod
299 1413 480 1454 respublica
504 1413 649 1444 vindicet
666 1413 710 1444 ob
729 1412 831 1444 laesam
851 1412 1060 1452 disciplinam.

186 1464 220 1487 at
238 1456 283 1488 est
299 1454 406 1496 supina
421 1453 614 1495 negligentia
628 1452 787 1485 fructuarii
807 1453 920 1492 sponte
939 1452 989 1484 sua
1005 1463 1061 1485 no-

185 1498 288 1529 centis
304 1496 359 1528 fibi
375 1497 452 1535 Juris
469 1494 593 1532 forma,
618 1494 649 1526 &
669 1493 860 1526 solemnibus
878 1494 960 1533 apud
979 1493 1061 1525 Prae-

186 1546 290 1569 torem
308 1536 389 1568 male
406 1535 565 1567 adhibitis.
590 1544 627 1566 ea
643 1534 740 1576 igitur
757 1545 790 1567 re
806 1535 827 1568 fi
843 1536 943 1567 amisit
960 1535 1061 1568 usum-

181 1578 321 1611 fructum
338 1575 436 1608 sciens
453 1581 657 1617 prudensque
674 1576 794 1609 faciens
807 1577 1061 1616 ceffionem3im-

184 1627 277 1661 putet
295 1618 366 1650 fibi:
392 1617 469 1649 sicut
489 1617 509 1649 fi
527 1619 602 1650 alias
626 1618 656 1649 in
674 1618 814 1658 judici03
838 1626 891 1649 aut
911 1627 1002 1651 extra
1016 1619 1060 1659 ju-

185 1661 305 1693 dicium
323 1661 474 1691 damnum
496 1661 633 1699 patiatur
657 1658 709 1690 sua
733 1661 908 1692 vaecotdia:
934 1669 968 1691 ut
992 1660 1061 1691 sunt

183 1702 332 1742 exempla
349 1702 414 1742 ejus
433 1702 558 1742 generis
576 1700 708 1742 pulchra
724 1701 742 1731 l.
763 1711 791 1738 9.
809 1701 837 1744 §.
854 1712 884 1741 5.
907 1701 945 1733 D.
965 1703 998 1732 de
1008 1702 1060 1744 jz!-

181 1745 223 1775 ris
240 1742 368 1783 &fasti
384 1744 571 1784 ignorantia,
589 1742 617 1784 ἓ.
635 1752 683 1783 33.
702 1740 774 1783 Irzst.
792 1744 824 1774 de
842 1743 1021 1782 ustionibus,
1039 1743 1059 1774 l.

181 1794 210 1827 7.
227 1785 268 1816 D.
295 1787 327 1816 de
357 1786 387 1816 in
404 1787 546 1825 integrum
562 1783 810 1824 restitutionibus,
833 1784 852 1815 l.
874 1794 899 1816 1.
917 1784 945 1826 §.
965 1794 994 1825 3.
1019 1784 1057 1816 D.

179 1828 213 1859 de
235 1825 413 1867 postulando.
445 1825 497 1857 hic
516 1833 605 1857 certe
634 1825 665 1856 id
690 1825 744 1857 fit:
768 1825 813 1857 est
837 1826 922 1857 enim
944 1826 975 1857 in
991 1826 1060 1866 jure

179 1869 277 1901 cellio
301 1867 501 1899 alienationis
523 1876 642 1908 genus3
666 1876 731 1907 quo
757 1867 929 1908 agebatur3
954 1875 989 1898 ut
1007 1876 1059 1898 ce-

184 1911 274 1941 denti
300 1908 447 1941 Praztoris
473 1909 607 1940 decreto
622 1909 670 1948 jus
693 1918 789 1940 omne
807 1908 1059 1948 abjudicaretur:

183 1952 279 1992 eique
294 1951 343 1982 cui
356 1950 452 1983 ceffio
468 1949 580 1989 fieret,
596 1949 839 1990 adjudicaretur.
856 1950 944 1990 quod
959 1948 981 1981 si
996 1949 1060 1989 est3

183 2001 218 2023 ut
243 1992 288 2024 est
313 1992 521 2023 vei-iffimum:
547 1993 674 2030 quaeio,
698 1992 751 2031 qui
777 1991 885 2031 potest
903 2000 1059 2022 extraneo

181 2033 249 2065 fieri
266 2034 383 2072 ceffio,
400 2033 484 2065 salvo
501 2032 661 2064 ui'ufruetu
678 2031 879 2063 fratrum-io?
903 2032 1059 2064 conceda-

180 2085 271 2113 muS,
291 2084 347 2116 per
365 2084 434 2106 eam
452 2074 530 2106 nihil
548 2073 676 2105 transire
696 2075 726 2105 in
743 2081 946 2105 extraneum:
966 2073 1059 2113 (quia

181 2125 289 2157 neque
315 2117 440 2154 civilis,
465 2125 573 2156 neque
598 2115 766 2153 naturalis,
789 2115 871 2147 ratio
898 2114 1056 2154 patiatur,

183 2157 286 2189 astum
301 2158 383 2189 inter
398 2157 604 2189 fructuarium
621 2157 650 2188 ἃ
669 2165 857 2188 extraneum
874 2156 1058 2196 praejudica-

184 2208 219 2231 re
238 2199 371 2230 domino
390 2199 614 2238 proprietatis,
631 2199 684 2237 qui
701 2197 927 2229 usumfructum
943 2196 997 2228 soli
1016 2197 1060 2227 in·

183 2239 478 2271 duifitfruttuano:
492 2249 556 2271 non
568 2241 596 2270 ei
608 2248 739 2280 quoque
754 2240 784 2271 in
801 2248 896 2279 quem
912 2238 944 2270 id
962 2246 1059 2269 trans-

182 2280 269 2313 ferre
291 2290 308 2311 a
333 2279 363 2312 se
388 2281 466 2312 velit
489 2279 700 2320 frufituarius)
723 2288 754 2311 at
772 2281 847 2321 quid
864 2287 968 2318 vetat,
990 2278 1056 2311 fru—

184 2323 358 2362 ernanum,
381 2321 521 2354 ceffione
538 2331 694 2354 cxci-aneo
711 2320 812 2360 facta,
831 2320 1057 2353 usumfructum

183 2363 238 2396 fibi
264 2363 317 2395 sua
344 2363 514 2395 voluntate
530 2362 703 2395 abdicere?
727 2364 771 2394 est
790 2364 895 2399 enim,
918 2370 951 2394 ut
970 2363 1034 2394 dixi
1047 2385 1056 2401 ‚

183 2403 326 2445 personae
347 2405 396 2445 jus
419 2400 629 2443 ususfrustu53
652 2413 717 2435 nec
739 2403 845 2445 potest
868 2403 958 2441 fieri,
982 2412 1016 2434 tit
1040 2412 1057 2434 a

183 2445 348 2478 fructuarii
365 2445 497 2487 persona
515 2445 578 2477 sine
597 2446 728 2477 interitu
746 2445 789 2476 sui
809 2445 948 2477 discedat
961 2445 1010 2484 jus
1028 2454 1058 2475 e-

181 2488 230 2528 Jus
246 2486 410 2526 personale
425 2487 445 2518 l.
469 2496 514 2529 15.
537 2486 577 2518 D.
596 2486 722 2519 Familiae
735 2488 915 2526 erciscundae.
948 2485 1057 2517 Proin-

183 2529 225 2560 de
243 2528 265 2559 fi
290 2527 479 2560 fruituarius
503 2529 534 2560 id
559 2538 575 2559 a
600 2527 630 2559 se
648 2528 809 2559 discedere
828 2529 925 2567 velit3
948 2527 1057 2568 (quod

182 2569 239 2607 fit,
255 2578 327 2600 cum
345 2579 499 2601 extraneo
517 2572 603 2601 cedit
622 2569 872 2608 ummo-uerum)
895 2570 970 2608 quid
987 2577 1058 2599 cau-

181 2610 222 2641 sae
238 2609 302 2648 est,
318 2619 372 2641 cur
389 2621 539 2651 negemus
552 2634 560 2648 ,
577 2610 803 2642 usumfructum
821 2619 976 2642 extraneo
991 2619 1060 2640 ces-

181 2651 270 2690 sum,
288 2660 476 2692 quamquam
494 2651 845 2692 iinprudenter,statim
861 2650 1057 2683 reversurum

184 2694 224 2724 ad
240 2692 444 2733 proprietatis
460 2695 623 2726 dominum
634 2693 651 2725 ‘2
674 2692 753 2725 Non
769 2702 821 2725 me
839 2693 999 2733 praeterit,
1014 2693 1058 2723 di·

181 2734 231 2772 ci,
243 2743 309 2765 non
327 2732 469 2772 praestare
486 2736 749 2775 impedimentum
767 2736 855 2775 quod
865 2734 981 2774 dejure
992 2742 1057 2764 non

182 2776 315 2809 sortitur
329 2773 489 2806 effectum.
508 2776 568 2807 Std
586 2786 650 2808 non
670 2776 842 2807 confundit
858 2785 908 2808 me
924 2775 975 2806 illa
991 2774 1057 2805 vul-

182 2815 265 2859 garis
285 2815 423 2856 jactatio.
459 2817 584 2855 quoties
611 2827 696 2849 enini
725 2817 761 2849 fit
779 2818 808 2849 iti
825 2818 913 2857 jure:
937 2824 970 2848 ut
987 2824 1058 2855 quae

183 2865 312 2890 cai-eant
337 2856 367 2887 vi
391 2856 443 2888 alii
470 2858 583 2897 noxia,
608 2859 732 2890 interim
752 2859 882 2890 facienti
907 2858 1057 2889 damnum

184 2898 357 2932 adferant?
383 2897 422 2928 Et
447 2906 536 2929 extat
565 2898 624 2929 tale
649 2901 831 2940 exemplum
849 2901 931 2938 apud
950 2897 1058 2939 Ulpia-

181 2950 259 2973 num
276 2942 307 2970 in
319 2938 431 2980 Frogm.
450 2940 495 2968 iit.
510 2947 554 2973 19-
571 2938 600 2978 §.
621 2949 665 2970 12.
685 2940 721 2974 ἑῇ)
734 2945 810 2982 seqq.
829 2940 927 2981 ipsum
943 2949 984 2971 eo
999 2948 1057 2971 no—

184 2982 331 3015 tabilius:
356 2981 428 3021 quia
452 2979 497 3011 est
514 2979 543 3010 in
563 2979 625 3018 ipsa
644 2989 703 3014 oua
723 2983 762 3012 de
779 2984 918 3022 agimus,
943 2981 1056 3021 injure

183 3024 333 3057 ceffione.
360 3021 453 3053 verba
465 3018 605 3061 Ulpiani.
631 3021 784 3053 Hereditas
800 3024 910 3064 injure
926 3024 1054 3061 ceditur,

184 3066 230 3098 vel
246 3070 400 3104 antequam
415 3064 551 3100 adeatur,
577 3061 624 3092 vel
638 3060 733 3100 postea
750 3072 836 3102 quam
851 3064 934 3095 adim
946 3064 1051 3100 fuerit.

186 3113 343 3148 antequam
358 3105 494 3142 adeatur,
510 3103 619 3145 injure
633 3103 693 3133 cedi
704 3101 795 3142 potest
805 3106 839 3134 ab
855 3105 950 3135 herede
965 3104 1056 3145 legiti-

185 3158 247 3180 mo.-
258 3145 352 3187 postea
366 3155 453 3187 (ματη
471 3146 551 3177 adita
567 3142 624 3185 est,
650 3149 710 3174 tam
725 3154 744 3174 a
761 3144 903 3185 legitimo,
917 3155 1004 3185 qnam
1022 3144 1058 3177 ab

184 3201 212 3223 oo
228 3189 280 3231 qui
295 3184 459 3229 testamento
476 3187 555 3222 heres
561 3186 691 3230 scriptus
708 3182 759 3227 est.
802 3184 836 3222 Si
853 3190 1008 3227 antequam
1025 3197 1057 3220 a.

783 83 1093 120 GERARD.1
1141 83 1370 119 Noonr

1110 173 1212 204 dentur
1228 172 1387 212 hereditas,
1411 173 1442 203 in
1456 173 1525 213 jure
1547 171 1619 212 ceffa
1629 170 1687 211 fit,
1709 174 1826 214 perinde
1844 175 1972 214 heresfic

1109 216 1158 245 cui
1173 213 1243 255 ceffa
1258 212 1316 254 est,
1339 224 1371 245 nc
1381 212 1410 252 fi
1426 214 1481 253 ipse
1496 216 1573 245 heres
1590 213 1736 255 legitimus
1751 214 1825 255 effet.
1850 217 1934 262 Quod
1945 216 1974 256 fi

1105 252 1200 295 postea
1214 265 1301 297 quam
1312 257 1392 287 adita
1407 256 1516 294 fuerit,
1533 255 1644 297 injure
1661 255 1731 296 ceffci
1741 256 1802 295 fit,
1818 258 1842 288 is
1856 260 1904 288 cui
1918 268 1977 288 ces-

1099 296 1140 335 sa
1155 294 1212 335 eli,
1235 297 1433 338 (legendum
1445 320 1454 335 ‚
1477 297 1501 327 is
1516 298 1567 338 qui
1582 295 1676 337 ceffit:
1700 305 1734 328 ut
1751 299 1861 330 monui
1874 298 1975 340 alibi)

1103 343 1252 377 permanet
1269 338 1363 376 heres,
1389 337 1426 372 ὃ)
1441 339 1473 369 ob
1488 339 1516 369 ic!
1535 339 1720 369 creditoribus
1735 339 1866 378 dcfunsti
1879 341 1973 371 manet

1108 378 1267 420 obligatus.-
1290 380 1384 410 debita
1406 388 1471 410 vero
1482 386 1625 419 pereunt,
1648 381 1678 411 id
1695 377 1753 420 est,
1777 381 1911 411 debitores
1926 382 1973 412 de·

1100 419 1205 458 functi
1224 421 1392 452 liberantur.
1426 419 1579 461 Ulpianus
1597 422 1685 459 vult,
1710 422 1796 462 quod
1812 422 1907 454 ceffio
1924 421 1977 454 he-

1100 461 1249 495 reditatis
1273 462 1304 493 in
1330 463 1399 502 jure
1414 461 1516 502 satta,
1540 462 1706 504 postquam
1722 463 1806 494 adita
1824 463 1869 495 est
1885 462 1977 495 here-

1108 503 1210 541 ditas,
1233 512 1297 534 non
1317 504 1445 543 quidem
1464 512 1614 545 operatur
1634 504 1802 542 haflfflnus,
1826 514 1867 536 ne
1884 504 1974 537 heres

1107 551 1234 574 maneat
1250 545 1275 574 is
1292 554 1344 584 qui
1363 544 1471 584 ceffic3
1492 553 1589 583 atque
1604 546 1706 584 adeo,
1730 554 1764 577 ut
1780 553 1896 579 noceat
1910 555 1976 577 cre-

1107 584 1267 623 ditoribus
1291 585 1507 618 hereditariis:
1533 587 1584 619 sed
1602 588 1729 619 interim
1747 586 1864 626 efficit,
1888 596 1922 618 ut
1936 587 1976 619 ab

1108 634 1148 656 eo
1168 625 1343 658 liberentur
1360 627 1525 659 debitores
1546 627 1746 661 hereditarii:
1762 638 1803 660 eo
1822 629 1910 670 quod
1928 629 1976 669 ip-.
2023 625 2025 636 ⁴

1106 665 1138 697 se
1159 666 1190 698 se
1213 668 1300 699 omni
1327 667 1452 700 heredis
1468 670 1537 709 jure
1553 668 1652 702 sciens
1668 671 1842 710 volensque
1858 680 1893 701 ea
1910 679 1978 701 ces-

1106 706 1193 739 sione
1210 709 1390 742 abdicavit:
1408 719 1469 741 nec
1487 720 1591 742 tamen
1613 710 1776 744 debitores
1795 711 1977 743 hereditarii

1105 749 1149 779 ob
1166 749 1198 781 id
1214 750 1341 781 eefficio
1359 749 1468 783 heredi
1488 760 1654 785 tenentur:
1680 754 1752 793 quia
1774 753 1803 784 ei
1821 762 1886 784 non
1907 752 1976 783 sunt

1106 790 1247 831 obligati.
1294 790 1349 823 Est
1372 792 1437 824 hoc
1461 802 1556 824 unum
1575 800 1672 833 atque
1690 794 1850 834 egregium
1868 803 1976 826 exem-

1105 833 1202 872 plum.
1226 833 1338 864 addam
1357 840 1462 865 tamen
1481 834 1508 865 ὅ(
1527 835 1660 866 alterum
1676 835 1816 875 ejusdem
1833 836 1977 875 generis,

1107 882 1204 914 atque
1222 883 1313 914 aque
1329 875 1368 906 ad
1387 884 1453 906 rem
1473 874 1610 908 nostram
1628 876 1919 907 accommodatum.
1944 877 1977 909 id

1107 916 1292 955 exemplum
1312 914 1371 947 est:
1389 917 1477 956 quod
1495 916 1773 957 lnip.Justinianus
1783 916 1812 958 §.
1825 928 1852 956 4.
1864 914 1978 958 Irifl.de

1104 956 1306 987 donationibus
1322 958 1382 995 ait,
1397 957 1488 989 fuiffe
1507 959 1584 990 olim
1604 959 1735 989 modum
1753 958 1854 990 civilis
1869 959 1978 998 adqui-

1105 996 1226 1029 fitionis
1239 1007 1295 1038 pei·
1307 998 1355 1037 Jus
1370 999 1589 1038 accrescendi,
1606 1007 1744 1039 eumque
1761 1000 1891 1032 modum
1903 998 1978 1031 fuis-

1104 1038 1135 1069 se
1163 1039 1268 1070 talem.
1300 1039 1321 1071 ii
1347 1049 1554 1072 communem
1582 1040 1703 1072 servum
1731 1040 1849 1073 habens
1866 1042 1977 1082 aliquis

1105 1088 1177 1112 cum
1203 1079 1323 1119 Titio,
1353 1081 1435 1113 solus
1460 1082 1640 1114 libertatern
1667 1083 1694 1113 ei
1720 1082 1903 1123 imposuerit
1928 1083 1979 1116 vel

1104 1121 1260 1160 vindicta,
1278 1123 1329 1153 vel
1349 1121 1558 1161 testamento,
1575 1133 1615 1154 eo
1636 1123 1706 1155 casu
1723 1133 1793 1163 pars
1810 1124 1876 1164 ejus
1890 1125 1980 1156 amit·

1105 1163 1249 1202 tebatur,
1275 1163 1305 1195 δε
1323 1162 1410 1195 socio
1432 1165 1645 1196 adcrescebat.
1677 1165 1764 1207 addit
1781 1165 1977 1205 Imperator,

1103 1213 1139 1234 ea
1157 1213 1190 1235 re
1207 1204 1363 1241 evenisse,
1388 1213 1422 1236 ut
1439 1205 1470 1237 ὅ(
1486 1206 1634 1237 libertate
1653 1204 1758 1237 servus
1776 1207 1978 1238 defraudare·

1105 1251 1155 1276 tur
1167 1268 1176 1283 ‚
1194 1245 1223 1276 ἃ
1239 1255 1278 1276 ex
1291 1255 1326 1276 ea
1345 1246 1584 1286 humanioribus
1601 1248 1738 1279 dominis
1750 1248 1879 1287 quidem
1894 1248 1977 1281 dam-

1102 1290 1179 1317 num
1203 1286 1396 1325 inferretur,
1421 1288 1604 1319 saevioribus
1621 1296 1728 1320 autem
1748 1289 1869 1321 lucrum
1885 1296 1978 1321 acce-

1104 1327 1204 1359 deret.
1249 1327 1337 1359 Nihil
1354 1329 1448 1369 igitur
1466 1328 1562 1360 fuerit
1578 1337 1692 1370 praeter
1705 1330 1782 1370 juris
1800 1331 1976 1364 rationem:

1103 1367 1124 1400 fi
1141 1369 1171 1399 in
1189 1369 1355 1409 proposito
1372 1369 1512 1402 similiter
1527 1371 1611 1403 dicat
1627 1370 1826 1411 Pomponius
1843 1373 1870 1403 d.
1889 1372 1909 1403 l.
1924 1370 1979 1404 66.

1105 1408 1329 1443 usumfruftum
1347 1420 1501 1443 extraneo
1518 1411 1653 1451 celsum,
1671 1422 1734 1444 non
1751 1414 1789 1444 ad
1806 1421 1878 1445 eum
1896 1421 1979 1445 tran-

1104 1449 1162 1482 fire
1181 1474 1190 1491 ,
1221 1451 1274 1483 sed
1299 1453 1338 1483 ad
1363 1453 1526 1485 dominum
1553 1454 1756 1494 proptietatis
1780 1453 1980 1487 reversurum
2010 1483 2011 1486 ,

1104 1490 1228 1528 statim,
1251 1502 1288 1524 ac
1304 1492 1404 1525 cess'us
1422 1494 1469 1526 sit.
1492 1504 1608 1535 nempe
1627 1518 1636 1533 ‚
1658 1496 1729 1535 quia
1752 1495 1807 1535 (ut
1824 1494 1912 1535 supra
1931 1496 1979 1527 di-

1105 1533 1157 1572 xi)
1181 1531 1320 1572 sufficit,
1350 1537 1520 1567 cedentem
1544 1535 1654 1568 errasse
1677 1536 1751 1576 juris
1780 1536 1976 1576 ignorantia:

1104 1574 1181 1606 licet
1200 1576 1341 1616 alioquin
1358 1585 1423 1608 non
1443 1576 1584 1608 versetur
1601 1578 1668 1617 ejus
1688 1577 1838 1609 deliftum
1856 1578 1981 1618 legibus

1104 1617 1343 1649 vindicandum.
1383 1617 1447 1649 hoc
1471 1617 1635 1658 sequentia
1666 1628 1798 1659 quoque
1824 1620 1976 1651 evincunt

1106 1656 1278 1697 Pomponii
1301 1659 1408 1691 verba.
1455 1659 1585 1704 ‘Quidam
1606 1669 1673 1701 ergo
1695 1660 1809 1703 rei-nerlii
1830 1660 1886 1691 loco
1905 1660 1978 1692 reste

1099 1705 1286 1740 putaverunt
1308 1701 1566 1741 introducendum,
1591 1707 1624 1732 ut
1640 1701 1685 1731 vel
1702 1701 1771 1732 locet
1786 1703 1862 1733 hunc
1881 1704 1976 1741 usum-

1097 1740 1233 1779 frustum
1248 1741 1363 1772 niatieri
1377 1743 1519 1781 maritus,
1535 1743 1582 1774 vel
1599 1744 1708 1774 veneat
1723 1747 1836 1774 nummo
1851 1753 1928 1774 urio:
1943 1749 1977 1775 ut

1103 1783 1198 1823 ipsum
1215 1784 1329 1824 quidem
1340 1784 1391 1824 jus
1408 1786 1553 1816 remaneat
1565 1791 1651 1823 penes
1668 1787 1820 1821 maritum,
1841 1787 1978 1826 perceptio

1102 1833 1170 1854 vero
1193 1823 1354 1863 fruffitum
1380 1826 1418 1856 ad
1443 1826 1589 1857 mulierem
1609 1827 1762 1867 pertineat.
1813 1825 1901 1867 Quid
1926 1826 1977 1857 hic

1103 1864 1326 1905 Pomponius?
1350 1866 1515 1907 indigitat,
1533 1866 1706 1899 ceffionem
1722 1877 1791 1908 quae
1808 1869 1837 1899 in
1851 1868 1918 1907 Jure
1932 1866 1978 1899 fa-

1105 1906 1153 1938 &a
1170 1906 1254 1947 apud
1274 1907 1449 1940 Prot-torem
1475 1910 1621 1940 continet
1636 1910 1711 1949 juris
1730 1909 1974 1949 alienationem,

1104 1947 1157 1979 hic
1176 1957 1240 1979 non
1258 1948 1343 1980 recte
1361 1948 1476 1981 adferri
1497 1959 1554 1987 pro
1572 1952 1671 1981 modo
1691 1950 1875 1982 restituendi
1894 1950 1978 1982 usus-

1103 1988 1243 2021 fruetus:
1262 1991 1381 2030 quippe
1393 2000 1458 2022 non
1473 1990 1657 2023 effecturam
1675 1992 1762 2030 quod
1782 1991 1893 2022 volunt
1910 2001 1979 2031 par-

1104 2038 1172 2069 tes;
1196 2031 1225 2061 &
1244 2031 1382 2063 asturam
1399 2041 1529 2070 contra,
1553 2033 1640 2072 quod
1658 2033 1784 2064 nolunt.
1809 2041 1872 2063 non
1889 2033 1975 2064 enim

1101 2070 1175 2102 fore
1191 2071 1277 2102 hunc
1294 2073 1358 2111 eius
1375 2074 1514 2105 exitum:
1539 2082 1574 2104 ut
1593 2073 1803 2108 ususfruCtus,
1822 2082 1974 2113 quantum

1102 2113 1217 2144 attinet
1233 2115 1271 2143 ad
1287 2113 1352 2152 jus,
1377 2113 1440 2145 five
1457 2115 1631 2146 dominium
1651 2113 1861 2153 ususfruttus,
1878 2123 1893 2145 a
1911 2124 1974 2146 ma-

1101 2154 1163 2184 rito
1182 2154 1315 2185 transeat
1331 2155 1368 2185 ad
1386 2155 1570 2194 mulierem
1586 2157 1672 2195 quod
1687 2155 1869 2187 faciendum
1888 2162 1974 2187 erat:

1102 2193 1154 2226 sed
1172 2203 1204 2226 ut
1221 2194 1320 2235 ipsum
1332 2195 1581 2238 ususfructusjffls
1596 2198 1660 2229 five
1677 2197 1853 2228 dominium
1870 2197 1975 2228 statim

1101 2237 1138 2267 ad
1152 2237 1314 2268 domitium
1331 2239 1535 2278 proprietatis
1551 2245 1745 2278 revertatur:
1764 2238 1851 2278 quod
1869 2247 1974 2279 neque

1100 2279 1235 2316 marim,
1259 2287 1364 2318 neque
1382 2279 1504 2311 mulieri
1521 2288 1589 2312 erat
1606 2279 1812 2321 propositum.
1843 2287 1975 2320 oporte-

1100 2329 1134 2350 re
1152 2320 1266 2360 igitur‚
1289 2320 1378 2360 quod
1396 2319 1521 2352 solitum
1539 2320 1599 2352 fuit
1614 2320 1849 2361 Jurisconsultis
1861 2344 1870 2359 ‚
1886 2322 1974 2362 cogi-

1101 2360 1157 2391 tari
1174 2361 1214 2392 de
1223 2362 1366 2392 remedio
1383 2370 1447 2401 quo
1466 2371 1569 2401 neque
1582 2370 1691 2402 pereat
1704 2363 1750 2402 jus
1762 2361 1972 2401 ususfructu33

1101 2402 1130 2433 ἃ
1149 2401 1213 2442 ejus
1231 2402 1347 2434 utilitas
1365 2402 1571 2436 nibilominus
1590 2405 1629 2435 ad
1646 2404 1810 2435 mulierem
1826 2404 1972 2443 perveni-

1100 2451 1142 2475 at.
1188 2443 1241 2474 Ait
1263 2453 1340 2474 vero
1363 2444 1582 2484 Pomponius,
1605 2444 1696 2476 fuisse
1719 2445 1907 2485 quibusdam
1926 2445 1970 2476 vi-

1099 2484 1185 2521 sum,
1209 2493 1268 2524 pro
1294 2484 1346 2515 tali
1372 2486 1515 2517 remedio
1533 2486 1685 2518 adhibere
1702 2487 1847 2518 colorem
1864 2486 1973 2518 vendi-

1100 2525 1213 2564 tionis,
1238 2526 1289 2557 vel
1310 2526 1480 2559 locationis
1495 2535 1566 2567 quae
1583 2526 1637 2559 fiat
1652 2536 1784 2559 nummo
1800 2537 1875 2559 uno.
1899 2532 1970 2559 nam

1100 2565 1122 2598 fi
1146 2567 1275 2598 maritus
1300 2568 1392 2599 uxori
1411 2568 1529 2600 vendat
1545 2567 1772 2601 usumfrufihim
1788 2578 1920 2600 nummo
1937 2577 1971 2600 u-

1100 2617 1161 2646 no;
1186 2617 1324 2649 eumque
1347 2609 1462 2640 deinde
1485 2618 1550 2641 non
1571 2611 1686 2649 cedat,
1711 2609 1762 2640 sed
1781 2611 1901 2642 tradat:
1924 2610 1970 2650 ip-

1101 2649 1165 2680 sum
1183 2650 1311 2689 quidem
1324 2650 1394 2690 jtis,
1411 2650 1442 2682 id
1459 2650 1524 2690 est,
1539 2650 1638 2690 ipsum
1658 2648 1903 2689 usumfructum,
1918 2660 1971 2690 pe·

1101 2700 1158 2722 nes
1175 2691 1321 2722 maritum
1340 2700 1521 2725 remanere:
1544 2693 1786 2733 perceptionem
1811 2702 1890 2724 vero
1906 2692 1971 2724 fru-

1102 2733 1207 2764 ctuum
1219 2755 1227 2768 ,
1251 2733 1282 2762 id
1300 2731 1346 2764 est
1358 2755 1367 2772 ,
1392 2733 1562 2765 utilitatem
1578 2743 1648 2774 quae
1665 2733 1739 2766 facti
1759 2733 1822 2772 est,
1845 2734 1884 2765 ad
1901 2740 1971 2772 niu-J

1101 2774 1212 2806 lierem
1230 2774 1400 2814 pertinere.
1438 2774 1490 2805 Sic
1504 2774 1565 2808 illi:
1590 2774 1620 2806 ὅ(
1638 2775 1724 2807 reete
1743 2785 1782 2807 ex
1799 2773 1969 2813 Pomponii

1100 2814 1264 2846 sententia.
1297 2824 1361 2846 non
1388 2816 1473 2848 enim
1498 2823 1532 2847 ut
1556 2817 1670 2855 ceffio,
1694 2816 1737 2848 fic
1754 2817 1902 2854 traditio,
1925 2813 1969 2849 est

1099 2856 1250 2888 alienatio
1269 2856 1364 2887 Civili
1381 2855 1466 2896 Jure.
1492 2865 1613 2889 tantum
1633 2857 1727 2896 facit,
1753 2866 1787 2888 ut
1806 2857 1892 2898 quod
1909 2865 1968 2886 tra-

1101 2898 1184 2930 ditur
1197 2920 1206 2935 ,
1229 2897 1264 2928 sit
1281 2898 1312 2929 in
1331 2898 1424 2930 bonis
1440 2898 1525 2938 (ἠως,
1548 2899 1598 2930 cui
1617 2898 1671 2930 fiat
1690 2899 1834 2930 traditio:
1858 2906 1891 2928 ut
1906 2896 1968 2927 cla-

1100 2949 1134 2970 re
1151 2937 1324 2979 Ulpianus,
1347 2941 1377 2970 in
1395 2938 1511 2981 fragm.
1534 2941 1579 2971 tit.
1599 2949 1623 2971 i.
1642 2940 1671 2982 §.
1692 2944 1735 2971 16.
1760 2940 1852 2980 igitur
1867 2937 1887 2968 fi
1905 2945 1965 2967 tria-

1099 2981 1179 3012 ritus
1197 2981 1287 3011 uxori
1307 2981 1423 3011 vendat
1441 2980 1688 3019 usumfructum,
1705 2981 1733 3011 δι
1751 2981 1864 3024 tradat:
1883 2976 1964 3023 ipse,

1099 3030 1132 3053 ut
1159 3021 1354 3061 Pomponius
1378 3019 1539 3060 loliuitur,
1563 3022 1712 3054 retinebit
1730 3020 1826 3063 ipsun]
1842 3027 1908 3063 Jlusg
1933 3020 1966 3050 id

1099 3062 1162 3099 est,
1187 3061 1286 3102 ipsum
1313 3062 1560 3102 usumfruftunu
1581 3062 1719 3102 Julianus
1740 3062 1909 3091 dominium
1930 3069 1960 3089 u-

1100 3103 1272 3135 1'usfru6tus
1288 3104 1425 3145 appellat
1442 3104 1460 3135 l.
1476 3115 1506 3145 3.
1525 3103 1565 3135 D.
1591 3105 1623 3135 δι’
1639 3099 1820 3146 zisusfrictlar
1832 3105 1963 3143 petetur.-

1100 3144 1153 3177 sed
1169 3146 1207 3176 ad
1218 3145 1382 3177 mulierem
1399 3146 1499 3176 mariti
1518 3146 1645 3177 nomine
1664 3140 1832 3182 pertinebit
1850 3141 1968 3172 iriit‘jtu·

1100 3195 1153 3223 um
1177 3187 1346 3229 perceptio
1372 3196 1443 3231 qiiae
1464 3185 1541 3219 fatti
1564 3184 1626 3225 est,
1650 3183 1679 3217 &
1696 3181 1847 3222 altiliano
1866 3182 1963 3254 ‘²ssAEss
