<?xml version="1.0" encoding="UTF-8"?>
<!DOCTYPE html PUBLIC "-//W3C//DTD XHTML 1.0 Transitional//EN"
    "http://www.w3.org/TR/xhtml1/DTD/xhtml1-transitional.dtd">
<html xmlns="http://www.w3.org/1999/xhtml" xml:lang="en" lang="en">
 <head>
  <title>
</title>
<meta http-equiv="Content-Type" content="text/html;charset=utf-8" />
  <meta name='ocr-system' content='tesseract 3.04.00' />
  <meta name='ocr-capabilities' content='ocr_page ocr_carea ocr_par ocr_line ocrx_word'/>
</head>
<body>
  <div class='ocr_page' id='page_1' title='image "./gerardinoodtnovi00nood_0552.png"; bbox 0 0 2036 3495; ppageno 0'>
   <div class='ocr_carea' id='block_1_1' title="bbox 111 128 182 169">
    <p class='ocr_par' dir='ltr' id='par_1_1' title="bbox 111 128 182 169">
     <span class='ocr_line' id='line_1_1' title="bbox 111 128 182 169; baseline 0 -8"><span class='ocrx_word' id='word_1_1' title='bbox 111 128 182 169; x_wconf 73' lang='lat'>526</span> 
     </span>
    </p>
   </div>
   <div class='ocr_carea' id='block_1_2' title="bbox 117 197 1023 1912">
    <p class='ocr_par' dir='ltr' id='par_1_2' title="bbox 117 197 1023 1912">
     <span class='ocr_line' id='line_1_2' title="bbox 117 197 996 251; baseline -0.024 -3"><span class='ocrx_word' id='word_1_2' title='bbox 117 215 270 247; x_wconf 76' lang='lat' dir='ltr'>tinianus:</span> <span class='ocrx_word' id='word_1_3' title='bbox 288 212 340 251; x_wconf 91' lang='lat' dir='ltr'>qui</span> <span class='ocrx_word' id='word_1_4' title='bbox 356 209 410 241; x_wconf 84' lang='lat' dir='ltr'>etsi</span> <span class='ocrx_word' id='word_1_5' title='bbox 424 197 629 243; x_wconf 70' lang='lat' dir='ltr'>Christianam</span> <span class='ocrx_word' id='word_1_6' title='bbox 643 201 890 247; x_wconf 63' lang='lat' dir='ltr'>amplefileretur</span> <span class='ocrx_word' id='word_1_7' title='bbox 906 197 996 246; x_wconf 74' lang='lat' dir='ltr'>disci-</span> 
     </span>
     <span class='ocr_line' id='line_1_3' title="bbox 118 239 999 296; baseline -0.025 -7"><span class='ocrx_word' id='word_1_8' title='bbox 118 258 256 296; x_wconf 79' lang='lat' dir='ltr'>plinam3</span> <span class='ocrx_word' id='word_1_9' title='bbox 273 251 413 283; x_wconf 68' lang='lat' dir='ltr'>inclaruii</span> <span class='ocrx_word' id='word_1_10' title='bbox 430 256 535 280; x_wconf 78' lang='lat' dir='ltr'>tamen</span> <span class='ocrx_word' id='word_1_11' title='bbox 560 244 667 284; x_wconf 82' lang='lat' dir='ltr'>(quod</span> <span class='ocrx_word' id='word_1_12' title='bbox 690 244 874 288; x_wconf 82' lang='lat' dir='ltr'>Ammianus</span> <span class='ocrx_word' id='word_1_13' title='bbox 893 239 999 288; x_wconf 65' lang='lat' dir='ltr'>perhi-</span> 
     </span>
     <span class='ocr_line' id='line_1_4' title="bbox 120 282 994 336; baseline -0.019 -7"><span class='ocrx_word' id='word_1_14' title='bbox 120 291 176 329; x_wconf 82' lang='lat' dir='ltr'>bet</span> <span class='ocrx_word' id='word_1_15' title='bbox 199 296 227 336; x_wconf 88' lang='lat'>¹)</span> <span class='ocrx_word' id='word_1_16' title='bbox 250 295 299 324; x_wconf 83' lang='lat' dir='ltr'>boc</span> <span class='ocrx_word' id='word_1_17' title='bbox 314 285 503 322; x_wconf 62' lang='lat' dir='ltr'>moderamine</span> <span class='ocrx_word' id='word_1_18' title='bbox 516 284 717 326; x_wconf 67' lang='lat' dir='ltr'>principatus,</span> <span class='ocrx_word' id='word_1_19' title='bbox 743 284 818 324; x_wconf 83' lang='lat' dir='ltr'>quod</span> <span class='ocrx_word' id='word_1_20' title='bbox 841 288 916 313; x_wconf 78' lang='lat' dir='ltr'>inter</span> <span class='ocrx_word' id='word_1_21' title='bbox 930 282 994 312; x_wconf 62' lang='lat' dir='ltr'>velz-</span> 
     </span>
     <span class='ocr_line' id='line_1_5' title="bbox 118 324 996 380; baseline -0.018 -11"><span class='ocrx_word' id='word_1_22' title='bbox 118 340 237 380; x_wconf 73' lang='lat' dir='ltr'>giomcm</span> <span class='ocrx_word' id='word_1_23' title='bbox 261 332 439 370; x_wconf 64' lang='lat' dir='ltr'>diversitates</span> <span class='ocrx_word' id='word_1_24' title='bbox 455 330 564 365; x_wconf 69' lang='lat' dir='ltr'>medius</span> <span class='ocrx_word' id='word_1_25' title='bbox 574 324 677 366; x_wconf 67' lang='lat' dir='ltr'>flebit.-</span> <span class='ocrx_word' id='word_1_26' title='bbox 700 334 749 355; x_wconf 75' lang='lat' dir='ltr'>nec</span> <span class='ocrx_word' id='word_1_27' title='bbox 764 333 936 370; x_wconf 68' lang='lat' dir='ltr'>quamquain</span> <span class='ocrx_word' id='word_1_28' title='bbox 951 324 996 353; x_wconf 86' lang='lat' dir='ltr'>in—</span> 
     </span>
     <span class='ocr_line' id='line_1_6' title="bbox 121 364 997 420; baseline -0.017 -11"><span class='ocrx_word' id='word_1_29' title='bbox 121 378 281 420; x_wconf 72' lang='lat' dir='ltr'>quietavit,</span> <span class='ocrx_word' id='word_1_30' title='bbox 296 382 385 414; x_wconf 62' lang='lat' dir='ltr'>nequa</span> <span class='ocrx_word' id='word_1_31' title='bbox 402 372 501 410; x_wconf 30' lang='lat' dir='ltr'>iiij-joc</span> <span class='ocrx_word' id='word_1_32' title='bbox 519 369 655 399; x_wconf 75' lang='lat' dir='ltr'><em>coleretur</em></span> <span class='ocrx_word' id='word_1_33' title='bbox 670 367 823 406; x_wconf 76' lang='lat' dir='ltr'>imperavit</span> <span class='ocrx_word' id='word_1_34' title='bbox 840 371 892 395; x_wconf 74' lang='grc' dir='ltr'>ιηιι</span> <span class='ocrx_word' id='word_1_35' title='bbox 908 364 997 395; x_wconf 71' lang='lat' dir='ltr'>illud.-</span> 
     </span>
     <span class='ocr_line' id='line_1_7' title="bbox 123 407 1000 450; baseline -0.017 0"><span class='ocrx_word' id='word_1_36' title='bbox 123 429 174 450; x_wconf 75' lang='lat' dir='ltr'>nec</span> <span class='ocrx_word' id='word_1_37' title='bbox 197 409 363 448; x_wconf 64' lang='lat' dir='ltr'>incerdiffls-</span> <span class='ocrx_word' id='word_1_38' title='bbox 375 412 538 447; x_wconf 48' lang='lat' dir='ltr'>minacibus</span> <span class='ocrx_word' id='word_1_39' title='bbox 547 408 745 450; x_wconf 60' lang='lat' dir='ltr'>sulijeelorum</span> <span class='ocrx_word' id='word_1_40' title='bbox 762 409 899 445; x_wconf 60' lang='lat' dir='ltr'>ceruicem</span> <span class='ocrx_word' id='word_1_41' title='bbox 915 407 952 436; x_wconf 80' lang='lat' dir='ltr'>ad</span> <span class='ocrx_word' id='word_1_42' title='bbox 970 407 1000 436; x_wconf 78' lang='lat' dir='ltr'>ici</span> 
     </span>
     <span class='ocr_line' id='line_1_8' title="bbox 120 440 1001 502; baseline -0.017 -11"><span class='ocrx_word' id='word_1_43' title='bbox 120 461 194 502; x_wconf 70' lang='lat' dir='ltr'>quod</span> <span class='ocrx_word' id='word_1_44' title='bbox 216 457 274 498; x_wconf 84' lang='lat' dir='ltr'>ipse</span> <span class='ocrx_word' id='word_1_45' title='bbox 297 455 384 487; x_wconf 60' lang='lat' dir='ltr'>coluit</span> <span class='ocrx_word' id='word_1_46' title='bbox 406 453 588 490; x_wconf 67' lang='lat' dir='ltr'><em>inclinabat,</em></span> <span class='ocrx_word' id='word_1_47' title='bbox 605 451 657 490; x_wconf 61' lang='lat' dir='ltr'>fi‘d</span> <span class='ocrx_word' id='word_1_48' title='bbox 677 451 862 484; x_wconf 68' lang='lat' dir='ltr'>intemeratas</span> <span class='ocrx_word' id='word_1_49' title='bbox 878 440 1001 495; x_wconf 60' lang='lat' dir='ltr'>vreliquit</span> 
     </span>
     <span class='ocr_line' id='line_1_9' title="bbox 121 491 1001 540; baseline -0.017 -7"><span class='ocrx_word' id='word_1_50' title='bbox 121 504 171 533; x_wconf 74' lang='lat' dir='ltr'>has</span> <span class='ocrx_word' id='word_1_51' title='bbox 183 506 300 540; x_wconf 71' lang='lat' dir='ltr'>partes,</span> <span class='ocrx_word' id='word_1_52' title='bbox 325 502 358 528; x_wconf 68' lang='lat' dir='ltr'>ut</span> <span class='ocrx_word' id='word_1_53' title='bbox 373 495 487 536; x_wconf 59' lang='lat' dir='ltr'>reperit.</span> <span class='ocrx_word' id='word_1_54' title='bbox 522 493 637 524; x_wconf 81' lang='lat' dir='ltr'>Fruere</span> <span class='ocrx_word' id='word_1_55' title='bbox 657 491 717 522; x_wconf 66' lang='lat' dir='ltr'>luc</span> <span class='ocrx_word' id='word_1_56' title='bbox 736 491 911 530; x_wconf 82' lang='lat' dir='ltr'>prudentiae</span> <span class='ocrx_word' id='word_1_57' title='bbox 925 512 934 526; x_wconf 95' lang='lat'>‚</span> <span class='ocrx_word' id='word_1_58' title='bbox 955 499 1001 529; x_wconf 81' lang='lat' dir='ltr'>Ju-</span> 
     </span>
     <span class='ocr_line' id='line_1_10' title="bbox 123 532 1002 579; baseline -0.015 -6"><span class='ocrx_word' id='word_1_59' title='bbox 123 542 232 579; x_wconf 83' lang='lat' dir='ltr'>stitiae,</span> <span class='ocrx_word' id='word_1_60' title='bbox 256 540 284 571; x_wconf 63' lang='lat'>6:</span> <span class='ocrx_word' id='word_1_61' title='bbox 301 537 459 579; x_wconf 67' lang='lat' dir='ltr'>aequitatis</span> <span class='ocrx_word' id='word_1_62' title='bbox 475 535 593 576; x_wconf 84' lang='lat' dir='ltr'>gloria,</span> <span class='ocrx_word' id='word_1_63' title='bbox 612 532 810 572; x_wconf 78' lang='lat' dir='ltr'>Imperator:</span> <span class='ocrx_word' id='word_1_64' title='bbox 835 532 886 571; x_wconf 90' lang='lat' dir='ltr'>qui</span> <span class='ocrx_word' id='word_1_65' title='bbox 908 540 1002 576; x_wconf 81' lang='lat' dir='ltr'>quam</span> 
     </span>
     <span class='ocr_line' id='line_1_11' title="bbox 122 572 999 620; baseline -0.016 -5"><span class='ocrx_word' id='word_1_66' title='bbox 122 576 312 616; x_wconf 43' lang='lat' dir='ltr'>animo&#39;tuo</span> <span class='ocrx_word' id='word_1_67' title='bbox 338 579 494 620; x_wconf 81' lang='lat' dir='ltr'>probabas</span> <span class='ocrx_word' id='word_1_68' title='bbox 523 576 711 616; x_wconf 72' lang='lat' dir='ltr'>religionem</span> <span class='ocrx_word' id='word_1_69' title='bbox 735 574 794 604; x_wconf 86' lang='lat' dir='ltr'>rite</span> <span class='ocrx_word' id='word_1_70' title='bbox 819 572 943 603; x_wconf 79' lang='lat' dir='ltr'>coluisti</span> <span class='ocrx_word' id='word_1_71' title='bbox 968 573 999 603; x_wconf 70' lang='lat' dir='ltr'>&lt;Sc</span> 
     </span>
     <span class='ocr_line' id='line_1_12' title="bbox 124 615 1002 661; baseline -0.015 -4"><span class='ocrx_word' id='word_1_72' title='bbox 124 624 227 656; x_wconf 75' lang='lat' dir='ltr'>calle:</span> <span class='ocrx_word' id='word_1_73' title='bbox 251 632 312 655; x_wconf 75' lang='lat' dir='ltr'>nec</span> <span class='ocrx_word' id='word_1_74' title='bbox 336 630 442 652; x_wconf 80' lang='lat' dir='ltr'>tamen</span> <span class='ocrx_word' id='word_1_75' title='bbox 464 619 576 656; x_wconf 83' lang='lat' dir='ltr'>aliam,</span> <span class='ocrx_word' id='word_1_76' title='bbox 599 616 619 648; x_wconf 83' lang='lat' dir='ltr'><strong>fi</strong></span> <span class='ocrx_word' id='word_1_77' title='bbox 643 615 752 661; x_wconf 72' lang='lat' dir='ltr'>injuria</span> <span class='ocrx_word' id='word_1_78' title='bbox 772 623 918 652; x_wconf 80' lang='lat' dir='ltr'>vacaret,</span> <span class='ocrx_word' id='word_1_79' title='bbox 942 622 1002 653; x_wconf 90' lang='lat' dir='ltr'>pro</span> 
     </span>
     <span class='ocr_line' id='line_1_13' title="bbox 125 656 1003 703; baseline -0.016 -5"><span class='ocrx_word' id='word_1_80' title='bbox 125 667 258 703; x_wconf 83' lang='lat' dir='ltr'>crimine</span> <span class='ocrx_word' id='word_1_81' title='bbox 280 663 391 695; x_wconf 85' lang='lat' dir='ltr'>haberi</span> <span class='ocrx_word' id='word_1_82' title='bbox 416 659 586 702; x_wconf 73' lang='lat' dir='ltr'>punitique</span> <span class='ocrx_word' id='word_1_83' title='bbox 605 680 614 697; x_wconf 93' lang='lat'>,</span> <span class='ocrx_word' id='word_1_84' title='bbox 645 656 747 697; x_wconf 81' lang='lat' dir='ltr'>pallus</span> <span class='ocrx_word' id='word_1_85' title='bbox 774 665 830 702; x_wconf 36' lang='grc' dir='ltr'>εει.</span> <span class='ocrx_word' id='word_1_86' title='bbox 850 664 905 701; x_wconf 83' lang='lat' dir='ltr'>ut,</span> <span class='ocrx_word' id='word_1_87' title='bbox 929 664 1003 686; x_wconf 90' lang='lat' dir='ltr'>cum</span> 
     </span>
     <span class='ocr_line' id='line_1_14' title="bbox 127 697 1007 748; baseline -0.008 -11"><span class='ocrx_word' id='word_1_88' title='bbox 127 709 174 739; x_wconf 88' lang='lat' dir='ltr'>vir</span> <span class='ocrx_word' id='word_1_89' title='bbox 191 709 259 748; x_wconf 80' lang='lat' dir='ltr'>pius</span> <span class='ocrx_word' id='word_1_90' title='bbox 281 705 357 737; x_wconf 78' lang='lat' dir='ltr'>elles</span> <span class='ocrx_word' id='word_1_91' title='bbox 372 712 407 734; x_wconf 82' lang='lat' dir='ltr'>ac</span> <span class='ocrx_word' id='word_1_92' title='bbox 426 700 606 743; x_wconf 78' lang='lat' dir='ltr'>religiosus,</span> <span class='ocrx_word' id='word_1_93' title='bbox 630 698 718 730; x_wconf 78' lang='lat' dir='ltr'>simul</span> <span class='ocrx_word' id='word_1_94' title='bbox 737 697 946 735; x_wconf 71' lang='lat' dir='ltr'>meminisses,</span> <span class='ocrx_word' id='word_1_95' title='bbox 971 705 1007 730; x_wconf 82' lang='lat' dir='ltr'>te.</span> 
     </span>
     <span class='ocr_line' id='line_1_15' title="bbox 125 738 1006 788; baseline -0.015 -6"><span class='ocrx_word' id='word_1_96' title='bbox 125 749 306 788; x_wconf 76' lang='lat' dir='ltr'>Principem</span> <span class='ocrx_word' id='word_1_97' title='bbox 330 744 394 777; x_wconf 52' lang='lat' dir='ltr'>*ess&#39;c</span> <span class='ocrx_word' id='word_1_98' title='bbox 416 767 425 781; x_wconf 85' lang='lat'>,</span> <span class='ocrx_word' id='word_1_99' title='bbox 461 750 632 783; x_wconf 14' lang='lat' dir='ltr'>acbgereie</span> <span class='ocrx_word' id='word_1_100' title='bbox 660 738 826 780; x_wconf 82' lang='lat' dir='ltr'>personam</span> <span class='ocrx_word' id='word_1_101' title='bbox 857 738 1006 779; x_wconf 85' lang='lat' dir='ltr'>reipubli-</span> 
     </span>
     <span class='ocr_line' id='line_1_16' title="bbox 128 781 1008 827; baseline -0.015 -4"><span class='ocrx_word' id='word_1_102' title='bbox 128 801 193 823; x_wconf 78' lang='lat' dir='ltr'>cae:</span> <span class='ocrx_word' id='word_1_103' title='bbox 218 792 256 821; x_wconf 89' lang='lat' dir='ltr'>ad</span> <span class='ocrx_word' id='word_1_104' title='bbox 276 788 363 827; x_wconf 82' lang='lat' dir='ltr'>cujus</span> <span class='ocrx_word' id='word_1_105' title='bbox 381 785 477 817; x_wconf 89' lang='lat' dir='ltr'>fidem</span> <span class='ocrx_word' id='word_1_106' title='bbox 495 793 532 815; x_wconf 87' lang='lat' dir='ltr'>ac</span> <span class='ocrx_word' id='word_1_107' title='bbox 552 782 683 814; x_wconf 85' lang='lat' dir='ltr'>tutelam</span> <span class='ocrx_word' id='word_1_108' title='bbox 710 789 821 812; x_wconf 89' lang='lat' dir='ltr'>omnes</span> <span class='ocrx_word' id='word_1_109' title='bbox 844 781 1008 820; x_wconf 81' lang='lat' dir='ltr'>pertinent</span> 
     </span>
     <span class='ocr_line' id='line_1_17' title="bbox 129 823 1008 874; baseline -0.01 -13"><span class='ocrx_word' id='word_1_110' title='bbox 129 834 182 874; x_wconf 82' lang='lat' dir='ltr'>qui</span> <span class='ocrx_word' id='word_1_111' title='bbox 202 832 267 872; x_wconf 78' lang='lat' dir='ltr'>ejus</span> <span class='ocrx_word' id='word_1_112' title='bbox 288 827 488 860; x_wconf 79' lang='lat' dir='ltr'>securitatem</span> <span class='ocrx_word' id='word_1_113' title='bbox 502 848 511 864; x_wconf 91' lang='lat'>,</span> <span class='ocrx_word' id='word_1_114' title='bbox 535 833 667 865; x_wconf 82' lang='lat' dir='ltr'>pacem,</span> <span class='ocrx_word' id='word_1_115' title='bbox 693 823 928 862; x_wconf 79' lang='lat' dir='ltr'>utilitatemque</span> <span class='ocrx_word' id='word_1_116' title='bbox 942 830 1008 853; x_wconf 91' lang='lat' dir='ltr'>non</span> 
     </span>
     <span class='ocr_line' id='line_1_18' title="bbox 130 863 1010 906; baseline -0.015 0"><span class='ocrx_word' id='word_1_117' title='bbox 130 870 420 906; x_wconf 67' lang='lat' dir='ltr'>ost&#39;endunt.‹adeo</span> <span class='ocrx_word' id='word_1_118' title='bbox 446 869 499 899; x_wconf 82' lang='lat' dir='ltr'>vix</span> <span class='ocrx_word' id='word_1_119' title='bbox 513 866 599 899; x_wconf 66' lang='lat' dir='ltr'>,mihi</span> <span class='ocrx_word' id='word_1_120' title='bbox 620 873 788 903; x_wconf 82' lang='lat' dir='ltr'>temper03</span> <span class='ocrx_word' id='word_1_121' title='bbox 812 873 852 895; x_wconf 88' lang='lat' dir='ltr'>ne</span> <span class='ocrx_word' id='word_1_122' title='bbox 871 871 933 894; x_wconf 88' lang='lat' dir='ltr'>tam</span> <span class='ocrx_word' id='word_1_123' title='bbox 952 863 1010 894; x_wconf 87' lang='lat' dir='ltr'>ho-</span> 
     </span>
     <span class='ocr_line' id='line_1_19' title="bbox 129 905 1010 953; baseline -0.015 -5"><span class='ocrx_word' id='word_1_124' title='bbox 129 915 221 948; x_wconf 87' lang='lat' dir='ltr'>nesto</span> <span class='ocrx_word' id='word_1_125' title='bbox 244 922 280 945; x_wconf 82' lang='lat' dir='ltr'>ac</span> <span class='ocrx_word' id='word_1_126' title='bbox 306 910 449 953; x_wconf 81' lang='lat' dir='ltr'>pulchro.</span> <span class='ocrx_word' id='word_1_127' title='bbox 470 907 628 940; x_wconf 80' lang='lat' dir='ltr'>Ammiani</span> <span class='ocrx_word' id='word_1_128' title='bbox 653 905 837 937; x_wconf 83' lang='lat' dir='ltr'>testimonio</span> <span class='ocrx_word' id='word_1_129' title='bbox 856 906 906 937; x_wconf 90' lang='lat' dir='ltr'>vel</span> <span class='ocrx_word' id='word_1_130' title='bbox 925 914 1010 935; x_wconf 80' lang='lat' dir='ltr'>tuam</span> 
     </span>
     <span class='ocr_line' id='line_1_20' title="bbox 132 946 1006 997; baseline -0.016 -8"><span class='ocrx_word' id='word_1_131' title='bbox 132 957 299 997; x_wconf 57' lang='lat' dir='ltr'>adjungam</span> <span class='ocrx_word' id='word_1_132' title='bbox 334 951 621 989; x_wconf 78' lang='lat' dir='ltr'>Constitutionem</span> <span class='ocrx_word' id='word_1_133' title='bbox 641 948 779 984; x_wconf 81' lang='lat' dir='ltr'>mitem,</span> <span class='ocrx_word' id='word_1_134' title='bbox 817 946 1006 983; x_wconf 84' lang='lat' dir='ltr'>humanam,</span> 
     </span>
     <span class='ocr_line' id='line_1_21' title="bbox 131 987 1009 1035; baseline -0.016 -4"><span class='ocrx_word' id='word_1_135' title='bbox 131 988 334 1031; x_wconf 59' lang='lat' dir='ltr'>modestam:</span> <span class='ocrx_word' id='word_1_136' title='bbox 366 1003 426 1035; x_wconf 88' lang='lat' dir='ltr'>qua</span> <span class='ocrx_word' id='word_1_137' title='bbox 454 998 463 1011; x_wconf 84' lang='lat'><strong>²</strong></span> <span class='ocrx_word' id='word_1_138' title='bbox 488 993 526 1023; x_wconf 82' lang='lat' dir='ltr'>ad</span> <span class='ocrx_word' id='word_1_139' title='bbox 548 991 700 1025; x_wconf 76' lang='lat' dir='ltr'>Senatum</span> <span class='ocrx_word' id='word_1_140' title='bbox 718 1011 727 1027; x_wconf 94' lang='lat'>,</span> <span class='ocrx_word' id='word_1_141' title='bbox 760 987 1009 1028; x_wconf 72' lang='lat' dir='ltr'>Haruspicz&#39;mzm,</span> 
     </span>
     <span class='ocr_line' id='line_1_22' title="bbox 134 1028 1008 1080; baseline -0.016 -8"><span class='ocrx_word' id='word_1_142' title='bbox 134 1040 239 1080; x_wconf 87' lang='lat' dir='ltr'>inqu-is</span> <span class='ocrx_word' id='word_1_143' title='bbox 257 1062 266 1077; x_wconf 87' lang='lat'>,</span> <span class='ocrx_word' id='word_1_144' title='bbox 297 1046 345 1078; x_wconf 85' lang='lat' dir='ltr'>ego</span> <span class='ocrx_word' id='word_1_145' title='bbox 378 1035 493 1068; x_wconf 70' lang='lat' dir='ltr'>nullum</span> <span class='ocrx_word' id='word_1_146' title='bbox 520 1043 585 1064; x_wconf 80' lang='lat' dir='ltr'>cum</span> <span class='ocrx_word' id='word_1_147' title='bbox 608 1030 812 1070; x_wconf 74' lang='lat' dir='ltr'>maleficiorum</span> <span class='ocrx_word' id='word_1_148' title='bbox 839 1028 931 1066; x_wconf 74' lang='lat' dir='ltr'>causis</span> <span class='ocrx_word' id='word_1_149' title='bbox 957 1029 1008 1059; x_wconf 80' lang='lat' dir='ltr'>ha-</span> 
     </span>
     <span class='ocr_line' id='line_1_23' title="bbox 136 1070 1009 1120; baseline -0.017 -6"><span class='ocrx_word' id='word_1_150' title='bbox 136 1082 201 1114; x_wconf 79' lang='lat' dir='ltr'>here</span> <span class='ocrx_word' id='word_1_151' title='bbox 217 1074 396 1120; x_wconf 22' lang='lat' dir='ltr'>*consortium</span> <span class='ocrx_word' id='word_1_152' title='bbox 414 1077 539 1118; x_wconf 68' lang='lat' dir='ltr'>judico:</span> <span class='ocrx_word' id='word_1_153' title='bbox 568 1083 658 1115; x_wconf 77' lang='lat' dir='ltr'>neque</span> <span class='ocrx_word' id='word_1_154' title='bbox 681 1073 770 1118; x_wconf 68' lang='lat' dir='ltr'>ipsam</span> <span class='ocrx_word' id='word_1_155' title='bbox 797 1077 849 1102; x_wconf 70' lang='lat' dir='ltr'>ciui</span> <span class='ocrx_word' id='word_1_156' title='bbox 881 1070 1009 1111; x_wconf 76' lang='lat' dir='ltr'>aliquam</span> 
     </span>
     <span class='ocr_line' id='line_1_24' title="bbox 132 1110 1009 1166; baseline -0.015 -13"><span class='ocrx_word' id='word_1_157' title='bbox 132 1128 269 1166; x_wconf 70' lang='lat' dir='ltr'>praeierea</span> <span class='ocrx_word' id='word_1_158' title='bbox 287 1117 440 1159; x_wconf 81' lang='lat' dir='ltr'>conceffimz</span> <span class='ocrx_word' id='word_1_159' title='bbox 456 1117 649 1156; x_wconf 58' lang='lat' dir='ltr'>astnczjoribzis</span> <span class='ocrx_word' id='word_1_160' title='bbox 665 1114 830 1154; x_wconf 72' lang='lat' dir='ltr'>religionem</span> <span class='ocrx_word' id='word_1_161' title='bbox 851 1121 942 1153; x_wconf 80' lang='lat' dir='ltr'>genus</span> <span class='ocrx_word' id='word_1_162' title='bbox 959 1110 1009 1150; x_wconf 82' lang='lat' dir='ltr'>effe</span> 
     </span>
     <span class='ocr_line' id='line_1_25' title="bbox 135 1153 1008 1199; baseline -0.016 -3"><span class='ocrx_word' id='word_1_163' title='bbox 135 1165 260 1197; x_wconf 75' lang='lat' dir='ltr'><strong><em>arbitror</em></strong></span> <span class='ocrx_word' id='word_1_164' title='bbox 277 1161 417 1193; x_wconf 76' lang='lat' dir='ltr'>criminis.</span> <span class='ocrx_word' id='word_1_165' title='bbox 461 1155 553 1199; x_wconf 77' lang='lat' dir='ltr'>Testes</span> <span class='ocrx_word' id='word_1_166' title='bbox 564 1157 636 1196; x_wconf 75' lang='lat' dir='ltr'>sunt</span> <span class='ocrx_word' id='word_1_167' title='bbox 652 1156 725 1197; x_wconf 85' lang='lat' dir='ltr'>leges</span> <span class='ocrx_word' id='word_1_168' title='bbox 740 1164 758 1185; x_wconf 85' lang='lat' dir='ltr'>a</span> <span class='ocrx_word' id='word_1_169' title='bbox 780 1163 822 1184; x_wconf 86' lang='lat' dir='ltr'>me</span> <span class='ocrx_word' id='word_1_170' title='bbox 839 1154 871 1184; x_wconf 82' lang='lat' dir='ltr'>in</span> <span class='ocrx_word' id='word_1_171' title='bbox 894 1153 1008 1199; x_wconf 60' lang='lat' dir='ltr'>exordio</span> 
     </span>
     <span class='ocr_line' id='line_1_26' title="bbox 136 1195 1012 1245; baseline -0.016 -7"><span class='ocrx_word' id='word_1_172' title='bbox 136 1207 248 1245; x_wconf 78' lang='lat' dir='ltr'>imperii</span> <span class='ocrx_word' id='word_1_173' title='bbox 271 1204 325 1235; x_wconf 83' lang='lat' dir='ltr'>mei</span> <span class='ocrx_word' id='word_1_174' title='bbox 348 1203 421 1233; x_wconf 84' lang='lat' dir='ltr'>datae</span> <span class='ocrx_word' id='word_1_175' title='bbox 443 1202 547 1242; x_wconf 73' lang='lat' dir='ltr'>quilius</span> <span class='ocrx_word' id='word_1_176' title='bbox 563 1198 721 1238; x_wconf 77' lang='lat' dir='ltr'>unicuique</span> <span class='ocrx_word' id='word_1_177' title='bbox 737 1197 812 1237; x_wconf 79' lang='lat' dir='ltr'>quod</span> <span class='ocrx_word' id='word_1_178' title='bbox 827 1196 920 1226; x_wconf 79' lang='lat' dir='ltr'>animo</span> <span class='ocrx_word' id='word_1_179' title='bbox 937 1195 1012 1225; x_wconf 80' lang='lat' dir='ltr'>inbi-</span> 
     </span>
     <span class='ocr_line' id='line_1_27' title="bbox 137 1235 1010 1289; baseline -0.016 -10"><span class='ocrx_word' id='word_1_180' title='bbox 137 1247 234 1289; x_wconf 69' lang='lat' dir='ltr'>bzffet,</span> <span class='ocrx_word' id='word_1_181' title='bbox 257 1244 368 1276; x_wconf 76' lang='lat' dir='ltr'>colendi</span> <span class='ocrx_word' id='word_1_182' title='bbox 383 1243 471 1273; x_wconf 79' lang='lat' dir='ltr'>libera</span> <span class='ocrx_word' id='word_1_183' title='bbox 480 1240 615 1282; x_wconf 73' lang='lat' dir='ltr'><em>facultas</em></span> <span class='ocrx_word' id='word_1_184' title='bbox 631 1240 741 1270; x_wconf 74' lang='lat' dir='ltr'>tributa</span> <span class='ocrx_word' id='word_1_185' title='bbox 757 1235 805 1277; x_wconf 71' lang='lat' dir='ltr'>esi}-</span> <span class='ocrx_word' id='word_1_186' title='bbox 843 1236 1010 1283; x_wconf 26' lang='lat' dir='ltr'>Nec-haru-</span> 
     </span>
     <span class='ocr_line' id='line_1_28' title="bbox 128 1281 1012 1330; baseline -0.017 -9"><span class='ocrx_word' id='word_1_187' title='bbox 128 1290 275 1330; x_wconf 80' lang='lat' dir='ltr'>spicinam</span> <span class='ocrx_word' id='word_1_188' title='bbox 294 1285 547 1327; x_wconf 75' lang='lat' dir='ltr'>reprebendimus,</span> <span class='ocrx_word' id='word_1_189' title='bbox 562 1281 615 1322; x_wconf 85' lang='lat' dir='ltr'>sed</span> <span class='ocrx_word' id='word_1_190' title='bbox 638 1285 769 1311; x_wconf 78' lang='lat' dir='ltr'><em>nocenter</em></span> <span class='ocrx_word' id='word_1_191' title='bbox 788 1287 914 1309; x_wconf 76' lang='lat' dir='ltr'>exerceri</span> <span class='ocrx_word' id='word_1_192' title='bbox 930 1282 1012 1322; x_wconf 65' lang='lat' dir='ltr'>veia-</span> 
     </span>
     <span class='ocr_line' id='line_1_29' title="bbox 137 1318 1013 1367; baseline -0.017 -5"><span class='ocrx_word' id='word_1_193' title='bbox 137 1340 212 1362; x_wconf 81' lang='lat' dir='ltr'>mus.</span> <span class='ocrx_word' id='word_1_194' title='bbox 238 1330 279 1360; x_wconf 84' lang='lat' dir='ltr'>At</span> <span class='ocrx_word' id='word_1_195' title='bbox 296 1324 566 1367; x_wconf 85' lang='lat' dir='ltr'>quemadmodum</span> <span class='ocrx_word' id='word_1_196' title='bbox 584 1322 730 1363; x_wconf 85' lang='lat' dir='ltr'>implevit</span> <span class='ocrx_word' id='word_1_197' title='bbox 747 1329 783 1351; x_wconf 82' lang='lat' dir='ltr'>ea</span> <span class='ocrx_word' id='word_1_198' title='bbox 802 1318 1013 1363; x_wconf 78' lang='lat' dir='ltr'>Constitutio-</span> 
     </span>
     <span class='ocr_line' id='line_1_30' title="bbox 139 1359 1015 1407; baseline -0.016 -4"><span class='ocrx_word' id='word_1_199' title='bbox 139 1381 180 1404; x_wconf 89' lang='lat' dir='ltr'>ne</span> <span class='ocrx_word' id='word_1_200' title='bbox 204 1368 445 1402; x_wconf 82' lang='lat' dir='ltr'>Valentinianus</span> <span class='ocrx_word' id='word_1_201' title='bbox 471 1364 635 1407; x_wconf 85' lang='lat' dir='ltr'>prudentis</span> <span class='ocrx_word' id='word_1_202' title='bbox 661 1363 690 1394; x_wconf 83' lang='lat'>&amp;</span> <span class='ocrx_word' id='word_1_203' title='bbox 714 1361 833 1406; x_wconf 79' lang='lat' dir='ltr'>egregii</span> <span class='ocrx_word' id='word_1_204' title='bbox 858 1359 1015 1405; x_wconf 79' lang='lat' dir='ltr'>Principis</span> 
     </span>
     <span class='ocr_line' id='line_1_31' title="bbox 139 1401 1017 1446; baseline -0.016 -1"><span class='ocrx_word' id='word_1_205' title='bbox 139 1412 301 1445; x_wconf 90' lang='lat' dir='ltr'>officium:</span> <span class='ocrx_word' id='word_1_206' title='bbox 325 1409 385 1446; x_wconf 86' lang='lat' dir='ltr'>fic,</span> <span class='ocrx_word' id='word_1_207' title='bbox 402 1407 422 1440; x_wconf 89' lang='lat' dir='ltr'>fi</span> <span class='ocrx_word' id='word_1_208' title='bbox 440 1407 592 1445; x_wconf 76' lang='lat' dir='ltr'>deinceps</span> <span class='ocrx_word' id='word_1_209' title='bbox 611 1403 695 1444; x_wconf 86' lang='lat' dir='ltr'>ipse,</span> <span class='ocrx_word' id='word_1_210' title='bbox 719 1404 774 1444; x_wconf 90' lang='lat' dir='ltr'>(ut</span> <span class='ocrx_word' id='word_1_211' title='bbox 793 1405 862 1433; x_wconf 84' lang='lat' dir='ltr'>lunt</span> <span class='ocrx_word' id='word_1_212' title='bbox 879 1401 1017 1432; x_wconf 85' lang='lat' dir='ltr'>mobiles</span> 
     </span>
     <span class='ocr_line' id='line_1_32' title="bbox 142 1443 1016 1496; baseline -0.017 -9"><span class='ocrx_word' id='word_1_213' title='bbox 142 1456 350 1496; x_wconf 88' lang='lat' dir='ltr'>plerumque,</span> <span class='ocrx_word' id='word_1_214' title='bbox 375 1449 456 1489; x_wconf 81' lang='lat' dir='ltr'>saepe</span> <span class='ocrx_word' id='word_1_215' title='bbox 481 1447 536 1479; x_wconf 84' lang='lat' dir='ltr'>fibi</span> <span class='ocrx_word' id='word_1_216' title='bbox 563 1445 698 1481; x_wconf 64' lang='lat' dir='ltr'>aduersae</span> <span class='ocrx_word' id='word_1_217' title='bbox 716 1467 725 1482; x_wconf 89' lang='lat'>,</span> <span class='ocrx_word' id='word_1_218' title='bbox 750 1443 934 1489; x_wconf 78' lang='lat' dir='ltr'>Principum</span> <span class='ocrx_word' id='word_1_219' title='bbox 959 1451 1016 1472; x_wconf 89' lang='lat' dir='ltr'>vo—</span> 
     </span>
     <span class='ocr_line' id='line_1_33' title="bbox 139 1483 1018 1532; baseline -0.017 -4"><span class='ocrx_word' id='word_1_220' title='bbox 139 1497 295 1532; x_wconf 87' lang='lat' dir='ltr'>luntates,</span> <span class='ocrx_word' id='word_1_221' title='bbox 317 1492 361 1523; x_wconf 89' lang='lat' dir='ltr'>ob</span> <span class='ocrx_word' id='word_1_222' title='bbox 387 1491 508 1522; x_wconf 80' lang='lat' dir='ltr'>incerta</span> <span class='ocrx_word' id='word_1_223' title='bbox 532 1486 736 1519; x_wconf 82' lang='lat' dir='ltr'>consiliorum</span> <span class='ocrx_word' id='word_1_224' title='bbox 763 1484 878 1531; x_wconf 80' lang='lat' dir='ltr'>quibus</span> <span class='ocrx_word' id='word_1_225' title='bbox 895 1506 905 1523; x_wconf 93' lang='lat'>,</span> <span class='ocrx_word' id='word_1_226' title='bbox 935 1483 1018 1523; x_wconf 86' lang='lat' dir='ltr'>quafi</span> 
     </span>
     <span class='ocr_line' id='line_1_34' title="bbox 140 1525 1020 1572; baseline -0.016 -3"><span class='ocrx_word' id='word_1_227' title='bbox 140 1536 309 1572; x_wconf 70' lang='lat' dir='ltr'>fluctibus,</span> <span class='ocrx_word' id='word_1_228' title='bbox 333 1541 398 1564; x_wconf 90' lang='lat' dir='ltr'>non</span> <span class='ocrx_word' id='word_1_229' title='bbox 424 1531 526 1566; x_wconf 81' lang='lat' dir='ltr'>minus</span> <span class='ocrx_word' id='word_1_230' title='bbox 540 1528 716 1569; x_wconf 70' lang='lat' dir='ltr'>jactantur,</span> <span class='ocrx_word' id='word_1_231' title='bbox 742 1535 837 1566; x_wconf 80' lang='lat' dir='ltr'>quam</span> <span class='ocrx_word' id='word_1_232' title='bbox 852 1525 1020 1566; x_wconf 80' lang='lat' dir='ltr'>juvantur)</span> 
     </span>
     <span class='ocr_line' id='line_1_35' title="bbox 140 1567 1021 1617; baseline -0.017 -6"><span class='ocrx_word' id='word_1_233' title='bbox 140 1579 181 1617; x_wconf 86' lang='lat' dir='ltr'>fi,</span> <span class='ocrx_word' id='word_1_234' title='bbox 197 1578 346 1617; x_wconf 83' lang='lat' dir='ltr'>inquam,</span> <span class='ocrx_word' id='word_1_235' title='bbox 364 1572 517 1612; x_wconf 82' lang='lat' dir='ltr'>deinceps</span> <span class='ocrx_word' id='word_1_236' title='bbox 532 1569 616 1611; x_wconf 86' lang='lat' dir='ltr'>lpse,</span> <span class='ocrx_word' id='word_1_237' title='bbox 632 1569 726 1601; x_wconf 87' lang='lat' dir='ltr'>aliive</span> <span class='ocrx_word' id='word_1_238' title='bbox 743 1567 901 1599; x_wconf 83' lang='lat' dir='ltr'>diversum</span> <span class='ocrx_word' id='word_1_239' title='bbox 913 1573 1021 1598; x_wconf 89' lang='lat' dir='ltr'>tenue-</span> 
     </span>
     <span class='ocr_line' id='line_1_36' title="bbox 140 1607 1021 1656; baseline -0.015 -5"><span class='ocrx_word' id='word_1_240' title='bbox 140 1620 203 1652; x_wconf 85' lang='lat' dir='ltr'>rint</span> <span class='ocrx_word' id='word_1_241' title='bbox 212 1618 292 1656; x_wconf 87' lang='lat' dir='ltr'>iter;</span> <span class='ocrx_word' id='word_1_242' title='bbox 310 1615 460 1647; x_wconf 86' lang='lat' dir='ltr'>viderint.</span> <span class='ocrx_word' id='word_1_243' title='bbox 474 1621 549 1653; x_wconf 63' lang='lat' dir='ltr'>1quo</span> <span class='ocrx_word' id='word_1_244' title='bbox 560 1612 644 1643; x_wconf 86' lang='lat' dir='ltr'>enim</span> <span class='ocrx_word' id='word_1_245' title='bbox 654 1610 722 1651; x_wconf 85' lang='lat' dir='ltr'>jure</span> <span class='ocrx_word' id='word_1_246' title='bbox 732 1608 786 1641; x_wconf 85' lang='lat' dir='ltr'>fibi</span> <span class='ocrx_word' id='word_1_247' title='bbox 798 1609 923 1655; x_wconf 81' lang='lat' dir='ltr'>sumunt</span> <span class='ocrx_word' id='word_1_248' title='bbox 933 1607 1021 1649; x_wconf 90' lang='lat' dir='ltr'>quod</span> 
     </span>
     <span class='ocr_line' id='line_1_37' title="bbox 143 1648 1023 1700; baseline -0.016 -7"><span class='ocrx_word' id='word_1_249' title='bbox 143 1661 188 1693; x_wconf 90' lang='lat' dir='ltr'>eis</span> <span class='ocrx_word' id='word_1_250' title='bbox 205 1667 312 1700; x_wconf 87' lang='lat' dir='ltr'>neque</span> <span class='ocrx_word' id='word_1_251' title='bbox 328 1658 409 1690; x_wconf 82' lang='lat' dir='ltr'>ratio</span> <span class='ocrx_word' id='word_1_252' title='bbox 435 1653 609 1692; x_wconf 86' lang='lat' dir='ltr'>conceffit,</span> <span class='ocrx_word' id='word_1_253' title='bbox 635 1660 740 1692; x_wconf 91' lang='lat' dir='ltr'>neque</span> <span class='ocrx_word' id='word_1_254' title='bbox 763 1650 873 1691; x_wconf 86' lang='lat' dir='ltr'>populi</span> <span class='ocrx_word' id='word_1_255' title='bbox 891 1648 1023 1697; x_wconf 74' lang='lat' dir='ltr'>consen-</span> 
     </span>
     <span class='ocr_line' id='line_1_38' title="bbox 144 1691 1023 1741; baseline -0.014 -7"><span class='ocrx_word' id='word_1_256' title='bbox 144 1702 211 1735; x_wconf 87' lang='lat' dir='ltr'>sus:</span> <span class='ocrx_word' id='word_1_257' title='bbox 227 1711 244 1732; x_wconf 90' lang='lat' dir='ltr'>a</span> <span class='ocrx_word' id='word_1_258' title='bbox 262 1709 327 1741; x_wconf 91' lang='lat' dir='ltr'>quo</span> <span class='ocrx_word' id='word_1_259' title='bbox 342 1697 413 1740; x_wconf 82' lang='lat' dir='ltr'>J&#39;usti</span> <span class='ocrx_word' id='word_1_260' title='bbox 431 1698 477 1729; x_wconf 88' lang='lat' dir='ltr'>vis</span> <span class='ocrx_word' id='word_1_261' title='bbox 492 1694 618 1736; x_wconf 90' lang='lat' dir='ltr'>imperii</span> <span class='ocrx_word' id='word_1_262' title='bbox 637 1691 872 1735; x_wconf 82' lang='lat' dir='ltr'>proficiscitur?</span> <span class='ocrx_word' id='word_1_263' title='bbox 888 1701 949 1732; x_wconf 73' lang='lat' dir='ltr'>jam</span> <span class='ocrx_word' id='word_1_264' title='bbox 965 1700 1023 1732; x_wconf 85' lang='lat' dir='ltr'>age</span> 
     </span>
     <span class='ocr_line' id='line_1_39' title="bbox 144 1733 1023 1785; baseline -0.017 -8"><span class='ocrx_word' id='word_1_265' title='bbox 144 1745 212 1785; x_wconf 87' lang='lat' dir='ltr'>ejus</span> <span class='ocrx_word' id='word_1_266' title='bbox 237 1743 343 1775; x_wconf 86' lang='lat' dir='ltr'>exitus</span> <span class='ocrx_word' id='word_1_267' title='bbox 367 1739 505 1772; x_wconf 89' lang='lat' dir='ltr'>feritatis</span> <span class='ocrx_word' id='word_1_268' title='bbox 530 1745 638 1768; x_wconf 89' lang='lat' dir='ltr'>nonne</span> <span class='ocrx_word' id='word_1_269' title='bbox 660 1744 752 1775; x_wconf 86' lang='lat' dir='ltr'>quam</span> <span class='ocrx_word' id='word_1_270' title='bbox 773 1733 895 1779; x_wconf 80' lang='lat' dir='ltr'>semper</span> <span class='ocrx_word' id='word_1_271' title='bbox 910 1741 1023 1770; x_wconf 83' lang='lat' dir='ltr'>atrox,</span> 
     </span>
     <span class='ocr_line' id='line_1_40' title="bbox 146 1775 1021 1826; baseline -0.017 -7"><span class='ocrx_word' id='word_1_272' title='bbox 146 1787 337 1826; x_wconf 82' lang='lat' dir='ltr'>tamgeneri</span> <span class='ocrx_word' id='word_1_273' title='bbox 353 1782 513 1820; x_wconf 84' lang='lat' dir='ltr'>humano,</span> <span class='ocrx_word' id='word_1_274' title='bbox 537 1787 633 1819; x_wconf 87' lang='lat' dir='ltr'>atque</span> <span class='ocrx_word' id='word_1_275' title='bbox 651 1775 722 1817; x_wconf 81' lang='lat' dir='ltr'>ipsis</span> <span class='ocrx_word' id='word_1_276' title='bbox 740 1775 940 1815; x_wconf 76' lang='lat' dir='ltr'>Principibus</span> <span class='ocrx_word' id='word_1_277' title='bbox 954 1783 1021 1814; x_wconf 88' lang='lat' dir='ltr'>pas-</span> 
     </span>
     <span class='ocr_line' id='line_1_41' title="bbox 205 1824 1021 1871; baseline -0.018 -6"><span class='ocrx_word' id='word_1_278' title='bbox 205 1847 216 1866; x_wconf 93' lang='lat'>1</span> <span class='ocrx_word' id='word_1_279' title='bbox 242 1837 285 1865; x_wconf 79' lang='lat' dir='ltr'>lib.</span> <span class='ocrx_word' id='word_1_280' title='bbox 305 1845 348 1871; x_wconf 79' lang='lat'>30.</span> <span class='ocrx_word' id='word_1_281' title='bbox 363 1845 384 1863; x_wconf 84' lang='lat' dir='ltr'>c.</span> <span class='ocrx_word' id='word_1_282' title='bbox 400 1842 424 1868; x_wconf 90' lang='lat'>9.</span> <span class='ocrx_word' id='word_1_283' title='bbox 612 1837 628 1856; x_wconf 84' lang='lat'><strong>2</strong></span> <span class='ocrx_word' id='word_1_284' title='bbox 648 1829 666 1856; x_wconf 83' lang='lat' dir='ltr'>l.</span> <span class='ocrx_word' id='word_1_285' title='bbox 682 1835 708 1860; x_wconf 81' lang='lat'>9.</span> <span class='ocrx_word' id='word_1_286' title='bbox 723 1826 781 1855; x_wconf 81' lang='lat' dir='ltr'>Cod.</span> <span class='ocrx_word' id='word_1_287' title='bbox 804 1824 898 1853; x_wconf 61' lang='lat' dir='ltr'>Theoti.</span> <span class='ocrx_word' id='word_1_288' title='bbox 915 1824 944 1852; x_wconf 78' lang='lat' dir='ltr'>cle</span> <span class='ocrx_word' id='word_1_289' title='bbox 960 1824 1021 1851; x_wconf 81' lang='lat' dir='ltr'>Ma-</span> 
     </span>
     <span class='ocr_line' id='line_1_42' title="bbox 143 1871 492 1912; baseline -0.02 -7"><span class='ocrx_word' id='word_1_290' title='bbox 143 1873 221 1912; x_wconf 75' lang='lat' dir='ltr'>leficis</span> <span class='ocrx_word' id='word_1_291' title='bbox 236 1873 272 1910; x_wconf 64' lang='grc' dir='ltr'>ὅ)</span> <span class='ocrx_word' id='word_1_292' title='bbox 288 1871 492 1904; x_wconf 70' lang='lat' dir='ltr'>Mathematicis.</span> 
     </span>
    </p>
   </div>
   <div class='ocr_carea' id='block_1_3' title="bbox 253 102 1793 167">
    <p class='ocr_par' dir='ltr' id='par_1_3' title="bbox 253 102 1793 167">
     <span class='ocr_line' id='line_1_43' title="bbox 253 102 1793 167; baseline -0.009 -7"><span class='ocrx_word' id='word_1_293' title='bbox 253 125 415 160; x_wconf 62' lang='lat' dir='ltr'>GLRARDi</span> <span class='ocrx_word' id='word_1_294' title='bbox 444 119 578 154; x_wconf 75' lang='lat' dir='ltr'>Noour</span> <span class='ocrx_word' id='word_1_295' title='bbox 605 111 949 167; x_wconf 42' lang='lat' dir='ltr'>Dumna-QUARTA</span> <span class='ocrx_word' id='word_1_296' title='bbox 976 119 1021 145; x_wconf 77' lang='lat' dir='ltr'>De</span> <span class='ocrx_word' id='word_1_297' title='bbox 1050 110 1177 146; x_wconf 63' lang='lat' dir='ltr'>Remo,</span> <span class='ocrx_word' id='word_1_298' title='bbox 1221 121 1261 145; x_wconf 72' lang='lat' dir='ltr'>Ais</span> <span class='ocrx_word' id='word_1_299' title='bbox 1289 109 1361 144; x_wconf 72' lang='lat' dir='ltr'>Irii‘.</span> <span class='ocrx_word' id='word_1_300' title='bbox 1390 108 1479 155; x_wconf 78' lang='lat' dir='ltr'>JuRE</span> <span class='ocrx_word' id='word_1_301' title='bbox 1506 102 1622 144; x_wconf 59' lang='lat' dir='ltr'>qur.</span> <span class='ocrx_word' id='word_1_302' title='bbox 1650 108 1793 146; x_wconf 63' lang='lat' dir='ltr'>Lmen.</span> 
     </span>
    </p>
   </div>
   <div class='ocr_carea' id='block_1_4' title="bbox 1038 196 1939 1896">
    <p class='ocr_par' dir='ltr' id='par_1_4' title="bbox 1038 196 1939 1896">
     <span class='ocr_line' id='line_1_44' title="bbox 1040 196 1907 238; baseline 0 -7"><span class='ocrx_word' id='word_1_303' title='bbox 1040 199 1093 231; x_wconf 74' lang='lat' dir='ltr'>sim</span> <span class='ocrx_word' id='word_1_304' title='bbox 1110 199 1236 237; x_wconf 85' lang='lat' dir='ltr'>foedus,</span> <span class='ocrx_word' id='word_1_305' title='bbox 1262 198 1395 237; x_wconf 74' lang='lat' dir='ltr'>infelix,</span> <span class='ocrx_word' id='word_1_306' title='bbox 1418 207 1454 229; x_wconf 80' lang='lat' dir='ltr'>ac</span> <span class='ocrx_word' id='word_1_307' title='bbox 1472 197 1621 238; x_wconf 84' lang='lat' dir='ltr'>pestilens</span> <span class='ocrx_word' id='word_1_308' title='bbox 1636 196 1723 230; x_wconf 84' lang='lat' dir='ltr'>fuit?</span> <span class='ocrx_word' id='word_1_309' title='bbox 1746 196 1816 230; x_wconf 91' lang='lat' dir='ltr'>sane</span> <span class='ocrx_word' id='word_1_310' title='bbox 1833 197 1907 231; x_wconf 64' lang='lat' dir='ltr'>duur</span> 
     </span>
     <span class='ocr_line' id='line_1_45' title="bbox 1038 237 1911 280; baseline 0 -9"><span class='ocrx_word' id='word_1_311' title='bbox 1038 242 1179 280; x_wconf 76' lang='lat' dir='ltr'>micitia,</span> <span class='ocrx_word' id='word_1_312' title='bbox 1202 241 1340 277; x_wconf 85' lang='lat' dir='ltr'>invidia,</span> <span class='ocrx_word' id='word_1_313' title='bbox 1366 240 1519 279; x_wconf 80' lang='lat' dir='ltr'>ambitio,</span> <span class='ocrx_word' id='word_1_314' title='bbox 1543 237 1739 278; x_wconf 88' lang='lat' dir='ltr'>superstitio,</span> <span class='ocrx_word' id='word_1_315' title='bbox 1762 240 1911 279; x_wconf 85' lang='lat' dir='ltr'>avaritia,</span> 
     </span>
     <span class='ocr_line' id='line_1_46' title="bbox 1040 280 1912 323; baseline 0 -11"><span class='ocrx_word' id='word_1_316' title='bbox 1040 283 1174 322; x_wconf 81' lang='lat' dir='ltr'>publicis</span> <span class='ocrx_word' id='word_1_317' title='bbox 1190 284 1302 323; x_wconf 82' lang='lat' dir='ltr'>adJ&#39;utae</span> <span class='ocrx_word' id='word_1_318' title='bbox 1321 281 1497 318; x_wconf 84' lang='lat' dir='ltr'>viribus‚in</span> <span class='ocrx_word' id='word_1_319' title='bbox 1517 288 1692 320; x_wconf 86' lang='lat' dir='ltr'>paucorum</span> <span class='ocrx_word' id='word_1_320' title='bbox 1702 280 1834 320; x_wconf 78' lang='lat' dir='ltr'>gratiam</span> <span class='ocrx_word' id='word_1_321' title='bbox 1844 281 1912 312; x_wconf 87' lang='lat' dir='ltr'>sub-</span> 
     </span>
     <span class='ocr_line' id='line_1_47' title="bbox 1041 321 1913 364; baseline 0 -11"><span class='ocrx_word' id='word_1_322' title='bbox 1041 331 1169 355; x_wconf 86' lang='lat' dir='ltr'>vertunt</span> <span class='ocrx_word' id='word_1_323' title='bbox 1193 323 1373 364; x_wconf 87' lang='lat' dir='ltr'>inquirendi</span> <span class='ocrx_word' id='word_1_324' title='bbox 1399 323 1464 354; x_wconf 84' lang='lat' dir='ltr'>veri</span> <span class='ocrx_word' id='word_1_325' title='bbox 1483 322 1683 359; x_wconf 87' lang='lat' dir='ltr'>libertatem,</span> <span class='ocrx_word' id='word_1_326' title='bbox 1706 321 1737 352; x_wconf 85' lang='lat'>&amp;</span> <span class='ocrx_word' id='word_1_327' title='bbox 1755 321 1854 352; x_wconf 82' lang='lat' dir='ltr'>studia</span> <span class='ocrx_word' id='word_1_328' title='bbox 1870 321 1913 353; x_wconf 90' lang='lat' dir='ltr'>sa-</span> 
     </span>
     <span class='ocr_line' id='line_1_48' title="bbox 1043 360 1916 404; baseline -0.001 -9"><span class='ocrx_word' id='word_1_329' title='bbox 1043 365 1190 404; x_wconf 87' lang='lat' dir='ltr'>pientiae‚</span> <span class='ocrx_word' id='word_1_330' title='bbox 1214 373 1374 404; x_wconf 82' lang='lat' dir='ltr'>tamquam</span> <span class='ocrx_word' id='word_1_331' title='bbox 1401 364 1497 395; x_wconf 87' lang='lat' dir='ltr'>malas</span> <span class='ocrx_word' id='word_1_332' title='bbox 1525 371 1607 394; x_wconf 84' lang='lat' dir='ltr'>artes</span> <span class='ocrx_word' id='word_1_333' title='bbox 1626 386 1636 401; x_wconf 96' lang='lat'>,</span> <span class='ocrx_word' id='word_1_334' title='bbox 1666 360 1916 402; x_wconf 86' lang='lat' dir='ltr'>pe1·sequuntur;</span> 
     </span>
     <span class='ocr_line' id='line_1_49' title="bbox 1044 403 1916 447; baseline -0.002 -11"><span class='ocrx_word' id='word_1_335' title='bbox 1044 406 1120 445; x_wconf 89' lang='lat' dir='ltr'>quid</span> <span class='ocrx_word' id='word_1_336' title='bbox 1137 406 1200 447; x_wconf 86' lang='lat' dir='ltr'>spei</span> <span class='ocrx_word' id='word_1_337' title='bbox 1218 407 1375 446; x_wconf 82' lang='lat' dir='ltr'>reliquum</span> <span class='ocrx_word' id='word_1_338' title='bbox 1393 405 1455 444; x_wconf 87' lang='lat' dir='ltr'>est,</span> <span class='ocrx_word' id='word_1_339' title='bbox 1472 403 1527 436; x_wconf 86' lang='lat' dir='ltr'>nifi</span> <span class='ocrx_word' id='word_1_340' title='bbox 1547 413 1580 435; x_wconf 90' lang='lat' dir='ltr'>ut</span> <span class='ocrx_word' id='word_1_341' title='bbox 1600 403 1829 443; x_wconf 84' lang='lat' dir='ltr'>rempublicam</span> <span class='ocrx_word' id='word_1_342' title='bbox 1850 404 1916 444; x_wconf 87' lang='lat' dir='ltr'>qui-</span> 
     </span>
     <span class='ocr_line' id='line_1_50' title="bbox 1045 444 1919 487; baseline -0.002 -10"><span class='ocrx_word' id='word_1_343' title='bbox 1045 448 1118 477; x_wconf 88' lang='lat' dir='ltr'>dem</span> <span class='ocrx_word' id='word_1_344' title='bbox 1136 457 1176 478; x_wconf 83' lang='lat' dir='ltr'>ex</span> <span class='ocrx_word' id='word_1_345' title='bbox 1193 448 1357 487; x_wconf 87' lang='lat' dir='ltr'>tranquilla</span> <span class='ocrx_word' id='word_1_346' title='bbox 1373 447 1549 484; x_wconf 83' lang='lat' dir='ltr'>turbidam,</span> <span class='ocrx_word' id='word_1_347' title='bbox 1567 455 1607 477; x_wconf 87' lang='lat' dir='ltr'>ex</span> <span class='ocrx_word' id='word_1_348' title='bbox 1625 444 1789 485; x_wconf 80' lang='lat' dir='ltr'>locuplete</span> <span class='ocrx_word' id='word_1_349' title='bbox 1804 453 1919 485; x_wconf 86' lang='lat' dir='ltr'>paupe-</span> 
     </span>
     <span class='ocr_line' id='line_1_51' title="bbox 1046 485 1918 527; baseline -0.003 -8"><span class='ocrx_word' id='word_1_350' title='bbox 1046 497 1132 527; x_wconf 85' lang='lat' dir='ltr'>rem,</span> <span class='ocrx_word' id='word_1_351' title='bbox 1157 498 1198 520; x_wconf 84' lang='lat' dir='ltr'>ex</span> <span class='ocrx_word' id='word_1_352' title='bbox 1222 488 1394 527; x_wconf 86' lang='lat' dir='ltr'>frequente</span> <span class='ocrx_word' id='word_1_353' title='bbox 1411 487 1588 526; x_wconf 81' lang='lat' dir='ltr'>desertam,</span> <span class='ocrx_word' id='word_1_354' title='bbox 1612 496 1653 518; x_wconf 79' lang='lat' dir='ltr'>ex</span> <span class='ocrx_word' id='word_1_355' title='bbox 1679 494 1815 526; x_wconf 90' lang='lat' dir='ltr'>potente</span> <span class='ocrx_word' id='word_1_356' title='bbox 1834 485 1918 517; x_wconf 83' lang='lat' dir='ltr'>infir-</span> 
     </span>
     <span class='ocr_line' id='line_1_52' title="bbox 1046 526 1920 570; baseline -0.002 -10"><span class='ocrx_word' id='word_1_357' title='bbox 1046 539 1149 568; x_wconf 86' lang='lat' dir='ltr'>mam,</span> <span class='ocrx_word' id='word_1_358' title='bbox 1166 539 1206 560; x_wconf 85' lang='lat' dir='ltr'>ex</span> <span class='ocrx_word' id='word_1_359' title='bbox 1223 531 1308 560; x_wconf 88' lang='lat' dir='ltr'>culta</span> <span class='ocrx_word' id='word_1_360' title='bbox 1325 537 1420 570; x_wconf 88' lang='lat' dir='ltr'>atque</span> <span class='ocrx_word' id='word_1_361' title='bbox 1437 537 1547 561; x_wconf 87' lang='lat' dir='ltr'>ornata</span> <span class='ocrx_word' id='word_1_362' title='bbox 1568 528 1727 560; x_wconf 87' lang='lat' dir='ltr'>horridam</span> <span class='ocrx_word' id='word_1_363' title='bbox 1745 536 1783 558; x_wconf 85' lang='lat' dir='ltr'>ac</span> <span class='ocrx_word' id='word_1_364' title='bbox 1801 526 1920 567; x_wconf 86' lang='lat' dir='ltr'>squalli-</span> 
     </span>
     <span class='ocr_line' id='line_1_53' title="bbox 1046 569 1920 610; baseline -0.002 -7"><span class='ocrx_word' id='word_1_365' title='bbox 1046 572 1117 603; x_wconf 86' lang='lat' dir='ltr'>dam</span> <span class='ocrx_word' id='word_1_366' title='bbox 1136 570 1294 609; x_wconf 88' lang='lat' dir='ltr'>efficiant;</span> <span class='ocrx_word' id='word_1_367' title='bbox 1318 570 1455 610; x_wconf 89' lang='lat' dir='ltr'>Princ-ipi</span> <span class='ocrx_word' id='word_1_368' title='bbox 1475 580 1571 609; x_wconf 86' lang='lat' dir='ltr'>vero,</span> <span class='ocrx_word' id='word_1_369' title='bbox 1587 577 1640 601; x_wconf 81' lang='lat' dir='ltr'>aut</span> <span class='ocrx_word' id='word_1_370' title='bbox 1656 569 1723 600; x_wconf 88' lang='lat' dir='ltr'>aliis</span> <span class='ocrx_word' id='word_1_371' title='bbox 1741 569 1793 609; x_wconf 88' lang='lat' dir='ltr'>qui</span> <span class='ocrx_word' id='word_1_372' title='bbox 1810 569 1920 601; x_wconf 88' lang='lat' dir='ltr'>eadem</span> 
     </span>
     <span class='ocr_line' id='line_1_54' title="bbox 1048 611 1925 653; baseline -0.003 -9"><span class='ocrx_word' id='word_1_373' title='bbox 1048 612 1092 644; x_wconf 78' lang='lat' dir='ltr'>usi</span> <span class='ocrx_word' id='word_1_374' title='bbox 1106 612 1163 643; x_wconf 86' lang='lat' dir='ltr'>fint</span> <span class='ocrx_word' id='word_1_375' title='bbox 1181 611 1315 650; x_wconf 81' lang='lat' dir='ltr'>saevitia,</span> <span class='ocrx_word' id='word_1_376' title='bbox 1338 612 1422 652; x_wconf 88' lang='lat' dir='ltr'>apud</span> <span class='ocrx_word' id='word_1_377' title='bbox 1438 611 1583 653; x_wconf 87' lang='lat' dir='ltr'>posteros</span> <span class='ocrx_word' id='word_1_378' title='bbox 1601 611 1761 649; x_wconf 86' lang='lat' dir='ltr'>dedecus,</span> <span class='ocrx_word' id='word_1_379' title='bbox 1777 611 1925 643; x_wconf 65' lang='lat' dir='ltr'>cominus,</span> 
     </span>
     <span class='ocr_line' id='line_1_55' title="bbox 1046 650 1921 694; baseline -0.002 -10"><span class='ocrx_word' id='word_1_380' title='bbox 1046 654 1155 689; x_wconf 84' lang='lat' dir='ltr'>odium</span> <span class='ocrx_word' id='word_1_381' title='bbox 1167 676 1176 691; x_wconf 86' lang='lat'><strong>‚</strong></span> <span class='ocrx_word' id='word_1_382' title='bbox 1200 652 1339 690; x_wconf 77' lang='lat' dir='ltr'>infidias,</span> <span class='ocrx_word' id='word_1_383' title='bbox 1359 653 1498 694; x_wconf 84' lang='lat' dir='ltr'>pericula</span> <span class='ocrx_word' id='word_1_384' title='bbox 1516 654 1603 685; x_wconf 93' lang='lat' dir='ltr'>domi</span> <span class='ocrx_word' id='word_1_385' title='bbox 1620 651 1786 692; x_wconf 87' lang='lat' dir='ltr'>forisque,</span> <span class='ocrx_word' id='word_1_386' title='bbox 1803 650 1921 692; x_wconf 83' lang='lat' dir='ltr'>postre·</span> 
     </span>
     <span class='ocr_line' id='line_1_56' title="bbox 1048 693 1922 734; baseline -0.003 -7"><span class='ocrx_word' id='word_1_387' title='bbox 1048 704 1101 727; x_wconf 89' lang='lat' dir='ltr'>mo</span> <span class='ocrx_word' id='word_1_388' title='bbox 1127 694 1290 726; x_wconf 80' lang='lat' dir='ltr'>vecordiae</span> <span class='ocrx_word' id='word_1_389' title='bbox 1313 693 1373 725; x_wconf 78' lang='lat' dir='ltr'>suae</span> <span class='ocrx_word' id='word_1_390' title='bbox 1395 695 1619 734; x_wconf 83' lang='lat' dir='ltr'>poenitentiam</span> <span class='ocrx_word' id='word_1_391' title='bbox 1645 693 1740 725; x_wconf 86' lang='lat' dir='ltr'>seram</span> <span class='ocrx_word' id='word_1_392' title='bbox 1757 702 1794 724; x_wconf 86' lang='lat' dir='ltr'>ac</span> <span class='ocrx_word' id='word_1_393' title='bbox 1811 702 1922 725; x_wconf 89' lang='lat' dir='ltr'>vanarn</span> 
     </span>
     <span class='ocr_line' id='line_1_57' title="bbox 1049 734 1925 778; baseline -0.002 -11"><span class='ocrx_word' id='word_1_394' title='bbox 1049 737 1198 778; x_wconf 77' lang='lat' dir='ltr'>pariant?</span> <span class='ocrx_word' id='word_1_395' title='bbox 1222 734 1342 776; x_wconf 74' lang='lat' dir='ltr'>possem</span> <span class='ocrx_word' id='word_1_396' title='bbox 1370 735 1402 767; x_wconf 90' lang='lat' dir='ltr'>id</span> <span class='ocrx_word' id='word_1_397' title='bbox 1428 736 1535 768; x_wconf 89' lang='lat' dir='ltr'>multis</span> <span class='ocrx_word' id='word_1_398' title='bbox 1557 736 1733 777; x_wconf 86' lang='lat' dir='ltr'>exemplis,</span> <span class='ocrx_word' id='word_1_399' title='bbox 1758 744 1850 776; x_wconf 89' lang='lat' dir='ltr'>quam</span> <span class='ocrx_word' id='word_1_400' title='bbox 1870 744 1925 766; x_wconf 90' lang='lat' dir='ltr'>ve·</span> 
     </span>
     <span class='ocr_line' id='line_1_58' title="bbox 1052 776 1921 816; baseline -0.002 -7"><span class='ocrx_word' id='word_1_401' title='bbox 1052 778 1141 809; x_wconf 83' lang='lat' dir='ltr'>tullis</span> <span class='ocrx_word' id='word_1_402' title='bbox 1153 801 1162 816; x_wconf 88' lang='lat'>,</span> <span class='ocrx_word' id='word_1_403' title='bbox 1177 785 1241 809; x_wconf 90' lang='lat' dir='ltr'>tam</span> <span class='ocrx_word' id='word_1_404' title='bbox 1255 777 1454 815; x_wconf 87' lang='lat' dir='ltr'>recentibus,</span> <span class='ocrx_word' id='word_1_405' title='bbox 1470 777 1656 816; x_wconf 88' lang='lat' dir='ltr'>ostendere,</span> <span class='ocrx_word' id='word_1_406' title='bbox 1673 777 1697 808; x_wconf 90' lang='lat' dir='ltr'>A</span> <span class='ocrx_word' id='word_1_407' title='bbox 1710 779 1748 808; x_wconf 84' lang='lat' dir='ltr'>A.</span> <span class='ocrx_word' id='word_1_408' title='bbox 1772 776 1824 807; x_wconf 89' lang='lat' dir='ltr'>sed</span> <span class='ocrx_word' id='word_1_409' title='bbox 1842 785 1921 816; x_wconf 92' lang='lat' dir='ltr'>aqua</span> 
     </span>
     <span class='ocr_line' id='line_1_59' title="bbox 1053 817 1925 858; baseline -0.002 -7"><span class='ocrx_word' id='word_1_410' title='bbox 1053 819 1198 857; x_wconf 80' lang='lat' dir='ltr'>effluxit3</span> <span class='ocrx_word' id='word_1_411' title='bbox 1213 818 1244 850; x_wconf 89' lang='lat'>&amp;</span> <span class='ocrx_word' id='word_1_412' title='bbox 1262 817 1390 857; x_wconf 88' lang='lat' dir='ltr'>sufficit,</span> <span class='ocrx_word' id='word_1_413' title='bbox 1410 818 1532 856; x_wconf 84' lang='lat' dir='ltr'>liquere</span> <span class='ocrx_word' id='word_1_414' title='bbox 1544 819 1632 858; x_wconf 89' lang='lat' dir='ltr'>quod</span> <span class='ocrx_word' id='word_1_415' title='bbox 1644 818 1925 850; x_wconf 86' lang='lat' dir='ltr'>demonstrandum</span> 
     </span>
     <span class='ocr_line' id='line_1_60' title="bbox 1053 858 1927 900; baseline -0.001 -8"><span class='ocrx_word' id='word_1_416' title='bbox 1053 861 1133 900; x_wconf 82' lang='lat' dir='ltr'>fuit,</span> <span class='ocrx_word' id='word_1_417' title='bbox 1149 861 1180 892; x_wconf 86' lang='lat' dir='ltr'>in</span> <span class='ocrx_word' id='word_1_418' title='bbox 1198 860 1385 899; x_wconf 81' lang='lat' dir='ltr'>religionem</span> <span class='ocrx_word' id='word_1_419' title='bbox 1402 858 1464 891; x_wconf 80' lang='lat' dir='ltr'>effe</span> <span class='ocrx_word' id='word_1_420' title='bbox 1475 858 1539 891; x_wconf 92' lang='lat' dir='ltr'>Dei</span> <span class='ocrx_word' id='word_1_421' title='bbox 1555 860 1742 900; x_wconf 86' lang='lat' dir='ltr'>imperium,</span> <span class='ocrx_word' id='word_1_422' title='bbox 1760 859 1927 891; x_wconf 89' lang='lat' dir='ltr'>hominum</span> 
     </span>
     <span class='ocr_line' id='line_1_61' title="bbox 1054 900 1926 942; baseline -0.002 -8"><span class='ocrx_word' id='word_1_423' title='bbox 1054 912 1120 934; x_wconf 89' lang='lat' dir='ltr'>non</span> <span class='ocrx_word' id='word_1_424' title='bbox 1138 901 1208 933; x_wconf 81' lang='lat' dir='ltr'>effe.</span> <span class='ocrx_word' id='word_1_425' title='bbox 1234 900 1310 932; x_wconf 84' lang='lat' dir='ltr'>Hoc</span> <span class='ocrx_word' id='word_1_426' title='bbox 1326 910 1415 942; x_wconf 83' lang='lat' dir='ltr'>agam</span> <span class='ocrx_word' id='word_1_427' title='bbox 1432 909 1537 932; x_wconf 87' lang='lat' dir='ltr'>tamen</span> <span class='ocrx_word' id='word_1_428' title='bbox 1556 901 1645 941; x_wconf 88' lang='lat' dir='ltr'>quod</span> <span class='ocrx_word' id='word_1_429' title='bbox 1658 901 1696 932; x_wconf 89' lang='lat' dir='ltr'>ab</span> <span class='ocrx_word' id='word_1_430' title='bbox 1713 902 1862 932; x_wconf 89' lang='lat' dir='ltr'>omnibus</span> <span class='ocrx_word' id='word_1_431' title='bbox 1880 901 1926 932; x_wconf 87' lang='lat' dir='ltr'>in·</span> 
     </span>
     <span class='ocr_line' id='line_1_62' title="bbox 1052 941 1929 985; baseline -0.002 -10"><span class='ocrx_word' id='word_1_432' title='bbox 1052 944 1169 985; x_wconf 86' lang='lat' dir='ltr'>telligi,</span> <span class='ocrx_word' id='word_1_433' title='bbox 1193 942 1341 974; x_wconf 87' lang='lat' dir='ltr'>omnibus</span> <span class='ocrx_word' id='word_1_434' title='bbox 1369 943 1506 982; x_wconf 87' lang='lat' dir='ltr'>pretium</span> <span class='ocrx_word' id='word_1_435' title='bbox 1532 941 1600 974; x_wconf 86' lang='lat' dir='ltr'>est:</span> <span class='ocrx_word' id='word_1_436' title='bbox 1624 942 1759 974; x_wconf 89' lang='lat' dir='ltr'>laudabo</span> <span class='ocrx_word' id='word_1_437' title='bbox 1782 941 1929 974; x_wconf 85' lang='lat' dir='ltr'>fortunas</span> 
     </span>
     <span class='ocr_line' id='line_1_63' title="bbox 1052 982 1928 1025; baseline -0.003 -8"><span class='ocrx_word' id='word_1_438' title='bbox 1052 985 1189 1022; x_wconf 80' lang='lat' dir='ltr'>nostras3</span> <span class='ocrx_word' id='word_1_439' title='bbox 1213 984 1319 1024; x_wconf 87' lang='lat' dir='ltr'>quod,</span> <span class='ocrx_word' id='word_1_440' title='bbox 1345 984 1419 1015; x_wconf 88' lang='lat' dir='ltr'>dum</span> <span class='ocrx_word' id='word_1_441' title='bbox 1449 982 1557 1021; x_wconf 87' lang='lat' dir='ltr'>Deum</span> <span class='ocrx_word' id='word_1_442' title='bbox 1584 982 1753 1025; x_wconf 89' lang='lat' dir='ltr'>Optimum</span> <span class='ocrx_word' id='word_1_443' title='bbox 1770 984 1800 1015; x_wconf 72' lang='grc' dir='ltr'>ἃ</span> <span class='ocrx_word' id='word_1_444' title='bbox 1819 983 1928 1015; x_wconf 86' lang='lat' dir='ltr'>Maxi-</span> 
     </span>
     <span class='ocr_line' id='line_1_64' title="bbox 1051 1024 1929 1067; baseline -0.002 -9"><span class='ocrx_word' id='word_1_445' title='bbox 1051 1036 1138 1062; x_wconf 81' lang='lat' dir='ltr'>mum</span> <span class='ocrx_word' id='word_1_446' title='bbox 1164 1025 1217 1057; x_wconf 90' lang='lat' dir='ltr'>suo</span> <span class='ocrx_word' id='word_1_447' title='bbox 1235 1026 1369 1067; x_wconf 85' lang='lat' dir='ltr'>quisque</span> <span class='ocrx_word' id='word_1_448' title='bbox 1386 1034 1475 1056; x_wconf 88' lang='lat' dir='ltr'>more</span> <span class='ocrx_word' id='word_1_449' title='bbox 1497 1025 1527 1057; x_wconf 85' lang='lat'>&amp;</span> <span class='ocrx_word' id='word_1_450' title='bbox 1544 1026 1607 1056; x_wconf 88' lang='lat' dir='ltr'>ritu</span> <span class='ocrx_word' id='word_1_451' title='bbox 1624 1035 1665 1056; x_wconf 86' lang='lat' dir='ltr'>ex</span> <span class='ocrx_word' id='word_1_452' title='bbox 1686 1025 1781 1057; x_wconf 87' lang='lat' dir='ltr'>animi</span> <span class='ocrx_word' id='word_1_453' title='bbox 1808 1024 1929 1056; x_wconf 88' lang='lat' dir='ltr'>senten·</span> 
     </span>
     <span class='ocr_line' id='line_1_65' title="bbox 1053 1066 1928 1107; baseline -0.002 -8"><span class='ocrx_word' id='word_1_454' title='bbox 1053 1069 1094 1100; x_wconf 84' lang='lat' dir='ltr'>tia</span> <span class='ocrx_word' id='word_1_455' title='bbox 1120 1076 1327 1105; x_wconf 84' lang='lat' dir='ltr'>veneramur,</span> <span class='ocrx_word' id='word_1_456' title='bbox 1349 1066 1387 1097; x_wconf 84' lang='lat' dir='ltr'>fit</span> <span class='ocrx_word' id='word_1_457' title='bbox 1410 1066 1531 1098; x_wconf 81' lang='lat' dir='ltr'>coelesti</span> <span class='ocrx_word' id='word_1_458' title='bbox 1557 1066 1739 1104; x_wconf 87' lang='lat' dir='ltr'>beneficio,</span> <span class='ocrx_word' id='word_1_459' title='bbox 1763 1066 1792 1097; x_wconf 89' lang='lat'>&amp;</span> <span class='ocrx_word' id='word_1_460' title='bbox 1808 1067 1928 1107; x_wconf 85' lang='lat' dir='ltr'>pietate</span> 
     </span>
     <span class='ocr_line' id='line_1_66' title="bbox 1053 1107 1929 1151; baseline -0.002 -10"><span class='ocrx_word' id='word_1_461' title='bbox 1053 1119 1090 1141; x_wconf 81' lang='lat' dir='ltr'>ac</span> <span class='ocrx_word' id='word_1_462' title='bbox 1105 1109 1308 1151; x_wconf 86' lang='lat' dir='ltr'>providentia</span> <span class='ocrx_word' id='word_1_463' title='bbox 1325 1108 1465 1139; x_wconf 84' lang='lat' dir='ltr'>AEternae</span> <span class='ocrx_word' id='word_1_464' title='bbox 1484 1108 1574 1148; x_wconf 79' lang='lat' dir='ltr'>huJus</span> <span class='ocrx_word' id='word_1_465' title='bbox 1589 1107 1806 1148; x_wconf 82' lang='lat' dir='ltr'>Reipublicae,</span> <span class='ocrx_word' id='word_1_466' title='bbox 1823 1116 1857 1138; x_wconf 88' lang='lat' dir='ltr'>ut</span> <span class='ocrx_word' id='word_1_467' title='bbox 1877 1117 1929 1139; x_wconf 84' lang='lat' dir='ltr'>ne-</span> 
     </span>
     <span class='ocr_line' id='line_1_67' title="bbox 1054 1149 1930 1190; baseline -0.002 -8"><span class='ocrx_word' id='word_1_468' title='bbox 1054 1160 1117 1190; x_wconf 86' lang='lat' dir='ltr'>que</span> <span class='ocrx_word' id='word_1_469' title='bbox 1141 1149 1324 1182; x_wconf 86' lang='lat' dir='ltr'>carnificem</span> <span class='ocrx_word' id='word_1_470' title='bbox 1349 1157 1547 1188; x_wconf 74' lang='lat' dir='ltr'>metuamus,</span> <span class='ocrx_word' id='word_1_471' title='bbox 1570 1158 1676 1190; x_wconf 90' lang='lat' dir='ltr'>neque</span> <span class='ocrx_word' id='word_1_472' title='bbox 1698 1149 1852 1189; x_wconf 81' lang='lat' dir='ltr'>militem,</span> <span class='ocrx_word' id='word_1_473' title='bbox 1877 1159 1930 1180; x_wconf 90' lang='lat' dir='ltr'>ne-</span> 
     </span>
     <span class='ocr_line' id='line_1_68' title="bbox 1056 1191 1934 1232; baseline -0.002 -9"><span class='ocrx_word' id='word_1_474' title='bbox 1056 1202 1119 1232; x_wconf 81' lang='lat' dir='ltr'>que</span> <span class='ocrx_word' id='word_1_475' title='bbox 1136 1191 1333 1223; x_wconf 87' lang='lat' dir='ltr'>sacerdotem</span> <span class='ocrx_word' id='word_1_476' title='bbox 1352 1191 1510 1232; x_wconf 90' lang='lat' dir='ltr'>aliquem,</span> <span class='ocrx_word' id='word_1_477' title='bbox 1528 1191 1679 1229; x_wconf 83' lang='lat' dir='ltr'>impium,</span> <span class='ocrx_word' id='word_1_478' title='bbox 1703 1200 1817 1222; x_wconf 87' lang='lat' dir='ltr'>vanum</span> <span class='ocrx_word' id='word_1_479' title='bbox 1831 1214 1839 1228; x_wconf 93' lang='lat'><strong>‚</strong></span> <span class='ocrx_word' id='word_1_480' title='bbox 1863 1199 1934 1221; x_wconf 88' lang='lat' dir='ltr'>cru-</span> 
     </span>
     <span class='ocr_line' id='line_1_69' title="bbox 1056 1231 1929 1274; baseline -0.003 -8"><span class='ocrx_word' id='word_1_481' title='bbox 1056 1234 1181 1272; x_wconf 90' lang='lat' dir='ltr'>delem,</span> <span class='ocrx_word' id='word_1_482' title='bbox 1207 1232 1377 1274; x_wconf 87' lang='lat' dir='ltr'>superbum</span> <span class='ocrx_word' id='word_1_483' title='bbox 1394 1255 1404 1271; x_wconf 93' lang='lat'>,</span> <span class='ocrx_word' id='word_1_484' title='bbox 1428 1231 1632 1264; x_wconf 87' lang='lat' dir='ltr'>honestiffimi</span> <span class='ocrx_word' id='word_1_485' title='bbox 1658 1241 1695 1263; x_wconf 90' lang='lat' dir='ltr'>ac</span> <span class='ocrx_word' id='word_1_486' title='bbox 1718 1231 1929 1273; x_wconf 86' lang='lat' dir='ltr'>sapientiffimi</span> 
     </span>
     <span class='ocr_line' id='line_1_70' title="bbox 1057 1274 1933 1315; baseline -0.002 -9"><span class='ocrx_word' id='word_1_487' title='bbox 1057 1276 1210 1315; x_wconf 86' lang='lat' dir='ltr'>cujusque</span> <span class='ocrx_word' id='word_1_488' title='bbox 1229 1275 1387 1313; x_wconf 89' lang='lat' dir='ltr'>hominis,</span> <span class='ocrx_word' id='word_1_489' title='bbox 1406 1274 1555 1313; x_wconf 84' lang='lat' dir='ltr'>maximi,</span> <span class='ocrx_word' id='word_1_490' title='bbox 1574 1274 1691 1311; x_wconf 88' lang='lat' dir='ltr'>medii,</span> <span class='ocrx_word' id='word_1_491' title='bbox 1708 1274 1851 1312; x_wconf 86' lang='lat' dir='ltr'>minimi,</span> <span class='ocrx_word' id='word_1_492' title='bbox 1875 1274 1933 1304; x_wconf 91' lang='lat' dir='ltr'>bo-</span> 
     </span>
     <span class='ocr_line' id='line_1_71' title="bbox 1057 1313 1932 1356; baseline -0.003 -8"><span class='ocrx_word' id='word_1_493' title='bbox 1057 1317 1126 1354; x_wconf 83' lang='lat' dir='ltr'>nis,</span> <span class='ocrx_word' id='word_1_494' title='bbox 1142 1316 1256 1353; x_wconf 85' lang='lat' dir='ltr'>famae,</span> <span class='ocrx_word' id='word_1_495' title='bbox 1273 1316 1365 1354; x_wconf 82' lang='lat' dir='ltr'>vitae,</span> <span class='ocrx_word' id='word_1_496' title='bbox 1383 1315 1543 1353; x_wconf 84' lang='lat' dir='ltr'>libertati,</span> <span class='ocrx_word' id='word_1_497' title='bbox 1558 1315 1707 1356; x_wconf 91' lang='lat' dir='ltr'>improbe</span> <span class='ocrx_word' id='word_1_498' title='bbox 1723 1324 1760 1346; x_wconf 89' lang='lat' dir='ltr'>ac</span> <span class='ocrx_word' id='word_1_499' title='bbox 1777 1313 1932 1356; x_wconf 84' lang='lat' dir='ltr'>flagitiose</span> 
     </span>
     <span class='ocr_line' id='line_1_72' title="bbox 1059 1355 1934 1398; baseline -0.002 -9"><span class='ocrx_word' id='word_1_500' title='bbox 1059 1358 1268 1394; x_wconf 78' lang='lat' dir='ltr'>insidiantem.</span> <span class='ocrx_word' id='word_1_501' title='bbox 1308 1357 1457 1388; x_wconf 86' lang='lat' dir='ltr'>Incubuit</span> <span class='ocrx_word' id='word_1_502' title='bbox 1474 1356 1645 1396; x_wconf 87' lang='lat' dir='ltr'>majoribus</span> <span class='ocrx_word' id='word_1_503' title='bbox 1660 1355 1775 1388; x_wconf 90' lang='lat' dir='ltr'>nostris</span> <span class='ocrx_word' id='word_1_504' title='bbox 1792 1356 1934 1398; x_wconf 83' lang='lat' dir='ltr'>tyrannis</span> 
     </span>
     <span class='ocr_line' id='line_1_73' title="bbox 1062 1397 1937 1436; baseline -0.001 -6"><span class='ocrx_word' id='word_1_505' title='bbox 1062 1407 1124 1431; x_wconf 91' lang='lat' dir='ltr'>tam</span> <span class='ocrx_word' id='word_1_506' title='bbox 1141 1406 1289 1436; x_wconf 84' lang='lat' dir='ltr'>cruenta,</span> <span class='ocrx_word' id='word_1_507' title='bbox 1307 1405 1371 1430; x_wconf 90' lang='lat' dir='ltr'>tam</span> <span class='ocrx_word' id='word_1_508' title='bbox 1388 1399 1473 1436; x_wconf 88' lang='lat' dir='ltr'>dira,</span> <span class='ocrx_word' id='word_1_509' title='bbox 1489 1406 1552 1429; x_wconf 89' lang='lat' dir='ltr'>tam</span> <span class='ocrx_word' id='word_1_510' title='bbox 1564 1397 1776 1436; x_wconf 79' lang='lat' dir='ltr'>detestabilis3</span> <span class='ocrx_word' id='word_1_511' title='bbox 1790 1404 1937 1429; x_wconf 89' lang='lat' dir='ltr'>contem-</span> 
     </span>
     <span class='ocr_line' id='line_1_74' title="bbox 1061 1438 1936 1482; baseline -0.002 -10"><span class='ocrx_word' id='word_1_512' title='bbox 1061 1449 1120 1482; x_wconf 88' lang='lat' dir='ltr'>pto</span> <span class='ocrx_word' id='word_1_513' title='bbox 1137 1441 1225 1472; x_wconf 91' lang='lat' dir='ltr'>omni</span> <span class='ocrx_word' id='word_1_514' title='bbox 1242 1440 1351 1471; x_wconf 87' lang='lat' dir='ltr'>divino</span> <span class='ocrx_word' id='word_1_515' title='bbox 1368 1447 1465 1480; x_wconf 88' lang='lat' dir='ltr'>atque</span> <span class='ocrx_word' id='word_1_516' title='bbox 1482 1439 1623 1471; x_wconf 88' lang='lat' dir='ltr'>humano</span> <span class='ocrx_word' id='word_1_517' title='bbox 1637 1440 1716 1479; x_wconf 87' lang='lat' dir='ltr'>jure.</span> <span class='ocrx_word' id='word_1_518' title='bbox 1740 1438 1792 1471; x_wconf 91' lang='lat' dir='ltr'>scd</span> <span class='ocrx_word' id='word_1_519' title='bbox 1810 1439 1855 1470; x_wconf 87' lang='lat' dir='ltr'>illi</span> <span class='ocrx_word' id='word_1_520' title='bbox 1870 1438 1936 1470; x_wconf 89' lang='lat' dir='ltr'>avi·</span> 
     </span>
     <span class='ocr_line' id='line_1_75' title="bbox 1063 1479 1935 1523; baseline -0.003 -9"><span class='ocrx_word' id='word_1_521' title='bbox 1063 1491 1127 1514; x_wconf 87' lang='lat' dir='ltr'>tam</span> <span class='ocrx_word' id='word_1_522' title='bbox 1152 1482 1332 1513; x_wconf 87' lang='lat' dir='ltr'>libertatem</span> <span class='ocrx_word' id='word_1_523' title='bbox 1357 1490 1474 1523; x_wconf 85' lang='lat' dir='ltr'>magno</span> <span class='ocrx_word' id='word_1_524' title='bbox 1489 1482 1597 1513; x_wconf 88' lang='lat' dir='ltr'>animo</span> <span class='ocrx_word' id='word_1_525' title='bbox 1615 1480 1645 1512; x_wconf 67' lang='grc' dir='ltr'>ὅ(</span> <span class='ocrx_word' id='word_1_526' title='bbox 1661 1480 1726 1521; x_wconf 92' lang='lat' dir='ltr'>pari</span> <span class='ocrx_word' id='word_1_527' title='bbox 1743 1480 1844 1521; x_wconf 85' lang='lat' dir='ltr'>gloria</span> <span class='ocrx_word' id='word_1_528' title='bbox 1859 1479 1935 1511; x_wconf 83' lang='lat' dir='ltr'>affe-</span> 
     </span>
     <span class='ocr_line' id='line_1_76' title="bbox 1063 1522 1938 1563; baseline -0.003 -7"><span class='ocrx_word' id='word_1_529' title='bbox 1063 1522 1391 1562; x_wconf 80' lang='lat' dir='ltr'>rue1·e‚affertamque</span> <span class='ocrx_word' id='word_1_530' title='bbox 1407 1522 1499 1554; x_wconf 87' lang='lat' dir='ltr'>nobis</span> <span class='ocrx_word' id='word_1_531' title='bbox 1517 1523 1677 1563; x_wconf 90' lang='lat' dir='ltr'>propriam</span> <span class='ocrx_word' id='word_1_532' title='bbox 1697 1531 1732 1552; x_wconf 85' lang='lat' dir='ltr'>ac</span> <span class='ocrx_word' id='word_1_533' title='bbox 1749 1528 1938 1562; x_wconf 81' lang='lat' dir='ltr'>perpetuam</span> 
     </span>
     <span class='ocr_line' id='line_1_77' title="bbox 1064 1561 1937 1606; baseline -0.003 -10"><span class='ocrx_word' id='word_1_534' title='bbox 1064 1566 1190 1606; x_wconf 89' lang='lat' dir='ltr'>optimo</span> <span class='ocrx_word' id='word_1_535' title='bbox 1203 1565 1271 1604; x_wconf 86' lang='lat' dir='ltr'>jure</span> <span class='ocrx_word' id='word_1_536' title='bbox 1287 1564 1415 1596; x_wconf 86' lang='lat' dir='ltr'>dedere.</span> <span class='ocrx_word' id='word_1_537' title='bbox 1438 1562 1542 1594; x_wconf 87' lang='lat' dir='ltr'>nostra</span> <span class='ocrx_word' id='word_1_538' title='bbox 1556 1563 1626 1594; x_wconf 84' lang='lat' dir='ltr'>haec</span> <span class='ocrx_word' id='word_1_539' title='bbox 1641 1563 1749 1594; x_wconf 85' lang='lat' dir='ltr'>cautio</span> <span class='ocrx_word' id='word_1_540' title='bbox 1764 1562 1828 1600; x_wconf 90' lang='lat' dir='ltr'>est,</span> <span class='ocrx_word' id='word_1_541' title='bbox 1846 1571 1886 1594; x_wconf 91' lang='lat' dir='ltr'>ne</span> <span class='ocrx_word' id='word_1_542' title='bbox 1901 1561 1937 1594; x_wconf 88' lang='lat' dir='ltr'>fi-</span> 
     </span>
     <span class='ocr_line' id='line_1_78' title="bbox 1064 1603 1939 1646; baseline -0.003 -7"><span class='ocrx_word' id='word_1_543' title='bbox 1064 1616 1133 1640; x_wconf 86' lang='lat' dir='ltr'>mus</span> <span class='ocrx_word' id='word_1_544' title='bbox 1146 1614 1208 1637; x_wconf 88' lang='lat' dir='ltr'>tam</span> <span class='ocrx_word' id='word_1_545' title='bbox 1219 1605 1376 1646; x_wconf 86' lang='lat' dir='ltr'>generoso</span> <span class='ocrx_word' id='word_1_546' title='bbox 1392 1605 1513 1645; x_wconf 86' lang='lat' dir='ltr'>indigni</span> <span class='ocrx_word' id='word_1_547' title='bbox 1526 1604 1784 1646; x_wconf 84' lang='lat' dir='ltr'>sanguine,neve</span> <span class='ocrx_word' id='word_1_548' title='bbox 1800 1603 1939 1636; x_wconf 68' lang='lat' dir='ltr'>fruftum</span> 
     </span>
     <span class='ocr_line' id='line_1_79' title="bbox 1066 1644 1939 1688; baseline -0.005 -8"><span class='ocrx_word' id='word_1_549' title='bbox 1066 1648 1164 1685; x_wconf 85' lang='lat' dir='ltr'>tanti,</span> <span class='ocrx_word' id='word_1_550' title='bbox 1187 1655 1318 1688; x_wconf 84' lang='lat' dir='ltr'>tamque</span> <span class='ocrx_word' id='word_1_551' title='bbox 1343 1645 1586 1685; x_wconf 82' lang='lat' dir='ltr'>inaestimabilis,</span> <span class='ocrx_word' id='word_1_552' title='bbox 1610 1645 1686 1677; x_wconf 91' lang='lat' dir='ltr'>boni</span> <span class='ocrx_word' id='word_1_553' title='bbox 1709 1645 1823 1677; x_wconf 87' lang='lat' dir='ltr'>inertia</span> <span class='ocrx_word' id='word_1_554' title='bbox 1839 1654 1876 1676; x_wconf 88' lang='lat' dir='ltr'>ac</span> <span class='ocrx_word' id='word_1_555' title='bbox 1891 1644 1939 1677; x_wconf 89' lang='lat' dir='ltr'>so-</span> 
     </span>
     <span class='ocr_line' id='line_1_80' title="bbox 1066 1686 1939 1728; baseline -0.005 -6"><span class='ocrx_word' id='word_1_556' title='bbox 1066 1690 1176 1722; x_wconf 88' lang='lat' dir='ltr'>cordia</span> <span class='ocrx_word' id='word_1_557' title='bbox 1200 1689 1400 1720; x_wconf 85' lang='lat' dir='ltr'>amittamus:</span> <span class='ocrx_word' id='word_1_558' title='bbox 1423 1687 1476 1719; x_wconf 90' lang='lat' dir='ltr'>sed</span> <span class='ocrx_word' id='word_1_559' title='bbox 1496 1696 1590 1728; x_wconf 90' lang='lat' dir='ltr'>quam</span> <span class='ocrx_word' id='word_1_560' title='bbox 1616 1695 1633 1718; x_wconf 87' lang='lat' dir='ltr'>a</span> <span class='ocrx_word' id='word_1_561' title='bbox 1648 1686 1832 1728; x_wconf 87' lang='lat' dir='ltr'>parentibus</span> <span class='ocrx_word' id='word_1_562' title='bbox 1855 1687 1939 1728; x_wconf 90' lang='lat' dir='ltr'>opti-</span> 
     </span>
     <span class='ocr_line' id='line_1_81' title="bbox 1067 1728 1938 1770; baseline -0.006 -6"><span class='ocrx_word' id='word_1_563' title='bbox 1067 1733 1125 1764; x_wconf 88' lang='lat' dir='ltr'>mis</span> <span class='ocrx_word' id='word_1_564' title='bbox 1136 1740 1172 1762; x_wconf 87' lang='lat' dir='ltr'>ac</span> <span class='ocrx_word' id='word_1_565' title='bbox 1188 1729 1378 1762; x_wconf 71' lang='lat' dir='ltr'>sanciiffimis</span> <span class='ocrx_word' id='word_1_566' title='bbox 1392 1729 1575 1770; x_wconf 87' lang='lat' dir='ltr'>accepimus</span> <span class='ocrx_word' id='word_1_567' title='bbox 1594 1728 1793 1768; x_wconf 89' lang='lat' dir='ltr'>libertatem,</span> <span class='ocrx_word' id='word_1_568' title='bbox 1811 1729 1938 1769; x_wconf 85' lang='lat' dir='ltr'>patriae,</span> 
     </span>
     <span class='ocr_line' id='line_1_82' title="bbox 1065 1769 1936 1812; baseline -0.005 -7"><span class='ocrx_word' id='word_1_569' title='bbox 1065 1774 1190 1810; x_wconf 89' lang='lat' dir='ltr'>liberis,</span> <span class='ocrx_word' id='word_1_570' title='bbox 1208 1771 1423 1812; x_wconf 79' lang='lat' dir='ltr'>posterisque,</span> <span class='ocrx_word' id='word_1_571' title='bbox 1440 1771 1555 1811; x_wconf 89' lang='lat' dir='ltr'>quibus</span> <span class='ocrx_word' id='word_1_572' title='bbox 1566 1769 1637 1812; x_wconf 90' lang='lat' dir='ltr'>post</span> <span class='ocrx_word' id='word_1_573' title='bbox 1654 1769 1761 1802; x_wconf 91' lang='lat' dir='ltr'>Deum</span> <span class='ocrx_word' id='word_1_574' title='bbox 1771 1770 1936 1802; x_wconf 85' lang='lat' dir='ltr'>nihilcari-</span> 
     </span>
     <span class='ocr_line' id='line_1_83' title="bbox 1065 1811 1937 1853; baseline -0.002 -7"><span class='ocrx_word' id='word_1_575' title='bbox 1065 1825 1101 1846; x_wconf 87' lang='lat' dir='ltr'>us</span> <span class='ocrx_word' id='word_1_576' title='bbox 1119 1814 1212 1845; x_wconf 86' lang='lat' dir='ltr'>nobis</span> <span class='ocrx_word' id='word_1_577' title='bbox 1230 1811 1292 1844; x_wconf 88' lang='lat' dir='ltr'>esse</span> <span class='ocrx_word' id='word_1_578' title='bbox 1309 1820 1363 1844; x_wconf 90' lang='lat' dir='ltr'>aut</span> <span class='ocrx_word' id='word_1_579' title='bbox 1379 1811 1485 1853; x_wconf 85' lang='lat' dir='ltr'>potest</span> <span class='ocrx_word' id='word_1_580' title='bbox 1501 1820 1554 1844; x_wconf 87' lang='lat' dir='ltr'>aut</span> <span class='ocrx_word' id='word_1_581' title='bbox 1571 1812 1687 1851; x_wconf 91' lang='lat' dir='ltr'>debet,</span> <span class='ocrx_word' id='word_1_582' title='bbox 1704 1820 1823 1843; x_wconf 85' lang='lat' dir='ltr'>meram</span> <span class='ocrx_word' id='word_1_583' title='bbox 1841 1818 1937 1852; x_wconf 86' lang='lat' dir='ltr'>atque</span> 
     </span>
     <span class='ocr_line' id='line_1_84' title="bbox 1065 1852 1925 1896; baseline -0.003 -7"><span class='ocrx_word' id='word_1_584' title='bbox 1065 1856 1217 1889; x_wconf 88' lang='lat' dir='ltr'>illibatam</span> <span class='ocrx_word' id='word_1_585' title='bbox 1232 1855 1265 1886; x_wconf 86' lang='lat' dir='ltr'>in</span> <span class='ocrx_word' id='word_1_586' title='bbox 1279 1863 1377 1886; x_wconf 89' lang='lat' dir='ltr'>omne</span> <span class='ocrx_word' id='word_1_587' title='bbox 1393 1862 1496 1886; x_wconf 85' lang='lat' dir='ltr'>aevurn</span> <span class='ocrx_word' id='word_1_588' title='bbox 1512 1854 1607 1896; x_wconf 79' lang='lat' dir='ltr'>plena</span> <span class='ocrx_word' id='word_1_589' title='bbox 1623 1852 1687 1887; x_wconf 89' lang='lat' dir='ltr'>fide</span> <span class='ocrx_word' id='word_1_590' title='bbox 1703 1853 1925 1896; x_wconf 85' lang='lat' dir='ltr'>relinquamus.</span> 
     </span>
    </p>
   </div>
   <div class='ocr_carea' id='block_1_5' title="bbox 542 1976 1535 2023">
    <p class='ocr_par' dir='ltr' id='par_1_5' title="bbox 542 1976 1535 2023">
     <span class='ocr_line' id='line_1_85' title="bbox 542 1976 1535 2023; baseline -0.011 -1"><span class='ocrx_word' id='word_1_591' title='bbox 542 1986 683 2022; x_wconf 82' lang='lat' dir='ltr'>FINIS</span> <span class='ocrx_word' id='word_1_592' title='bbox 715 1978 1220 2018; x_wconf 86' lang='lat' dir='ltr'><strong>DISSERTATIONUM</strong></span> <span class='ocrx_word' id='word_1_593' title='bbox 1252 1976 1535 2023; x_wconf 86' lang='lat' dir='ltr'><strong>QUATUOR.</strong></span> 
     </span>
    </p>
   </div>
   <div class='ocr_carea' id='block_1_6' title="bbox 627 2221 1461 2925">
    <p class='ocr_par' dir='ltr' id='par_1_6' title="bbox 627 2221 1461 2925">
     <span class='ocr_line' id='line_1_86' title="bbox 627 2221 1461 2925; baseline 0 570"><span class='ocrx_word' id='word_1_594' title='bbox 627 2221 1461 2925; x_wconf 95' lang='lat' dir='ltr'> </span> 
     </span>
    </p>
   </div>
   <div class='ocr_carea' id='block_1_7' title="bbox 1755 3238 1945 3277">
    <p class='ocr_par' dir='ltr' id='par_1_7' title="bbox 1755 3238 1945 3277">
     <span class='ocr_line' id='line_1_87' title="bbox 1755 3238 1945 3277; baseline -0.021 0"><span class='ocrx_word' id='word_1_595' title='bbox 1755 3238 1945 3277; x_wconf 81' lang='lat' dir='ltr'>GERAR-</span> 
     </span>
    </p>
   </div>
  </div>
 </body>
</html>
