2052 3487
387 135 470 173 Da
519 133 828 170 Fonnonn
879 140 947 167 ET
1000 129 1260 167 UsURIS.

53 231 176 269 t'ietur,
208 229 237 261 &
264 224 488 267 milii'praestet
511 230 639 268 partem*
661 222 750 253 lucri.
776 221 863 261 quod
891 220 911 252 ss

53 271 141 304 usum
169 271 264 302 habet
282 269 431 309 pecunia,
461 267 534 306 quia
552 272 698 310 continet
721 273 857 308 pretium
879 272 910 293 e-

53 314 238 345 mendarum
263 318 382 342 rerum:
414 308 498 338 hunc
523 304 610 337 usum
633 304 653 336 11
678 312 858 344 permittam
883 314 911 334 a·

52 355 107 392 lii,
131 355 249 386 credita
267 351 399 391 pecunia
416 359 426 387 3
458 346 564 388 quaeso
582 370 590 385 ‚
626 355 664 390 aii
682 346 824 391 iniquum
844 345 887 375 est
900 369 910 383 ,

53 397 130 428 mibi
151 396 253 426 usuras
271 393 353 429 dari,
378 391 408 422 id
426 388 489 427 est,
516 388 586 420 usus
603 386 843 418 aestimationem
863 397 910 417 re·

53 437 180 477 pai-ari?
203 444 273 466 cum
298 434 407 472 utique
430 432 552 462 lucrum
570 438 642 460 cum
661 429 749 460 lucro
766 437 909 459 commu·

55 487 118 510 tem
138 488 147 517 ;
182 485 283 516 neque
304 475 371 514 plns
394 472 546 512 accipiam
564 495 573 509 ,
604 480 697 510 quam
722 470 806 500 dedi.
849 469 911 500 Sed

53 530 102 552 res
125 527 228 550 certa:
253 517 281 547 ck
296 514 359 555 ipse
375 513 560 545 Aristoteles
584 512 631 542 ab.
653 521 676 542 i.
702 510 749 541 De
766 512 911 550 republica

52 571 76 592 c,
94 571 122 597 9.
150 567 216 599 pag.
234 561 298 597 406.
331 556 372 587 iic
397 553 487 593 infit,
524 552 762 593 Uniuscujasqae
784 553 825 582 rei
845 562 908 592 (μαι

45 591 220 643 paraturae
240 596 407 639 poffidetur‚
437 595 542 636 duplex
557 595 625 634 ustis
647 592 694 633 est.
719 599 837 634 uterque
853 603 906 624 aa·

52 649 107 674 tem
117 649 170 682 per
183 641 216 679 se
232 640 344 677 quidem
360 635 416 677 est,
447 646 549 667 verum
571 645 628 666 non
645 634 775 672 fimz'lz‘ter
789 642 840 674 per
855 635 905 673 st:

43 685 97 724 secl
120 684 191 714 alter
215 682 255 711 rei
275 679 502 711 accommodatus
524 687 558 708 ac
577 677 729 717 proprias:
752 676 825 707 alter
842 676 908 706 alie·

53 734 108 756 ulls
123 747 131 761 ,
156 731 243 763 neque
256 722 403 762 proprius:
426 720 506 751 verbi
519 719 637 759 gratia,
663 718 786 748 calceum
810 718 909 748 indire-

50 775 80 796 re
96 765 131 799 ὃ)
149 765 272 795 calceum
283 768 457 803 permutare.
480 767 599 800 utroque
618 760 693 789 enim
717 760 794 789 mocio
819 758 908 788 calceo

50 809 94 838 uti
111 808 183 837 licet.
207 805 375 835 maniatium
397 804 447 843 qai
469 802 593 833 calceum
609 810 723 831 nummo
746 806 799 843 aut
826 798 908 829 vitiu

46 852 191 890 permutat
217 856 282 876 cam
304 855 332 875 eo
356 846 406 885 qui
427 848 486 886 eget
510 842 598 873 calceo
616 853 623 873 :
658 843 755 872 utimr
776 840 822 871 ille
844 841 907 880 qui-

51 892 110 920 dem
125 889 232 925 calceo,
257 896 315 928 qua
331 887 442 917 ratione
460 884 569 915 calceus
587 881 642 925 eft:
665 883 710 927 leti
727 891 784 912 uon
803 891 839 912 ex
854 882 908 920 iesu,

48 932 171 973 proprio.
201 939 257 959 uon
279 929 352 958 enim
376 927 596 967 permutationis
621 928 705 965 caasa
727 922 826 962 fastus
849 923 907 952 cal-

52 982 116 1002 ceas
133 970 179 1011 esi:
205 972 331 1010 arenaque
348 970 380 999 cle
406 968 470 999 aliis
495 967 576 998 rebus
594 977 654 1008 qaae
674 971 820 1006 paramur
837 987 846 1002 ‚
875 973 909 994 ac

48 1012 240 1054 peffideatur,
259 1010 449 1049 sentiendum.
901 1045 907 1050 ·

96 1057 135 1085 At
158 1054 240 1084 enim
272 1051 385 1091 (quod
417 1049 462 1081 est
494 1044 909 1093 seeundumsshi-ysostomi

53 1093 297 1136 argumentum)
321 1091 342 1123 si
361 1091 527 1132 pecuniam
548 1098 655 1121 teneas
671 1098 701 1120 in
723 1088 846 1133 sace-ulo
862 1095 909 1117 re-

54 1136 185 1177 politam
203 1158 212 1173 ‚
241 1134 360 1165 nullum
381 1143 421 1164 ex
445 1142 481 1164 ea
496 1130 581 1162 usum
603 1130 697 1170 capis.
724 1130 829 1174 audio..
856 1137 909 1157 ve-

56 1187 124 1208 rum
149 1176 170 1208 fi
195 1178 323 1207 domum
349 1183 479 1214 quoque
501 1181 602 1204 meam
619 1180 723 1216 neque
738 1171 802 1209 iple
822 1168 909 1214 inha-

55 1219 154 1249 bitem
167 1240 175 1255 ,
199 1226 301 1256 neque
320 1216 384 1246 aliis
402 1215 507 1246 locem
525 1223 534 1251 ;
557 1221 661 1251 neque
686 1212 736 1243 illa
755 1210 910 1251 praebebit

55 1258 201 1290 fratrum.
235 1258 262 1288 ὅ(
285 1257 303 1288 fi
327 1264 432 1296 agrum
449 1263 553 1294 neque
570 1253 634 1293 ipse
652 1253 755 1283 colam
770 1276 779 1291 ,
803 1261 909 1292 neque

55 1301 121 1331 aliis
155 1300 284 1336 locein3
315 1297 430 1328 inutilis
460 1305 533 1335 ager
560 1295 630 1325 erit.
663 1303 767 1333 neque
802 1301 909 1324 tamen

54 1349 114 1371 tam
133 1340 257 1378 ineptus
277 1339 355 1374 eris,
380 1343 413 1367 ut
429 1337 534 1375 dicas,
559 1336 609 1367 vel
632 1335 782 1373 domum,
809 1336 859 1365 vel
879 1344 909 1365 a·

51 1390 158 1422 grum,
183 1381 238 1410 tibi
258 1380 294 1409 ad
312 1378 449 1409 fructum
471 1387 536 1409 non
556 1376 712 1418 prodesse.
745 1376 859 1408 sterilis
879 1386 909 1406 e-

50 1423 113 1453 nim
131 1421 185 1451 tibi
206 1430 268 1451 non
292 1420 365 1458 suo,
391 1419 443 1450 sed
468 1427 545 1457 tuo,
570 1419 650 1449 vitio
667 1418 734 1449 est:
758 1417 909 1458 exemplo

51 1463 193 1504 pecuniae
219 1470 311 1501 quam
335 1459 468 1492 otiosam
490 1460 595 1500 jacere
623 1459 727 1499 finas3
757 1469 829 1490 cum
847 1483 856 1497 ‚
888 1457 908 1489 fi

51 1503 167 1536 foenori
191 1503 333 1535 colloces
350 1526 360 1542 ,
390 1501 540 1534 industria
564 1510 616 1532 tua
641 1500 712 1540 fiat,
743 1508 777 1532 ut
796 1500 907 1531 sterilis

49 1555 115 1578 non
131 1545 167 1577 fit
188 1545 207 1577 l.
223 1555 252 1587 3.
277 1543 306 1586 ἓ.
322 1554 352 1584 4.
373 1542 415 1576 D.
433 1544 466 1574 de
490 1545 637 1575 contraria
660 1543 753 1574 tutele
776 1541 904 1581 afflone,

705 1656 920 1692 CAPUT

1312 130 1416 169 LIB.
1450 129 1477 169 Ι.
1755 136 1819 170 161

955 220 991 254 ὅ)
1011 220 1028 251 l.
1047 229 1075 260 7.
1107 220 1148 251 D.
1169 222 1202 252 de
1226 221 1332 257 usuris.
1358 220 1423 254 imo
1448 220 1605 260 Ulpianus
1630 219 1649 251 l.
1671 227 1717 252 10.
1742 221 1770 263 §.
1789 233 1819 263 3.

954 262 996 293 D.
1022 262 1164 292 Mandrai
1181 263 1227 292 vel
1244 269 1344 293 contra
1367 265 1409 294 ait
1427 286 1437 302 ,
1468 271 1536 296 cnm
1565 262 1730 294 exerceri:
1761 273 1821 303 pro

953 303 991 334 ad
1010 303 1160 343 quael'tuni
1184 304 1308 335 haberi:
1334 304 1485 345 exemplo
1513 304 1601 335 navis
1627 311 1680 335 aut
1704 312 1820 344 caupo-

953 354 1001 375 iiae
1033 354 1103 384 quae
1130 347 1274 376 exerceri
1303 346 1476 383 dicuntur3
1508 354 1580 376 cum
1611 346 1650 376 ad
1679 346 1818 377 reditum

954 386 1111 416 habentui·
1140 386 1158 416 l.
1194 396 1218 417 1.
1251 386 1278 428 ἕ.
1304 397 1331 417 2.
1357 387 1441 427 ὃς,
1473 387 1514 417 1).
1543 385 1655 417 Nazitae
1678 394 1819 427 caupones

945 426 1115 465 stabularii.
1140 428 1235 467 igitui-
1252 429 1330 458 iicut
1353 430 1418 469 agri
1435 435 1488 459 aut
1505 429 1619 459 domus
1641 435 1694 458 aut
1709 429 1819 466 navis,

953 468 994 499 iic
1020 469 1183 508 pecuniae,
1204 469 1282 508 justa
1304 470 1425 500 locatio
1452 469 1521 500 est:
1552 472 1624 508 quia
1651 471 1681 500 in
1704 469 1763 500 hac
1782 479 1822 500 ae·

954 519 1040 549 que,
1071 519 1166 549 atque
1192 511 1272 547 illis,
1306 511 1428 542 lucrum
1453 519 1525 541 cum
1551 511 1639 541 lucro
1658 533 1667 549 ‚
1700 511 1731 542 id
1754 511 1820 549 est,

954 552 1022 582 ustis
1045 560 1117 582 cuin
1140 553 1291 582 mercede
1318 559 1534 583 commutatur
1557 552 1576 583 l.
1601 561 1646 592 14.
1674 552 1707 583 C.
1734 553 1766 582 cle
1782 562 1820 583 u-

941 595 1034 632 suris.

991 633 1187 665 Postremum
1225 633 1445 675 Chrysostomi
1483 640 1706 672 argumentum
1745 635 1790 667 est
1807 658 1819 673 ‚

951 676 1038 714 quod
1057 685 1150 714 ager,
1174 677 1225 706 vel
1244 677 1357 707 domus
1370 699 1380 715 ,
1411 675 1534 706 utendo
1554 678 1742 708 veter-aicit:
1767 686 1821 717 pe-

952 717 1044 747 cunia
1069 726 1176 747 autem
1201 726 1319 748 mutata
1344 725 1404 748 nec
1422 717 1590 754 minuitur,
1615 726 1676 747 nec
1698 726 1821 748 vetera-

952 757 1019 788 seit.
1063 758 1125 789 Sed
1144 758 1280 797 primum
1300 759 1387 798 quod
1410 758 1450 789 de
1469 767 1545 798 agro
1573 758 1672 795 dicit,
1697 767 1821 789 vetera-

952 797 1055 836 scere,
1081 798 1192 830 salium
1212 799 1273 830 est:
1299 801 1414 838 modo,
1440 798 1460 830 si
1478 799 1561 830 bene
1577 800 1722 830 colatur:
1748 807 1783 831 ut
1801 809 1819 830 a

953 838 1132 870 Columella
1146 864 1154 878 ‚
1180 841 1226 871 De
1242 851 1271 871 re
1293 840 1422 880 rustica,
1447 841 1493 871 lib.
1516 850 1541 871 i.
1568 841 1600 870 irz
1623 841 1821 880 Prasatione,

951 880 1083 919 pulchre
1103 881 1132 911 <St
1152 882 1214 912 late
1238 882 1484 922 denimiliratum
1512 880 1567 913 est.
1592 881 1708 913 deinde
1726 883 1818 922 quod

952 922 992 951 de
1016 923 1115 952 domo
1133 925 1221 954 addit
1240 947 1249 962 ,
1280 923 1335 954 etii
1361 932 1426 954 non
1450 932 1583 961 newem3
1609 925 1702 963 (nain
1719 925 1749 955 ὅ(
1768 933 1821 955 oi·-

951 971 1099 1006 namcnta
1125 964 1245 996 urbium
1264 988 1273 1002 ‚
1307 965 1336 996 ἀ
1361 965 1477 996 decora
1501 974 1694 995 marmorum
1712 989 1721 1004 ,
1753 964 1819 996 sen-

953 1004 1012 1034 tire
1043 1004 1160 1035 lenium
1187 1007 1365 1046 temporis,
1396 1006 1439 1036 a'it
1472 1006 1491 1037 l.
1522 1009 1567 1036 16.
1611 1006 1679 1039 Cod.
1714 1006 1819 1039 Theoti.

951 1045 984 1075 de
1004 1046 1130 1084 operibus
1149 1048 1290 1086 publicis,
1324 1047 1371 1077 lzb.
1394 1056 1438 1087 ¹5·
1460 1048 1505 1078 tit.
1528 1057 1553 1078 1.
1580 1046 1609 1077 δε
1627 1047 1709 1078 viGa
1731 1049 1819 1079 lenio

951 1085 1099 1117 fatiscere
1122 1087 1141 1117 l,
1168 1097 1213 1126 15.
1239 1088 1306 1119 Cod.
1331 1088 1433 1118 Theoti.
1460 1089 1519 1119 eod.
1546 1089 1616 1128 tit.)
1648 1095 1754 1120 tamen
1779 1091 1818 1121 ad

951 1136 1017 1158 rem
1044 1137 1109 1158 non
1135 1131 1286 1168 pei-tinet.
1314 1128 1481 1160 veterascit
1506 1129 1591 1160 enim
1614 1129 1728 1161 doinus
1754 1130 1819 1162 sive

953 1168 1135 1208 habitetur,
1152 1169 1215 1200 five
1233 1179 1331 1201 vacua
1348 1169 1402 1202 sit:
1421 1170 1451 1201 ὃς
1470 1171 1569 1211 magis
1588 1180 1704 1210 vacua,
1724 1181 1820 1211 quam

952 1210 1104 1240 habitata.
1131 1220 1179 1241 res
1205 1220 1299 1242 nota:
1324 1211 1354 1242 &
1378 1210 1516 1243 Ovidius
1540 1212 1641 1252 tangit
1660 1213 1707 1244 lib.
1726 1222 1752 1244 1.
1774 1213 1821 1244 A·

951 1260 1062 1282 moram
1084 1250 1167 1292 Eteg.
1185 1258 1212 1286 8.
1237 1252 1301 1283 hoc
1319 1252 1418 1284 versu.

1110 1292 1272 1333 Canesctmt
1288 1295 1368 1334 tiu-jn·
1385 1293 1459 1324 εει-ἰα
1474 1293 1576 1325 νείἱὲἶα
1588 1292 1661 1331 fitu.

953 1333 1112 1374 denique,
1136 1334 1321 1374 penfionein
1339 1344 1403 1366 non
1423 1343 1481 1374 pro
1508 1336 1621 1367 aedium
1646 1336 1821 1368 deteriora-

953 1376 1041 1406 tione
1057 1398 1068 1413 ,
1100 1375 1152 1406 sed
1180 1385 1239 1416 pro
1262 1375 1317 1408 usu
1332 1400 1341 1415 ,
1372 1375 1509 1417 praestari
1525 1400 1535 1416 ,
1570 1385 1611 1408 ex
1634 1376 1820 1417 Pomponio

952 1416 1100 1448 observat
1122 1416 1305 1449 Marcianus
1328 1417 1349 1449 l.
1369 1428 1398 1450 2.
1428 1417 1470 1448 D.
1494 1417 1531 1449 In
1547 1419 1651 1459 quibas
1671 1417 1764 1456 causis
1777 1421 1822 1459 pi-

949 1467 1027 1497 gnus
1043 1458 1089 1488 vel
1103 1459 1257 1498 hypotheca
1274 1462 1360 1490 tacite
1375 1459 1566 1491 contrahitur.
1582 1460 1731 1501 idemque
1746 1469 1822 1500 pro-

952 1501 1007 1530 bat
1024 1500 1144 1530 locatio
1162 1502 1246 1541 agri:
1272 1510 1367 1541 quem
1392 1500 1414 1532 fi
1436 1501 1522 1532 bene
1544 1501 1689 1540 colatur,
1714 1510 1821 1543 neque

951 1539 1168 1581 veterascere,
1191 1551 1295 1583 neque
1316 1542 1523 1582 deteriorari,
1546 1542 1636 1584 supra
1652 1542 1729 1575 dixi.

982 1654 1154 1693 VIII.

46 1759 166 1795 Praeter
186 1756 382 1805 Chrffostomz'
396 1764 580 1803 argumenta
598 1754 653 1802 effi·
669 1756 732 1790 tria
749 1755 812 1789 alia
831 1755 936 1800 quibus
960 1754 1095 1789 homines
1120 1756 1238 1801 egregii
1256 1753 1297 1795 ἐξ
1322 1756 1400 1791 dotti
1417 1754 1526 1791 foenus
1545 1768 1564 1790 a
1588 1756 1759 1792 locatione
1766 1755 1820 1804 se·

115 1809 225 1854 parari
250 1813 366 1851 patant.
393 1805 452 1851 sed
473 1804 536 1850 fra
567 1817 613 1839 ra.

673 1805 854 1849 Pomponius
885 1802 1033 1848 expofiras
1068 1803 1088 1838 l.
1119 1813 1172 1848 13.
1206 1803 1234 1849 §.
1269 1816 1298 1839 1.
1332 1806 1376 1840 D.
1414 1806 1600 1840 Commodati
1621 1807 1673 1840 vel
1695 1815 1820 1850 contra,

119 1857 211 1890 etiam
239 1855 389 1900 Ulpianus
420 1854 442 1889 l.
469 1864 525 1890 10.
558 1852 587 1900 §.
615 1857 647 1891 8.
682 1851 719 1887 δι
751 1850 780 1898 §.
810 1862 842 1896 3.
868 1852 913 1889 D.
940 1851 1091 1886 Mandan'
1108 1853 1157 1886 vel
1181 1859 1306 1897 contra,
1334 1851 1376 1893 ὅ)
1400 1854 1517 1890 Paulus
1543 1855 1564 1891 l.
1583 1858 1639 1899 67.
1665 1854 1693 1903 ᾗ.
1718 1867 1748 1890 1.
1773 1856 1820 1893 D.

117 1905 179 1941 Pro
194 1903 288 1952 ficio.

49 2001 250 2076 Respondi
267 2000 366 2032 tribus
384 1999 578 2041 argumentis
593 1998 706 2039 quibus
725 1997 913 2040 Chryfosto-

138 2053 206 2074 mus
231 2042 337 2074 foenus
365 2051 381 2072 a
399 2041 562 2073 locatione
580 2040 610 2071 &
635 2040 852 2072 conduftione
869 2039 913 2070 di-

49 2083 188 2125 stinguit.
231 2083 413 2124 Sequuntur
428 2082 486 2113 alia
505 2091 574 2123 quae
593 2090 658 2113 non
683 2081 784 2113 habet
808 2080 911 2122 Chry-

51 2124 214 2156 sostomuS.
240 2124 291 2156 sed
317 2125 389 2164 quia
415 2133 504 2163 teque
527 2131 581 2154 aut
598 2124 697 2164 magis
720 2122 790 2154 sunt
809 2123 910 2154 mole-

51 2166 95 2198 sta
111 2166 290 2197 doetiffimis
308 2165 507 2203 'nominibus3
533 2164 672 2202 curabo,
703 2173 738 2195 ut
757 2173 862 2203 neque
879 2163 911 2194 in

53 2207 102 2239 his
121 2208 315 2249 diligentiam
335 2215 437 2238 meam
457 2205 635 2237 desiderent
662 2206 715 2246 qui
739 2206 777 2236 ad
802 2214 910 2250 verum

52 2253 265 2280 contendunt.
291 2248 427 2279 Primum
446 2254 664 2288 argumentum
683 2247 746 2285 est,
770 2247 858 2287 quod
878 2255 909 2277 in

52 2289 179 2320 foenore
198 2290 372 2321 dominium
394 2289 601 2328 transfertur3
629 2289 661 2319 in
680 2288 844 2320 locatione
862 2297 910 2318 re-

55 2331 182 2361 tinetur.
207 2331 320 2371 probat
337 2331 430 2370 igitur
447 2331 528 2361 ratio
547 2329 741 2362 locationem
758 2340 768 2368 3
801 2329 909 2360 foenus

53 2371 233 2412 improbat:
258 2373 374 2412 quiam
401 2372 563 2403 locatione
585 2372 705 2402 fructus
722 2380 761 2402 ex
783 2380 817 2402 re
835 2379 908 2411 pro-

53 2414 119 2453 pria
137 2437 146 2451 ,
177 2414 207 2445 in
231 2412 357 2445 foenore
380 2422 419 2443 ex
442 2413 543 2444 aliena
569 2414 797 2453 percipiuntur.
849 2411 912 2443 Sed

54 2455 135 2485 hanc
152 2453 353 2486 subtilitatem
373 2463 441 2494 quae
461 2462 529 2485 tota
545 2454 624 2493 Jiiris
641 2454 753 2485 Civilis
769 2452 911 2492 est,n0n

53 2495 216 2536 adgnoscit
231 2496 313 2536 Juris
329 2495 484 2527 Gentium
503 2495 694 2536 simplicitas.
718 2504 808 2535 aeque
826 2495 911 2526 enirn

55 2541 171 2574 patitur
196 2539 407 2578 quantitatem
422 2560 433 2576 ,
462 2546 500 2568 ac
524 2546 640 2577 corpus
656 2559 665 2575 ‚
703 2537 825 2568 locari:
857 2535 912 2566 etii

54 2577 105 2616 Jus
130 2578 232 2610 Civile
259 2579 442 2619 quantitatis
465 2579 661 2610 locationem
685 2579 788 2610 mitius
809 2577 911 2608 ferat:

57 2627 91 2651 ut
110 2617 196 2659 supra
215 2620 291 2651 dixi.
316 2621 347 2651 id
367 2629 446 2651 vero
471 2619 492 2651 fi
510 2620 572 2658 est,
604 2620 699 2651 etiam
722 2620 840 2659 patitui·
860 2617 913 2657 lus

59 2657 235 2698 Gentium,
267 2661 439 2692 dominium
467 2662 581 2693 locatae
606 2661 789 2702 quantitatis
815 2667 913 2691 trans-

58 2698 148 2744 fefl‘li
172 2711 304 2742 eamque
330 2712 395 2733 non
420 2703 450 2734 in
475 2703 580 2742 specie
597 2725 606 2740 ‚
639 2702 691 2733 sed
716 2702 747 2733 in
773 2710 911 2742 genere,

60 2739 192 2773 restitui:
216 2743 402 2783 quamquam
418 2753 557 2782 corpore
573 2744 700 2782 locam,
725 2743 766 2774 nil
787 2740 912 2774 necess'e

61 2788 152 2819 putet
169 2803 178 2819 ‚
210 2784 383 2815 dominium
407 2785 505 2824 tradi3
535 2785 680 2825 velitque
705 2785 769 2816 hoc
796 2793 860 2815 non
880 2783 911 2813 in

59 2831 176 2861 genere
191 2845 200 2860 ‚
228 2823 280 2856 sed
299 2826 329 2856 in
352 2825 474 2865 specie,
496 2826 617 2857 restitui
634 2837 641 2858 :
670 2827 742 2866 quia
759 2826 860 2857 altero
880 2824 912 2855 in

59 2861 128 2892 casu
145 2863 234 2894 aliter
255 2865 323 2896 usus
345 2866 452 2897 haberi
478 2867 585 2906 potest
602 2890 611 2906 ,
641 2867 741 2898 altero
764 2876 829 2897 non
854 2874 911 2906 po-

60 2902 128 2948 test·
153 2913 270 2943 porro,
293 2905 315 2937 fi
330 2908 473 2947 corporis
490 2909 615 2940 locator
632 2909 813 2940 mercedem
831 2906 913 2937 acci-

58 2951 108 2989 pit·
137 2954 196 2990 pro
228 2944 308 2984 usu,
338 2947 393 2978 ctfi
425 2958 490 2981 non
519 2949 687 2982 transferat
718 2948 912 2981 dominium:

56 2988 134 3024 quid
161 2995 192 3016 ni
218 2988 400 3027 quantitatis
428 2990 550 3022 locator
566 3014 575 3029 ‚
607 2992 724 3022 tradito
742 2989 886 3022 dominio
903 3011 912 3027 ,

57 3028 240 3074 mercedem
265 3037 324 3068 pro
349 3028 401 3059 usu
425 3029 538 3062 ferat?
565 3041 638 3063 cum
665 3033 776 3073 utiquc
803 3040 913 3062 verum

57 3067 94 3099 sit
104 3091 114 3114 ³.
125 3077 334 3105 quantitatem
352 3070 481 3110 locaffe‚
493 3073 522 3103 ἀ
532 3072 620 3113 liujus
629 3073 805 3105 dominium
817 3081 913 3103 trans-

59 3108 170 3140 tuliss'e.
188 3119 252 3142 non
269 3111 299 3142 in
314 3120 523 3152 perpetuum,
543 3123 602 3145 nec
619 3124 658 3146 ne
678 3114 742 3155 ipse
763 3114 912 3145 haberet:

57 3149 110 3180 scd
129 3151 166 3181 ad
184 3158 435 3193 tempus,atque
452 3162 486 3185 ut
501 3155 660 3194 accipiens
679 3156 806 3187 interim
824 3154 916 3186 habe-

59 3199 106 3221 ret
122 3191 205 3224 usum
217 3203 332 3234 ,quem
350 3195 538 3234 alioquinin
557 3205 591 3227 re
611 3206 680 3236 quae
697 3197 817 3228 utendo
839 3206 915 3228 con-

56 3230 220 3307 sussgzur}
241 3235 358 3270 habere
380 3245 446 3270 nou
468 3244 607 3279 poterat.
633 3238 677 3271 ita
700 3237 858 3278 efficitur,
881 3246 916 3274 ut

155 3285 174 3306 b.
217 3299 224 3309 ι

955 1998 986 2029 in
1013 1997 1144 2029 foenore
1161 2006 1226 2029 non
1245 2007 1286 2029 eo
1310 1999 1470 2040 pertineat
1487 2001 1620 2034 dominii
1638 2001 1822 2039 translatio,

955 2047 989 2070 nt
1013 2039 1154 2070 creditor
1178 2042 1280 2071 minus
1296 2063 1305 2078 ‚
1336 2041 1389 2072 sed
1421 2050 1456 2073 ut
1480 2052 1571 2083 aeque
1590 2066 1599 2081 ,
1636 2043 1821 2074 mercedem

955 2080 1094 2124 habeat:
1134 2082 1262 2121 quando
1289 2082 1428 2114 debitori
1460 2084 1636 2117 dominium
1663 2084 1717 2115 dat
1750 2083 1820 2115 usus

954 2122 1043 2167 caula
1061 2132 1071 2160 ;
1102 2121 1132 2152 δε
1148 2123 1195 2161 jus
1219 2124 1332 2154 crediti
1358 2125 1389 2155 in
1407 2125 1523 2157 eodem
1541 2126 1708 2167 repetendi
1725 2135 1821 2166 gene-

954 2173 988 2194 re
1007 2172 1078 2193 vice
1104 2164 1235 2195 dominii
1261 2165 1398 2204 retinet3
1421 2167 1559 2207 denique
1577 2191 1586 2206 ,
1616 2166 1736 2199 fruetus
1752 2176 1818 2199 non

953 2214 994 2236 ex
1013 2205 1136 2243 alieno,
1160 2204 1212 2237 sed
1238 2215 1278 2236 ex
1301 2206 1376 2245 suo,
1396 2207 1465 2246 jure
1482 2209 1609 2252 accipit.

991 2246 1137 2278 Alterum
1163 2255 1382 2287 argumentum
1407 2249 1476 2280 est:
1508 2251 1597 2290 quod
1615 2250 1741 2281 locator
1763 2250 1819 2282 de-

953 2286 1008 2318 bet
1032 2288 1224 2319 conductori
1252 2289 1395 2329 praestare
1410 2313 1420 2328 ‚
1454 2291 1499 2322 nti
1521 2291 1583 2323 frui
1610 2291 1708 2323 licere
1727 2291 1746 2323 l.
1770 2301 1818 2332 15.

952 2328 981 2370 §.
1004 2338 1029 2360 1.
1053 2328 1096 2360 D.
1116 2329 1220 2360 Locatz'
1237 2331 1388 2369 comiaffl3
1411 2341 1447 2362 ac
1464 2331 1484 2363 fi
1500 2333 1569 2364 casu
1586 2331 1656 2371 fiat,
1682 2342 1722 2364 ne
1742 2342 1821 2372 prae-

953 2371 1030 2407 stet‚
1064 2379 1129 2401 non
1154 2379 1280 2402 tenetur
1303 2373 1480 2404 conductor
1496 2375 1533 2404 ad
1559 2373 1717 2412 promiss‘ae
1736 2383 1819 2406 mer-

954 2413 1040 2443 cedis
1060 2411 1249 2443 solutioiiem
1268 2414 1294 2444 ci.
1318 2414 1337 2443 l.
1358 2423 1403 2453 15.
1427 2414 1455 2454 §.
1477 2424 1505 2445 2.
1530 2414 1565 2449 ὃ)
1585 2415 1604 2445 l.
1621 2425 1671 2456 33.
1699 2414 1742 2448 D.
1756 2416 1819 2447 eod.

954 2453 1001 2484 tit.
1026 2452 1078 2484 sed
1096 2454 1128 2484 in
1150 2452 1278 2484 foenore
1294 2462 1406 2485 contra
1423 2455 1485 2486 est:
1509 2463 1637 2487 tenetur
1654 2457 1739 2488 enim
1765 2457 1820 2488 de-

954 2495 1039 2525 bitor
1055 2495 1093 2526 ad
1116 2494 1271 2534 promiss'ae
1294 2496 1450 2528 mercedis
1474 2497 1729 2537 praestationeiri3
1753 2497 1819 2530 five

955 2536 1101 2566 habuerit
1125 2537 1265 2575 pecuniae
1294 2537 1408 2575 usum,
1447 2537 1510 2569 [ive
1544 2538 1630 2570 hunc
1661 2537 1818 2571 fortuitus

954 2577 1137 2617 impedierit
1152 2576 1250 2608 casus,
1275 2577 1419 2617 iniquum
1431 2579 1526 2620 igitur
1541 2580 1649 2612 foenus
1666 2579 1730 2612 est:
1743 2590 1819 2613 cum

955 2619 1063 2658 iniqua
1088 2628 1152 2649 non
1183 2618 1220 2649 sit
1248 2619 1369 2650 locatio
1397 2622 1581 2653 conductio.
1623 2621 1685 2653 Sed
1712 2632 1818 2664 neque

955 2660 1026 2690 haec
1053 2660 1193 2699 objectio
1212 2683 1222 2698 ,
1251 2660 1307 2691 etsi
1325 2661 1428 2700 primo
1448 2662 1595 2703 adspeftu
1618 2663 1755 2696 difficilis
1775 2665 1820 2696 vi-

956 2701 1091 2739 deatur,
1116 2701 1209 2732 ullius
1226 2702 1350 2741 rei-est,
1375 2702 1396 2734 fi
1422 2704 1459 2736 ad
1482 2705 1663 2746 diligentius
1681 2715 1819 2738 examen

955 2750 1138 2774 revocetur.
1164 2743 1235 2783 quia
1250 2744 1396 2784 corporis
1411 2745 1531 2778 locatio
1549 2756 1615 2778 non
1633 2746 1670 2778 fit
1686 2748 1725 2779 ad
1743 2757 1820 2788 qua-

956 2783 1159 2823 lemcumque
1192 2783 1305 2820 usum;
1337 2784 1390 2817 sed
1418 2786 1456 2817 fit
1483 2788 1522 2819 ad
1553 2787 1639 2820 usum
1670 2797 1814 2821 certum:

956 2824 1130 2865 eumquefi
1145 2835 1210 2857 non
1233 2825 1349 2858 habeat
1373 2829 1571 2868 conductor,
1595 2830 1817 2862 intercedente

956 2865 1049 2905 casu3
1080 2876 1144 2898 non
1167 2867 1211 2898 est
1234 2868 1362 2907 quidem
1387 2870 1473 2909 quod
1498 2871 1663 2910 locatori,
1695 2879 1727 2902 at
1754 2879 1816 2902 nec

956 2907 1001 2939 est
1021 2908 1109 2947 quod
1126 2909 1332 2948 conductori,
1363 2910 1547 2951 imputetur.
1571 2913 1676 2953 placet
1699 2912 1815 2952 igitur,

956 2947 1062 2980 casum
1085 2959 1149 2981 non
1171 2951 1386 2990 conductori,
1419 2952 1471 2984 sed
1497 2954 1652 2992 locatori,
1675 2962 1815 2986 nocere:

956 2989 1020 3037 live
1035 2991 1107 3030 quia
1123 2991 1187 3023 hoc
1203 2992 1347 3025 dominio
1365 2993 1564 3035 consequens
1581 2993 1643 3032 est3
1666 2993 1728 3025 sive
1745 2996 1818 3033 quia

957 3040 999 3062 ita
1022 3033 1119 3063 tacite
1143 3042 1342 3066 conventum
1363 3035 1500 3067 videtur.
1532 3044 1597 3066 non
1615 3035 1700 3065 idem
1720 3035 1765 3067 est
1782 3036 1815 3069 in

956 3072 1111 3106 foenore:
1143 3084 1215 3106 nam
1239 3075 1269 3107 in
1295 3086 1336 3106 eo
1359 3077 1484 3108 locatur
1500 3076 1636 3107 debitori
1661 3077 1813 3119 pecunia,

955 3124 1022 3146 non
1045 3116 1243 3155 adstcertum,
1268 3116 1319 3148 sed
1335 3118 1373 3148 ad
1394 3118 1681 3157 qualemcumque,
1706 3117 1812 3154 usum:

956 3157 1028 3195 quia
1047 3157 1075 3188 ei
1102 3157 1144 3189 fic
1169 3159 1259 3190 datur
1274 3181 1284 3197 ‚
1312 3167 1347 3189 ut
1368 3158 1541 3189 dominium
1564 3157 1594 3188 in
1617 3166 1690 3190 eum
1715 3167 1813 3194 trans-

955 3197 1093 3230 feratur:
1119 3209 1179 3230 nec
1197 3200 1292 3240 igitur
1315 3198 1475 3240 promittit
1496 3198 1624 3230 debitor
1642 3201 1813 3244 creditori,

955 3240 1091 3282 pecunia
1116 3243 1161 3274 uti
1186 3240 1252 3276 hoc
1275 3249 1330 3273 aut
1352 3240 1414 3311 ill}
1435 3239 1557 3273 modo:
1578 3249 1628 3283 ‚ne
1647 3242 1812 3277 confilium

1745 3293 1813 3325 qui·
