<?xml version="1.0" encoding="UTF-8"?>
<!DOCTYPE html PUBLIC "-//W3C//DTD XHTML 1.0 Transitional//EN"
    "http://www.w3.org/TR/xhtml1/DTD/xhtml1-transitional.dtd">
<html xmlns="http://www.w3.org/1999/xhtml" xml:lang="en" lang="en">
 <head>
  <title>
</title>
<meta http-equiv="Content-Type" content="text/html;charset=utf-8" />
  <meta name='ocr-system' content='tesseract 3.04.00' />
  <meta name='ocr-capabilities' content='ocr_page ocr_carea ocr_par ocr_line ocrx_word'/>
</head>
<body>
  <div class='ocr_page' id='page_1' title='image "./gerardinoodtnovi00nood_0612.png"; bbox 0 0 2036 3495; ppageno 0'>
   <div class='ocr_carea' id='block_1_1' title="bbox 162 104 1032 159">
    <p class='ocr_par' dir='ltr' id='par_1_1' title="bbox 162 104 1032 159">
     <span class='ocr_line' id='line_1_1' title="bbox 162 104 1032 159; baseline -0.02 0"><span class='ocrx_word' id='word_1_1' title='bbox 162 123 210 159; x_wconf 72' lang='grc' dir='ltr'>ΒΟ</span> <span class='ocrx_word' id='word_1_2' title='bbox 993 104 1032 142; x_wconf 87' lang='grc' dir='ltr'>Ν</span> 
     </span>
    </p>
   </div>
   <div class='ocr_carea' id='block_1_2' title="bbox 146 194 1039 3208">
    <p class='ocr_par' dir='ltr' id='par_1_2' title="bbox 153 194 1039 694">
     <span class='ocr_line' id='line_1_2' title="bbox 153 194 1038 244; baseline -0.008 -10"><span class='ocrx_word' id='word_1_3' title='bbox 153 202 211 244; x_wconf 37' lang='lat' dir='ltr'>&#39;rei</span> <span class='ocrx_word' id='word_1_4' title='bbox 227 199 352 241; x_wconf 82' lang='lat' dir='ltr'>maJoris</span> <span class='ocrx_word' id='word_1_5' title='bbox 370 208 420 230; x_wconf 89' lang='lat' dir='ltr'>res</span> <span class='ocrx_word' id='word_1_6' title='bbox 436 196 518 230; x_wconf 84' lang='lat' dir='ltr'>saera</span> <span class='ocrx_word' id='word_1_7' title='bbox 535 198 664 229; x_wconf 87' lang='lat' dir='ltr'>alienari</span> <span class='ocrx_word' id='word_1_8' title='bbox 680 195 803 236; x_wconf 88' lang='lat' dir='ltr'>potest:</span> <span class='ocrx_word' id='word_1_9' title='bbox 819 201 854 226; x_wconf 92' lang='lat' dir='ltr'>ut</span> <span class='ocrx_word' id='word_1_10' title='bbox 871 194 978 226; x_wconf 77' lang='lat' dir='ltr'>veniet</span> <span class='ocrx_word' id='word_1_11' title='bbox 993 195 1038 227; x_wconf 90' lang='lat' dir='ltr'>di·</span> 
     </span>
     <span class='ocr_line' id='line_1_3' title="bbox 165 236 1036 277; baseline -0.009 -3"><span class='ocrx_word' id='word_1_12' title='bbox 165 244 260 274; x_wconf 87' lang='lat' dir='ltr'>cendi</span> <span class='ocrx_word' id='word_1_13' title='bbox 286 243 374 272; x_wconf 88' lang='lat' dir='ltr'>locus</span> <span class='ocrx_word' id='word_1_14' title='bbox 398 239 444 269; x_wconf 82' lang='lat' dir='ltr'>lib.</span> <span class='ocrx_word' id='word_1_15' title='bbox 471 244 516 274; x_wconf 82' lang='lat'>18.</span> <span class='ocrx_word' id='word_1_16' title='bbox 540 243 587 270; x_wconf 76' lang='lat' dir='ltr'>tz&#39;t.</span> <span class='ocrx_word' id='word_1_17' title='bbox 614 248 641 272; x_wconf 95' lang='grc'>1.</span> <span class='ocrx_word' id='word_1_18' title='bbox 678 237 748 269; x_wconf 85' lang='grc'><strong>11110</strong></span> <span class='ocrx_word' id='word_1_19' title='bbox 762 236 951 277; x_wconf 75' lang='lat' dir='ltr'>justinianus</span> <span class='ocrx_word' id='word_1_20' title='bbox 968 245 1036 267; x_wconf 87' lang='lat' dir='ltr'>eain</span> 
     </span>
     <span class='ocr_line' id='line_1_4' title="bbox 165 278 1038 324; baseline -0.006 -10"><span class='ocrx_word' id='word_1_21' title='bbox 165 282 382 324; x_wconf 71' lang='lat' dir='ltr'>principaliter</span> <span class='ocrx_word' id='word_1_22' title='bbox 398 280 526 311; x_wconf 89' lang='lat' dir='ltr'>alienari</span> <span class='ocrx_word' id='word_1_23' title='bbox 543 279 614 310; x_wconf 86' lang='lat' dir='ltr'>sinit</span> <span class='ocrx_word' id='word_1_24' title='bbox 630 287 762 319; x_wconf 87' lang='lat' dir='ltr'>propter</span> <span class='ocrx_word' id='word_1_25' title='bbox 779 278 1038 318; x_wconf 81' lang='lat' dir='ltr'>redemptionem</span> 
     </span>
     <span class='ocr_line' id='line_1_5' title="bbox 167 317 1038 362; baseline -0.006 -8"><span class='ocrx_word' id='word_1_26' title='bbox 167 324 369 362; x_wconf 79' lang='lat' dir='ltr'>captivorum</span> <span class='ocrx_word' id='word_1_27' title='bbox 392 322 420 351; x_wconf 88' lang='lat' dir='ltr'>d.</span> <span class='ocrx_word' id='word_1_28' title='bbox 448 320 475 362; x_wconf 85' lang='lat'>§.</span> <span class='ocrx_word' id='word_1_29' title='bbox 500 325 530 354; x_wconf 82' lang='lat'>8.</span> <span class='ocrx_word' id='word_1_30' title='bbox 557 329 617 352; x_wconf 91' lang='lat' dir='ltr'>nec</span> <span class='ocrx_word' id='word_1_31' title='bbox 641 320 744 351; x_wconf 75' lang='lat' dir='ltr'>minus</span> <span class='ocrx_word' id='word_1_32' title='bbox 762 321 806 350; x_wconf 90' lang='lat' dir='ltr'>ob</span> <span class='ocrx_word' id='word_1_33' title='bbox 824 318 975 360; x_wconf 75' lang='lat' dir='ltr'>insignem</span> <span class='ocrx_word' id='word_1_34' title='bbox 993 317 1038 349; x_wconf 82' lang='lat' dir='ltr'>fa-</span> 
     </span>
     <span class='ocr_line' id='line_1_6' title="bbox 165 360 1038 401; baseline -0.003 -7"><span class='ocrx_word' id='word_1_35' title='bbox 165 373 270 400; x_wconf 89' lang='lat' dir='ltr'>mem,</span> <span class='ocrx_word' id='word_1_36' title='bbox 288 363 317 393; x_wconf 82' lang='lat'>&amp;</span> <span class='ocrx_word' id='word_1_37' title='bbox 334 362 452 401; x_wconf 82' lang='lat' dir='ltr'>grande</span> <span class='ocrx_word' id='word_1_38' title='bbox 469 371 509 392; x_wconf 85' lang='lat' dir='ltr'>aes</span> <span class='ocrx_word' id='word_1_39' title='bbox 525 361 663 392; x_wconf 86' lang='lat' dir='ltr'>alienum</span> <span class='ocrx_word' id='word_1_40' title='bbox 681 360 822 393; x_wconf 71' lang='lat' dir='ltr'>ecclesiae</span> <span class='ocrx_word' id='word_1_41' title='bbox 840 364 927 400; x_wconf 84' lang='lat' dir='ltr'>quod</span> <span class='ocrx_word' id='word_1_42' title='bbox 942 361 1038 391; x_wconf 89' lang='lat' dir='ltr'>aliun-</span> 
     </span>
     <span class='ocr_line' id='line_1_7' title="bbox 166 401 1038 443; baseline -0.003 -9"><span class='ocrx_word' id='word_1_43' title='bbox 166 406 207 434; x_wconf 97' lang='lat' dir='ltr'>de</span> <span class='ocrx_word' id='word_1_44' title='bbox 225 411 365 443; x_wconf 84' lang='lat' dir='ltr'>nequeat</span> <span class='ocrx_word' id='word_1_45' title='bbox 380 401 502 434; x_wconf 80' lang='lat' dir='ltr'>diffolvi</span> <span class='ocrx_word' id='word_1_46' title='bbox 521 402 538 433; x_wconf 85' lang='grc' dir='ltr'><strong>ί.</strong></span> <span class='ocrx_word' id='word_1_47' title='bbox 559 412 608 435; x_wconf 85' lang='lat'>21.</span> <span class='ocrx_word' id='word_1_48' title='bbox 628 402 664 436; x_wconf 59' lang='grc' dir='ltr'>ὅ)</span> <span class='ocrx_word' id='word_1_49' title='bbox 677 403 757 433; x_wconf 82' lang='lat' dir='ltr'>autb.</span> <span class='ocrx_word' id='word_1_50' title='bbox 773 403 827 443; x_wconf 81' lang='lat' dir='ltr'>leq.</span> <span class='ocrx_word' id='word_1_51' title='bbox 848 402 880 432; x_wconf 92' lang='lat' dir='ltr'>C.</span> <span class='ocrx_word' id='word_1_52' title='bbox 898 403 931 432; x_wconf 87' lang='lat' dir='ltr'>de</span> <span class='ocrx_word' id='word_1_53' title='bbox 948 402 1038 438; x_wconf 80' lang='lat' dir='ltr'>sacro-</span> 
     </span>
     <span class='ocr_line' id='line_1_8' title="bbox 154 442 1039 484; baseline -0.002 -9"><span class='ocrx_word' id='word_1_54' title='bbox 154 443 255 484; x_wconf 59' lang='grc' dir='ltr'><strong>μηδ.</strong></span> <span class='ocrx_word' id='word_1_55' title='bbox 272 443 364 483; x_wconf 76' lang='lat' dir='ltr'>eccleſs</span> <span class='ocrx_word' id='word_1_56' title='bbox 390 443 570 483; x_wconf 71' lang='lat' dir='ltr'>Caeterum,</span> <span class='ocrx_word' id='word_1_57' title='bbox 594 443 650 475; x_wconf 86' lang='lat' dir='ltr'>etfi</span> <span class='ocrx_word' id='word_1_58' title='bbox 667 443 891 476; x_wconf 84' lang='lat' dir='ltr'>alienationem</span> <span class='ocrx_word' id='word_1_59' title='bbox 909 442 1039 483; x_wconf 72' lang='lat' dir='ltr'>effugiat</span> 
     </span>
     <span class='ocr_line' id='line_1_9' title="bbox 162 484 1039 526; baseline -0.003 -9"><span class='ocrx_word' id='word_1_60' title='bbox 162 495 215 517; x_wconf 81' lang='lat' dir='ltr'>res</span> <span class='ocrx_word' id='word_1_61' title='bbox 232 484 333 523; x_wconf 83' lang='lat' dir='ltr'>sacra,</span> <span class='ocrx_word' id='word_1_62' title='bbox 350 485 497 517; x_wconf 85' lang='lat' dir='ltr'>obstante</span> <span class='ocrx_word' id='word_1_63' title='bbox 514 485 690 526; x_wconf 73' lang='lat' dir='ltr'>religione,</span> <span class='ocrx_word' id='word_1_64' title='bbox 705 484 725 516; x_wconf 88' lang='lat' dir='ltr'>si</span> <span class='ocrx_word' id='word_1_65' title='bbox 742 486 772 516; x_wconf 90' lang='lat' dir='ltr'>in</span> <span class='ocrx_word' id='word_1_66' title='bbox 792 484 929 516; x_wconf 85' lang='lat' dir='ltr'>hostium</span> <span class='ocrx_word' id='word_1_67' title='bbox 949 492 1039 524; x_wconf 89' lang='lat' dir='ltr'>pote-</span> 
     </span>
     <span class='ocr_line' id='line_1_10' title="bbox 162 525 1038 568; baseline -0.003 -10"><span class='ocrx_word' id='word_1_68' title='bbox 162 526 276 558; x_wconf 86' lang='lat' dir='ltr'>statem</span> <span class='ocrx_word' id='word_1_69' title='bbox 301 527 424 563; x_wconf 82' lang='lat' dir='ltr'>veniat,</span> <span class='ocrx_word' id='word_1_70' title='bbox 445 528 518 568; x_wconf 79' lang='lat' dir='ltr'>quia</span> <span class='ocrx_word' id='word_1_71' title='bbox 545 526 683 558; x_wconf 86' lang='lat' dir='ltr'>hostium</span> <span class='ocrx_word' id='word_1_72' title='bbox 700 526 735 557; x_wconf 86' lang='lat' dir='ltr'>fit</span> <span class='ocrx_word' id='word_1_73' title='bbox 750 528 817 567; x_wconf 86' lang='lat' dir='ltr'>jure</span> <span class='ocrx_word' id='word_1_74' title='bbox 835 526 931 562; x_wconf 90' lang='lat' dir='ltr'>belli,</span> <span class='ocrx_word' id='word_1_75' title='bbox 955 525 1038 556; x_wconf 89' lang='lat' dir='ltr'>sacra</span> 
     </span>
     <span class='ocr_line' id='line_1_11' title="bbox 164 566 1036 604; baseline -0.002 -6"><span class='ocrx_word' id='word_1_76' title='bbox 164 567 227 598; x_wconf 63' lang='lat' dir='ltr'>ess‘e</span> <span class='ocrx_word' id='word_1_77' title='bbox 250 566 372 600; x_wconf 84' lang='lat' dir='ltr'>desinit.</span> <span class='ocrx_word' id='word_1_78' title='bbox 397 577 431 599; x_wconf 88' lang='lat' dir='ltr'>ut</span> <span class='ocrx_word' id='word_1_79' title='bbox 454 577 559 599; x_wconf 87' lang='lat' dir='ltr'>tamen</span> <span class='ocrx_word' id='word_1_80' title='bbox 583 568 713 599; x_wconf 85' lang='lat' dir='ltr'>liberata</span> <span class='ocrx_word' id='word_1_81' title='bbox 734 566 836 599; x_wconf 87' lang='lat' dir='ltr'>rursus</span> <span class='ocrx_word' id='word_1_82' title='bbox 862 566 966 598; x_wconf 84' lang='lat' dir='ltr'>hostili</span> <span class='ocrx_word' id='word_1_83' title='bbox 985 566 1036 604; x_wconf 91' lang='lat' dir='ltr'>vi,</span> 
     </span>
     <span class='ocr_line' id='line_1_12' title="bbox 164 606 1036 650; baseline -0.002 -11"><span class='ocrx_word' id='word_1_84' title='bbox 164 607 249 649; x_wconf 82' lang='lat' dir='ltr'>quasi</span> <span class='ocrx_word' id='word_1_85' title='bbox 262 611 331 649; x_wconf 90' lang='lat' dir='ltr'>jure</span> <span class='ocrx_word' id='word_1_86' title='bbox 348 608 532 650; x_wconf 85' lang='lat' dir='ltr'>postliminii</span> <span class='ocrx_word' id='word_1_87' title='bbox 549 608 680 650; x_wconf 87' lang='lat' dir='ltr'>pristino</span> <span class='ocrx_word' id='word_1_88' title='bbox 705 608 795 641; x_wconf 83' lang='lat' dir='ltr'>statui</span> <span class='ocrx_word' id='word_1_89' title='bbox 815 607 997 640; x_wconf 83' lang='lat' dir='ltr'>restituatur</span> <span class='ocrx_word' id='word_1_90' title='bbox 1015 606 1036 638; x_wconf 77' lang='lat' dir='ltr'>l.</span> 
     </span>
     <span class='ocr_line' id='line_1_13' title="bbox 161 649 459 694; baseline -0.003 -12"><span class='ocrx_word' id='word_1_91' title='bbox 161 654 213 692; x_wconf 77' lang='lat'>3⁶·</span> <span class='ocrx_word' id='word_1_92' title='bbox 232 649 275 682; x_wconf 87' lang='lat' dir='ltr'>D.</span> <span class='ocrx_word' id='word_1_93' title='bbox 290 652 323 682; x_wconf 87' lang='lat' dir='ltr'>de</span> <span class='ocrx_word' id='word_1_94' title='bbox 338 650 459 694; x_wconf 69' lang='lat' dir='ltr'>religiqfi</span> 
     </span>
    </p>

    <p class='ocr_par' dir='ltr' id='par_1_3' title="bbox 146 688 1037 1764">
     <span class='ocr_line' id='line_1_14' title="bbox 204 688 1034 731; baseline -0.005 -8"><span class='ocrx_word' id='word_1_95' title='bbox 204 691 315 724; x_wconf 83' lang='lat' dir='ltr'>Altera</span> <span class='ocrx_word' id='word_1_96' title='bbox 333 691 453 731; x_wconf 87' lang='lat' dir='ltr'>species</span> <span class='ocrx_word' id='word_1_97' title='bbox 469 701 573 724; x_wconf 85' lang='lat' dir='ltr'>rerum</span> <span class='ocrx_word' id='word_1_98' title='bbox 589 692 703 724; x_wconf 86' lang='lat' dir='ltr'>nullius</span> <span class='ocrx_word' id='word_1_99' title='bbox 730 691 897 723; x_wconf 80' lang='lat' dir='ltr'>Marciano</span> <span class='ocrx_word' id='word_1_100' title='bbox 922 689 941 720; x_wconf 91' lang='lat' dir='ltr'>l.</span> <span class='ocrx_word' id='word_1_101' title='bbox 960 691 986 721; x_wconf 77' lang='lat'>6.</span> <span class='ocrx_word' id='word_1_102' title='bbox 1006 688 1034 730; x_wconf 67' lang='grc' dir='ltr'>ξ),</span> 
     </span>
     <span class='ocr_line' id='line_1_15' title="bbox 163 731 1037 775; baseline -0.002 -12"><span class='ocrx_word' id='word_1_103' title='bbox 163 741 192 763; x_wconf 85' lang='lat'>2.</span> <span class='ocrx_word' id='word_1_104' title='bbox 212 733 240 764; x_wconf 89' lang='lat' dir='ltr'>h.</span> <span class='ocrx_word' id='word_1_105' title='bbox 263 739 284 765; x_wconf 92' lang='lat' dir='ltr'>t.</span> <span class='ocrx_word' id='word_1_106' title='bbox 304 733 348 765; x_wconf 85' lang='lat' dir='ltr'>est</span> <span class='ocrx_word' id='word_1_107' title='bbox 370 743 418 764; x_wconf 83' lang='lat' dir='ltr'>res</span> <span class='ocrx_word' id='word_1_108' title='bbox 436 734 588 775; x_wconf 77' lang='lat' dir='ltr'>religiosa.</span> <span class='ocrx_word' id='word_1_109' title='bbox 607 734 737 774; x_wconf 80' lang='lat' dir='ltr'>ejusque</span> <span class='ocrx_word' id='word_1_110' title='bbox 754 733 798 764; x_wconf 90' lang='lat' dir='ltr'>rei</span> <span class='ocrx_word' id='word_1_111' title='bbox 816 731 1037 763; x_wconf 85' lang='lat' dir='ltr'>definitionem</span> 
     </span>
     <span class='ocr_line' id='line_1_16' title="bbox 160 773 1036 816; baseline -0.003 -11"><span class='ocrx_word' id='word_1_112' title='bbox 160 783 240 805; x_wconf 85' lang='lat' dir='ltr'>mox</span> <span class='ocrx_word' id='word_1_113' title='bbox 255 773 320 814; x_wconf 80' lang='lat' dir='ltr'>ipse</span> <span class='ocrx_word' id='word_1_114' title='bbox 337 775 459 815; x_wconf 76' lang='lat' dir='ltr'>subjicit</span> <span class='ocrx_word' id='word_1_115' title='bbox 476 775 508 816; x_wconf 83' lang='lat'>§.</span> <span class='ocrx_word' id='word_1_116' title='bbox 524 786 553 814; x_wconf 80' lang='lat'>4,</span> <span class='ocrx_word' id='word_1_117' title='bbox 572 775 614 806; x_wconf 86' lang='lat' dir='ltr'>ibi</span> <span class='ocrx_word' id='word_1_118' title='bbox 633 774 662 805; x_wconf 86' lang='lat' dir='ltr'>se</span> <span class='ocrx_word' id='word_1_119' title='bbox 689 782 796 806; x_wconf 76' lang='lat' dir='ltr'>uente.</span> <span class='ocrx_word' id='word_1_120' title='bbox 826 782 919 811; x_wconf 80' lang='lat' dir='ltr'>quam</span> <span class='ocrx_word' id='word_1_121' title='bbox 937 781 1036 811; x_wconf 84' lang='lat' dir='ltr'>expo-</span> 
     </span>
     <span class='ocr_line' id='line_1_17' title="bbox 159 813 1037 857; baseline -0.003 -10"><span class='ocrx_word' id='word_1_122' title='bbox 159 823 234 847; x_wconf 88' lang='lat' dir='ltr'>nam</span> <span class='ocrx_word' id='word_1_123' title='bbox 248 816 300 847; x_wconf 88' lang='lat' dir='ltr'>lib.</span> <span class='ocrx_word' id='word_1_124' title='bbox 315 825 367 847; x_wconf 77' lang='lat' dir='ltr'>xi.</span> <span class='ocrx_word' id='word_1_125' title='bbox 386 817 436 847; x_wconf 90' lang='lat' dir='ltr'>tit.</span> <span class='ocrx_word' id='word_1_126' title='bbox 454 825 526 851; x_wconf 72' lang='lat' dir='ltr'>vir.</span> <span class='ocrx_word' id='word_1_127' title='bbox 539 818 591 857; x_wconf 89' lang='lat' dir='ltr'>qui</span> <span class='ocrx_word' id='word_1_128' title='bbox 610 815 655 847; x_wconf 86' lang='lat' dir='ltr'>est</span> <span class='ocrx_word' id='word_1_129' title='bbox 701 826 714 846; x_wconf 86' lang='lat' dir='ltr'>e</span> <span class='ocrx_word' id='word_1_130' title='bbox 732 813 874 856; x_wconf 77' lang='lat' dir='ltr'>religiofis.</span> <span class='ocrx_word' id='word_1_131' title='bbox 903 815 954 845; x_wconf 88' lang='lat' dir='ltr'>hic</span> <span class='ocrx_word' id='word_1_132' title='bbox 973 821 1037 845; x_wconf 88' lang='lat' dir='ltr'>tan-</span> 
     </span>
     <span class='ocr_line' id='line_1_18' title="bbox 159 855 1037 896; baseline -0.002 -8"><span class='ocrx_word' id='word_1_133' title='bbox 159 862 230 889; x_wconf 90' lang='lat' dir='ltr'>tum</span> <span class='ocrx_word' id='word_1_134' title='bbox 252 856 449 896; x_wconf 74' lang='lat' dir='ltr'>observabo,</span> <span class='ocrx_word' id='word_1_135' title='bbox 473 857 619 889; x_wconf 68' lang='lat' dir='ltr'>interesse</span> <span class='ocrx_word' id='word_1_136' title='bbox 638 866 720 889; x_wconf 86' lang='lat' dir='ltr'>inter</span> <span class='ocrx_word' id='word_1_137' title='bbox 741 858 849 889; x_wconf 90' lang='lat' dir='ltr'>locum</span> <span class='ocrx_word' id='word_1_138' title='bbox 867 856 990 888; x_wconf 87' lang='lat' dir='ltr'>sacrum</span> <span class='ocrx_word' id='word_1_139' title='bbox 1008 855 1037 886; x_wconf 78' lang='grc' dir='ltr'>δι</span> 
     </span>
     <span class='ocr_line' id='line_1_19' title="bbox 158 895 1037 940; baseline -0.003 -10"><span class='ocrx_word' id='word_1_140' title='bbox 158 898 361 939; x_wconf 78' lang='lat' dir='ltr'>religiosum,</span> <span class='ocrx_word' id='word_1_141' title='bbox 378 898 433 930; x_wconf 83' lang='lat' dir='ltr'>etfi</span> <span class='ocrx_word' id='word_1_142' title='bbox 448 906 582 940; x_wconf 85' lang='lat' dir='ltr'>uterque</span> <span class='ocrx_word' id='word_1_143' title='bbox 598 898 634 930; x_wconf 87' lang='lat' dir='ltr'>fit</span> <span class='ocrx_word' id='word_1_144' title='bbox 651 899 747 930; x_wconf 87' lang='lat' dir='ltr'>divini</span> <span class='ocrx_word' id='word_1_145' title='bbox 762 898 847 938; x_wconf 81' lang='lat' dir='ltr'>juris.</span> <span class='ocrx_word' id='word_1_146' title='bbox 864 906 936 929; x_wconf 90' lang='lat' dir='ltr'>nam</span> <span class='ocrx_word' id='word_1_147' title='bbox 953 895 1037 927; x_wconf 87' lang='lat' dir='ltr'>sacer</span> 
     </span>
     <span class='ocr_line' id='line_1_20' title="bbox 161 937 1035 980; baseline -0.003 -9"><span class='ocrx_word' id='word_1_148' title='bbox 161 939 255 971; x_wconf 86' lang='lat' dir='ltr'>locus</span> <span class='ocrx_word' id='word_1_149' title='bbox 272 940 389 971; x_wconf 89' lang='lat' dir='ltr'>dicitur</span> <span class='ocrx_word' id='word_1_150' title='bbox 407 940 530 972; x_wconf 85' lang='lat' dir='ltr'>dicatus</span> <span class='ocrx_word' id='word_1_151' title='bbox 544 939 616 972; x_wconf 86' lang='lat' dir='ltr'>Diis</span> <span class='ocrx_word' id='word_1_152' title='bbox 631 939 767 980; x_wconf 86' lang='lat' dir='ltr'>superis:</span> <span class='ocrx_word' id='word_1_153' title='bbox 785 939 947 980; x_wconf 78' lang='lat' dir='ltr'>religiosus</span> <span class='ocrx_word' id='word_1_154' title='bbox 965 937 1035 969; x_wconf 91' lang='lat' dir='ltr'>Diis</span> 
     </span>
     <span class='ocr_line' id='line_1_21' title="bbox 159 981 1034 1022; baseline -0.002 -10"><span class='ocrx_word' id='word_1_155' title='bbox 159 981 324 1020; x_wconf 88' lang='lat' dir='ltr'>manibus,</span> <span class='ocrx_word' id='word_1_156' title='bbox 349 982 380 1013; x_wconf 88' lang='lat' dir='ltr'>id</span> <span class='ocrx_word' id='word_1_157' title='bbox 403 981 468 1021; x_wconf 80' lang='lat' dir='ltr'>est,</span> <span class='ocrx_word' id='word_1_158' title='bbox 493 981 621 1014; x_wconf 84' lang='lat' dir='ltr'>inferis:</span> <span class='ocrx_word' id='word_1_159' title='bbox 644 991 680 1012; x_wconf 90' lang='lat' dir='ltr'>ac</span> <span class='ocrx_word' id='word_1_160' title='bbox 697 981 815 1022; x_wconf 86' lang='lat' dir='ltr'>superis</span> <span class='ocrx_word' id='word_1_161' title='bbox 837 989 957 1012; x_wconf 83' lang='lat' dir='ltr'>tantum</span> <span class='ocrx_word' id='word_1_162' title='bbox 979 988 1034 1020; x_wconf 84' lang='lat' dir='ltr'>pu-</span> 
     </span>
     <span class='ocr_line' id='line_1_22' title="bbox 158 1021 1035 1064; baseline -0.002 -11"><span class='ocrx_word' id='word_1_163' title='bbox 158 1021 264 1054; x_wconf 87' lang='lat' dir='ltr'>blice:</span> <span class='ocrx_word' id='word_1_164' title='bbox 281 1022 391 1054; x_wconf 89' lang='lat' dir='ltr'>inferis</span> <span class='ocrx_word' id='word_1_165' title='bbox 406 1023 502 1055; x_wconf 85' lang='lat' dir='ltr'>etiam</span> <span class='ocrx_word' id='word_1_166' title='bbox 515 1024 646 1064; x_wconf 87' lang='lat' dir='ltr'>private.</span> <span class='ocrx_word' id='word_1_167' title='bbox 663 1032 734 1054; x_wconf 88' lang='lat' dir='ltr'>nam</span> <span class='ocrx_word' id='word_1_168' title='bbox 755 1029 882 1054; x_wconf 88' lang='lat' dir='ltr'>mortuo</span> <span class='ocrx_word' id='word_1_169' title='bbox 898 1022 986 1052; x_wconf 87' lang='lat' dir='ltr'>illato</span> <span class='ocrx_word' id='word_1_170' title='bbox 1004 1021 1035 1051; x_wconf 91' lang='lat' dir='ltr'>in</span> 
     </span>
     <span class='ocr_line' id='line_1_23' title="bbox 158 1061 1036 1105; baseline -0.003 -10"><span class='ocrx_word' id='word_1_171' title='bbox 158 1063 290 1102; x_wconf 81' lang='lat' dir='ltr'>locum,</span> <span class='ocrx_word' id='word_1_172' title='bbox 308 1063 411 1096; x_wconf 82' lang='lat' dir='ltr'>statim</span> <span class='ocrx_word' id='word_1_173' title='bbox 428 1072 567 1096; x_wconf 88' lang='lat' dir='ltr'>mutatur</span> <span class='ocrx_word' id='word_1_174' title='bbox 582 1065 630 1105; x_wconf 88' lang='lat' dir='ltr'>jus</span> <span class='ocrx_word' id='word_1_175' title='bbox 648 1064 731 1103; x_wconf 91' lang='grc'><strong>1001,</strong></span> <span class='ocrx_word' id='word_1_176' title='bbox 755 1064 784 1094; x_wconf 85' lang='lat'>&amp;</span> <span class='ocrx_word' id='word_1_177' title='bbox 801 1072 839 1094; x_wconf 85' lang='lat' dir='ltr'>ex</span> <span class='ocrx_word' id='word_1_178' title='bbox 857 1063 981 1103; x_wconf 85' lang='lat' dir='ltr'>privato</span> <span class='ocrx_word' id='word_1_179' title='bbox 999 1061 1036 1092; x_wconf 86' lang='lat' dir='ltr'>fit</span> 
     </span>
     <span class='ocr_line' id='line_1_24' title="bbox 158 1103 1036 1146; baseline -0.003 -10"><span class='ocrx_word' id='word_1_180' title='bbox 158 1105 341 1146; x_wconf 78' lang='lat' dir='ltr'>religiosus:</span> <span class='ocrx_word' id='word_1_181' title='bbox 365 1107 465 1137; x_wconf 88' lang='lat' dir='ltr'>modo</span> <span class='ocrx_word' id='word_1_182' title='bbox 481 1107 512 1138; x_wconf 90' lang='lat' dir='ltr'>in</span> <span class='ocrx_word' id='word_1_183' title='bbox 537 1105 622 1137; x_wconf 87' lang='lat' dir='ltr'>suum</span> <span class='ocrx_word' id='word_1_184' title='bbox 641 1106 777 1145; x_wconf 87' lang='lat' dir='ltr'>quisque</span> <span class='ocrx_word' id='word_1_185' title='bbox 794 1105 900 1135; x_wconf 91' lang='lat' dir='ltr'>locum</span> <span class='ocrx_word' id='word_1_186' title='bbox 920 1103 1036 1134; x_wconf 85' lang='lat' dir='ltr'>inferat</span> 
     </span>
     <span class='ocr_line' id='line_1_25' title="bbox 159 1144 1034 1186; baseline -0.003 -8"><span class='ocrx_word' id='word_1_187' title='bbox 159 1155 336 1186; x_wconf 89' lang='lat' dir='ltr'>mortuum,</span> <span class='ocrx_word' id='word_1_188' title='bbox 347 1148 396 1178; x_wconf 91' lang='lat' dir='ltr'>vel</span> <span class='ocrx_word' id='word_1_189' title='bbox 408 1148 439 1178; x_wconf 90' lang='lat' dir='ltr'>in</span> <span class='ocrx_word' id='word_1_190' title='bbox 449 1147 586 1179; x_wconf 88' lang='lat' dir='ltr'>alienum</span> <span class='ocrx_word' id='word_1_191' title='bbox 599 1147 717 1179; x_wconf 89' lang='lat' dir='ltr'>domini</span> <span class='ocrx_word' id='word_1_192' title='bbox 730 1147 908 1177; x_wconf 85' lang='lat' dir='ltr'>voluntate.</span> <span class='ocrx_word' id='word_1_193' title='bbox 925 1144 969 1176; x_wconf 88' lang='lat' dir='ltr'>est</span> <span class='ocrx_word' id='word_1_194' title='bbox 980 1145 1034 1185; x_wconf 81' lang='lat' dir='ltr'>igi-</span> 
     </span>
     <span class='ocr_line' id='line_1_26' title="bbox 160 1187 1035 1230; baseline -0.002 -12"><span class='ocrx_word' id='word_1_195' title='bbox 160 1189 312 1220; x_wconf 84' lang='lat' dir='ltr'>tui-locus</span> <span class='ocrx_word' id='word_1_196' title='bbox 325 1188 487 1230; x_wconf 84' lang='lat' dir='ltr'>religiosus</span> <span class='ocrx_word' id='word_1_197' title='bbox 498 1198 562 1220; x_wconf 89' lang='lat' dir='ltr'>non</span> <span class='ocrx_word' id='word_1_198' title='bbox 579 1189 689 1229; x_wconf 89' lang='lat' dir='ltr'>utique</span> <span class='ocrx_word' id='word_1_199' title='bbox 706 1188 807 1219; x_wconf 86' lang='lat' dir='ltr'>sacer:</span> <span class='ocrx_word' id='word_1_200' title='bbox 825 1187 909 1226; x_wconf 84' lang='lat' dir='ltr'>(non</span> <span class='ocrx_word' id='word_1_201' title='bbox 926 1187 1035 1217; x_wconf 86' lang='lat' dir='ltr'>enima</span> 
     </span>
     <span class='ocr_line' id='line_1_27' title="bbox 159 1227 1034 1267; baseline -0.006 -5"><span class='ocrx_word' id='word_1_202' title='bbox 159 1229 373 1262; x_wconf 88' lang='lat' dir='ltr'>Pontificibus</span> <span class='ocrx_word' id='word_1_203' title='bbox 384 1231 444 1261; x_wconf 88' lang='lat' dir='ltr'>rite</span> <span class='ocrx_word' id='word_1_204' title='bbox 454 1229 739 1261; x_wconf 79' lang='lat' dir='ltr'>Diisconsecratur</span> <span class='ocrx_word' id='word_1_205' title='bbox 749 1227 1034 1267; x_wconf 84' lang='lat' dir='ltr'>sepulchrum‚ma-</span> 
     </span>
     <span class='ocr_line' id='line_1_28' title="bbox 160 1269 1033 1311; baseline -0.005 -9"><span class='ocrx_word' id='word_1_206' title='bbox 160 1272 208 1311; x_wconf 82' lang='lat' dir='ltr'>gis</span> <span class='ocrx_word' id='word_1_207' title='bbox 225 1270 261 1302; x_wconf 88' lang='lat' dir='ltr'>fit</span> <span class='ocrx_word' id='word_1_208' title='bbox 278 1272 396 1311; x_wconf 84' lang='lat' dir='ltr'>privata</span> <span class='ocrx_word' id='word_1_209' title='bbox 412 1272 531 1304; x_wconf 87' lang='lat' dir='ltr'>mortui</span> <span class='ocrx_word' id='word_1_210' title='bbox 550 1271 715 1309; x_wconf 83' lang='lat' dir='ltr'>illatione)</span> <span class='ocrx_word' id='word_1_211' title='bbox 727 1269 755 1301; x_wconf 87' lang='lat'>&amp;</span> <span class='ocrx_word' id='word_1_212' title='bbox 773 1277 878 1300; x_wconf 86' lang='lat' dir='ltr'>tamen</span> <span class='ocrx_word' id='word_1_213' title='bbox 895 1277 985 1309; x_wconf 87' lang='lat' dir='ltr'>aeque</span> <span class='ocrx_word' id='word_1_214' title='bbox 997 1277 1033 1298; x_wconf 90' lang='lat' dir='ltr'>ac</span> 
     </span>
     <span class='ocr_line' id='line_1_29' title="bbox 159 1310 1034 1353; baseline -0.002 -11"><span class='ocrx_word' id='word_1_215' title='bbox 159 1313 248 1344; x_wconf 80' lang='lat' dir='ltr'>sacer</span> <span class='ocrx_word' id='word_1_216' title='bbox 264 1313 361 1344; x_wconf 78' lang='lat' dir='ltr'>divini</span> <span class='ocrx_word' id='word_1_217' title='bbox 375 1313 450 1353; x_wconf 82' lang='lat' dir='ltr'>juris</span> <span class='ocrx_word' id='word_1_218' title='bbox 467 1312 603 1344; x_wconf 86' lang='lat' dir='ltr'>habetur</span> <span class='ocrx_word' id='word_1_219' title='bbox 616 1312 776 1353; x_wconf 82' lang='lat' dir='ltr'>religionis</span> <span class='ocrx_word' id='word_1_220' title='bbox 792 1310 880 1341; x_wconf 83' lang='lat' dir='ltr'>causa</span> <span class='ocrx_word' id='word_1_221' title='bbox 896 1311 914 1340; x_wconf 87' lang='lat' dir='ltr'>l.</span> <span class='ocrx_word' id='word_1_222' title='bbox 930 1319 954 1341; x_wconf 90' lang='lat'>1.</span> <span class='ocrx_word' id='word_1_223' title='bbox 973 1310 1000 1341; x_wconf 85' lang='lat' dir='ltr'>b.</span> <span class='ocrx_word' id='word_1_224' title='bbox 1013 1315 1034 1340; x_wconf 81' lang='lat' dir='ltr'>t.</span> 
     </span>
     <span class='ocr_line' id='line_1_30' title="bbox 161 1350 1036 1392; baseline -0.002 -8"><span class='ocrx_word' id='word_1_225' title='bbox 161 1353 227 1388; x_wconf 67' lang='lat' dir='ltr'>&amp;t</span> <span class='ocrx_word' id='word_1_226' title='bbox 243 1363 267 1386; x_wconf 93' lang='lat'>1.</span> <span class='ocrx_word' id='word_1_227' title='bbox 280 1353 322 1385; x_wconf 89' lang='lat' dir='ltr'>D.</span> <span class='ocrx_word' id='word_1_228' title='bbox 332 1355 365 1385; x_wconf 87' lang='lat' dir='ltr'>de</span> <span class='ocrx_word' id='word_1_229' title='bbox 374 1353 515 1385; x_wconf 50' lang='lat' dir='ltr'>interdie}</span> <span class='ocrx_word' id='word_1_230' title='bbox 526 1353 691 1392; x_wconf 68' lang='lat' dir='ltr'>dictusque</span> <span class='ocrx_word' id='word_1_231' title='bbox 701 1350 877 1392; x_wconf 81' lang='lat' dir='ltr'>religiosus,</span> <span class='ocrx_word' id='word_1_232' title='bbox 887 1352 1036 1392; x_wconf 84' lang='lat' dir='ltr'>quoniam</span> 
     </span>
     <span class='ocr_line' id='line_1_31' title="bbox 158 1393 1033 1435; baseline -0.005 -9"><span class='ocrx_word' id='word_1_233' title='bbox 158 1395 198 1426; x_wconf 86' lang='lat' dir='ltr'>fit</span> <span class='ocrx_word' id='word_1_234' title='bbox 208 1395 327 1435; x_wconf 84' lang='lat' dir='ltr'>aliquid</span> <span class='ocrx_word' id='word_1_235' title='bbox 337 1396 424 1435; x_wconf 88' lang='lat' dir='ltr'>quod</span> <span class='ocrx_word' id='word_1_236' title='bbox 437 1395 477 1426; x_wconf 92' lang='lat' dir='ltr'>ibi</span> <span class='ocrx_word' id='word_1_237' title='bbox 489 1394 612 1426; x_wconf 88' lang='lat' dir='ltr'>homini</span> <span class='ocrx_word' id='word_1_238' title='bbox 630 1394 737 1426; x_wconf 86' lang='lat' dir='ltr'>facere</span> <span class='ocrx_word' id='word_1_239' title='bbox 749 1403 814 1425; x_wconf 82' lang='lat' dir='ltr'>non</span> <span class='ocrx_word' id='word_1_240' title='bbox 826 1393 929 1424; x_wconf 85' lang='lat' dir='ltr'>liceat.</span> <span class='ocrx_word' id='word_1_241' title='bbox 946 1394 1033 1432; x_wconf 88' lang='lat' dir='ltr'>quod</span> 
     </span>
     <span class='ocr_line' id='line_1_32' title="bbox 157 1433 1032 1475; baseline -0.006 -7"><span class='ocrx_word' id='word_1_242' title='bbox 157 1435 181 1468; x_wconf 86' lang='lat' dir='ltr'><strong>fi</strong></span> <span class='ocrx_word' id='word_1_243' title='bbox 198 1435 296 1467; x_wconf 82' lang='lat' dir='ltr'>faciat</span> <span class='ocrx_word' id='word_1_244' title='bbox 307 1459 316 1475; x_wconf 93' lang='lat'>,</span> <span class='ocrx_word' id='word_1_245' title='bbox 332 1435 480 1468; x_wconf 77' lang='lat' dir='ltr'>adversus</span> <span class='ocrx_word' id='word_1_246' title='bbox 492 1435 638 1467; x_wconf 84' lang='lat' dir='ltr'>Deorum·</span> <span class='ocrx_word' id='word_1_247' title='bbox 655 1435 853 1472; x_wconf 71' lang='lat' dir='ltr'>voluntatem</span> <span class='ocrx_word' id='word_1_248' title='bbox 862 1433 971 1465; x_wconf 82' lang='lat' dir='ltr'>fecisse</span> <span class='ocrx_word' id='word_1_249' title='bbox 989 1433 1032 1464; x_wconf 85' lang='lat' dir='ltr'>vi-</span> 
     </span>
     <span class='ocr_line' id='line_1_33' title="bbox 159 1473 1031 1517; baseline -0.003 -9"><span class='ocrx_word' id='word_1_250' title='bbox 159 1478 273 1516; x_wconf 89' lang='lat' dir='ltr'>detur;</span> <span class='ocrx_word' id='word_1_251' title='bbox 289 1485 322 1508; x_wconf 92' lang='lat' dir='ltr'>ut</span> <span class='ocrx_word' id='word_1_252' title='bbox 341 1477 424 1517; x_wconf 88' lang='lat' dir='ltr'>apud</span> <span class='ocrx_word' id='word_1_253' title='bbox 442 1476 568 1508; x_wconf 88' lang='lat' dir='ltr'>Festum</span> <span class='ocrx_word' id='word_1_254' title='bbox 587 1477 619 1508; x_wconf 87' lang='grc'>111</span> <span class='ocrx_word' id='word_1_255' title='bbox 637 1475 815 1516; x_wconf 79' lang='lat' dir='ltr'>Religiolum</span> <span class='ocrx_word' id='word_1_256' title='bbox 832 1475 912 1506; x_wconf 84' lang='lat' dir='ltr'>dixit</span> <span class='ocrx_word' id='word_1_257' title='bbox 928 1473 1031 1506; x_wconf 82' lang='lat' dir='ltr'>AElius</span> 
     </span>
     <span class='ocr_line' id='line_1_34' title="bbox 158 1516 1028 1557; baseline -0.001 -9"><span class='ocrx_word' id='word_1_258' title='bbox 158 1517 287 1549; x_wconf 84' lang='lat' dir='ltr'>Gallus:</span> <span class='ocrx_word' id='word_1_259' title='bbox 308 1518 444 1555; x_wconf 84' lang='lat' dir='ltr'>addens,</span> <span class='ocrx_word' id='word_1_260' title='bbox 469 1516 631 1557; x_wconf 88' lang='lat' dir='ltr'>sepulchra</span> <span class='ocrx_word' id='word_1_261' title='bbox 656 1517 695 1548; x_wconf 90' lang='lat' dir='ltr'>ab</span> <span class='ocrx_word' id='word_1_262' title='bbox 712 1517 771 1548; x_wconf 80' lang='lat' dir='ltr'>hac</span> <span class='ocrx_word' id='word_1_263' title='bbox 789 1517 913 1548; x_wconf 88' lang='lat' dir='ltr'>ratione</span> <span class='ocrx_word' id='word_1_264' title='bbox 932 1517 1028 1547; x_wconf 80' lang='lat' dir='ltr'>etiam</span> 
     </span>
     <span class='ocr_line' id='line_1_35' title="bbox 156 1556 1030 1599; baseline -0.001 -10"><span class='ocrx_word' id='word_1_265' title='bbox 156 1558 242 1589; x_wconf 87' lang='lat' dir='ltr'>sacra</span> <span class='ocrx_word' id='word_1_266' title='bbox 260 1559 288 1589; x_wconf 75' lang='grc' dir='ltr'>ἀ</span> <span class='ocrx_word' id='word_1_267' title='bbox 300 1557 400 1590; x_wconf 74' lang='grc'><strong>1311613</strong></span> <span class='ocrx_word' id='word_1_268' title='bbox 410 1559 572 1599; x_wconf 84' lang='lat' dir='ltr'>appellari.</span> <span class='ocrx_word' id='word_1_269' title='bbox 596 1557 786 1598; x_wconf 88' lang='lat' dir='ltr'>Eodemque</span> <span class='ocrx_word' id='word_1_270' title='bbox 803 1558 901 1589; x_wconf 85' lang='lat' dir='ltr'>modo</span> <span class='ocrx_word' id='word_1_271' title='bbox 919 1557 948 1588; x_wconf 70' lang='grc' dir='ltr'>ἃ</span> <span class='ocrx_word' id='word_1_272' title='bbox 965 1556 1030 1588; x_wconf 86' lang='lat' dir='ltr'>sen·</span> 
     </span>
     <span class='ocr_line' id='line_1_36' title="bbox 154 1598 1018 1640; baseline -0.002 -10"><span class='ocrx_word' id='word_1_273' title='bbox 154 1599 190 1630; x_wconf 86' lang='lat' dir='ltr'>su</span> <span class='ocrx_word' id='word_1_274' title='bbox 207 1599 454 1640; x_wconf 77' lang='lat' dir='ltr'>Ciceronilib.4.</span> <span class='ocrx_word' id='word_1_275' title='bbox 472 1600 514 1631; x_wconf 83' lang='lat' dir='ltr'>De</span> <span class='ocrx_word' id='word_1_276' title='bbox 531 1599 731 1640; x_wconf 30' lang='lat' dir='ltr'>republiapud</span> <span class='ocrx_word' id='word_1_277' title='bbox 749 1598 891 1630; x_wconf 87' lang='lat' dir='ltr'>Nonium</span> <span class='ocrx_word' id='word_1_278' title='bbox 909 1599 940 1628; x_wconf 87' lang='lat' dir='ltr'>in</span> <span class='ocrx_word' id='word_1_279' title='bbox 957 1598 1018 1629; x_wconf 78' lang='lat' dir='ltr'>Scin</span> 
     </span>
     <span class='ocr_line' id='line_1_37' title="bbox 156 1639 1030 1681; baseline -0.001 -10"><span class='ocrx_word' id='word_1_280' title='bbox 156 1640 266 1671; x_wconf 67' lang='lat' dir='ltr'>&amp;itudo</span> <span class='ocrx_word' id='word_1_281' title='bbox 281 1646 389 1681; x_wconf 81' lang='lat' dir='ltr'>p.582.</span> <span class='ocrx_word' id='word_1_282' title='bbox 408 1641 542 1681; x_wconf 84' lang='lat' dir='ltr'>legitur,</span> <span class='ocrx_word' id='word_1_283' title='bbox 559 1641 607 1672; x_wconf 84' lang='lat' dir='ltr'>Sic</span> <span class='ocrx_word' id='word_1_284' title='bbox 625 1640 778 1680; x_wconf 85' lang='lat' dir='ltr'>Pontificio</span> <span class='ocrx_word' id='word_1_285' title='bbox 801 1641 856 1671; x_wconf 84' lang='lat' dir='ltr'>&#39;ure</span> <span class='ocrx_word' id='word_1_286' title='bbox 868 1639 1030 1678; x_wconf 70' lang='lat' dir='ltr'>sanctitudo</span> 
     </span>
     <span class='ocr_line' id='line_1_38' title="bbox 146 1651 1028 1722; baseline 0 -10"><span class='ocrx_word' id='word_1_287' title='bbox 146 1681 315 1722; x_wconf 75' lang='lat' dir='ltr'>sepulturae.</span> <span class='ocrx_word' id='word_1_288' title='bbox 342 1682 382 1713; x_wconf 88' lang='lat' dir='ltr'>Et</span> <span class='ocrx_word' id='word_1_289' title='bbox 397 1683 480 1722; x_wconf 88' lang='lat' dir='ltr'>apud</span> <span class='ocrx_word' id='word_1_290' title='bbox 493 1682 666 1714; x_wconf 85' lang='lat' dir='ltr'>Gruterum</span> <span class='ocrx_word' id='word_1_291' title='bbox 679 1682 761 1722; x_wconf 84' lang='lat' dir='ltr'>Corp.</span> <span class='ocrx_word' id='word_1_292' title='bbox 776 1651 946 1722; x_wconf 59' lang='lat' dir='ltr'>[Ziscrz&#39;ptp.</span> <span class='ocrx_word' id='word_1_293' title='bbox 958 1685 1028 1721; x_wconf 80' lang='lat'><strong>8⁶7·</strong></span> 
     </span>
     <span class='ocr_line' id='line_1_39' title="bbox 152 1723 1031 1764; baseline -0.003 -9"><span class='ocrx_word' id='word_1_294' title='bbox 152 1723 212 1760; x_wconf 80' lang='lat' dir='ltr'>Ins</span> <span class='ocrx_word' id='word_1_295' title='bbox 211 1734 247 1755; x_wconf 86' lang='lat' dir='ltr'>cr.</span> <span class='ocrx_word' id='word_1_296' title='bbox 265 1735 294 1764; x_wconf 85' lang='lat'>5.</span> <span class='ocrx_word' id='word_1_297' title='bbox 316 1724 644 1764; x_wconf 77' lang='lat' dir='ltr'>Consecratasepulchm</span> <span class='ocrx_word' id='word_1_298' title='bbox 658 1723 801 1764; x_wconf 80' lang='lat' dir='ltr'>religionis</span> <span class='ocrx_word' id='word_1_299' title='bbox 817 1733 915 1754; x_wconf 83' lang='lat' dir='ltr'>eorum</span> <span class='ocrx_word' id='word_1_300' title='bbox 931 1728 1031 1754; x_wconf 40' lang='lat' dir='ltr'>caula«-</span> 
     </span>
    </p>

    <p class='ocr_par' dir='ltr' id='par_1_4' title="bbox 146 1763 1031 3208">
     <span class='ocr_line' id='line_1_40' title="bbox 192 1763 1026 1806; baseline -0.001 -10"><span class='ocrx_word' id='word_1_301' title='bbox 192 1763 306 1796; x_wconf 82' lang='lat' dir='ltr'>Tertia</span> <span class='ocrx_word' id='word_1_302' title='bbox 323 1765 444 1806; x_wconf 84' lang='lat' dir='ltr'>species</span> <span class='ocrx_word' id='word_1_303' title='bbox 460 1775 564 1797; x_wconf 89' lang='lat' dir='ltr'>rerum</span> <span class='ocrx_word' id='word_1_304' title='bbox 589 1765 704 1797; x_wconf 83' lang='lat' dir='ltr'>nullius</span> <span class='ocrx_word' id='word_1_305' title='bbox 725 1764 890 1795; x_wconf 84' lang='lat' dir='ltr'>Marciano</span> <span class='ocrx_word' id='word_1_306' title='bbox 908 1765 934 1794; x_wconf 81' lang='lat' dir='ltr'>d.</span> <span class='ocrx_word' id='word_1_307' title='bbox 955 1764 975 1794; x_wconf 85' lang='lat' dir='ltr'>l.</span> <span class='ocrx_word' id='word_1_308' title='bbox 994 1767 1026 1795; x_wconf 90' lang='lat'>6.</span> 
     </span>
     <span class='ocr_line' id='line_1_41' title="bbox 153 1805 1031 1848; baseline -0.002 -11"><span class='ocrx_word' id='word_1_309' title='bbox 153 1805 184 1848; x_wconf 84' lang='lat'>§.</span> <span class='ocrx_word' id='word_1_310' title='bbox 201 1817 231 1838; x_wconf 86' lang='lat'>2.</span> <span class='ocrx_word' id='word_1_311' title='bbox 253 1807 341 1839; x_wconf 88' lang='lat' dir='ltr'>venit</span> <span class='ocrx_word' id='word_1_312' title='bbox 357 1816 407 1839; x_wconf 90' lang='lat' dir='ltr'>res</span> <span class='ocrx_word' id='word_1_313' title='bbox 427 1807 537 1838; x_wconf 69' lang='lat' dir='ltr'>sancta.</span> <span class='ocrx_word' id='word_1_314' title='bbox 563 1807 678 1837; x_wconf 85' lang='lat' dir='ltr'>dicitur</span> <span class='ocrx_word' id='word_1_315' title='bbox 700 1813 806 1836; x_wconf 89' lang='lat' dir='ltr'>autem</span> <span class='ocrx_word' id='word_1_316' title='bbox 832 1814 859 1836; x_wconf 90' lang='lat' dir='ltr'>ei</span> <span class='ocrx_word' id='word_1_317' title='bbox 877 1805 896 1836; x_wconf 85' lang='lat' dir='ltr'>l.</span> <span class='ocrx_word' id='word_1_318' title='bbox 915 1809 941 1840; x_wconf 90' lang='lat'>8.</span> <span class='ocrx_word' id='word_1_319' title='bbox 957 1805 985 1836; x_wconf 79' lang='lat' dir='ltr'>h.</span> <span class='ocrx_word' id='word_1_320' title='bbox 1005 1812 1031 1835; x_wconf 61' lang='grc'>1.»</span> 
     </span>
     <span class='ocr_line' id='line_1_42' title="bbox 152 1847 1027 1889; baseline -0.003 -10"><span class='ocrx_word' id='word_1_321' title='bbox 152 1848 292 1880; x_wconf 58' lang='lat' dir='ltr'>randum</span> <span class='ocrx_word' id='word_1_322' title='bbox 318 1849 392 1889; x_wconf 80' lang='lat' dir='ltr'>quod</span> <span class='ocrx_word' id='word_1_323' title='bbox 411 1849 446 1878; x_wconf 82' lang='lat' dir='ltr'>ab</span> <span class='ocrx_word' id='word_1_324' title='bbox 470 1848 584 1889; x_wconf 81' lang='lat' dir='ltr'>injuria</span> <span class='ocrx_word' id='word_1_325' title='bbox 601 1848 747 1878; x_wconf 84' lang='lat' dir='ltr'>hominum</span> <span class='ocrx_word' id='word_1_326' title='bbox 774 1847 919 1888; x_wconf 81' lang='lat' dir='ltr'>defensum</span> <span class='ocrx_word' id='word_1_327' title='bbox 940 1852 1027 1887; x_wconf 84' lang='lat' dir='ltr'>atque</span> 
     </span>
     <span class='ocr_line' id='line_1_43' title="bbox 153 1886 1028 1930; baseline -0.002 -10"><span class='ocrx_word' id='word_1_328' title='bbox 153 1891 301 1921; x_wconf 81' lang='lat' dir='ltr'>munitum</span> <span class='ocrx_word' id='word_1_329' title='bbox 327 1887 375 1929; x_wconf 79' lang='lat' dir='ltr'>eft.</span> <span class='ocrx_word' id='word_1_330' title='bbox 401 1888 556 1929; x_wconf 76' lang='lat' dir='ltr'>Ulpianus</span> <span class='ocrx_word' id='word_1_331' title='bbox 578 1888 597 1919; x_wconf 85' lang='grc' dir='ltr'><strong>Ζ.</strong></span> <span class='ocrx_word' id='word_1_332' title='bbox 622 1898 649 1924; x_wconf 86' lang='lat'>9.</span> <span class='ocrx_word' id='word_1_333' title='bbox 665 1888 694 1930; x_wconf 84' lang='lat'>§.</span> <span class='ocrx_word' id='word_1_334' title='bbox 709 1898 736 1929; x_wconf 87' lang='lat'>3.</span> <span class='ocrx_word' id='word_1_335' title='bbox 755 1890 783 1919; x_wconf 81' lang='lat' dir='ltr'>cl.</span> <span class='ocrx_word' id='word_1_336' title='bbox 803 1894 821 1919; x_wconf 75' lang='lat' dir='ltr'>t,</span> <span class='ocrx_word' id='word_1_337' title='bbox 837 1887 878 1919; x_wconf 84' lang='lat' dir='ltr'>sic</span> <span class='ocrx_word' id='word_1_338' title='bbox 897 1886 1028 1918; x_wconf 75' lang='lat' dir='ltr'>definit:</span> 
     </span>
     <span class='ocr_line' id='line_1_44' title="bbox 153 1929 1026 1971; baseline -0.003 -9"><span class='ocrx_word' id='word_1_339' title='bbox 153 1931 276 1971; x_wconf 81' lang='lat' dir='ltr'>Proprie</span> <span class='ocrx_word' id='word_1_340' title='bbox 293 1931 414 1962; x_wconf 80' lang='lat' dir='ltr'>dicimus</span> <span class='ocrx_word' id='word_1_341' title='bbox 433 1929 550 1968; x_wconf 65' lang='lat' dir='ltr'>sancia,</span> <span class='ocrx_word' id='word_1_342' title='bbox 566 1940 628 1971; x_wconf 66' lang='lat' dir='ltr'>quie</span> <span class='ocrx_word' id='word_1_343' title='bbox 645 1939 734 1970; x_wconf 84' lang='lat' dir='ltr'>neque</span> <span class='ocrx_word' id='word_1_344' title='bbox 747 1930 845 1968; x_wconf 67' lang='lat' dir='ltr'>l‘arrn,</span> <span class='ocrx_word' id='word_1_345' title='bbox 861 1938 950 1970; x_wconf 81' lang='lat' dir='ltr'>neque</span> <span class='ocrx_word' id='word_1_346' title='bbox 964 1936 1026 1967; x_wconf 83' lang='lat' dir='ltr'>pro-</span> 
     </span>
     <span class='ocr_line' id='line_1_45' title="bbox 149 1969 1026 2013; baseline -0.003 -10"><span class='ocrx_word' id='word_1_347' title='bbox 149 1972 231 2013; x_wconf 81' lang='lat' dir='ltr'>fana</span> <span class='ocrx_word' id='word_1_348' title='bbox 240 1974 332 2011; x_wconf 80' lang='lat' dir='ltr'>sunt,</span> <span class='ocrx_word' id='word_1_349' title='bbox 340 1970 549 2011; x_wconf 64' lang='lat' dir='ltr'>sedsanftione</span> <span class='ocrx_word' id='word_1_350' title='bbox 565 1972 690 2012; x_wconf 80' lang='lat' dir='ltr'>quadam</span> <span class='ocrx_word' id='word_1_351' title='bbox 705 1969 893 2009; x_wconf 79' lang='lat' dir='ltr'>confirimita:</span> <span class='ocrx_word' id='word_1_352' title='bbox 910 1976 941 2000; x_wconf 84' lang='lat' dir='ltr'>ut</span> <span class='ocrx_word' id='word_1_353' title='bbox 954 1972 1026 2011; x_wconf 76' lang='lat' dir='ltr'>leges</span> 
     </span>
     <span class='ocr_line' id='line_1_46' title="bbox 146 2012 1026 2055; baseline -0.001 -11"><span class='ocrx_word' id='word_1_354' title='bbox 146 2013 256 2052; x_wconf 62' lang='lat' dir='ltr'>„lamehe</span> <span class='ocrx_word' id='word_1_355' title='bbox 276 2016 362 2055; x_wconf 78' lang='lat' dir='ltr'>sunt.</span> <span class='ocrx_word' id='word_1_356' title='bbox 378 2012 529 2053; x_wconf 72' lang='lat' dir='ltr'>Janfflone</span> <span class='ocrx_word' id='word_1_357' title='bbox 552 2014 628 2045; x_wconf 80' lang='lat' dir='ltr'>enim</span> <span class='ocrx_word' id='word_1_358' title='bbox 651 2013 774 2054; x_wconf 81' lang='lat' dir='ltr'>quadam</span> <span class='ocrx_word' id='word_1_359' title='bbox 788 2013 864 2052; x_wconf 80' lang='lat' dir='ltr'>sunt</span> <span class='ocrx_word' id='word_1_360' title='bbox 880 2012 1026 2050; x_wconf 75' lang='lat' dir='ltr'>suhnixae.</span> 
     </span>
     <span class='ocr_line' id='line_1_47' title="bbox 154 2050 1026 2095; baseline -0.001 -11"><span class='ocrx_word' id='word_1_361' title='bbox 154 2056 230 2095; x_wconf 81' lang='lat' dir='ltr'>quod</span> <span class='ocrx_word' id='word_1_362' title='bbox 251 2057 326 2086; x_wconf 82' lang='lat' dir='ltr'>enim</span> <span class='ocrx_word' id='word_1_363' title='bbox 339 2054 489 2094; x_wconf 71' lang='lat' dir='ltr'>sanfflone</span> <span class='ocrx_word' id='word_1_364' title='bbox 513 2054 638 2095; x_wconf 80' lang='lat' dir='ltr'>quadam</span> <span class='ocrx_word' id='word_1_365' title='bbox 652 2053 815 2093; x_wconf 43' lang='lat' dir='ltr'>,subnixum</span> <span class='ocrx_word' id='word_1_366' title='bbox 834 2050 893 2092; x_wconf 63' lang='lat' dir='ltr'>eli,</span> <span class='ocrx_word' id='word_1_367' title='bbox 916 2053 945 2083; x_wconf 82' lang='lat' dir='ltr'>id</span> <span class='ocrx_word' id='word_1_368' title='bbox 958 2052 1026 2092; x_wconf 79' lang='lat' dir='ltr'>scm-</span> 
     </span>
     <span class='ocr_line' id='line_1_48' title="bbox 155 2093 1026 2135; baseline -0.002 -9"><span class='ocrx_word' id='word_1_369' title='bbox 155 2096 231 2127; x_wconf 63' lang='lat' dir='ltr'>etum</span> <span class='ocrx_word' id='word_1_370' title='bbox 247 2094 285 2135; x_wconf 72' lang='lat' dir='ltr'>esi</span> <span class='ocrx_word' id='word_1_371' title='bbox 296 2119 304 2132; x_wconf 84' lang='lat'><strong>‚</strong></span> <span class='ocrx_word' id='word_1_372' title='bbox 329 2095 378 2134; x_wconf 83' lang='lat' dir='ltr'>etsi</span> <span class='ocrx_word' id='word_1_373' title='bbox 396 2095 456 2127; x_wconf 91' lang='lat' dir='ltr'>Deo</span> <span class='ocrx_word' id='word_1_374' title='bbox 473 2105 530 2127; x_wconf 84' lang='lat' dir='ltr'>non</span> <span class='ocrx_word' id='word_1_375' title='bbox 541 2093 581 2133; x_wconf 87' lang='lat' dir='ltr'>fit</span> <span class='ocrx_word' id='word_1_376' title='bbox 598 2099 810 2128; x_wconf 71' lang='lat' dir='ltr'>consecratum.-</span> <span class='ocrx_word' id='word_1_377' title='bbox 827 2094 863 2129; x_wconf 77' lang='lat'>&amp;³</span> <span class='ocrx_word' id='word_1_378' title='bbox 881 2095 1026 2124; x_wconf 81' lang='lat' dir='ltr'>interdum</span> 
     </span>
     <span class='ocr_line' id='line_1_49' title="bbox 153 2133 1024 2179; baseline -0.003 -11"><span class='ocrx_word' id='word_1_379' title='bbox 153 2137 395 2177; x_wconf 70' lang='lat' dir='ltr'>instinctionibus</span> <span class='ocrx_word' id='word_1_380' title='bbox 411 2137 566 2179; x_wconf 77' lang='lat' dir='ltr'>adjicitur,</span> <span class='ocrx_word' id='word_1_381' title='bbox 583 2137 677 2178; x_wconf 83' lang='lat' dir='ltr'>utqui</span> <span class='ocrx_word' id='word_1_382' title='bbox 692 2137 731 2167; x_wconf 85' lang='lat' dir='ltr'>ibi</span> <span class='ocrx_word' id='word_1_383' title='bbox 741 2136 852 2177; x_wconf 80' lang='lat' dir='ltr'>aliquid</span> <span class='ocrx_word' id='word_1_384' title='bbox 867 2133 1004 2172; x_wconf 79' lang='lat' dir='ltr'>commtfit</span> <span class='ocrx_word' id='word_1_385' title='bbox 1015 2159 1024 2171; x_wconf 97' lang='lat'>,</span> 
     </span>
     <span class='ocr_line' id='line_1_50' title="bbox 154 2175 1026 2219; baseline -0.001 -11"><span class='ocrx_word' id='word_1_386' title='bbox 154 2179 248 2219; x_wconf 80' lang='lat' dir='ltr'>capite</span> <span class='ocrx_word' id='word_1_387' title='bbox 260 2179 414 2219; x_wconf 82' lang='lat' dir='ltr'>puniatur.</span> <span class='ocrx_word' id='word_1_388' title='bbox 455 2178 507 2209; x_wconf 88' lang='lat' dir='ltr'>Sic</span> <span class='ocrx_word' id='word_1_389' title='bbox 525 2176 698 2218; x_wconf 88' lang='lat' dir='ltr'>Ulpianus,</span> <span class='ocrx_word' id='word_1_390' title='bbox 723 2178 750 2208; x_wconf 69' lang='lat' dir='ltr'>di</span> <span class='ocrx_word' id='word_1_391' title='bbox 769 2176 947 2208; x_wconf 85' lang='lat' dir='ltr'>obscurius:</span> <span class='ocrx_word' id='word_1_392' title='bbox 972 2175 1026 2207; x_wconf 86' lang='lat' dir='ltr'>nisi</span> 
     </span>
     <span class='ocr_line' id='line_1_51' title="bbox 154 2217 1026 2259; baseline -0.003 -8"><span class='ocrx_word' id='word_1_393' title='bbox 154 2218 315 2252; x_wconf 79' lang='lat' dir='ltr'>referatur</span> <span class='ocrx_word' id='word_1_394' title='bbox 329 2220 366 2251; x_wconf 85' lang='lat' dir='ltr'>ad</span> <span class='ocrx_word' id='word_1_395' title='bbox 385 2218 532 2251; x_wconf 62' lang='lat' dir='ltr'>Edistum</span> <span class='ocrx_word' id='word_1_396' title='bbox 550 2222 637 2259; x_wconf 89' lang='lat' dir='ltr'>quod</span> <span class='ocrx_word' id='word_1_397' title='bbox 655 2219 699 2250; x_wconf 85' lang='lat' dir='ltr'>est</span> <span class='ocrx_word' id='word_1_398' title='bbox 716 2219 746 2250; x_wconf 90' lang='lat' dir='ltr'>in</span> <span class='ocrx_word' id='word_1_399' title='bbox 762 2218 780 2249; x_wconf 86' lang='lat' dir='ltr'>l.</span> <span class='ocrx_word' id='word_1_400' title='bbox 794 2227 820 2250; x_wconf 91' lang='lat'>1.</span> <span class='ocrx_word' id='word_1_401' title='bbox 834 2217 873 2249; x_wconf 91' lang='lat' dir='ltr'>D.</span> <span class='ocrx_word' id='word_1_402' title='bbox 891 2218 941 2250; x_wconf 86' lang='lat' dir='ltr'>Ne</span> <span class='ocrx_word' id='word_1_403' title='bbox 955 2218 1026 2258; x_wconf 85' lang='lat' dir='ltr'>quid</span> 
     </span>
     <span class='ocr_line' id='line_1_52' title="bbox 153 2258 1024 2300; baseline -0.002 -9"><span class='ocrx_word' id='word_1_404' title='bbox 153 2262 186 2292; x_wconf 80' lang='lat' dir='ltr'>in</span> <span class='ocrx_word' id='word_1_405' title='bbox 211 2260 268 2291; x_wconf 84' lang='lat' dir='ltr'>loco</span> <span class='ocrx_word' id='word_1_406' title='bbox 282 2262 377 2299; x_wconf 82' lang='lat' dir='ltr'>sacro.</span> <span class='ocrx_word' id='word_1_407' title='bbox 403 2270 475 2292; x_wconf 90' lang='lat' dir='ltr'>nam</span> <span class='ocrx_word' id='word_1_408' title='bbox 498 2262 535 2291; x_wconf 89' lang='lat' dir='ltr'>ad</span> <span class='ocrx_word' id='word_1_409' title='bbox 561 2260 625 2300; x_wconf 84' lang='lat' dir='ltr'>ejus</span> <span class='ocrx_word' id='word_1_410' title='bbox 643 2261 942 2300; x_wconf 83' lang='lat' dir='ltr'>interpretationem</span> <span class='ocrx_word' id='word_1_411' title='bbox 960 2258 1024 2299; x_wconf 91' lang='lat' dir='ltr'>spe-</span> 
     </span>
     <span class='ocr_line' id='line_1_53' title="bbox 153 2301 1024 2342; baseline -0.003 -8"><span class='ocrx_word' id='word_1_412' title='bbox 153 2302 238 2334; x_wconf 70' lang='lat' dir='ltr'>Clare</span> <span class='ocrx_word' id='word_1_413' title='bbox 258 2309 358 2333; x_wconf 88' lang='lat' dir='ltr'>totam</span> <span class='ocrx_word' id='word_1_414' title='bbox 376 2302 393 2334; x_wconf 87' lang='lat' dir='ltr'>l.</span> <span class='ocrx_word' id='word_1_415' title='bbox 414 2311 444 2339; x_wconf 92' lang='lat'>9.</span> <span class='ocrx_word' id='word_1_416' title='bbox 463 2302 489 2333; x_wconf 87' lang='lat' dir='ltr'>b.</span> <span class='ocrx_word' id='word_1_417' title='bbox 509 2307 531 2333; x_wconf 83' lang='lat' dir='ltr'>t.</span> <span class='ocrx_word' id='word_1_418' title='bbox 559 2302 653 2342; x_wconf 89' lang='lat' dir='ltr'>paulo</span> <span class='ocrx_word' id='word_1_419' title='bbox 674 2309 747 2333; x_wconf 91' lang='lat' dir='ltr'>ante</span> <span class='ocrx_word' id='word_1_420' title='bbox 764 2301 910 2332; x_wconf 85' lang='lat' dir='ltr'>indicavi.</span> <span class='ocrx_word' id='word_1_421' title='bbox 934 2301 963 2331; x_wconf 92' lang='lat' dir='ltr'>in</span> <span class='ocrx_word' id='word_1_422' title='bbox 983 2309 1024 2331; x_wconf 92' lang='lat' dir='ltr'>eo</span> 
     </span>
     <span class='ocr_line' id='line_1_54' title="bbox 150 2340 1024 2385; baseline -0.003 -10"><span class='ocrx_word' id='word_1_423' title='bbox 150 2344 247 2385; x_wconf 85' lang='lat' dir='ltr'>igitur</span> <span class='ocrx_word' id='word_1_424' title='bbox 262 2343 376 2375; x_wconf 68' lang='lat' dir='ltr'>Edicto</span> <span class='ocrx_word' id='word_1_425' title='bbox 394 2353 466 2375; x_wconf 92' lang='lat' dir='ltr'>cum</span> <span class='ocrx_word' id='word_1_426' title='bbox 482 2350 606 2374; x_wconf 84' lang='lat' dir='ltr'>vetaret</span> <span class='ocrx_word' id='word_1_427' title='bbox 616 2343 755 2381; x_wconf 81' lang='lat' dir='ltr'>Praet0r‚</span> <span class='ocrx_word' id='word_1_428' title='bbox 773 2343 892 2382; x_wconf 83' lang='lat' dir='ltr'>aliquid</span> <span class='ocrx_word' id='word_1_429' title='bbox 908 2340 974 2373; x_wconf 88' lang='lat' dir='ltr'>fieri</span> <span class='ocrx_word' id='word_1_430' title='bbox 993 2341 1024 2373; x_wconf 86' lang='lat' dir='ltr'>in</span> 
     </span>
     <span class='ocr_line' id='line_1_55' title="bbox 149 2383 1023 2424; baseline -0.001 -9"><span class='ocrx_word' id='word_1_431' title='bbox 149 2385 227 2416; x_wconf 82' lang='lat' dir='ltr'>loco</span> <span class='ocrx_word' id='word_1_432' title='bbox 244 2383 351 2424; x_wconf 87' lang='lat' dir='ltr'>sacro,</span> <span class='ocrx_word' id='word_1_433' title='bbox 374 2387 449 2417; x_wconf 85' lang='lat' dir='ltr'>inve</span> <span class='ocrx_word' id='word_1_434' title='bbox 466 2393 537 2416; x_wconf 90' lang='lat' dir='ltr'>eum</span> <span class='ocrx_word' id='word_1_435' title='bbox 559 2384 705 2422; x_wconf 85' lang='lat' dir='ltr'>immitti,</span> <span class='ocrx_word' id='word_1_436' title='bbox 730 2393 794 2424; x_wconf 91' lang='lat' dir='ltr'>quo</span> <span class='ocrx_word' id='word_1_437' title='bbox 819 2384 849 2414; x_wconf 89' lang='lat' dir='ltr'>ei</span> <span class='ocrx_word' id='word_1_438' title='bbox 874 2384 1023 2414; x_wconf 88' lang='lat' dir='ltr'>damnum</span> 
     </span>
     <span class='ocr_line' id='line_1_56' title="bbox 149 2423 1022 2466; baseline -0.001 -10"><span class='ocrx_word' id='word_1_439' title='bbox 149 2424 223 2457; x_wconf 84' lang='lat' dir='ltr'>fiat:</span> <span class='ocrx_word' id='word_1_440' title='bbox 241 2428 377 2466; x_wconf 88' lang='lat' dir='ltr'>primum</span> <span class='ocrx_word' id='word_1_441' title='bbox 393 2426 474 2458; x_wconf 86' lang='lat' dir='ltr'>dixit</span> <span class='ocrx_word' id='word_1_442' title='bbox 491 2424 647 2466; x_wconf 87' lang='lat' dir='ltr'>Ulpianus</span> <span class='ocrx_word' id='word_1_443' title='bbox 659 2448 669 2464; x_wconf 93' lang='lat'>,</span> <span class='ocrx_word' id='word_1_444' title='bbox 687 2426 793 2457; x_wconf 87' lang='lat' dir='ltr'>locum</span> <span class='ocrx_word' id='word_1_445' title='bbox 811 2423 928 2456; x_wconf 86' lang='lat' dir='ltr'>sacrum</span> <span class='ocrx_word' id='word_1_446' title='bbox 942 2423 1022 2463; x_wconf 77' lang='lat' dir='ltr'>esse,</span> 
     </span>
     <span class='ocr_line' id='line_1_57' title="bbox 149 2464 1022 2508; baseline 0.001 -12"><span class='ocrx_word' id='word_1_447' title='bbox 149 2464 229 2497; x_wconf 88' lang='lat' dir='ltr'>Deo</span> <span class='ocrx_word' id='word_1_448' title='bbox 245 2468 483 2507; x_wconf 79' lang='lat' dir='ltr'>consecratum,</span> <span class='ocrx_word' id='word_1_449' title='bbox 508 2477 614 2508; x_wconf 91' lang='lat' dir='ltr'>eoque</span> <span class='ocrx_word' id='word_1_450' title='bbox 638 2476 654 2498; x_wconf 88' lang='lat' dir='ltr'>a</span> <span class='ocrx_word' id='word_1_451' title='bbox 670 2466 808 2507; x_wconf 87' lang='lat' dir='ltr'>profano</span> <span class='ocrx_word' id='word_1_452' title='bbox 833 2466 1022 2497; x_wconf 69' lang='lat' dir='ltr'>distinctum.</span> 
     </span>
     <span class='ocr_line' id='line_1_58' title="bbox 149 2506 1023 2548; baseline 0.001 -10"><span class='ocrx_word' id='word_1_453' title='bbox 149 2506 383 2540; x_wconf 82' lang='lat' dir='ltr'>Difficultatem</span> <span class='ocrx_word' id='word_1_454' title='bbox 407 2509 564 2548; x_wconf 88' lang='lat' dir='ltr'>habebat,</span> <span class='ocrx_word' id='word_1_455' title='bbox 586 2518 623 2540; x_wconf 87' lang='lat' dir='ltr'>an</span> <span class='ocrx_word' id='word_1_456' title='bbox 647 2507 702 2539; x_wconf 87' lang='lat' dir='ltr'>sub</span> <span class='ocrx_word' id='word_1_457' title='bbox 720 2508 795 2540; x_wconf 92' lang='lat' dir='ltr'>loco</span> <span class='ocrx_word' id='word_1_458' title='bbox 819 2506 906 2539; x_wconf 87' lang='lat' dir='ltr'>sacro</span> <span class='ocrx_word' id='word_1_459' title='bbox 927 2508 1023 2539; x_wconf 80' lang='lat' dir='ltr'>etiam</span> 
     </span>
     <span class='ocr_line' id='line_1_59' title="bbox 149 2547 1024 2590; baseline 0 -11"><span class='ocrx_word' id='word_1_460' title='bbox 149 2547 273 2580; x_wconf 68' lang='lat' dir='ltr'>sanetus</span> <span class='ocrx_word' id='word_1_461' title='bbox 297 2551 526 2590; x_wconf 90' lang='lat' dir='ltr'>contineatur,</span> <span class='ocrx_word' id='word_1_462' title='bbox 561 2559 688 2589; x_wconf 88' lang='lat' dir='ltr'>murus,</span> <span class='ocrx_word' id='word_1_463' title='bbox 712 2550 801 2580; x_wconf 88' lang='lat' dir='ltr'>verbi</span> <span class='ocrx_word' id='word_1_464' title='bbox 826 2549 944 2589; x_wconf 83' lang='lat' dir='ltr'>gratia,</span> <span class='ocrx_word' id='word_1_465' title='bbox 969 2555 1024 2579; x_wconf 87' lang='lat' dir='ltr'>aut</span> 
     </span>
     <span class='ocr_line' id='line_1_60' title="bbox 150 2590 1023 2631; baseline 0 -11"><span class='ocrx_word' id='word_1_466' title='bbox 150 2596 248 2630; x_wconf 85' lang='lat' dir='ltr'>porta</span> <span class='ocrx_word' id='word_1_467' title='bbox 263 2590 408 2623; x_wconf 87' lang='lat' dir='ltr'>civitatis.</span> <span class='ocrx_word' id='word_1_468' title='bbox 439 2591 592 2624; x_wconf 87' lang='lat' dir='ltr'>movebat</span> <span class='ocrx_word' id='word_1_469' title='bbox 610 2591 704 2623; x_wconf 88' lang='lat' dir='ltr'>hinc:</span> <span class='ocrx_word' id='word_1_470' title='bbox 728 2592 815 2631; x_wconf 91' lang='lat' dir='ltr'>quod</span> <span class='ocrx_word' id='word_1_471' title='bbox 833 2590 934 2624; x_wconf 68' lang='lat' dir='ltr'>santra</span> <span class='ocrx_word' id='word_1_472' title='bbox 952 2599 1023 2630; x_wconf 91' lang='lat' dir='ltr'>pro-</span> 
     </span>
     <span class='ocr_line' id='line_1_61' title="bbox 148 2630 1022 2674; baseline 0.001 -13"><span class='ocrx_word' id='word_1_473' title='bbox 148 2630 222 2672; x_wconf 85' lang='lat' dir='ltr'>prie</span> <span class='ocrx_word' id='word_1_474' title='bbox 246 2639 351 2671; x_wconf 86' lang='lat' dir='ltr'>neque</span> <span class='ocrx_word' id='word_1_475' title='bbox 376 2632 476 2672; x_wconf 84' lang='lat' dir='ltr'>sacra,</span> <span class='ocrx_word' id='word_1_476' title='bbox 500 2642 607 2674; x_wconf 86' lang='lat' dir='ltr'>neque</span> <span class='ocrx_word' id='word_1_477' title='bbox 628 2632 762 2674; x_wconf 81' lang='lat' dir='ltr'>profana</span> <span class='ocrx_word' id='word_1_478' title='bbox 784 2632 872 2664; x_wconf 87' lang='lat' dir='ltr'>sunt:</span> <span class='ocrx_word' id='word_1_479' title='bbox 897 2640 967 2662; x_wconf 79' lang='lat' dir='ltr'>nam</span> <span class='ocrx_word' id='word_1_480' title='bbox 992 2630 1022 2662; x_wconf 66' lang='grc' dir='ltr'><strong>ἃ</strong></span> 
     </span>
     <span class='ocr_line' id='line_1_62' title="bbox 148 2671 1023 2713; baseline -0.001 -9"><span class='ocrx_word' id='word_1_481' title='bbox 148 2679 300 2712; x_wconf 87' lang='lat' dir='ltr'>exempta</span> <span class='ocrx_word' id='word_1_482' title='bbox 318 2672 386 2704; x_wconf 82' lang='lat' dir='ltr'>sunt</span> <span class='ocrx_word' id='word_1_483' title='bbox 402 2676 618 2713; x_wconf 88' lang='lat' dir='ltr'>commercio;</span> <span class='ocrx_word' id='word_1_484' title='bbox 633 2675 663 2705; x_wconf 69' lang='grc' dir='ltr'><strong>ἃ</strong></span> <span class='ocrx_word' id='word_1_485' title='bbox 679 2681 784 2706; x_wconf 83' lang='lat' dir='ltr'>tamen</span> <span class='ocrx_word' id='word_1_486' title='bbox 796 2682 859 2704; x_wconf 90' lang='lat' dir='ltr'>non</span> <span class='ocrx_word' id='word_1_487' title='bbox 870 2671 938 2703; x_wconf 87' lang='lat' dir='ltr'>sunt</span> <span class='ocrx_word' id='word_1_488' title='bbox 950 2672 1023 2703; x_wconf 87' lang='lat' dir='ltr'>Deo</span> 
     </span>
     <span class='ocr_line' id='line_1_63' title="bbox 147 2712 1023 2755; baseline -0.001 -10"><span class='ocrx_word' id='word_1_489' title='bbox 147 2712 345 2745; x_wconf 88' lang='lat' dir='ltr'>consecrata.</span> <span class='ocrx_word' id='word_1_490' title='bbox 361 2723 471 2746; x_wconf 86' lang='lat' dir='ltr'>contra</span> <span class='ocrx_word' id='word_1_491' title='bbox 481 2716 648 2747; x_wconf 80' lang='lat' dir='ltr'>movebat:</span> <span class='ocrx_word' id='word_1_492' title='bbox 665 2717 752 2755; x_wconf 90' lang='lat' dir='ltr'>quod</span> <span class='ocrx_word' id='word_1_493' title='bbox 763 2714 862 2746; x_wconf 69' lang='lat' dir='ltr'>sancta</span> <span class='ocrx_word' id='word_1_494' title='bbox 879 2713 946 2745; x_wconf 87' lang='lat' dir='ltr'>sunt</span> <span class='ocrx_word' id='word_1_495' title='bbox 959 2713 1023 2744; x_wconf 85' lang='lat' dir='ltr'>san-</span> 
     </span>
     <span class='ocr_line' id='line_1_64' title="bbox 149 2754 1021 2797; baseline -0.002 -10"><span class='ocrx_word' id='word_1_496' title='bbox 149 2754 258 2787; x_wconf 66' lang='lat' dir='ltr'>Ctione</span> <span class='ocrx_word' id='word_1_497' title='bbox 268 2754 401 2794; x_wconf 85' lang='lat' dir='ltr'>quadam</span> <span class='ocrx_word' id='word_1_498' title='bbox 412 2755 598 2788; x_wconf 86' lang='lat' dir='ltr'>confirmata</span> <span class='ocrx_word' id='word_1_499' title='bbox 608 2757 662 2795; x_wconf 75' lang='lat'>;,&amp;</span> <span class='ocrx_word' id='word_1_500' title='bbox 674 2756 762 2797; x_wconf 90' lang='lat' dir='ltr'>quod</span> <span class='ocrx_word' id='word_1_501' title='bbox 778 2755 938 2787; x_wconf 68' lang='lat' dir='ltr'>sanctione</span> <span class='ocrx_word' id='word_1_502' title='bbox 948 2764 1021 2795; x_wconf 88' lang='lat' dir='ltr'>qua-</span> 
     </span>
     <span class='ocr_line' id='line_1_65' title="bbox 149 2794 1021 2836; baseline -0.001 -8"><span class='ocrx_word' id='word_1_503' title='bbox 149 2796 223 2828; x_wconf 87' lang='lat' dir='ltr'>dam</span> <span class='ocrx_word' id='word_1_504' title='bbox 239 2794 405 2827; x_wconf 86' lang='lat' dir='ltr'>subnixum</span> <span class='ocrx_word' id='word_1_505' title='bbox 423 2795 486 2834; x_wconf 91' lang='lat' dir='ltr'>est,</span> <span class='ocrx_word' id='word_1_506' title='bbox 504 2798 534 2829; x_wconf 77' lang='lat' dir='ltr'>itl</span> <span class='ocrx_word' id='word_1_507' title='bbox 550 2798 687 2829; x_wconf 70' lang='lat' dir='ltr'>santium</span> <span class='ocrx_word' id='word_1_508' title='bbox 706 2797 769 2836; x_wconf 87' lang='lat' dir='ltr'>est,</span> <span class='ocrx_word' id='word_1_509' title='bbox 793 2796 848 2828; x_wconf 89' lang='lat' dir='ltr'>etsi</span> <span class='ocrx_word' id='word_1_510' title='bbox 867 2796 940 2828; x_wconf 89' lang='lat' dir='ltr'>Deo</span> <span class='ocrx_word' id='word_1_511' title='bbox 956 2805 1021 2827; x_wconf 85' lang='lat' dir='ltr'>non</span> 
     </span>
     <span class='ocr_line' id='line_1_66' title="bbox 147 2835 1021 2879; baseline -0.002 -9"><span class='ocrx_word' id='word_1_512' title='bbox 147 2837 188 2870; x_wconf 82' lang='lat' dir='ltr'>fit</span> <span class='ocrx_word' id='word_1_513' title='bbox 205 2835 435 2868; x_wconf 85' lang='lat' dir='ltr'>consecratum.</span> <span class='ocrx_word' id='word_1_514' title='bbox 452 2837 528 2868; x_wconf 84' lang='lat' dir='ltr'>Hoc</span> <span class='ocrx_word' id='word_1_515' title='bbox 544 2848 621 2869; x_wconf 84' lang='lat' dir='ltr'>vero</span> <span class='ocrx_word' id='word_1_516' title='bbox 637 2839 756 2879; x_wconf 87' lang='lat' dir='ltr'>placuit</span> <span class='ocrx_word' id='word_1_517' title='bbox 774 2837 933 2879; x_wconf 88' lang='lat' dir='ltr'>Ulpiano:</span> <span class='ocrx_word' id='word_1_518' title='bbox 948 2838 1021 2877; x_wconf 87' lang='lat' dir='ltr'>quia</span> 
     </span>
     <span class='ocr_line' id='line_1_67' title="bbox 148 2877 1021 2919; baseline 0 -9"><span class='ocrx_word' id='word_1_519' title='bbox 148 2886 188 2910; x_wconf 90' lang='lat' dir='ltr'>ut</span> <span class='ocrx_word' id='word_1_520' title='bbox 201 2879 291 2910; x_wconf 87' lang='lat' dir='ltr'>locus</span> <span class='ocrx_word' id='word_1_521' title='bbox 307 2877 447 2916; x_wconf 68' lang='lat' dir='ltr'>sanctus,</span> <span class='ocrx_word' id='word_1_522' title='bbox 471 2879 589 2917; x_wconf 84' lang='lat' dir='ltr'>qualis,</span> <span class='ocrx_word' id='word_1_523' title='bbox 613 2889 647 2911; x_wconf 88' lang='lat' dir='ltr'>ut</span> <span class='ocrx_word' id='word_1_524' title='bbox 663 2881 744 2919; x_wconf 86' lang='lat' dir='ltr'>dixi,</span> <span class='ocrx_word' id='word_1_525' title='bbox 770 2884 875 2912; x_wconf 82' lang='lat' dir='ltr'>murus</span> <span class='ocrx_word' id='word_1_526' title='bbox 894 2879 923 2910; x_wconf 69' lang='grc' dir='ltr'><strong>ἃ</strong></span> <span class='ocrx_word' id='word_1_527' title='bbox 948 2888 1021 2919; x_wconf 89' lang='lat' dir='ltr'>por·</span> 
     </span>
     <span class='ocr_line' id='line_1_68' title="bbox 147 2918 1018 2962; baseline 0.001 -11"><span class='ocrx_word' id='word_1_528' title='bbox 147 2927 203 2959; x_wconf 87' lang='lat' dir='ltr'>ta,</span> <span class='ocrx_word' id='word_1_529' title='bbox 225 2919 354 2962; x_wconf 86' lang='lat' dir='ltr'>proprie</span> <span class='ocrx_word' id='word_1_530' title='bbox 379 2927 443 2951; x_wconf 88' lang='lat' dir='ltr'>non</span> <span class='ocrx_word' id='word_1_531' title='bbox 467 2918 504 2950; x_wconf 85' lang='lat' dir='ltr'>sit</span> <span class='ocrx_word' id='word_1_532' title='bbox 531 2920 627 2950; x_wconf 88' lang='lat' dir='ltr'>divini</span> <span class='ocrx_word' id='word_1_533' title='bbox 649 2921 724 2959; x_wconf 70' lang='lat' dir='ltr'>iuris</span> <span class='ocrx_word' id='word_1_534' title='bbox 740 2944 749 2960; x_wconf 88' lang='lat'>,</span> <span class='ocrx_word' id='word_1_535' title='bbox 774 2921 805 2952; x_wconf 90' lang='lat' dir='ltr'>id</span> <span class='ocrx_word' id='word_1_536' title='bbox 829 2920 892 2958; x_wconf 89' lang='lat' dir='ltr'>est,</span> <span class='ocrx_word' id='word_1_537' title='bbox 917 2919 1018 2952; x_wconf 84' lang='lat' dir='ltr'>sacer:</span> 
     </span>
     <span class='ocr_line' id='line_1_69' title="bbox 149 2959 1020 3003; baseline -0.001 -10"><span class='ocrx_word' id='word_1_538' title='bbox 149 2963 225 3003; x_wconf 85' lang='lat' dir='ltr'>quia</span> <span class='ocrx_word' id='word_1_539' title='bbox 250 2970 316 2993; x_wconf 90' lang='lat' dir='ltr'>non</span> <span class='ocrx_word' id='word_1_540' title='bbox 339 2959 384 2992; x_wconf 88' lang='lat' dir='ltr'>est</span> <span class='ocrx_word' id='word_1_541' title='bbox 409 2959 484 2991; x_wconf 85' lang='lat' dir='ltr'>Deo</span> <span class='ocrx_word' id='word_1_542' title='bbox 502 2960 720 2992; x_wconf 87' lang='lat' dir='ltr'>consecratus:</span> <span class='ocrx_word' id='word_1_543' title='bbox 745 2970 849 2993; x_wconf 82' lang='lat' dir='ltr'>tamen</span> <span class='ocrx_word' id='word_1_544' title='bbox 868 2963 1020 3002; x_wconf 87' lang='lat' dir='ltr'>quodam-</span> 
     </span>
     <span class='ocr_line' id='line_1_70' title="bbox 147 3000 1021 3042; baseline -0.003 -6"><span class='ocrx_word' id='word_1_545' title='bbox 147 3004 252 3036; x_wconf 81' lang='lat' dir='ltr'>modo</span> <span class='ocrx_word' id='word_1_546' title='bbox 270 3002 368 3034; x_wconf 88' lang='lat' dir='ltr'>divini</span> <span class='ocrx_word' id='word_1_547' title='bbox 384 3002 478 3040; x_wconf 86' lang='lat' dir='ltr'>juris,</span> <span class='ocrx_word' id='word_1_548' title='bbox 500 3000 532 3032; x_wconf 89' lang='lat' dir='ltr'>id</span> <span class='ocrx_word' id='word_1_549' title='bbox 548 3000 609 3038; x_wconf 89' lang='lat' dir='ltr'>est,</span> <span class='ocrx_word' id='word_1_550' title='bbox 625 3002 717 3033; x_wconf 79' lang='lat' dir='ltr'>instar</span> <span class='ocrx_word' id='word_1_551' title='bbox 736 3002 830 3040; x_wconf 86' lang='lat' dir='ltr'>sacri,</span> <span class='ocrx_word' id='word_1_552' title='bbox 851 3003 918 3042; x_wconf 86' lang='lat' dir='ltr'>jure</span> <span class='ocrx_word' id='word_1_553' title='bbox 935 3003 1021 3033; x_wconf 87' lang='lat' dir='ltr'>civili</span> 
     </span>
     <span class='ocr_line' id='line_1_71' title="bbox 147 3041 1021 3084; baseline -0.001 -8"><span class='ocrx_word' id='word_1_554' title='bbox 147 3044 287 3076; x_wconf 85' lang='lat' dir='ltr'>habetur</span> <span class='ocrx_word' id='word_1_555' title='bbox 302 3066 313 3082; x_wconf 88' lang='lat'>,</span> <span class='ocrx_word' id='word_1_556' title='bbox 335 3043 463 3075; x_wconf 68' lang='lat' dir='ltr'>austere</span> <span class='ocrx_word' id='word_1_557' title='bbox 481 3041 564 3082; x_wconf 82' lang='lat' dir='ltr'>Gajo</span> <span class='ocrx_word' id='word_1_558' title='bbox 579 3041 598 3072; x_wconf 79' lang='lat' dir='ltr'>l.</span> <span class='ocrx_word' id='word_1_559' title='bbox 619 3050 644 3072; x_wconf 91' lang='lat'>1.</span> <span class='ocrx_word' id='word_1_560' title='bbox 663 3042 692 3073; x_wconf 80' lang='lat' dir='ltr'>b.</span> <span class='ocrx_word' id='word_1_561' title='bbox 709 3048 731 3074; x_wconf 87' lang='lat' dir='ltr'>t.</span> <span class='ocrx_word' id='word_1_562' title='bbox 756 3044 784 3074; x_wconf 69' lang='grc' dir='ltr'>ἃ</span> <span class='ocrx_word' id='word_1_563' title='bbox 801 3043 973 3082; x_wconf 75' lang='lat' dir='ltr'>justiniano</span> <span class='ocrx_word' id='word_1_564' title='bbox 992 3043 1021 3084; x_wconf 82' lang='lat'>§.</span> 
     </span>
     <span class='ocr_line' id='line_1_72' title="bbox 151 3081 1020 3125; baseline -0.001 -9"><span class='ocrx_word' id='word_1_565' title='bbox 151 3094 202 3117; x_wconf 80' lang='lat'>10.</span> <span class='ocrx_word' id='word_1_566' title='bbox 219 3083 281 3125; x_wconf 82' lang='lat' dir='ltr'>1th</span> <span class='ocrx_word' id='word_1_567' title='bbox 299 3086 326 3116; x_wconf 86' lang='lat' dir='ltr'>d.</span> <span class='ocrx_word' id='word_1_568' title='bbox 344 3090 366 3115; x_wconf 91' lang='lat' dir='ltr'>t.</span> <span class='ocrx_word' id='word_1_569' title='bbox 393 3084 423 3116; x_wconf 74' lang='grc' dir='ltr'>δι</span> <span class='ocrx_word' id='word_1_570' title='bbox 447 3084 520 3114; x_wconf 87' lang='lat' dir='ltr'>inde</span> <span class='ocrx_word' id='word_1_571' title='bbox 540 3081 878 3122; x_wconf 27' lang='lat' dir='ltr'>confunditaliquando</span> <span class='ocrx_word' id='word_1_572' title='bbox 896 3095 932 3115; x_wconf 86' lang='lat' dir='ltr'>ea</span> <span class='ocrx_word' id='word_1_573' title='bbox 951 3094 1020 3116; x_wconf 85' lang='lat' dir='ltr'>ver·</span> 
     </span>
     <span class='ocr_line' id='line_1_73' title="bbox 150 3122 1018 3164; baseline -0.001 -6"><span class='ocrx_word' id='word_1_574' title='bbox 150 3126 211 3164; x_wconf 88' lang='lat' dir='ltr'>ba,</span> <span class='ocrx_word' id='word_1_575' title='bbox 234 3128 329 3157; x_wconf 89' lang='lat' dir='ltr'>etiam</span> <span class='ocrx_word' id='word_1_576' title='bbox 345 3125 446 3157; x_wconf 88' lang='lat' dir='ltr'>AElius</span> <span class='ocrx_word' id='word_1_577' title='bbox 458 3123 567 3156; x_wconf 84' lang='lat' dir='ltr'>Gallus</span> <span class='ocrx_word' id='word_1_578' title='bbox 584 3122 775 3159; x_wconf 85' lang='lat' dir='ltr'>confitetur,</span> <span class='ocrx_word' id='word_1_579' title='bbox 791 3126 873 3163; x_wconf 81' lang='lat' dir='ltr'>apud</span> <span class='ocrx_word' id='word_1_580' title='bbox 894 3125 1018 3157; x_wconf 82' lang='lat' dir='ltr'>Festum</span> 
     </span>
     <span class='ocr_line' id='line_1_74' title="bbox 150 3163 1017 3208; baseline -0.001 -9"><span class='ocrx_word' id='word_1_581' title='bbox 150 3168 186 3199; x_wconf 82' lang='lat' dir='ltr'>in</span> <span class='ocrx_word' id='word_1_582' title='bbox 203 3167 371 3208; x_wconf 79' lang='lat' dir='ltr'>Religiolics.</span> <span class='ocrx_word' id='word_1_583' title='bbox 396 3167 455 3198; x_wconf 89' lang='lat' dir='ltr'>hac</span> <span class='ocrx_word' id='word_1_584' title='bbox 470 3167 478 3197; x_wconf 93' lang='lat' dir='ltr'>i</span> <span class='ocrx_word' id='word_1_585' title='bbox 504 3166 564 3197; x_wconf 89' lang='lat' dir='ltr'>itur</span> <span class='ocrx_word' id='word_1_586' title='bbox 579 3165 702 3196; x_wconf 88' lang='lat' dir='ltr'>ratione</span> <span class='ocrx_word' id='word_1_587' title='bbox 727 3164 827 3194; x_wconf 89' lang='lat' dir='ltr'>voluit</span> <span class='ocrx_word' id='word_1_588' title='bbox 845 3163 1017 3206; x_wconf 85' lang='lat' dir='ltr'>Ulpianus,</span> 
     </span>
    </p>
   </div>
   <div class='ocr_carea' id='block_1_3' title="bbox 150 3204 1017 3257">
    <p class='ocr_par' dir='ltr' id='par_1_5' title="bbox 150 3204 1017 3257">
     <span class='ocr_line' id='line_1_75' title="bbox 150 3204 1017 3257; baseline -0.001 -16"><span class='ocrx_word' id='word_1_589' title='bbox 150 3207 209 3243; x_wconf 72' lang='lat' dir='ltr'>sub</span> <span class='ocrx_word' id='word_1_590' title='bbox 223 3208 300 3243; x_wconf 83' lang='lat' dir='ltr'>loco</span> <span class='ocrx_word' id='word_1_591' title='bbox 315 3208 403 3257; x_wconf 74' lang='lat' dir='ltr'>sacro</span> <span class='ocrx_word' id='word_1_592' title='bbox 419 3208 453 3246; x_wconf 84' lang='grc'>111</span> <span class='ocrx_word' id='word_1_593' title='bbox 501 3206 585 3245; x_wconf 59' lang='lat' dir='ltr'>dicto</span> <span class='ocrx_word' id='word_1_594' title='bbox 604 3206 701 3243; x_wconf 78' lang='lat' dir='ltr'>ctiam</span> <span class='ocrx_word' id='word_1_595' title='bbox 717 3204 856 3241; x_wconf 70' lang='lat' dir='ltr'>sanctum</span> <span class='ocrx_word' id='word_1_596' title='bbox 872 3214 1017 3248; x_wconf 84' lang='lat' dir='ltr'>compre·</span> 
     </span>
    </p>
   </div>
   <div class='ocr_carea' id='block_1_4' title="bbox 578 109 935 146">
    <p class='ocr_par' dir='ltr' id='par_1_6' title="bbox 578 109 935 146">
     <span class='ocr_line' id='line_1_76' title="bbox 578 109 935 146; baseline -0.008 0"><span class='ocrx_word' id='word_1_597' title='bbox 578 109 935 146; x_wconf 64' lang='lat' dir='ltr'>Gznxnnt</span> 
     </span>
    </p>
   </div>
   <div class='ocr_carea' id='block_1_5' title="bbox 1067 104 1530 142">
    <p class='ocr_par' dir='ltr' id='par_1_7' title="bbox 1067 104 1530 142">
     <span class='ocr_line' id='line_1_77' title="bbox 1067 104 1530 142; baseline 0 0"><span class='ocrx_word' id='word_1_598' title='bbox 1067 113 1256 142; x_wconf 74' lang='grc' dir='ltr'>οουτ</span> <span class='ocrx_word' id='word_1_599' title='bbox 1316 104 1530 142; x_wconf 66' lang='lat' dir='ltr'>Coum.</span> 
     </span>
    </p>
   </div>
   <div class='ocr_carea' id='block_1_6' title="bbox 1058 193 1993 3205">
    <p class='ocr_par' dir='ltr' id='par_1_8' title="bbox 1058 193 1993 3205">
     <span class='ocr_line' id='line_1_78' title="bbox 1080 193 1951 240; baseline 0.009 -14"><span class='ocrx_word' id='word_1_600' title='bbox 1080 195 1194 228; x_wconf 81' lang='lat' dir='ltr'>hendi:</span> <span class='ocrx_word' id='word_1_601' title='bbox 1210 195 1394 234; x_wconf 84' lang='lat' dir='ltr'>arbitratus,</span> <span class='ocrx_word' id='word_1_602' title='bbox 1418 195 1593 228; x_wconf 88' lang='lat' dir='ltr'>convenire</span> <span class='ocrx_word' id='word_1_603' title='bbox 1610 193 1758 228; x_wconf 88' lang='lat' dir='ltr'>Praetoris</span> <span class='ocrx_word' id='word_1_604' title='bbox 1775 200 1892 240; x_wconf 86' lang='lat' dir='ltr'>menti;</span> <span class='ocrx_word' id='word_1_605' title='bbox 1908 210 1951 234; x_wconf 75' lang='lat' dir='ltr'>ne</span> 
     </span>
     <span class='ocr_line' id='line_1_79' title="bbox 1081 236 1951 277; baseline 0.006 -9"><span class='ocrx_word' id='word_1_606' title='bbox 1081 237 1184 268; x_wconf 81' lang='lat' dir='ltr'>minus</span> <span class='ocrx_word' id='word_1_607' title='bbox 1208 236 1331 275; x_wconf 72' lang='lat' dir='ltr'>santia,</span> <span class='ocrx_word' id='word_1_608' title='bbox 1356 247 1449 277; x_wconf 85' lang='lat' dir='ltr'>quarn</span> <span class='ocrx_word' id='word_1_609' title='bbox 1475 237 1557 267; x_wconf 66' lang='lat' dir='ltr'>ilici-a</span> <span class='ocrx_word' id='word_1_610' title='bbox 1581 237 1651 267; x_wconf 87' lang='lat' dir='ltr'>loca</span> <span class='ocrx_word' id='word_1_611' title='bbox 1677 237 1854 272; x_wconf 76' lang='lat' dir='ltr'>violentur:</span> <span class='ocrx_word' id='word_1_612' title='bbox 1876 252 1951 276; x_wconf 88' lang='lat' dir='ltr'>cum</span> 
     </span>
     <span class='ocr_line' id='line_1_80' title="bbox 1080 276 1987 321; baseline 0.01 -14"><span class='ocrx_word' id='word_1_613' title='bbox 1080 277 1251 317; x_wconf 76' lang='lat' dir='ltr'>praesertim</span> <span class='ocrx_word' id='word_1_614' title='bbox 1263 279 1364 310; x_wconf 62' lang='lat' dir='ltr'>sancta</span> <span class='ocrx_word' id='word_1_615' title='bbox 1382 286 1540 309; x_wconf 87' lang='lat' dir='ltr'>vocentur</span> <span class='ocrx_word' id='word_1_616' title='bbox 1556 287 1626 318; x_wconf 80' lang='lat' dir='ltr'>quae</span> <span class='ocrx_word' id='word_1_617' title='bbox 1641 276 1796 310; x_wconf 59' lang='lat' dir='ltr'>sanctione</span> <span class='ocrx_word' id='word_1_618' title='bbox 1815 284 1951 321; x_wconf 75' lang='lat' dir='ltr'>quadam</span> <span class='ocrx_word' id='word_1_619' title='bbox 1983 292 1987 297; x_wconf 88' lang='grc'><em>·</em></span> 
     </span>
     <span class='ocr_line' id='line_1_81' title="bbox 1082 317 1952 362; baseline 0.009 -14"><span class='ocrx_word' id='word_1_620' title='bbox 1082 318 1151 349; x_wconf 89' lang='lat' dir='ltr'>sunt</span> <span class='ocrx_word' id='word_1_621' title='bbox 1166 319 1363 352; x_wconf 78' lang='lat' dir='ltr'>confirmata.</span> <span class='ocrx_word' id='word_1_622' title='bbox 1388 320 1559 359; x_wconf 86' lang='lat' dir='ltr'>additque,</span> <span class='ocrx_word' id='word_1_623' title='bbox 1579 317 1752 359; x_wconf 73' lang='lat' dir='ltr'>Ulpianus,</span> <span class='ocrx_word' id='word_1_624' title='bbox 1772 321 1834 352; x_wconf 82' lang='lat' dir='ltr'>lioc</span> <span class='ocrx_word' id='word_1_625' title='bbox 1851 326 1952 362; x_wconf 83' lang='lat' dir='ltr'>place·</span> 
     </span>
     <span class='ocr_line' id='line_1_82' title="bbox 1082 360 1951 404; baseline 0.007 -14"><span class='ocrx_word' id='word_1_626' title='bbox 1082 367 1115 390; x_wconf 84' lang='lat' dir='ltr'>re</span> <span class='ocrx_word' id='word_1_627' title='bbox 1132 368 1229 400; x_wconf 84' lang='lat' dir='ltr'>usque</span> <span class='ocrx_word' id='word_1_628' title='bbox 1244 363 1345 400; x_wconf 84' lang='lat' dir='ltr'>adeo,</span> <span class='ocrx_word' id='word_1_629' title='bbox 1368 371 1402 392; x_wconf 85' lang='lat' dir='ltr'>ut</span> <span class='ocrx_word' id='word_1_630' title='bbox 1417 363 1449 393; x_wconf 90' lang='lat' dir='ltr'>in</span> <span class='ocrx_word' id='word_1_631' title='bbox 1470 360 1681 392; x_wconf 63' lang='lat' dir='ltr'>sanctionibus</span> <span class='ocrx_word' id='word_1_632' title='bbox 1699 361 1856 395; x_wconf 81' lang='lat' dir='ltr'>interdum</span> <span class='ocrx_word' id='word_1_633' title='bbox 1876 366 1951 404; x_wconf 63' lang='lat' dir='ltr'>adjia</span> 
     </span>
     <span class='ocr_line' id='line_1_83' title="bbox 1082 401 1953 445; baseline 0.008 -15"><span class='ocrx_word' id='word_1_634' title='bbox 1082 401 1198 433; x_wconf 72' lang='lat' dir='ltr'>cintur:</span> <span class='ocrx_word' id='word_1_635' title='bbox 1223 404 1320 442; x_wconf 79' lang='lat' dir='ltr'>utqui</span> <span class='ocrx_word' id='word_1_636' title='bbox 1335 404 1378 434; x_wconf 89' lang='lat' dir='ltr'>ibi</span> <span class='ocrx_word' id='word_1_637' title='bbox 1396 403 1514 443; x_wconf 86' lang='lat' dir='ltr'>aliquid</span> <span class='ocrx_word' id='word_1_638' title='bbox 1532 402 1710 439; x_wconf 86' lang='lat' dir='ltr'>commisit,</span> <span class='ocrx_word' id='word_1_639' title='bbox 1727 403 1832 442; x_wconf 86' lang='lat' dir='ltr'>capite</span> <span class='ocrx_word' id='word_1_640' title='bbox 1846 407 1953 445; x_wconf 84' lang='lat' dir='ltr'>punia-</span> 
     </span>
     <span class='ocr_line' id='line_1_84' title="bbox 1082 441 1953 486; baseline 0.007 -14"><span class='ocrx_word' id='word_1_641' title='bbox 1082 449 1140 473; x_wconf 85' lang='lat' dir='ltr'>tur.</span> <span class='ocrx_word' id='word_1_642' title='bbox 1164 441 1245 475; x_wconf 80' lang='lat' dir='ltr'>Tale</span> <span class='ocrx_word' id='word_1_643' title='bbox 1262 445 1374 475; x_wconf 88' lang='lat' dir='ltr'>evenit</span> <span class='ocrx_word' id='word_1_644' title='bbox 1388 444 1525 476; x_wconf 87' lang='lat' dir='ltr'>inmuris</span> <span class='ocrx_word' id='word_1_645' title='bbox 1543 444 1571 474; x_wconf 70' lang='grc' dir='ltr'><strong>ά</strong></span> <span class='ocrx_word' id='word_1_646' title='bbox 1590 445 1691 482; x_wconf 80' lang='lat' dir='ltr'>portis</span> <span class='ocrx_word' id='word_1_647' title='bbox 1702 444 1858 484; x_wconf 77' lang='lat' dir='ltr'>civitatis,</span> <span class='ocrx_word' id='word_1_648' title='bbox 1873 453 1953 486; x_wconf 78' lang='lat' dir='ltr'>quos</span> 
     </span>
     <span class='ocr_line' id='line_1_85' title="bbox 1081 482 1954 527; baseline 0.007 -14"><span class='ocrx_word' id='word_1_649' title='bbox 1081 482 1272 522; x_wconf 74' lang='lat' dir='ltr'>justinianus</span> <span class='ocrx_word' id='word_1_650' title='bbox 1289 486 1316 516; x_wconf 86' lang='lat' dir='ltr'>d.</span> <span class='ocrx_word' id='word_1_651' title='bbox 1335 485 1363 526; x_wconf 84' lang='lat'>§.</span> <span class='ocrx_word' id='word_1_652' title='bbox 1381 495 1424 517; x_wconf 89' lang='lat' dir='ltr'>io.</span> <span class='ocrx_word' id='word_1_653' title='bbox 1441 486 1516 516; x_wconf 80' lang='lat' dir='ltr'>ideo</span> <span class='ocrx_word' id='word_1_654' title='bbox 1532 483 1653 516; x_wconf 56' lang='lat' dir='ltr'>sanctos</span> <span class='ocrx_word' id='word_1_655' title='bbox 1670 484 1732 516; x_wconf 89' lang='lat' dir='ltr'>dici</span> <span class='ocrx_word' id='word_1_656' title='bbox 1744 485 1862 518; x_wconf 82' lang='lat' dir='ltr'>refert:</span> <span class='ocrx_word' id='word_1_657' title='bbox 1881 490 1954 527; x_wconf 82' lang='lat' dir='ltr'>quia</span> 
     </span>
     <span class='ocr_line' id='line_1_86' title="bbox 1080 525 1953 568; baseline 0.006 -13"><span class='ocrx_word' id='word_1_658' title='bbox 1080 532 1175 564; x_wconf 87' lang='lat' dir='ltr'>poena</span> <span class='ocrx_word' id='word_1_659' title='bbox 1200 525 1309 565; x_wconf 86' lang='lat' dir='ltr'>capitis</span> <span class='ocrx_word' id='word_1_660' title='bbox 1327 527 1496 558; x_wconf 80' lang='lat' dir='ltr'>constituta</span> <span class='ocrx_word' id='word_1_661' title='bbox 1513 526 1557 557; x_wconf 84' lang='lat' dir='ltr'>est</span> <span class='ocrx_word' id='word_1_662' title='bbox 1582 527 1612 557; x_wconf 89' lang='lat' dir='ltr'>in</span> <span class='ocrx_word' id='word_1_663' title='bbox 1636 535 1692 557; x_wconf 85' lang='lat' dir='ltr'>eos</span> <span class='ocrx_word' id='word_1_664' title='bbox 1717 528 1770 566; x_wconf 89' lang='lat' dir='ltr'>qui</span> <span class='ocrx_word' id='word_1_665' title='bbox 1787 527 1903 568; x_wconf 85' lang='lat' dir='ltr'>aliquid</span> <span class='ocrx_word' id='word_1_666' title='bbox 1920 530 1953 562; x_wconf 81' lang='lat' dir='ltr'>in</span> 
     </span>
     <span class='ocr_line' id='line_1_87' title="bbox 1080 566 1945 610; baseline 0.007 -14"><span class='ocrx_word' id='word_1_667' title='bbox 1080 574 1188 596; x_wconf 87' lang='lat' dir='ltr'>muros</span> <span class='ocrx_word' id='word_1_668' title='bbox 1204 566 1415 606; x_wconf 87' lang='lat' dir='ltr'>deliquerunt.</span> <span class='ocrx_word' id='word_1_669' title='bbox 1439 567 1631 606; x_wconf 82' lang='lat' dir='ltr'>Exemplum</span> <span class='ocrx_word' id='word_1_670' title='bbox 1650 567 1754 598; x_wconf 84' lang='lat' dir='ltr'>adfert</span> <span class='ocrx_word' id='word_1_671' title='bbox 1774 568 1945 610; x_wconf 83' lang='lat' dir='ltr'>Pomponi-</span> 
     </span>
     <span class='ocr_line' id='line_1_88' title="bbox 1080 606 1949 651; baseline 0.006 -14"><span class='ocrx_word' id='word_1_672' title='bbox 1080 615 1115 637; x_wconf 88' lang='lat' dir='ltr'>us</span> <span class='ocrx_word' id='word_1_673' title='bbox 1131 606 1149 637; x_wconf 82' lang='lat' dir='ltr'>l.</span> <span class='ocrx_word' id='word_1_674' title='bbox 1165 606 1218 637; x_wconf 85' lang='lat' dir='ltr'>ult.</span> <span class='ocrx_word' id='word_1_675' title='bbox 1235 606 1263 637; x_wconf 90' lang='lat' dir='ltr'>h.</span> <span class='ocrx_word' id='word_1_676' title='bbox 1281 612 1301 637; x_wconf 89' lang='lat' dir='ltr'>t.</span> <span class='ocrx_word' id='word_1_677' title='bbox 1327 607 1373 640; x_wconf 84' lang='lat' dir='ltr'>his</span> <span class='ocrx_word' id='word_1_678' title='bbox 1394 609 1515 641; x_wconf 84' lang='lat' dir='ltr'>verbis:</span> <span class='ocrx_word' id='word_1_679' title='bbox 1539 608 1572 640; x_wconf 78' lang='lat' dir='ltr'>Si</span> <span class='ocrx_word' id='word_1_680' title='bbox 1585 610 1649 650; x_wconf 86' lang='lat' dir='ltr'>quis</span> <span class='ocrx_word' id='word_1_681' title='bbox 1666 609 1818 641; x_wconf 70' lang='lat' dir='ltr'>violaverit</span> <span class='ocrx_word' id='word_1_682' title='bbox 1835 621 1949 651; x_wconf 72' lang='lat' dir='ltr'>muros-‚²</span> 
     </span>
     <span class='ocr_line' id='line_1_89' title="bbox 1080 647 1953 691; baseline 0.003 -12"><span class='ocrx_word' id='word_1_683' title='bbox 1080 648 1172 687; x_wconf 82' lang='lat' dir='ltr'>capite</span> <span class='ocrx_word' id='word_1_684' title='bbox 1183 650 1328 688; x_wconf 80' lang='lat' dir='ltr'>punitur.-</span> <span class='ocrx_word' id='word_1_685' title='bbox 1345 647 1434 686; x_wconf 82' lang='lat' dir='ltr'>ficuti</span> <span class='ocrx_word' id='word_1_686' title='bbox 1443 648 1467 688; x_wconf 80' lang='lat' dir='ltr'>li</span> <span class='ocrx_word' id='word_1_687' title='bbox 1483 651 1548 691; x_wconf 81' lang='lat' dir='ltr'>quis</span> <span class='ocrx_word' id='word_1_688' title='bbox 1569 650 1746 689; x_wconf 69' lang='lat' dir='ltr'>transcendet</span> <span class='ocrx_word' id='word_1_689' title='bbox 1756 651 1845 690; x_wconf 80' lang='lat' dir='ltr'>J&#39;calis</span> <span class='ocrx_word' id='word_1_690' title='bbox 1856 652 1953 683; x_wconf 85' lang='lat' dir='ltr'>admo-</span> 
     </span>
     <span class='ocr_line' id='line_1_90' title="bbox 1081 689 1950 733; baseline 0.007 -14"><span class='ocrx_word' id='word_1_691' title='bbox 1081 690 1118 720; x_wconf 86' lang='lat' dir='ltr'>tis</span> <span class='ocrx_word' id='word_1_692' title='bbox 1130 689 1176 719; x_wconf 81' lang='lat' dir='ltr'>vel</span> <span class='ocrx_word' id='word_1_693' title='bbox 1186 689 1245 720; x_wconf 82' lang='lat' dir='ltr'>alia</span> <span class='ocrx_word' id='word_1_694' title='bbox 1260 689 1384 730; x_wconf 81' lang='lat' dir='ltr'>qualibet</span> <span class='ocrx_word' id='word_1_695' title='bbox 1399 697 1520 723; x_wconf 77' lang='lat' dir='ltr'>ratione.</span> <span class='ocrx_word' id='word_1_696' title='bbox 1544 701 1611 722; x_wconf 81' lang='lat' dir='ltr'>narn</span> <span class='ocrx_word' id='word_1_697' title='bbox 1621 693 1695 722; x_wconf 78' lang='lat' dir='ltr'>cives</span> <span class='ocrx_word' id='word_1_698' title='bbox 1712 691 1856 723; x_wconf 71' lang='lat' dir='ltr'>Romanos</span> <span class='ocrx_word' id='word_1_699' title='bbox 1872 694 1950 733; x_wconf 80' lang='lat' dir='ltr'>alia,</span> 
     </span>
     <span class='ocr_line' id='line_1_91' title="bbox 1079 732 1953 772; baseline 0.007 -12"><span class='ocrx_word' id='word_1_700' title='bbox 1079 740 1167 771; x_wconf 81' lang='lat' dir='ltr'>quam</span> <span class='ocrx_word' id='word_1_701' title='bbox 1177 738 1230 771; x_wconf 86' lang='lat' dir='ltr'>per</span> <span class='ocrx_word' id='word_1_702' title='bbox 1241 736 1337 769; x_wconf 83' lang='lat' dir='ltr'>portas</span> <span class='ocrx_word' id='word_1_703' title='bbox 1354 734 1448 772; x_wconf 78' lang='lat' dir='ltr'>egredi</span> <span class='ocrx_word' id='word_1_704' title='bbox 1461 742 1517 763; x_wconf 78' lang='lat' dir='ltr'>non</span> <span class='ocrx_word' id='word_1_705' title='bbox 1539 732 1610 763; x_wconf 78' lang='lat' dir='ltr'>licet.</span> <span class='ocrx_word' id='word_1_706' title='bbox 1657 732 1779 764; x_wconf 87' lang='lat' dir='ltr'>Omnes</span> <span class='ocrx_word' id='word_1_707' title='bbox 1804 735 1873 766; x_wconf 78' lang='lat' dir='ltr'>libri</span> <span class='ocrx_word' id='word_1_708' title='bbox 1900 735 1953 766; x_wconf 84' lang='lat' dir='ltr'>ba-</span> 
     </span>
     <span class='ocr_line' id='line_1_92' title="bbox 1080 770 1951 815; baseline 0.008 -14"><span class='ocrx_word' id='word_1_709' title='bbox 1080 772 1177 809; x_wconf 85' lang='lat' dir='ltr'>bent,</span> <span class='ocrx_word' id='word_1_710' title='bbox 1203 772 1306 812; x_wconf 81' lang='lat' dir='ltr'>egredi.</span> <span class='ocrx_word' id='word_1_711' title='bbox 1331 770 1383 803; x_wconf 87' lang='lat' dir='ltr'>sed</span> <span class='ocrx_word' id='word_1_712' title='bbox 1398 774 1480 813; x_wconf 88' lang='lat' dir='ltr'>apud</span> <span class='ocrx_word' id='word_1_713' title='bbox 1497 772 1630 805; x_wconf 82' lang='lat' dir='ltr'>Graecos</span> <span class='ocrx_word' id='word_1_714' title='bbox 1649 773 1759 813; x_wconf 71' lang='lat' dir='ltr'>Bafilic.</span> <span class='ocrx_word' id='word_1_715' title='bbox 1777 776 1823 807; x_wconf 84' lang='lat' dir='ltr'>lib.</span> <span class='ocrx_word' id='word_1_716' title='bbox 1841 780 1887 815; x_wconf 80' lang='lat'>46.</span> <span class='ocrx_word' id='word_1_717' title='bbox 1905 778 1951 808; x_wconf 83' lang='lat' dir='ltr'>tit.</span> 
     </span>
     <span class='ocr_line' id='line_1_93' title="bbox 1083 813 1951 856; baseline 0.006 -12"><span class='ocrx_word' id='word_1_718' title='bbox 1083 822 1108 844; x_wconf 89' lang='lat'>1.</span> <span class='ocrx_word' id='word_1_719' title='bbox 1132 818 1197 843; x_wconf 85' lang='lat' dir='ltr'>tom.</span> <span class='ocrx_word' id='word_1_720' title='bbox 1222 817 1250 844; x_wconf 88' lang='lat'>6.</span> <span class='ocrx_word' id='word_1_721' title='bbox 1270 818 1339 854; x_wconf 84' lang='lat' dir='ltr'>pag.</span> <span class='ocrx_word' id='word_1_722' title='bbox 1369 817 1435 853; x_wconf 73' lang='lat'>164.</span> <span class='ocrx_word' id='word_1_723' title='bbox 1463 813 1526 851; x_wconf 90' lang='lat' dir='ltr'>est,</span> <span class='ocrx_word' id='word_1_724' title='bbox 1549 816 1689 856; x_wconf 79' lang='lat' dir='ltr'>ingredi,</span> <span class='ocrx_word' id='word_1_725' title='bbox 1711 815 1798 847; x_wconf 84' lang='lat' dir='ltr'>forte</span> <span class='ocrx_word' id='word_1_726' title='bbox 1820 818 1951 850; x_wconf 84' lang='lat' dir='ltr'>melius:</span> 
     </span>
     <span class='ocr_line' id='line_1_94' title="bbox 1079 854 1951 899; baseline 0.006 -14"><span class='ocrx_word' id='word_1_727' title='bbox 1079 863 1268 894; x_wconf 84' lang='lat' dir='ltr'>quamquam</span> <span class='ocrx_word' id='word_1_728' title='bbox 1285 854 1368 894; x_wconf 85' lang='lat' dir='ltr'>apud</span> <span class='ocrx_word' id='word_1_729' title='bbox 1384 854 1588 886; x_wconf 85' lang='lat' dir='ltr'>Scholiastem</span> <span class='ocrx_word' id='word_1_730' title='bbox 1607 857 1668 893; x_wconf 82' lang='lat' dir='ltr'>est,</span> <span class='ocrx_word' id='word_1_731' title='bbox 1692 859 1786 899; x_wconf 80' lang='lat' dir='ltr'>egredi</span> <span class='ocrx_word' id='word_1_732' title='bbox 1829 858 1951 891; x_wconf 76' lang='lat' dir='ltr'>Verum</span> 
     </span>
     <span class='ocr_line' id='line_1_95' title="bbox 1079 895 1949 941; baseline 0.005 -15"><span class='ocrx_word' id='word_1_733' title='bbox 1079 896 1110 926; x_wconf 92' lang='lat' dir='ltr'>in</span> <span class='ocrx_word' id='word_1_734' title='bbox 1127 896 1145 925; x_wconf 87' lang='lat' dir='ltr'>l.</span> <span class='ocrx_word' id='word_1_735' title='bbox 1165 906 1192 935; x_wconf 82' lang='lat'>3.</span> <span class='ocrx_word' id='word_1_736' title='bbox 1217 895 1245 936; x_wconf 85' lang='lat'>§.</span> <span class='ocrx_word' id='word_1_737' title='bbox 1265 904 1311 936; x_wconf 83' lang='lat'>17.</span> <span class='ocrx_word' id='word_1_738' title='bbox 1330 895 1372 926; x_wconf 90' lang='lat' dir='ltr'>D.</span> <span class='ocrx_word' id='word_1_739' title='bbox 1389 897 1421 927; x_wconf 82' lang='lat' dir='ltr'>de</span> <span class='ocrx_word' id='word_1_740' title='bbox 1437 905 1466 926; x_wconf 84' lang='lat' dir='ltr'>re</span> <span class='ocrx_word' id='word_1_741' title='bbox 1482 896 1602 927; x_wconf 75' lang='lat' dir='ltr'>militari</span> <span class='ocrx_word' id='word_1_742' title='bbox 1618 897 1757 929; x_wconf 85' lang='lat' dir='ltr'>similiter</span> <span class='ocrx_word' id='word_1_743' title='bbox 1773 898 1815 930; x_wconf 88' lang='lat' dir='ltr'>est</span> <span class='ocrx_word' id='word_1_744' title='bbox 1831 926 1835 930; x_wconf 90' lang='lat'><em>.</em></span> <span class='ocrx_word' id='word_1_745' title='bbox 1852 902 1949 941; x_wconf 68' lang='lat' dir='ltr'>ingre-</span> 
     </span>
     <span class='ocr_line' id='line_1_96' title="bbox 1078 932 1950 979; baseline 0.005 -11"><span class='ocrx_word' id='word_1_746' title='bbox 1078 937 1116 968; x_wconf 86' lang='lat' dir='ltr'>di.</span> <span class='ocrx_word' id='word_1_747' title='bbox 1132 935 1276 977; x_wconf 87' lang='lat' dir='ltr'>facitque</span> <span class='ocrx_word' id='word_1_748' title='bbox 1293 938 1388 968; x_wconf 86' lang='lat' dir='ltr'>etiam</span> <span class='ocrx_word' id='word_1_749' title='bbox 1408 936 1488 974; x_wconf 89' lang='lat' dir='ltr'>huc,</span> <span class='ocrx_word' id='word_1_750' title='bbox 1503 938 1589 978; x_wconf 89' lang='lat' dir='ltr'>quod</span> <span class='ocrx_word' id='word_1_751' title='bbox 1607 939 1801 979; x_wconf 81' lang='lat' dir='ltr'>Pomponius</span> <span class='ocrx_word' id='word_1_752' title='bbox 1820 944 1845 971; x_wconf 79' lang='lat' dir='ltr'>d.</span> <span class='ocrx_word' id='word_1_753' title='bbox 1863 932 1950 972; x_wconf 50' lang='lat' dir='ltr'>ifultt</span> 
     </span>
     <span class='ocr_line' id='line_1_97' title="bbox 1079 976 1950 1018; baseline 0.006 -9"><span class='ocrx_word' id='word_1_754' title='bbox 1079 976 1240 1017; x_wconf 83' lang='lat' dir='ltr'>causatur,</span> <span class='ocrx_word' id='word_1_755' title='bbox 1253 977 1306 1018; x_wconf 81' lang='lat' dir='ltr'>effe</span> <span class='ocrx_word' id='word_1_756' title='bbox 1321 978 1394 1008; x_wconf 80' lang='lat' dir='ltr'>iliud</span> <span class='ocrx_word' id='word_1_757' title='bbox 1405 976 1501 1018; x_wconf 80' lang='lat' dir='ltr'>hostile</span> <span class='ocrx_word' id='word_1_758' title='bbox 1517 985 1602 1017; x_wconf 83' lang='lat' dir='ltr'>atque</span> <span class='ocrx_word' id='word_1_759' title='bbox 1619 982 1847 1012; x_wconf 74' lang='lat' dir='ltr'>abominandum.</span> <span class='ocrx_word' id='word_1_760' title='bbox 1874 982 1950 1014; x_wconf 85' lang='lat' dir='ltr'>Hoc</span> 
     </span>
     <span class='ocr_line' id='line_1_98' title="bbox 1079 1019 1952 1060; baseline 0.006 -11"><span class='ocrx_word' id='word_1_761' title='bbox 1079 1027 1185 1050; x_wconf 81' lang='lat' dir='ltr'>tamen</span> <span class='ocrx_word' id='word_1_762' title='bbox 1203 1020 1233 1050; x_wconf 91' lang='lat' dir='ltr'>in</span> <span class='ocrx_word' id='word_1_763' title='bbox 1248 1020 1353 1051; x_wconf 82' lang='lat' dir='ltr'>medio</span> <span class='ocrx_word' id='word_1_764' title='bbox 1364 1020 1522 1058; x_wconf 81' lang='lat' dir='ltr'>relinquo.</span> <span class='ocrx_word' id='word_1_765' title='bbox 1541 1019 1619 1051; x_wconf 81' lang='lat' dir='ltr'>illud</span> <span class='ocrx_word' id='word_1_766' title='bbox 1636 1022 1755 1060; x_wconf 86' lang='lat' dir='ltr'>miror,</span> <span class='ocrx_word' id='word_1_767' title='bbox 1770 1032 1785 1052; x_wconf 88' lang='lat' dir='ltr'>a</span> <span class='ocrx_word' id='word_1_768' title='bbox 1800 1031 1849 1054; x_wconf 86' lang='lat' dir='ltr'>tot</span> <span class='ocrx_word' id='word_1_769' title='bbox 1866 1024 1952 1054; x_wconf 84' lang='lat' dir='ltr'>secu-</span> 
     </span>
     <span class='ocr_line' id='line_1_99' title="bbox 1078 1059 1951 1097; baseline 0.005 -5"><span class='ocrx_word' id='word_1_770' title='bbox 1078 1060 1114 1092; x_wconf 75' lang='lat' dir='ltr'>lis</span> <span class='ocrx_word' id='word_1_771' title='bbox 1132 1061 1236 1092; x_wconf 82' lang='lat' dir='ltr'>adhuc</span> <span class='ocrx_word' id='word_1_772' title='bbox 1253 1061 1339 1091; x_wconf 87' lang='lat' dir='ltr'>credi</span> <span class='ocrx_word' id='word_1_773' title='bbox 1356 1060 1375 1091; x_wconf 60' lang='lat' dir='ltr'>a&#39;</span> <span class='ocrx_word' id='word_1_774' title='bbox 1391 1059 1587 1092; x_wconf 74' lang='lat' dir='ltr'>Doctisfimis</span> <span class='ocrx_word' id='word_1_775' title='bbox 1613 1062 1713 1097; x_wconf 75' lang='lat' dir='ltr'>ViriS,</span> <span class='ocrx_word' id='word_1_776' title='bbox 1738 1063 1819 1094; x_wconf 86' lang='grc'><strong>113110</strong></span> <span class='ocrx_word' id='word_1_777' title='bbox 1837 1063 1951 1096; x_wconf 86' lang='lat' dir='ltr'>defini-</span> 
     </span>
     <span class='ocr_line' id='line_1_100' title="bbox 1079 1102 1950 1142; baseline 0.007 -11"><span class='ocrx_word' id='word_1_778' title='bbox 1079 1109 1199 1133; x_wconf 77' lang='lat' dir='ltr'>tionem</span> <span class='ocrx_word' id='word_1_779' title='bbox 1217 1102 1353 1142; x_wconf 70' lang='lat' dir='ltr'>spectare</span> <span class='ocrx_word' id='word_1_780' title='bbox 1373 1110 1495 1133; x_wconf 89' lang='lat' dir='ltr'>tantum</span> <span class='ocrx_word' id='word_1_781' title='bbox 1511 1106 1548 1134; x_wconf 81' lang='lat' dir='ltr'>ad</span> <span class='ocrx_word' id='word_1_782' title='bbox 1566 1111 1672 1134; x_wconf 90' lang='lat' dir='ltr'>muros</span> <span class='ocrx_word' id='word_1_783' title='bbox 1692 1102 1788 1134; x_wconf 82' lang='lat' dir='ltr'>Urbis</span> <span class='ocrx_word' id='word_1_784' title='bbox 1820 1104 1950 1138; x_wconf 82' lang='lat' dir='ltr'>Romae:</span> 
     </span>
     <span class='ocr_line' id='line_1_101' title="bbox 1077 1143 1950 1184; baseline 0.006 -10"><span class='ocrx_word' id='word_1_785' title='bbox 1077 1152 1141 1174; x_wconf 88' lang='lat' dir='ltr'>non</span> <span class='ocrx_word' id='word_1_786' title='bbox 1159 1143 1255 1174; x_wconf 83' lang='lat' dir='ltr'>etiam</span> <span class='ocrx_word' id='word_1_787' title='bbox 1265 1146 1303 1174; x_wconf 86' lang='lat' dir='ltr'>ad</span> <span class='ocrx_word' id='word_1_788' title='bbox 1319 1152 1427 1174; x_wconf 90' lang='lat' dir='ltr'>muros</span> <span class='ocrx_word' id='word_1_789' title='bbox 1443 1143 1697 1182; x_wconf 84' lang='lat' dir='ltr'>municipiorum.</span> <span class='ocrx_word' id='word_1_790' title='bbox 1713 1145 1846 1184; x_wconf 89' lang='lat' dir='ltr'>primum</span> <span class='ocrx_word' id='word_1_791' title='bbox 1864 1156 1950 1180; x_wconf 86' lang='lat' dir='ltr'>enim</span> 
     </span>
     <span class='ocr_line' id='line_1_102' title="bbox 1077 1184 1951 1226; baseline 0.005 -10"><span class='ocrx_word' id='word_1_792' title='bbox 1077 1185 1121 1216; x_wconf 89' lang='lat' dir='ltr'>nil</span> <span class='ocrx_word' id='word_1_793' title='bbox 1139 1184 1298 1225; x_wconf 85' lang='lat' dir='ltr'>distinguit</span> <span class='ocrx_word' id='word_1_794' title='bbox 1314 1184 1504 1224; x_wconf 74' lang='lat' dir='ltr'>justinianus</span> <span class='ocrx_word' id='word_1_795' title='bbox 1519 1186 1546 1216; x_wconf 90' lang='lat' dir='ltr'>d.</span> <span class='ocrx_word' id='word_1_796' title='bbox 1563 1185 1591 1226; x_wconf 55' lang='grc' dir='ltr'>ς.</span> <span class='ocrx_word' id='word_1_797' title='bbox 1614 1195 1659 1217; x_wconf 84' lang='grc'>10.</span> <span class='ocrx_word' id='word_1_798' title='bbox 1677 1193 1787 1218; x_wconf 87' lang='grc'><strong>0011113</strong></span> <span class='ocrx_word' id='word_1_799' title='bbox 1805 1186 1951 1226; x_wconf 78' lang='lat' dir='ltr'>simplici·</span> 
     </span>
     <span class='ocr_line' id='line_1_103' title="bbox 1078 1225 1949 1270; baseline 0.006 -14"><span class='ocrx_word' id='word_1_800' title='bbox 1078 1233 1126 1256; x_wconf 92' lang='lat' dir='ltr'>ter</span> <span class='ocrx_word' id='word_1_801' title='bbox 1152 1225 1292 1265; x_wconf 89' lang='lat' dir='ltr'>loquitur</span> <span class='ocrx_word' id='word_1_802' title='bbox 1317 1228 1357 1257; x_wconf 87' lang='lat' dir='ltr'>de</span> <span class='ocrx_word' id='word_1_803' title='bbox 1378 1226 1472 1258; x_wconf 89' lang='lat' dir='ltr'>muris</span> <span class='ocrx_word' id='word_1_804' title='bbox 1493 1227 1522 1257; x_wconf 75' lang='grc' dir='ltr'><strong>ἅ</strong></span> <span class='ocrx_word' id='word_1_805' title='bbox 1540 1227 1650 1267; x_wconf 78' lang='lat' dir='ltr'>portis.</span> <span class='ocrx_word' id='word_1_806' title='bbox 1679 1228 1795 1259; x_wconf 82' lang='lat' dir='ltr'>deinde</span> <span class='ocrx_word' id='word_1_807' title='bbox 1815 1229 1949 1270; x_wconf 61' lang='lat' dir='ltr'>legimus</span> 
     </span>
     <span class='ocr_line' id='line_1_104' title="bbox 1078 1266 1948 1311; baseline 0.005 -14"><span class='ocrx_word' id='word_1_808' title='bbox 1078 1267 1161 1306; x_wconf 84' lang='lat' dir='ltr'>apud</span> <span class='ocrx_word' id='word_1_809' title='bbox 1180 1266 1307 1298; x_wconf 76' lang='lat' dir='ltr'>Festum</span> <span class='ocrx_word' id='word_1_810' title='bbox 1323 1267 1353 1298; x_wconf 88' lang='lat' dir='ltr'>in</span> <span class='ocrx_word' id='word_1_811' title='bbox 1375 1267 1551 1308; x_wconf 57' lang='lat' dir='ltr'>Religionis,</span> <span class='ocrx_word' id='word_1_812' title='bbox 1567 1268 1707 1299; x_wconf 64' lang='lat' dir='ltr'>Sentium</span> <span class='ocrx_word' id='word_1_813' title='bbox 1717 1279 1831 1300; x_wconf 84' lang='lat' dir='ltr'>murum</span> <span class='ocrx_word' id='word_1_814' title='bbox 1846 1272 1897 1311; x_wconf 83' lang='lat' dir='ltr'>qui</span> <span class='ocrx_word' id='word_1_815' title='bbox 1905 1270 1948 1308; x_wconf 71' lang='lat' dir='ltr'>fic</span> 
     </span>
     <span class='ocr_line' id='line_1_105' title="bbox 1078 1307 1949 1353; baseline 0.005 -14"><span class='ocrx_word' id='word_1_816' title='bbox 1078 1309 1156 1339; x_wconf 67' lang='lat' dir='ltr'>circa</span> <span class='ocrx_word' id='word_1_817' title='bbox 1171 1310 1313 1348; x_wconf 79' lang='lat' dir='ltr'>oppidum.</span> <span class='ocrx_word' id='word_1_818' title='bbox 1341 1307 1445 1340; x_wconf 86' lang='lat' dir='ltr'>Etiam</span> <span class='ocrx_word' id='word_1_819' title='bbox 1462 1310 1504 1339; x_wconf 83' lang='lat' dir='ltr'>ait</span> <span class='ocrx_word' id='word_1_820' title='bbox 1523 1308 1703 1341; x_wconf 77' lang='lat' dir='ltr'>Marcianus</span> <span class='ocrx_word' id='word_1_821' title='bbox 1720 1310 1739 1341; x_wconf 81' lang='lat' dir='ltr'>i.</span> <span class='ocrx_word' id='word_1_822' title='bbox 1758 1312 1785 1341; x_wconf 85' lang='grc'><strong>8.</strong></span> <span class='ocrx_word' id='word_1_823' title='bbox 1802 1311 1829 1353; x_wconf 86' lang='lat'>§.</span> <span class='ocrx_word' id='word_1_824' title='bbox 1843 1321 1868 1342; x_wconf 84' lang='lat'>2.</span> <span class='ocrx_word' id='word_1_825' title='bbox 1884 1313 1909 1342; x_wconf 76' lang='lat' dir='ltr'>h.</span> <span class='ocrx_word' id='word_1_826' title='bbox 1927 1318 1949 1343; x_wconf 69' lang='grc' dir='ltr'>τ.</span> 
     </span>
     <span class='ocr_line' id='line_1_106' title="bbox 1079 1349 1948 1394; baseline 0.003 -13"><span class='ocrx_word' id='word_1_827' title='bbox 1079 1349 1214 1382; x_wconf 78' lang='lat' dir='ltr'>Caffium</span> <span class='ocrx_word' id='word_1_828' title='bbox 1237 1349 1379 1389; x_wconf 86' lang='lat' dir='ltr'>referre,</span> <span class='ocrx_word' id='word_1_829' title='bbox 1403 1349 1440 1380; x_wconf 84' lang='lat' dir='ltr'>ln</span> <span class='ocrx_word' id='word_1_830' title='bbox 1462 1351 1627 1390; x_wconf 80' lang='lat' dir='ltr'>municipiis</span> <span class='ocrx_word' id='word_1_831' title='bbox 1648 1360 1757 1392; x_wconf 83' lang='lat' dir='ltr'>quoque</span> <span class='ocrx_word' id='word_1_832' title='bbox 1777 1362 1872 1383; x_wconf 85' lang='lat' dir='ltr'>muros</span> <span class='ocrx_word' id='word_1_833' title='bbox 1896 1352 1948 1394; x_wconf 82' lang='lat' dir='ltr'>effe</span> 
     </span>
     <span class='ocr_line' id='line_1_107' title="bbox 1070 1390 1949 1435; baseline 0.003 -14"><span class='ocrx_word' id='word_1_834' title='bbox 1070 1390 1208 1430; x_wconf 59' lang='lat' dir='ltr'>faustos,</span> <span class='ocrx_word' id='word_1_835' title='bbox 1226 1391 1365 1422; x_wconf 82' lang='lat' dir='ltr'>Sabinum</span> <span class='ocrx_word' id='word_1_836' title='bbox 1383 1390 1454 1421; x_wconf 67' lang='lat' dir='ltr'>refte</span> <span class='ocrx_word' id='word_1_837' title='bbox 1469 1391 1641 1432; x_wconf 65' lang='lat' dir='ltr'>respondzffe„</span> <span class='ocrx_word' id='word_1_838' title='bbox 1667 1392 1767 1423; x_wconf 76' lang='grc'><strong>8311611</strong></span> <span class='ocrx_word' id='word_1_839' title='bbox 1787 1394 1881 1434; x_wconf 87' lang='lat' dir='ltr'>igitur</span> <span class='ocrx_word' id='word_1_840' title='bbox 1896 1403 1949 1435; x_wconf 82' lang='lat' dir='ltr'>ap-</span> 
     </span>
     <span class='ocr_line' id='line_1_108' title="bbox 1076 1432 1949 1472; baseline 0.006 -10"><span class='ocrx_word' id='word_1_841' title='bbox 1076 1432 1205 1471; x_wconf 79' lang='lat' dir='ltr'>pellatio</span> <span class='ocrx_word' id='word_1_842' title='bbox 1223 1441 1263 1462; x_wconf 88' lang='lat' dir='ltr'>ex</span> <span class='ocrx_word' id='word_1_843' title='bbox 1287 1432 1390 1463; x_wconf 87' lang='lat' dir='ltr'>Sabini</span> <span class='ocrx_word' id='word_1_844' title='bbox 1415 1432 1567 1463; x_wconf 84' lang='lat' dir='ltr'>sententia</span> <span class='ocrx_word' id='word_1_845' title='bbox 1585 1441 1647 1464; x_wconf 87' lang='lat' dir='ltr'>tam</span> <span class='ocrx_word' id='word_1_846' title='bbox 1673 1434 1774 1472; x_wconf 87' lang='lat' dir='ltr'>accipi</span> <span class='ocrx_word' id='word_1_847' title='bbox 1793 1435 1889 1466; x_wconf 83' lang='lat' dir='ltr'>debet</span> <span class='ocrx_word' id='word_1_848' title='bbox 1914 1436 1949 1468; x_wconf 87' lang='grc'>111</span> 
     </span>
     <span class='ocr_line' id='line_1_109' title="bbox 1074 1474 1947 1513; baseline 0.006 -9"><span class='ocrx_word' id='word_1_849' title='bbox 1074 1474 1315 1513; x_wconf 83' lang='lat' dir='ltr'>municipalibus</span> <span class='ocrx_word' id='word_1_850' title='bbox 1326 1474 1434 1512; x_wconf 85' lang='lat' dir='ltr'>muris,</span> <span class='ocrx_word' id='word_1_851' title='bbox 1446 1482 1539 1513; x_wconf 84' lang='lat' dir='ltr'>quam</span> <span class='ocrx_word' id='word_1_852' title='bbox 1555 1475 1584 1505; x_wconf 89' lang='lat' dir='ltr'>in</span> <span class='ocrx_word' id='word_1_853' title='bbox 1597 1475 1691 1506; x_wconf 89' lang='lat' dir='ltr'>muris</span> <span class='ocrx_word' id='word_1_854' title='bbox 1704 1474 1796 1506; x_wconf 72' lang='lat' dir='ltr'>Urbis</span> <span class='ocrx_word' id='word_1_855' title='bbox 1812 1475 1924 1507; x_wconf 83' lang='lat' dir='ltr'>Romae</span> <span class='ocrx_word' id='word_1_856' title='bbox 1934 1487 1947 1509; x_wconf 73' lang='grc' dir='ltr'><em>τ</em></span> 
     </span>
     <span class='ocr_line' id='line_1_110' title="bbox 1074 1514 1947 1558; baseline 0.005 -14"><span class='ocrx_word' id='word_1_857' title='bbox 1074 1514 1166 1554; x_wconf 88' lang='lat' dir='ltr'>quia,</span> <span class='ocrx_word' id='word_1_858' title='bbox 1184 1523 1217 1545; x_wconf 91' lang='lat' dir='ltr'>ut</span> <span class='ocrx_word' id='word_1_859' title='bbox 1234 1515 1415 1545; x_wconf 78' lang='lat' dir='ltr'>Marcianus</span> <span class='ocrx_word' id='word_1_860' title='bbox 1433 1516 1493 1552; x_wconf 88' lang='lat' dir='ltr'>ait,</span> <span class='ocrx_word' id='word_1_861' title='bbox 1513 1516 1543 1545; x_wconf 90' lang='lat' dir='ltr'>in</span> <span class='ocrx_word' id='word_1_862' title='bbox 1561 1516 1740 1553; x_wconf 81' lang='lat' dir='ltr'>municipiis</span> <span class='ocrx_word' id='word_1_863' title='bbox 1755 1526 1863 1558; x_wconf 61' lang='lat' dir='ltr'>quilque</span> <span class='ocrx_word' id='word_1_864' title='bbox 1878 1526 1947 1549; x_wconf 90' lang='lat' dir='ltr'>mu-</span> 
     </span>
     <span class='ocr_line' id='line_1_111' title="bbox 1074 1555 1948 1595; baseline 0.003 -8"><span class='ocrx_word' id='word_1_865' title='bbox 1074 1563 1126 1587; x_wconf 84' lang='lat' dir='ltr'>ros</span> <span class='ocrx_word' id='word_1_866' title='bbox 1151 1555 1270 1587; x_wconf 69' lang='lat' dir='ltr'>Iniustos</span> <span class='ocrx_word' id='word_1_867' title='bbox 1287 1555 1369 1595; x_wconf 82' lang='lat' dir='ltr'>effe,</span> <span class='ocrx_word' id='word_1_868' title='bbox 1393 1556 1525 1587; x_wconf 83' lang='lat' dir='ltr'>Sabinus</span> <span class='ocrx_word' id='word_1_869' title='bbox 1542 1555 1726 1595; x_wconf 79' lang='lat' dir='ltr'>respondit:</span> <span class='ocrx_word' id='word_1_870' title='bbox 1745 1558 1776 1588; x_wconf 90' lang='lat' dir='ltr'>id</span> <span class='ocrx_word' id='word_1_871' title='bbox 1792 1558 1857 1595; x_wconf 85' lang='lat' dir='ltr'>est,</span> <span class='ocrx_word' id='word_1_872' title='bbox 1882 1567 1948 1591; x_wconf 87' lang='lat' dir='ltr'>non</span> 
     </span>
     <span class='ocr_line' id='line_1_112' title="bbox 1075 1595 1948 1638; baseline 0.005 -11"><span class='ocrx_word' id='word_1_873' title='bbox 1075 1605 1197 1628; x_wconf 84' lang='lat' dir='ltr'>tantum</span> <span class='ocrx_word' id='word_1_874' title='bbox 1214 1598 1244 1628; x_wconf 90' lang='lat' dir='ltr'>iu</span> <span class='ocrx_word' id='word_1_875' title='bbox 1270 1595 1358 1628; x_wconf 86' lang='lat' dir='ltr'>Urbe</span> <span class='ocrx_word' id='word_1_876' title='bbox 1374 1619 1383 1635; x_wconf 92' lang='lat'>,</span> <span class='ocrx_word' id='word_1_877' title='bbox 1413 1597 1464 1628; x_wconf 87' lang='lat' dir='ltr'>sed</span> <span class='ocrx_word' id='word_1_878' title='bbox 1480 1599 1572 1628; x_wconf 87' lang='lat' dir='ltr'>etiam</span> <span class='ocrx_word' id='word_1_879' title='bbox 1591 1599 1622 1629; x_wconf 86' lang='lat' dir='ltr'>in</span> <span class='ocrx_word' id='word_1_880' title='bbox 1640 1599 1827 1638; x_wconf 78' lang='lat' dir='ltr'>municipiis.</span> <span class='ocrx_word' id='word_1_881' title='bbox 1853 1607 1890 1630; x_wconf 86' lang='lat' dir='ltr'>ac</span> <span class='ocrx_word' id='word_1_882' title='bbox 1906 1601 1948 1631; x_wconf 82' lang='lat' dir='ltr'>de</span> 
     </span>
     <span class='ocr_line' id='line_1_113' title="bbox 1074 1637 1947 1681; baseline 0.005 -13"><span class='ocrx_word' id='word_1_883' title='bbox 1074 1638 1121 1669; x_wconf 86' lang='lat' dir='ltr'>his</span> <span class='ocrx_word' id='word_1_884' title='bbox 1132 1637 1281 1679; x_wconf 75' lang='lat' dir='ltr'>cogitasti:</span> <span class='ocrx_word' id='word_1_885' title='bbox 1291 1637 1463 1679; x_wconf 85' lang='lat' dir='ltr'>Ulpianum</span> <span class='ocrx_word' id='word_1_886' title='bbox 1473 1639 1500 1669; x_wconf 60' lang='lat' dir='ltr'>do</span> <span class='ocrx_word' id='word_1_887' title='bbox 1517 1638 1535 1668; x_wconf 85' lang='lat' dir='ltr'>l.</span> <span class='ocrx_word' id='word_1_888' title='bbox 1545 1647 1573 1675; x_wconf 87' lang='lat'>9.</span> <span class='ocrx_word' id='word_1_889' title='bbox 1583 1638 1612 1680; x_wconf 82' lang='lat'>§.</span> <span class='ocrx_word' id='word_1_890' title='bbox 1628 1648 1654 1680; x_wconf 67' lang='lat'>3:</span> <span class='ocrx_word' id='word_1_891' title='bbox 1673 1639 1742 1670; x_wconf 76' lang='lat' dir='ltr'>satis</span> <span class='ocrx_word' id='word_1_892' title='bbox 1758 1648 1888 1681; x_wconf 86' lang='lat' dir='ltr'>apparet</span> <span class='ocrx_word' id='word_1_893' title='bbox 1904 1639 1947 1673; x_wconf 71' lang='lat' dir='ltr'>ex</span> 
     </span>
     <span class='ocr_line' id='line_1_114' title="bbox 1074 1678 1951 1721; baseline 0.005 -11"><span class='ocrx_word' id='word_1_894' title='bbox 1074 1678 1223 1720; x_wconf 86' lang='lat' dir='ltr'>sequente</span> <span class='ocrx_word' id='word_1_895' title='bbox 1237 1679 1264 1720; x_wconf 83' lang='lat'>§.</span> <span class='ocrx_word' id='word_1_896' title='bbox 1283 1690 1311 1717; x_wconf 72' lang='lat'>4.</span> <span class='ocrx_word' id='word_1_897' title='bbox 1349 1679 1395 1711; x_wconf 82' lang='lat' dir='ltr'>Sit</span> <span class='ocrx_word' id='word_1_898' title='bbox 1420 1680 1480 1710; x_wconf 89' lang='lat' dir='ltr'>ita:</span> <span class='ocrx_word' id='word_1_899' title='bbox 1504 1686 1536 1710; x_wconf 86' lang='lat' dir='ltr'>at</span> <span class='ocrx_word' id='word_1_900' title='bbox 1555 1679 1622 1711; x_wconf 78' lang='lat' dir='ltr'>l&#39;unt</span> <span class='ocrx_word' id='word_1_901' title='bbox 1639 1680 1808 1711; x_wconf 62' lang='lat' dir='ltr'>sanctitatis</span> <span class='ocrx_word' id='word_1_902' title='bbox 1822 1683 1951 1721; x_wconf 73' lang='lat' dir='ltr'>gradus-⁷</span> 
     </span>
     <span class='ocr_line' id='line_1_115' title="bbox 1071 1720 1946 1762; baseline 0.005 -12"><span class='ocrx_word' id='word_1_903' title='bbox 1071 1720 1143 1761; x_wconf 82' lang='lat' dir='ltr'>Ego</span> <span class='ocrx_word' id='word_1_904' title='bbox 1161 1730 1238 1751; x_wconf 86' lang='lat' dir='ltr'>vero</span> <span class='ocrx_word' id='word_1_905' title='bbox 1256 1730 1322 1752; x_wconf 83' lang='lat' dir='ltr'>non</span> <span class='ocrx_word' id='word_1_906' title='bbox 1339 1721 1559 1753; x_wconf 78' lang='lat' dir='ltr'>animadverto</span> <span class='ocrx_word' id='word_1_907' title='bbox 1583 1722 1726 1760; x_wconf 78' lang='lat' dir='ltr'>causam3</span> <span class='ocrx_word' id='word_1_908' title='bbox 1748 1731 1804 1754; x_wconf 90' lang='lat' dir='ltr'>cur</span> <span class='ocrx_word' id='word_1_909' title='bbox 1820 1732 1850 1753; x_wconf 89' lang='lat' dir='ltr'>in</span> <span class='ocrx_word' id='word_1_910' title='bbox 1869 1732 1946 1762; x_wconf 75' lang='lat' dir='ltr'>pro-</span> 
     </span>
     <span class='ocr_line' id='line_1_116' title="bbox 1071 1761 1944 1804; baseline 0.003 -11"><span class='ocrx_word' id='word_1_911' title='bbox 1071 1762 1175 1801; x_wconf 79' lang='lat' dir='ltr'>posito</span> <span class='ocrx_word' id='word_1_912' title='bbox 1200 1764 1280 1793; x_wconf 86' lang='lat' dir='ltr'>muri</span> <span class='ocrx_word' id='word_1_913' title='bbox 1305 1761 1400 1793; x_wconf 88' lang='lat' dir='ltr'>Urbis</span> <span class='ocrx_word' id='word_1_914' title='bbox 1426 1761 1535 1794; x_wconf 85' lang='lat' dir='ltr'>Romae</span> <span class='ocrx_word' id='word_1_915' title='bbox 1552 1771 1571 1793; x_wconf 83' lang='lat' dir='ltr'>a·</span> <span class='ocrx_word' id='word_1_916' title='bbox 1587 1763 1828 1804; x_wconf 81' lang='lat' dir='ltr'>municipalibus</span> <span class='ocrx_word' id='word_1_917' title='bbox 1847 1765 1944 1796; x_wconf 82' lang='lat' dir='ltr'>muris</span> 
     </span>
     <span class='ocr_line' id='line_1_117' title="bbox 1070 1802 1946 1845; baseline 0.005 -12"><span class='ocrx_word' id='word_1_918' title='bbox 1070 1802 1234 1835; x_wconf 68' lang='lat' dir='ltr'>sanctitate</span> <span class='ocrx_word' id='word_1_919' title='bbox 1250 1803 1515 1835; x_wconf 84' lang='lat' dir='ltr'>disterminentur.</span> <span class='ocrx_word' id='word_1_920' title='bbox 1538 1802 1612 1835; x_wconf 90' lang='lat' dir='ltr'>Non</span> <span class='ocrx_word' id='word_1_921' title='bbox 1630 1813 1680 1835; x_wconf 88' lang='lat' dir='ltr'>me</span> <span class='ocrx_word' id='word_1_922' title='bbox 1690 1803 1792 1845; x_wconf 83' lang='lat' dir='ltr'>fugit,</span> <span class='ocrx_word' id='word_1_923' title='bbox 1809 1804 1946 1838; x_wconf 85' lang='lat' dir='ltr'>Romam</span> 
     </span>
     <span class='ocr_line' id='line_1_118' title="bbox 1070 1843 1993 1887; baseline 0.003 -12"><span class='ocrx_word' id='word_1_924' title='bbox 1070 1843 1132 1875; x_wconf 86' lang='lat' dir='ltr'>esse</span> <span class='ocrx_word' id='word_1_925' title='bbox 1154 1844 1277 1884; x_wconf 85' lang='lat' dir='ltr'>imperii</span> <span class='ocrx_word' id='word_1_926' title='bbox 1303 1845 1408 1876; x_wconf 75' lang='lat' dir='ltr'>sedem</span> <span class='ocrx_word' id='word_1_927' title='bbox 1427 1868 1436 1883; x_wconf 93' lang='lat'>,</span> <span class='ocrx_word' id='word_1_928' title='bbox 1461 1854 1566 1885; x_wconf 84' lang='lat' dir='ltr'>eoque</span> <span class='ocrx_word' id='word_1_929' title='bbox 1589 1844 1651 1877; x_wconf 84' lang='lat' dir='ltr'>effe</span> <span class='ocrx_word' id='word_1_930' title='bbox 1678 1848 1828 1886; x_wconf 83' lang='lat' dir='ltr'>maJ&#39;orem</span> <span class='ocrx_word' id='word_1_931' title='bbox 1856 1847 1944 1887; x_wconf 63' lang='lat' dir='ltr'>eiust,</span> <span class='ocrx_word' id='word_1_932' title='bbox 1990 1846 1993 1848; x_wconf 71' lang='grc'><strong>’</strong></span> 
     </span>
     <span class='ocr_line' id='line_1_119' title="bbox 1069 1887 1945 1927; baseline 0.002 -11"><span class='ocrx_word' id='word_1_933' title='bbox 1069 1895 1162 1925; x_wconf 89' lang='lat' dir='ltr'>quam</span> <span class='ocrx_word' id='word_1_934' title='bbox 1179 1887 1425 1925; x_wconf 85' lang='lat' dir='ltr'>municipiorum</span> <span class='ocrx_word' id='word_1_935' title='bbox 1443 1887 1639 1927; x_wconf 73' lang='lat' dir='ltr'>dignitatem.</span> <span class='ocrx_word' id='word_1_936' title='bbox 1663 1894 1695 1918; x_wconf 85' lang='lat' dir='ltr'>at</span> <span class='ocrx_word' id='word_1_937' title='bbox 1721 1888 1779 1918; x_wconf 80' lang='lat' dir='ltr'>liae</span> <span class='ocrx_word' id='word_1_938' title='bbox 1798 1887 1945 1927; x_wconf 84' lang='lat' dir='ltr'>quaestio-</span> 
     </span>
     <span class='ocr_line' id='line_1_120' title="bbox 1068 1926 1945 1967; baseline 0.003 -10"><span class='ocrx_word' id='word_1_939' title='bbox 1068 1936 1109 1958; x_wconf 90' lang='lat' dir='ltr'>ne</span> <span class='ocrx_word' id='word_1_940' title='bbox 1131 1937 1196 1958; x_wconf 89' lang='lat' dir='ltr'>non</span> <span class='ocrx_word' id='word_1_941' title='bbox 1221 1928 1367 1967; x_wconf 78' lang='lat' dir='ltr'>dignitati</span> <span class='ocrx_word' id='word_1_942' title='bbox 1385 1926 1478 1958; x_wconf 78' lang='lat' dir='ltr'>Urbis</span> <span class='ocrx_word' id='word_1_943' title='bbox 1500 1927 1691 1966; x_wconf 78' lang='lat' dir='ltr'>consulitur3</span> <span class='ocrx_word' id='word_1_944' title='bbox 1716 1928 1766 1959; x_wconf 81' lang='lat' dir='ltr'>s&#39;ed</span> <span class='ocrx_word' id='word_1_945' title='bbox 1784 1927 1945 1961; x_wconf 74' lang='lat' dir='ltr'>securitati</span> 
     </span>
     <span class='ocr_line' id='line_1_121' title="bbox 1070 1968 1943 2009; baseline 0.003 -11"><span class='ocrx_word' id='word_1_946' title='bbox 1070 1969 1212 2009; x_wconf 86' lang='lat' dir='ltr'>imperii:</span> <span class='ocrx_word' id='word_1_947' title='bbox 1229 1978 1362 2009; x_wconf 84' lang='lat' dir='ltr'>nempe,</span> <span class='ocrx_word' id='word_1_948' title='bbox 1378 1978 1417 1999; x_wconf 88' lang='lat' dir='ltr'>ne</span> <span class='ocrx_word' id='word_1_949' title='bbox 1433 1968 1576 2000; x_wconf 80' lang='lat' dir='ltr'>adversus</span> <span class='ocrx_word' id='word_1_950' title='bbox 1588 1978 1654 2000; x_wconf 85' lang='lat' dir='ltr'>cam</span> <span class='ocrx_word' id='word_1_951' title='bbox 1671 1969 1746 2009; x_wconf 89' lang='lat' dir='ltr'>quid</span> <span class='ocrx_word' id='word_1_952' title='bbox 1763 1969 1943 2001; x_wconf 73' lang='grc'><strong>1101111000-</strong></span> 
     </span>
     <span class='ocr_line' id='line_1_122' title="bbox 1069 2009 1941 2050; baseline 0.005 -11"><span class='ocrx_word' id='word_1_953' title='bbox 1069 2011 1190 2050; x_wconf 85' lang='lat' dir='ltr'>gitetur</span> <span class='ocrx_word' id='word_1_954' title='bbox 1212 2009 1441 2041; x_wconf 77' lang='lat' dir='ltr'>transcensione</span> <span class='ocrx_word' id='word_1_955' title='bbox 1466 2019 1627 2041; x_wconf 90' lang='lat' dir='ltr'>murorum</span> <span class='ocrx_word' id='word_1_956' title='bbox 1656 2011 1705 2041; x_wconf 92' lang='lat' dir='ltr'>vel</span> <span class='ocrx_word' id='word_1_957' title='bbox 1732 2009 1825 2041; x_wconf 85' lang='lat' dir='ltr'>Urbis</span> <span class='ocrx_word' id='word_1_958' title='bbox 1848 2033 1857 2049; x_wconf 90' lang='lat'>‚</span> <span class='ocrx_word' id='word_1_959' title='bbox 1888 2011 1941 2044; x_wconf 85' lang='lat' dir='ltr'>vel</span> 
     </span>
     <span class='ocr_line' id='line_1_123' title="bbox 1069 2050 1940 2092; baseline 0.001 -10"><span class='ocrx_word' id='word_1_960' title='bbox 1069 2051 1325 2090; x_wconf 87' lang='lat' dir='ltr'>municipiorum.</span> <span class='ocrx_word' id='word_1_961' title='bbox 1342 2050 1397 2082; x_wconf 88' lang='lat' dir='ltr'>Est</span> <span class='ocrx_word' id='word_1_962' title='bbox 1420 2053 1504 2082; x_wconf 82' lang='lat' dir='ltr'>enim</span> <span class='ocrx_word' id='word_1_963' title='bbox 1533 2050 1587 2092; x_wconf 85' lang='lat' dir='ltr'>(ut</span> <span class='ocrx_word' id='word_1_964' title='bbox 1607 2050 1771 2083; x_wconf 81' lang='lat' dir='ltr'>Vitruvius</span> <span class='ocrx_word' id='word_1_965' title='bbox 1788 2053 1828 2082; x_wconf 89' lang='lat' dir='ltr'>ait</span> <span class='ocrx_word' id='word_1_966' title='bbox 1845 2052 1890 2083; x_wconf 82' lang='lat' dir='ltr'>lib.</span> <span class='ocrx_word' id='word_1_967' title='bbox 1914 2062 1940 2083; x_wconf 89' lang='lat'>1.</span> 
     </span>
     <span class='ocr_line' id='line_1_124' title="bbox 1069 2090 1946 2134; baseline 0.001 -11"><span class='ocrx_word' id='word_1_968' title='bbox 1069 2092 1117 2123; x_wconf 86' lang='lat' dir='ltr'>De</span> <span class='ocrx_word' id='word_1_969' title='bbox 1131 2092 1275 2123; x_wconf 70' lang='lat' dir='ltr'>archicett.</span> <span class='ocrx_word' id='word_1_970' title='bbox 1290 2102 1312 2123; x_wconf 85' lang='lat' dir='ltr'>c.</span> <span class='ocrx_word' id='word_1_971' title='bbox 1325 2094 1373 2134; x_wconf 84' lang='lat'>3.)</span> <span class='ocrx_word' id='word_1_972' title='bbox 1395 2090 1575 2132; x_wconf 78' lang='lat' dir='ltr'>Defeiifionis</span> <span class='ocrx_word' id='word_1_973' title='bbox 1592 2101 1739 2123; x_wconf 86' lang='lat' dir='ltr'>murorum</span> <span class='ocrx_word' id='word_1_974' title='bbox 1757 2092 1946 2134; x_wconf 66' lang='lat' dir='ltr'>turriumque</span> 
     </span>
     <span class='ocr_line' id='line_1_125' title="bbox 1068 2131 1940 2175; baseline 0.001 -11"><span class='ocrx_word' id='word_1_975' title='bbox 1068 2132 1105 2167; x_wconf 60' lang='grc' dir='ltr'>ὅ)</span> <span class='ocrx_word' id='word_1_976' title='bbox 1117 2141 1271 2173; x_wconf 84' lang='lat' dir='ltr'>portarum</span> <span class='ocrx_word' id='word_1_977' title='bbox 1285 2135 1377 2172; x_wconf 74' lang='lat' dir='ltr'>ratio,</span> <span class='ocrx_word' id='word_1_978' title='bbox 1402 2139 1437 2164; x_wconf 59' lang='lat' dir='ltr'>aa</span> <span class='ocrx_word' id='word_1_979' title='bbox 1460 2131 1579 2174; x_wconf 73' lang='lat' dir='ltr'>hostium</span> <span class='ocrx_word' id='word_1_980' title='bbox 1602 2135 1722 2173; x_wconf 81' lang='lat' dir='ltr'>impetus</span> <span class='ocrx_word' id='word_1_981' title='bbox 1736 2140 1872 2175; x_wconf 81' lang='lat' dir='ltr'>perpetuo</span> <span class='ocrx_word' id='word_1_982' title='bbox 1896 2144 1940 2165; x_wconf 84' lang='lat' dir='ltr'>re-</span> 
     </span>
     <span class='ocr_line' id='line_1_126' title="bbox 1061 2174 1944 2216; baseline 0.001 -11"><span class='ocrx_word' id='word_1_983' title='bbox 1061 2174 1205 2215; x_wconf 82' lang='lat' dir='ltr'>pellendos</span> <span class='ocrx_word' id='word_1_984' title='bbox 1219 2176 1389 2216; x_wconf 82' lang='lat' dir='ltr'>excogitata.</span> <span class='ocrx_word' id='word_1_985' title='bbox 1435 2174 1478 2206; x_wconf 89' lang='lat' dir='ltr'>Et</span> <span class='ocrx_word' id='word_1_986' title='bbox 1495 2175 1533 2205; x_wconf 83' lang='lat' dir='ltr'>ad</span> <span class='ocrx_word' id='word_1_987' title='bbox 1552 2184 1616 2206; x_wconf 89' lang='lat' dir='ltr'>rem</span> <span class='ocrx_word' id='word_1_988' title='bbox 1637 2174 1753 2206; x_wconf 88' lang='lat' dir='ltr'>Cicero</span> <span class='ocrx_word' id='word_1_989' title='bbox 1768 2176 1815 2206; x_wconf 82' lang='lat' dir='ltr'>lib.</span> <span class='ocrx_word' id='word_1_990' title='bbox 1833 2185 1861 2216; x_wconf 80' lang='lat'>3.</span> <span class='ocrx_word' id='word_1_991' title='bbox 1897 2175 1944 2207; x_wconf 82' lang='lat' dir='ltr'>De</span> 
     </span>
     <span class='ocr_line' id='line_1_127' title="bbox 1068 2214 1942 2257; baseline 0.001 -10"><span class='ocrx_word' id='word_1_992' title='bbox 1068 2215 1145 2247; x_wconf 85' lang='lat' dir='ltr'>Nat.</span> <span class='ocrx_word' id='word_1_993' title='bbox 1165 2215 1251 2247; x_wconf 85' lang='lat' dir='ltr'>Deor.</span> <span class='ocrx_word' id='word_1_994' title='bbox 1270 2226 1292 2247; x_wconf 88' lang='lat' dir='ltr'>c.</span> <span class='ocrx_word' id='word_1_995' title='bbox 1310 2226 1358 2256; x_wconf 77' lang='lat'>40.</span> <span class='ocrx_word' id='word_1_996' title='bbox 1398 2214 1450 2257; x_wconf 79' lang='lat' dir='ltr'>Est</span> <span class='ocrx_word' id='word_1_997' title='bbox 1472 2217 1542 2247; x_wconf 78' lang='lat' dir='ltr'>mihi</span> <span class='ocrx_word' id='word_1_998' title='bbox 1565 2222 1657 2248; x_wconf 80' lang='lat' dir='ltr'>tecam</span> <span class='ocrx_word' id='word_1_999' title='bbox 1673 2223 1722 2257; x_wconf 87' lang='lat' dir='ltr'>pro</span> <span class='ocrx_word' id='word_1_1000' title='bbox 1739 2218 1797 2247; x_wconf 77' lang='lat' dir='ltr'>aris</span> <span class='ocrx_word' id='word_1_1001' title='bbox 1815 2216 1850 2251; x_wconf 62' lang='grc' dir='ltr'>δέ’</span> <span class='ocrx_word' id='word_1_1002' title='bbox 1859 2217 1942 2257; x_wconf 76' lang='lat' dir='ltr'>fucis</span> 
     </span>
     <span class='ocr_line' id='line_1_128' title="bbox 1067 2256 1939 2299; baseline 0.001 -11"><span class='ocrx_word' id='word_1_1003' title='bbox 1067 2263 1209 2289; x_wconf 86' lang='lat' dir='ltr'>certamen</span> <span class='ocrx_word' id='word_1_1004' title='bbox 1220 2281 1229 2296; x_wconf 92' lang='lat'>‚</span> <span class='ocrx_word' id='word_1_1005' title='bbox 1245 2256 1281 2292; x_wconf 76' lang='lat'>&amp;⁷</span> <span class='ocrx_word' id='word_1_1006' title='bbox 1287 2264 1339 2298; x_wconf 85' lang='lat' dir='ltr'>pro</span> <span class='ocrx_word' id='word_1_1007' title='bbox 1356 2257 1482 2289; x_wconf 78' lang='lat' dir='ltr'>Deorum</span> <span class='ocrx_word' id='word_1_1008' title='bbox 1501 2258 1607 2298; x_wconf 84' lang='lat' dir='ltr'>templis</span> <span class='ocrx_word' id='word_1_1009' title='bbox 1626 2263 1711 2299; x_wconf 79' lang='lat' dir='ltr'>atque</span> <span class='ocrx_word' id='word_1_1010' title='bbox 1722 2257 1863 2294; x_wconf 82' lang='lat' dir='ltr'>delubris,</span> <span class='ocrx_word' id='word_1_1011' title='bbox 1875 2265 1939 2298; x_wconf 87' lang='lat' dir='ltr'>pro-</span> 
     </span>
     <span class='ocr_line' id='line_1_129' title="bbox 1066 2298 1938 2340; baseline 0.002 -12"><span class='ocrx_word' id='word_1_1012' title='bbox 1066 2308 1119 2339; x_wconf 85' lang='lat' dir='ltr'>que</span> <span class='ocrx_word' id='word_1_1013' title='bbox 1137 2299 1216 2330; x_wconf 79' lang='lat' dir='ltr'>urbis</span> <span class='ocrx_word' id='word_1_1014' title='bbox 1231 2302 1323 2330; x_wconf 83' lang='lat' dir='ltr'>muris</span> <span class='ocrx_word' id='word_1_1015' title='bbox 1335 2322 1343 2337; x_wconf 89' lang='lat'>,</span> <span class='ocrx_word' id='word_1_1016' title='bbox 1368 2309 1436 2340; x_wconf 85' lang='lat' dir='ltr'>quos</span> <span class='ocrx_word' id='word_1_1017' title='bbox 1453 2308 1504 2329; x_wconf 80' lang='lat' dir='ltr'>vos</span> <span class='ocrx_word' id='word_1_1018' title='bbox 1529 2298 1810 2339; x_wconf 46' lang='lat' dir='ltr'>Pontifices-saneim</span> <span class='ocrx_word' id='word_1_1019' title='bbox 1828 2298 1879 2338; x_wconf 77' lang='lat' dir='ltr'>effe</span> <span class='ocrx_word' id='word_1_1020' title='bbox 1893 2300 1938 2330; x_wconf 87' lang='lat' dir='ltr'>di·</span> 
     </span>
     <span class='ocr_line' id='line_1_130' title="bbox 1066 2339 1938 2382; baseline 0.001 -12"><span class='ocrx_word' id='word_1_1021' title='bbox 1066 2341 1150 2379; x_wconf 83' lang='lat' dir='ltr'>citis,</span> <span class='ocrx_word' id='word_1_1022' title='bbox 1174 2339 1398 2382; x_wconf 72' lang='lat' dir='ltr'>diligentiusque</span> <span class='ocrx_word' id='word_1_1023' title='bbox 1411 2341 1507 2370; x_wconf 83' lang='lat' dir='ltr'>urbem</span> <span class='ocrx_word' id='word_1_1024' title='bbox 1523 2340 1675 2380; x_wconf 80' lang='lat' dir='ltr'>religione,</span> <span class='ocrx_word' id='word_1_1025' title='bbox 1690 2350 1777 2380; x_wconf 84' lang='lat' dir='ltr'>quam</span> <span class='ocrx_word' id='word_1_1026' title='bbox 1792 2339 1856 2380; x_wconf 74' lang='lat' dir='ltr'>ipsis</span> <span class='ocrx_word' id='word_1_1027' title='bbox 1871 2350 1938 2371; x_wconf 81' lang='lat' dir='ltr'>moe-</span> 
     </span>
     <span class='ocr_line' id='line_1_131' title="bbox 1066 2381 1940 2423; baseline 0 -12"><span class='ocrx_word' id='word_1_1028' title='bbox 1066 2382 1151 2412; x_wconf 79' lang='lat' dir='ltr'>uibus</span> <span class='ocrx_word' id='word_1_1029' title='bbox 1167 2382 1292 2423; x_wconf 81' lang='lat' dir='ltr'>cingitis.</span> <span class='ocrx_word' id='word_1_1030' title='bbox 1314 2381 1384 2413; x_wconf 86' lang='lat' dir='ltr'>Hac</span> <span class='ocrx_word' id='word_1_1031' title='bbox 1395 2382 1488 2422; x_wconf 84' lang='lat' dir='ltr'>igitur</span> <span class='ocrx_word' id='word_1_1032' title='bbox 1505 2382 1595 2412; x_wconf 81' lang='lat' dir='ltr'>causa</span> <span class='ocrx_word' id='word_1_1033' title='bbox 1611 2381 1806 2421; x_wconf 86' lang='lat' dir='ltr'>Pomponius</span> <span class='ocrx_word' id='word_1_1034' title='bbox 1818 2381 1940 2412; x_wconf 58' lang='grc' dir='ltr'>ι1.ί.αιε.Δ</span> 
     </span>
     <span class='ocr_line' id='line_1_132' title="bbox 1066 2423 1938 2463; baseline 0.002 -11"><span class='ocrx_word' id='word_1_1035' title='bbox 1066 2423 1200 2463; x_wconf 78' lang='lat' dir='ltr'>Siquis,</span> <span class='ocrx_word' id='word_1_1036' title='bbox 1225 2423 1348 2463; x_wconf 84' lang='lat' dir='ltr'>inquit,</span> <span class='ocrx_word' id='word_1_1037' title='bbox 1372 2424 1527 2453; x_wconf 75' lang='lat' dir='ltr'>violaverit</span> <span class='ocrx_word' id='word_1_1038' title='bbox 1541 2431 1654 2461; x_wconf 84' lang='lat' dir='ltr'>muros,</span> <span class='ocrx_word' id='word_1_1039' title='bbox 1680 2423 1770 2461; x_wconf 69' lang='lat' dir='ltr'>cap-ite</span> <span class='ocrx_word' id='word_1_1040' title='bbox 1790 2423 1938 2461; x_wconf 78' lang='lat' dir='ltr'>punitur.-</span> 
     </span>
     <span class='ocr_line' id='line_1_133' title="bbox 1058 2462 1936 2505; baseline 0 -11"><span class='ocrx_word' id='word_1_1041' title='bbox 1058 2462 1150 2502; x_wconf 84' lang='lat' dir='ltr'>ficuti</span> <span class='ocrx_word' id='word_1_1042' title='bbox 1158 2462 1186 2500; x_wconf 84' lang='lat' dir='ltr'>Ji</span> <span class='ocrx_word' id='word_1_1043' title='bbox 1200 2464 1264 2505; x_wconf 84' lang='lat' dir='ltr'>quis</span> <span class='ocrx_word' id='word_1_1044' title='bbox 1280 2465 1460 2500; x_wconf 75' lang='lat' dir='ltr'>transcendet</span> <span class='ocrx_word' id='word_1_1045' title='bbox 1473 2464 1556 2498; x_wconf 79' lang='lat' dir='ltr'>scalis</span> <span class='ocrx_word' id='word_1_1046' title='bbox 1572 2464 1692 2493; x_wconf 80' lang='lat' dir='ltr'>admotis</span> <span class='ocrx_word' id='word_1_1047' title='bbox 1709 2462 1755 2493; x_wconf 84' lang='lat' dir='ltr'>vel</span> <span class='ocrx_word' id='word_1_1048' title='bbox 1769 2463 1827 2494; x_wconf 83' lang='lat' dir='ltr'>alia</span> <span class='ocrx_word' id='word_1_1049' title='bbox 1844 2463 1936 2504; x_wconf 83' lang='lat' dir='ltr'>quali-</span> 
     </span>
     <span class='ocr_line' id='line_1_134' title="bbox 1066 2503 1936 2545; baseline 0 -10"><span class='ocrx_word' id='word_1_1050' title='bbox 1066 2506 1109 2536; x_wconf 82' lang='lat' dir='ltr'>bet</span> <span class='ocrx_word' id='word_1_1051' title='bbox 1131 2506 1249 2535; x_wconf 84' lang='lat' dir='ltr'>ratione.</span> <span class='ocrx_word' id='word_1_1052' title='bbox 1272 2514 1340 2536; x_wconf 82' lang='lat' dir='ltr'>nam</span> <span class='ocrx_word' id='word_1_1053' title='bbox 1355 2506 1432 2535; x_wconf 84' lang='lat' dir='ltr'>cives</span> <span class='ocrx_word' id='word_1_1054' title='bbox 1451 2504 1595 2535; x_wconf 79' lang='lat' dir='ltr'>Romanos</span> <span class='ocrx_word' id='word_1_1055' title='bbox 1611 2503 1686 2540; x_wconf 82' lang='lat' dir='ltr'>alia,</span> <span class='ocrx_word' id='word_1_1056' title='bbox 1709 2513 1796 2545; x_wconf 85' lang='lat' dir='ltr'>quam</span> <span class='ocrx_word' id='word_1_1057' title='bbox 1811 2511 1860 2543; x_wconf 80' lang='lat' dir='ltr'>per</span> <span class='ocrx_word' id='word_1_1058' title='bbox 1871 2511 1936 2544; x_wconf 67' lang='lat' dir='ltr'>pore</span> 
     </span>
     <span class='ocr_line' id='line_1_135' title="bbox 1067 2543 1935 2586; baseline -0.001 -10"><span class='ocrx_word' id='word_1_1059' title='bbox 1067 2552 1111 2576; x_wconf 79' lang='lat' dir='ltr'>tas</span> <span class='ocrx_word' id='word_1_1060' title='bbox 1132 2547 1227 2586; x_wconf 82' lang='lat' dir='ltr'>egredi</span> <span class='ocrx_word' id='word_1_1061' title='bbox 1244 2555 1301 2576; x_wconf 84' lang='lat' dir='ltr'>non</span> <span class='ocrx_word' id='word_1_1062' title='bbox 1321 2546 1406 2584; x_wconf 81' lang='lat' dir='ltr'>licet,</span> <span class='ocrx_word' id='word_1_1063' title='bbox 1429 2555 1493 2576; x_wconf 89' lang='lat' dir='ltr'>cum</span> <span class='ocrx_word' id='word_1_1064' title='bbox 1514 2545 1585 2576; x_wconf 85' lang='lat' dir='ltr'>illud</span> <span class='ocrx_word' id='word_1_1065' title='bbox 1602 2543 1699 2584; x_wconf 66' lang='lat' dir='ltr'>hostile</span> <span class='ocrx_word' id='word_1_1066' title='bbox 1715 2544 1752 2579; x_wconf 60' lang='grc' dir='ltr'>ὅ)</span> <span class='ocrx_word' id='word_1_1067' title='bbox 1768 2547 1935 2576; x_wconf 77' lang='lat' dir='ltr'>abominan-</span> 
     </span>
     <span class='ocr_line' id='line_1_136' title="bbox 1065 2585 1935 2628; baseline -0.002 -10"><span class='ocrx_word' id='word_1_1068' title='bbox 1065 2588 1133 2618; x_wconf 87' lang='lat' dir='ltr'>dum</span> <span class='ocrx_word' id='word_1_1069' title='bbox 1144 2586 1193 2625; x_wconf 84' lang='lat' dir='ltr'>fit.</span> <span class='ocrx_word' id='word_1_1070' title='bbox 1234 2586 1361 2618; x_wconf 87' lang='lat' dir='ltr'>Eodem</span> <span class='ocrx_word' id='word_1_1071' title='bbox 1378 2588 1476 2618; x_wconf 91' lang='lat' dir='ltr'>modo</span> <span class='ocrx_word' id='word_1_1072' title='bbox 1490 2587 1571 2626; x_wconf 89' lang='lat' dir='ltr'>apud</span> <span class='ocrx_word' id='word_1_1073' title='bbox 1588 2585 1809 2617; x_wconf 88' lang='lat' dir='ltr'>Modestinum</span> <span class='ocrx_word' id='word_1_1074' title='bbox 1825 2586 1843 2617; x_wconf 84' lang='lat' dir='ltr'>l.</span> <span class='ocrx_word' id='word_1_1075' title='bbox 1860 2596 1887 2627; x_wconf 80' lang='lat'>3.</span> <span class='ocrx_word' id='word_1_1076' title='bbox 1905 2586 1935 2628; x_wconf 80' lang='lat'>§.</span> 
     </span>
     <span class='ocr_line' id='line_1_137' title="bbox 1069 2627 1934 2669; baseline -0.001 -10"><span class='ocrx_word' id='word_1_1077' title='bbox 1069 2637 1114 2668; x_wconf 76' lang='lat'>17.</span> <span class='ocrx_word' id='word_1_1078' title='bbox 1132 2628 1172 2659; x_wconf 91' lang='lat' dir='ltr'>D.</span> <span class='ocrx_word' id='word_1_1079' title='bbox 1196 2628 1229 2659; x_wconf 78' lang='lat' dir='ltr'>de</span> <span class='ocrx_word' id='word_1_1080' title='bbox 1245 2637 1276 2659; x_wconf 83' lang='lat' dir='ltr'>re</span> <span class='ocrx_word' id='word_1_1081' title='bbox 1290 2628 1428 2665; x_wconf 82' lang='lat' dir='ltr'>militari,</span> <span class='ocrx_word' id='word_1_1082' title='bbox 1451 2628 1483 2659; x_wconf 89' lang='lat' dir='ltr'>Si</span> <span class='ocrx_word' id='word_1_1083' title='bbox 1508 2628 1573 2669; x_wconf 81' lang='lat' dir='ltr'>quis</span> <span class='ocrx_word' id='word_1_1084' title='bbox 1595 2627 1706 2658; x_wconf 79' lang='lat' dir='ltr'>vallum</span> <span class='ocrx_word' id='word_1_1085' title='bbox 1731 2629 1934 2666; x_wconf 74' lang='lat' dir='ltr'>transcendat,</span> 
     </span>
     <span class='ocr_line' id='line_1_138' title="bbox 1065 2667 1935 2710; baseline 0 -10"><span class='ocrx_word' id='word_1_1086' title='bbox 1065 2675 1118 2700; x_wconf 79' lang='lat' dir='ltr'>aut</span> <span class='ocrx_word' id='word_1_1087' title='bbox 1134 2676 1186 2710; x_wconf 86' lang='lat' dir='ltr'>per</span> <span class='ocrx_word' id='word_1_1088' title='bbox 1206 2678 1321 2700; x_wconf 85' lang='lat' dir='ltr'>murum</span> <span class='ocrx_word' id='word_1_1089' title='bbox 1345 2667 1440 2709; x_wconf 77' lang='lat' dir='ltr'>castra</span> <span class='ocrx_word' id='word_1_1090' title='bbox 1465 2669 1664 2710; x_wconf 66' lang='lat' dir='ltr'>ingrediatur,</span> <span class='ocrx_word' id='word_1_1091' title='bbox 1690 2670 1781 2709; x_wconf 79' lang='lat' dir='ltr'>capite</span> <span class='ocrx_word' id='word_1_1092' title='bbox 1798 2670 1935 2709; x_wconf 79' lang='lat' dir='ltr'>punitur.</span> 
     </span>
     <span class='ocr_line' id='line_1_139' title="bbox 1064 2709 1934 2750; baseline 0 -8"><span class='ocrx_word' id='word_1_1093' title='bbox 1064 2710 1140 2742; x_wconf 90' lang='lat' dir='ltr'>Non</span> <span class='ocrx_word' id='word_1_1094' title='bbox 1159 2710 1283 2750; x_wconf 87' lang='lat' dir='ltr'>majoris</span> <span class='ocrx_word' id='word_1_1095' title='bbox 1293 2709 1448 2741; x_wconf 63' lang='lat' dir='ltr'>momenvi</span> <span class='ocrx_word' id='word_1_1096' title='bbox 1466 2709 1579 2748; x_wconf 81' lang='lat' dir='ltr'>fuerit,</span> <span class='ocrx_word' id='word_1_1097' title='bbox 1595 2709 1616 2741; x_wconf 83' lang='lat' dir='ltr'>fi</span> <span class='ocrx_word' id='word_1_1098' title='bbox 1631 2710 1700 2750; x_wconf 87' lang='lat' dir='ltr'>quis</span> <span class='ocrx_word' id='word_1_1099' title='bbox 1711 2717 1822 2748; x_wconf 85' lang='lat' dir='ltr'>putet,</span> <span class='ocrx_word' id='word_1_1100' title='bbox 1841 2710 1934 2742; x_wconf 86' lang='lat' dir='ltr'>Pom-</span> 
     </span>
     <span class='ocr_line' id='line_1_140' title="bbox 1063 2749 1933 2792; baseline 0 -9"><span class='ocrx_word' id='word_1_1101' title='bbox 1063 2754 1195 2792; x_wconf 88' lang='lat' dir='ltr'>ponium</span> <span class='ocrx_word' id='word_1_1102' title='bbox 1212 2753 1238 2782; x_wconf 86' lang='lat' dir='ltr'>d.</span> <span class='ocrx_word' id='word_1_1103' title='bbox 1250 2751 1267 2781; x_wconf 89' lang='lat' dir='ltr'>l.</span> <span class='ocrx_word' id='word_1_1104' title='bbox 1284 2751 1335 2782; x_wconf 81' lang='lat' dir='ltr'>ult.</span> <span class='ocrx_word' id='word_1_1105' title='bbox 1352 2751 1539 2783; x_wconf 86' lang='lat' dir='ltr'>nominatim</span> <span class='ocrx_word' id='word_1_1106' title='bbox 1558 2752 1646 2791; x_wconf 89' lang='lat' dir='ltr'>loqui</span> <span class='ocrx_word' id='word_1_1107' title='bbox 1664 2753 1703 2782; x_wconf 84' lang='lat' dir='ltr'>de</span> <span class='ocrx_word' id='word_1_1108' title='bbox 1716 2749 1803 2782; x_wconf 87' lang='lat' dir='ltr'>Urbe</span> <span class='ocrx_word' id='word_1_1109' title='bbox 1813 2751 1933 2783; x_wconf 84' lang='lat' dir='ltr'>Roma:</span> 
     </span>
     <span class='ocr_line' id='line_1_141' title="bbox 1063 2791 1933 2834; baseline -0.001 -9"><span class='ocrx_word' id='word_1_1110' title='bbox 1063 2803 1104 2825; x_wconf 89' lang='lat' dir='ltr'>eo</span> <span class='ocrx_word' id='word_1_1111' title='bbox 1120 2793 1207 2834; x_wconf 89' lang='lat' dir='ltr'>quod</span> <span class='ocrx_word' id='word_1_1112' title='bbox 1219 2794 1360 2830; x_wconf 80' lang='lat' dir='ltr'>loquitur</span> <span class='ocrx_word' id='word_1_1113' title='bbox 1376 2794 1415 2825; x_wconf 90' lang='lat' dir='ltr'>de</span> <span class='ocrx_word' id='word_1_1114' title='bbox 1431 2792 1553 2824; x_wconf 88' lang='lat' dir='ltr'>civibus</span> <span class='ocrx_word' id='word_1_1115' title='bbox 1564 2792 1723 2824; x_wconf 78' lang='lat' dir='ltr'>Romanis.</span> <span class='ocrx_word' id='word_1_1116' title='bbox 1740 2791 1812 2824; x_wconf 89' lang='lat' dir='ltr'>Nec</span> <span class='ocrx_word' id='word_1_1117' title='bbox 1827 2800 1933 2824; x_wconf 85' lang='lat' dir='ltr'>tamen</span> 
     </span>
     <span class='ocr_line' id='line_1_142' title="bbox 1063 2831 1933 2874; baseline -0.002 -8"><span class='ocrx_word' id='word_1_1118' title='bbox 1063 2843 1122 2874; x_wconf 90' lang='lat' dir='ltr'>pro</span> <span class='ocrx_word' id='word_1_1119' title='bbox 1146 2843 1196 2866; x_wconf 90' lang='lat' dir='ltr'>me</span> <span class='ocrx_word' id='word_1_1120' title='bbox 1217 2832 1378 2872; x_wconf 83' lang='lat' dir='ltr'>adferam,</span> <span class='ocrx_word' id='word_1_1121' title='bbox 1403 2843 1513 2865; x_wconf 89' lang='lat' dir='ltr'>omncs</span> <span class='ocrx_word' id='word_1_1122' title='bbox 1538 2834 1590 2874; x_wconf 85' lang='lat' dir='ltr'>qui</span> <span class='ocrx_word' id='word_1_1123' title='bbox 1617 2834 1647 2864; x_wconf 91' lang='lat' dir='ltr'>in</span> <span class='ocrx_word' id='word_1_1124' title='bbox 1672 2831 1761 2864; x_wconf 90' lang='lat' dir='ltr'>Orbe</span> <span class='ocrx_word' id='word_1_1125' title='bbox 1786 2833 1933 2864; x_wconf 81' lang='lat' dir='ltr'>Romano</span> 
     </span>
     <span class='ocr_line' id='line_1_143' title="bbox 1063 2874 1934 2915; baseline -0.001 -8"><span class='ocrx_word' id='word_1_1126' title='bbox 1063 2875 1133 2907; x_wconf 88' lang='lat' dir='ltr'>sunt</span> <span class='ocrx_word' id='word_1_1127' title='bbox 1143 2898 1152 2913; x_wconf 91' lang='lat'>‚</span> <span class='ocrx_word' id='word_1_1128' title='bbox 1169 2875 1257 2907; x_wconf 82' lang='lat' dir='ltr'>cives</span> <span class='ocrx_word' id='word_1_1129' title='bbox 1269 2874 1430 2906; x_wconf 84' lang='lat' dir='ltr'>Romanos</span> <span class='ocrx_word' id='word_1_1130' title='bbox 1439 2874 1511 2906; x_wconf 84' lang='lat' dir='ltr'>effe.</span> <span class='ocrx_word' id='word_1_1131' title='bbox 1526 2875 1561 2906; x_wconf 86' lang='lat' dir='ltr'>Id</span> <span class='ocrx_word' id='word_1_1132' title='bbox 1573 2875 1656 2906; x_wconf 85' lang='lat' dir='ltr'>enirn</span> <span class='ocrx_word' id='word_1_1133' title='bbox 1672 2883 1841 2915; x_wconf 84' lang='lat' dir='ltr'>numquam</span> <span class='ocrx_word' id='word_1_1134' title='bbox 1854 2874 1934 2906; x_wconf 49' lang='lat' dir='ltr'>soms</span> 
     </span>
     <span class='ocr_line' id='line_1_144' title="bbox 1064 2916 1933 2957; baseline -0.003 -8"><span class='ocrx_word' id='word_1_1135' title='bbox 1064 2918 1165 2949; x_wconf 89' lang='lat' dir='ltr'>niavit</span> <span class='ocrx_word' id='word_1_1136' title='bbox 1180 2916 1394 2957; x_wconf 82' lang='lat' dir='ltr'>Pomponius:</span> <span class='ocrx_word' id='word_1_1137' title='bbox 1420 2917 1475 2948; x_wconf 92' lang='lat' dir='ltr'>illo</span> <span class='ocrx_word' id='word_1_1138' title='bbox 1489 2917 1576 2955; x_wconf 85' lang='lat' dir='ltr'>jure,</span> <span class='ocrx_word' id='word_1_1139' title='bbox 1600 2925 1672 2947; x_wconf 88' lang='lat' dir='ltr'>cum</span> <span class='ocrx_word' id='word_1_1140' title='bbox 1690 2916 1714 2947; x_wconf 92' lang='lat' dir='ltr'>is</span> <span class='ocrx_word' id='word_1_1141' title='bbox 1730 2916 1830 2954; x_wconf 89' lang='lat' dir='ltr'>vixit,</span> <span class='ocrx_word' id='word_1_1142' title='bbox 1854 2925 1933 2947; x_wconf 85' lang='lat' dir='ltr'>non-</span> 
     </span>
     <span class='ocr_line' id='line_1_145' title="bbox 1065 2955 1933 2998; baseline -0.006 -8"><span class='ocrx_word' id='word_1_1143' title='bbox 1065 2960 1140 2990; x_wconf 89' lang='lat' dir='ltr'>dum</span> <span class='ocrx_word' id='word_1_1144' title='bbox 1150 2959 1302 2998; x_wconf 82' lang='lat' dir='ltr'>cognito,</span> <span class='ocrx_word' id='word_1_1145' title='bbox 1320 2958 1349 2989; x_wconf 84' lang='lat'>&amp;</span> <span class='ocrx_word' id='word_1_1146' title='bbox 1364 2958 1416 2989; x_wconf 91' lang='lat' dir='ltr'>diu</span> <span class='ocrx_word' id='word_1_1147' title='bbox 1432 2957 1502 2998; x_wconf 89' lang='lat' dir='ltr'>post</span> <span class='ocrx_word' id='word_1_1148' title='bbox 1517 2959 1581 2998; x_wconf 76' lang='lat' dir='ltr'>ejus</span> <span class='ocrx_word' id='word_1_1149' title='bbox 1594 2965 1730 2989; x_wconf 86' lang='lat' dir='ltr'>mortem</span> <span class='ocrx_word' id='word_1_1150' title='bbox 1749 2955 1933 2987; x_wconf 62' lang='lat' dir='ltr'>introducto</span> 
     </span>
     <span class='ocr_line' id='line_1_146' title="bbox 1064 2994 1931 3041; baseline -0.006 -11"><span class='ocrx_word' id='word_1_1151' title='bbox 1064 3009 1080 3030; x_wconf 90' lang='lat' dir='ltr'>a</span> <span class='ocrx_word' id='word_1_1152' title='bbox 1098 2999 1274 3031; x_wconf 82' lang='lat' dir='ltr'>Caracalla:</span> <span class='ocrx_word' id='word_1_1153' title='bbox 1297 3008 1331 3029; x_wconf 87' lang='lat' dir='ltr'>ut</span> <span class='ocrx_word' id='word_1_1154' title='bbox 1347 2999 1419 3030; x_wconf 88' lang='lat' dir='ltr'>alibi</span> <span class='ocrx_word' id='word_1_1155' title='bbox 1437 3008 1556 3030; x_wconf 88' lang='lat' dir='ltr'>monui.</span> <span class='ocrx_word' id='word_1_1156' title='bbox 1581 2998 1691 3030; x_wconf 76' lang='lat' dir='ltr'>Verius</span> <span class='ocrx_word' id='word_1_1157' title='bbox 1709 2998 1826 3041; x_wconf 34' lang='lat' dir='ltr'>dicam-3</span> <span class='ocrx_word' id='word_1_1158' title='bbox 1843 2994 1931 3035; x_wconf 85' lang='lat' dir='ltr'>quod</span> 
     </span>
     <span class='ocr_line' id='line_1_147' title="bbox 1064 3037 1930 3082; baseline -0.006 -11"><span class='ocrx_word' id='word_1_1159' title='bbox 1064 3041 1204 3082; x_wconf 43' lang='lat' dir='ltr'>velbante</span> <span class='ocrx_word' id='word_1_1160' title='bbox 1222 3049 1291 3072; x_wconf 89' lang='lat' dir='ltr'>eam</span> <span class='ocrx_word' id='word_1_1161' title='bbox 1309 3040 1578 3072; x_wconf 75' lang='lat' dir='ltr'>Constitutionem</span> <span class='ocrx_word' id='word_1_1162' title='bbox 1590 3063 1599 3078; x_wconf 95' lang='lat'>,</span> <span class='ocrx_word' id='word_1_1163' title='bbox 1616 3047 1678 3070; x_wconf 88' lang='lat' dir='ltr'>tam</span> <span class='ocrx_word' id='word_1_1164' title='bbox 1695 3040 1723 3069; x_wconf 90' lang='lat' dir='ltr'>in</span> <span class='ocrx_word' id='word_1_1165' title='bbox 1734 3037 1930 3075; x_wconf 75' lang='lat' dir='ltr'>municipiis,</span> 
     </span>
     <span class='ocr_line' id='line_1_148' title="bbox 1064 3076 1930 3123; baseline -0.006 -10"><span class='ocrx_word' id='word_1_1166' title='bbox 1064 3091 1156 3123; x_wconf 89' lang='lat' dir='ltr'>quam</span> <span class='ocrx_word' id='word_1_1167' title='bbox 1173 3081 1284 3113; x_wconf 85' lang='lat' dir='ltr'>Romae</span> <span class='ocrx_word' id='word_1_1168' title='bbox 1303 3081 1488 3113; x_wconf 83' lang='lat' dir='ltr'>habitabant</span> <span class='ocrx_word' id='word_1_1169' title='bbox 1504 3081 1592 3113; x_wconf 88' lang='lat' dir='ltr'>cives</span> <span class='ocrx_word' id='word_1_1170' title='bbox 1615 3079 1757 3110; x_wconf 81' lang='lat' dir='ltr'>Romani.</span> <span class='ocrx_word' id='word_1_1171' title='bbox 1789 3078 1884 3116; x_wconf 87' lang='lat' dir='ltr'>quin,</span> <span class='ocrx_word' id='word_1_1172' title='bbox 1908 3076 1930 3108; x_wconf 81' lang='lat' dir='ltr'><strong>fi</strong></span> 
     </span>
     <span class='ocr_line' id='line_1_149' title="bbox 1064 3116 1929 3165; baseline -0.005 -11"><span class='ocrx_word' id='word_1_1173' title='bbox 1064 3125 1260 3162; x_wconf 88' lang='lat' dir='ltr'>concedam,</span> <span class='ocrx_word' id='word_1_1174' title='bbox 1284 3123 1498 3164; x_wconf 86' lang='lat' dir='ltr'>Pomponium</span> <span class='ocrx_word' id='word_1_1175' title='bbox 1515 3124 1543 3153; x_wconf 88' lang='lat' dir='ltr'>d.</span> <span class='ocrx_word' id='word_1_1176' title='bbox 1561 3122 1580 3152; x_wconf 88' lang='lat' dir='ltr'>l.</span> <span class='ocrx_word' id='word_1_1177' title='bbox 1597 3121 1648 3165; x_wconf 78' lang='lat' dir='ltr'>ult.</span> <span class='ocrx_word' id='word_1_1178' title='bbox 1677 3118 1762 3157; x_wconf 86' lang='lat' dir='ltr'>loqui</span> <span class='ocrx_word' id='word_1_1179' title='bbox 1781 3118 1820 3148; x_wconf 90' lang='lat' dir='ltr'>de</span> <span class='ocrx_word' id='word_1_1180' title='bbox 1838 3116 1929 3148; x_wconf 82' lang='lat' dir='ltr'>Urbe</span> 
     </span>
     <span class='ocr_line' id='line_1_150' title="bbox 1063 3158 1930 3205; baseline -0.007 -10"><span class='ocrx_word' id='word_1_1181' title='bbox 1063 3164 1182 3196; x_wconf 89' lang='lat' dir='ltr'>Roma:</span> <span class='ocrx_word' id='word_1_1182' title='bbox 1206 3174 1271 3196; x_wconf 89' lang='lat' dir='ltr'>non</span> <span class='ocrx_word' id='word_1_1183' title='bbox 1297 3165 1371 3195; x_wconf 85' lang='lat' dir='ltr'>ideo</span> <span class='ocrx_word' id='word_1_1184' title='bbox 1396 3164 1491 3195; x_wconf 85' lang='lat' dir='ltr'>liceat</span> <span class='ocrx_word' id='word_1_1185' title='bbox 1514 3163 1606 3193; x_wconf 83' lang='lat' dir='ltr'>alicui</span> <span class='ocrx_word' id='word_1_1186' title='bbox 1631 3160 1702 3190; x_wconf 84' lang='lat' dir='ltr'>inde</span> <span class='ocrx_word' id='word_1_1187' title='bbox 1718 3158 1824 3189; x_wconf 85' lang='lat' dir='ltr'>facere</span> <span class='ocrx_word' id='word_1_1188' title='bbox 1841 3168 1930 3205; x_wconf 74' lang='lat' dir='ltr'>argu-</span> 
     </span>
    </p>
   </div>
   <div class='ocr_carea' id='block_1_7' title="bbox 1061 3200 1931 3273">
    <p class='ocr_par' dir='ltr' id='par_1_9' title="bbox 1061 3200 1931 3273">
     <span class='ocr_line' id='line_1_151' title="bbox 1061 3200 1931 3273; baseline -0.013 -32"><span class='ocrx_word' id='word_1_1189' title='bbox 1061 3214 1207 3242; x_wconf 81' lang='lat' dir='ltr'>mentum</span> <span class='ocrx_word' id='word_1_1190' title='bbox 1221 3215 1237 3239; x_wconf 83' lang='lat' dir='ltr'>a</span> <span class='ocrx_word' id='word_1_1191' title='bbox 1253 3206 1414 3239; x_wconf 85' lang='lat' dir='ltr'>contrario</span> <span class='ocrx_word' id='word_1_1192' title='bbox 1421 3215 1433 3247; x_wconf 81' lang='lat'>3</span> <span class='ocrx_word' id='word_1_1193' title='bbox 1456 3203 1539 3246; x_wconf 82' lang='lat' dir='ltr'>quasi</span> <span class='ocrx_word' id='word_1_1194' title='bbox 1555 3200 1689 3243; x_wconf 85' lang='lat' dir='ltr'>proinde</span> <span class='ocrx_word' id='word_1_1195' title='bbox 1702 3200 1735 3236; x_wconf 88' lang='lat' dir='ltr'>in</span> <span class='ocrx_word' id='word_1_1196' title='bbox 1750 3200 1931 3273; x_wconf 41' lang='lat' dir='ltr'>municip?</span> 
     </span>
    </p>
   </div>
  </div>
 </body>
</html>
