2036 3495
184 134 256 176 264
609 126 958 161 GERARDI

185 220 248 252 lem
271 215 505 250 filiumfamilias
529 213 700 256 appellari,
725 218 856 252 apparet
880 222 921 243 ex
938 211 956 243 l.
972 221 1001 252 4.
1018 211 1059 244 D.

187 264 220 292 de
235 262 277 291 bis
289 260 339 300 qui
351 260 420 294 lunt
428 260 474 294 lui
490 257 536 288 vel
552 256 640 287 alieni
651 254 738 295 juris.
752 263 812 284 nec
829 253 941 292 refert,
952 263 1057 285 utrum

185 310 314 336 natura,
338 308 374 329 an
394 298 522 329 fictione
543 297 636 337 juris,
661 296 690 325 in
709 294 804 334 patris
830 294 988 335 potestate
1005 295 1056 326 fit:

186 352 256 374 nam
286 338 502 376 filiusfamilias
527 348 591 370 non
618 337 717 368 solum
741 345 869 375 natura,
892 346 1003 368 verum
1028 338 1056 368 ὅ(

187 383 376 423 adoptiones
394 379 514 411 faciunt
530 380 549 411 l.
572 390 595 411 i.
612 379 654 410 D.
680 380 711 408 de
727 378 897 418 ciclopzionz'b.
915 377 985 409 Hac
1002 378 1054 420 igi-

185 433 235 455 tur
253 423 374 454 ratione
393 420 545 461 Ulpianus
563 421 579 451 l.
598 430 622 452 1.
642 419 669 461 §.
682 430 698 451 2
725 420 763 450 I).
782 421 809 450 h.
827 425 848 449 t.
866 419 915 458 Si,
934 420 1054 459 inquit,

185 469 353 505 adrogatus
382 472 523 495 mutuam
550 462 715 502 pecuniam
735 462 917 501 acceperit,
942 460 1056 492 deinde

190 505 224 538 fit
250 505 427 539 restitutus,
460 513 494 535 ut
517 504 792 543 einancipai-etur‚
824 503 944 541 (qualis
970 501 1056 533 casus

185 548 325 577 occurrit
343 546 372 577 in
391 546 408 577 l.
428 555 478 587 32.
511 546 555 576 D.
583 546 616 576 de
629 544 824 583 adoptionib.)
845 542 1057 574 Senatuscon-

185 588 299 619 sultum
328 587 433 618 locum
462 587 609 617 habebit:
632 584 693 615 fuit
717 584 800 615 enirn
826 583 1056 616 filiusfamilias.

181 629 340 660 Prohibet
357 629 450 670 igitur
469 628 600 659 Senatus
618 625 821 657 filiofamilias
846 634 985 656 mutuam
1005 634 1055 665 pe·

182 671 309 701 cuniam
338 670 412 701 dari.
437 669 489 701 De
515 668 719 707 emancipato
744 666 820 698 nihil
839 667 937 698 addit.
961 668 1055 705 ideo,

181 711 204 743 fi
220 711 262 742 illi
281 712 351 743 data
371 711 406 742 sit
425 711 558 751 pecunia
575 718 702 747 mutua;
725 707 819 739 cess‘at
846 707 1056 739 Senatuscon-

181 753 314 785 fultum:
338 754 410 792 quia
434 752 479 783 est
504 750 718 792 patrifamilias
747 750 829 780 data.
856 748 949 780 Ratio
967 748 1054 780 diffe-

181 796 292 826 rentiae
310 795 444 833 duplex:
462 802 541 831 una,
560 793 646 841 qupd
657 790 874 822 filiusfamilias
891 790 967 821 nihil
981 799 1053 831 pro-

184 837 288 876 prium
307 836 402 866 habet
418 836 486 873 jure
505 833 608 865 civili:
632 833 746 870 altera,
771 832 858 872 quod
877 840 966 872 pater
981 842 1054 872 pos-

180 876 219 910 fit
243 876 364 908 infidias
389 884 531 907 metuere
555 884 571 906 a
595 875 662 906 filio
694 876 746 914 qui
765 874 795 904 in
819 874 884 913 ejus
901 875 999 905 domo
1017 882 1053 904 ac

181 919 301 949 familia
319 917 354 948 sic
370 927 431 948 aere
449 917 557 948 alieno
577 917 722 947 obi-utuS.
747 923 859 946 neutra
874 915 954 946 ratio
969 914 1052 945 obti-

181 969 237 990 net
261 960 291 990 in
317 958 384 990 filio
409 958 630 997 emancipato:
655 966 724 988 nam
750 957 774 987 is
802 955 846 986 est
874 955 1053 996 paterfami-

179 1002 258 1039 Jias,
282 1009 388 1039 eoque
413 999 463 1031 sua
487 999 583 1030 habet
608 999 700 1030 bona.
722 1005 872 1038 praeterea
895 997 939 1029 est
964 1005 1054 1028 extra

180 1043 279 1082 patris
307 1041 485 1080 familiam3
514 1050 574 1072 nec
604 1040 702 1081 magis
734 1040 815 1079 patri
843 1038 1054 1078 periculosus,

181 1093 274 1123 quam
301 1084 378 1115 alius
396 1091 575 1114 extraneus.
595 1081 647 1112 Sic
665 1088 814 1121 apparet,
837 1080 965 1111 Senatui
983 1079 1053 1110 fuist

181 1126 212 1156 se
231 1124 353 1156 causam
371 1124 522 1164 loquendi
541 1125 579 1154 de
597 1121 818 1159 filiofamilias,
835 1129 866 1152 at
883 1131 947 1152 non
964 1130 1054 1160 aeqiie

181 1168 221 1198 de
238 1164 304 1197 filio
324 1166 537 1205 emancipato.
562 1163 649 1207 Quid
663 1188 672 1203 ,
688 1163 708 1194 fi
723 1163 878 1204 pendeat,
904 1171 1007 1193 utrum
1022 1163 1053 1194 in

179 1207 339 1249 potestate
355 1206 391 1239 fit
406 1206 506 1246 filius,
531 1215 567 1236 ari
587 1215 649 1236 non
668 1204 712 1236 (it.
738 1209 839 1244 pone3
863 1211 984 1244 patrem
1003 1203 1052 1234 ha-

183 1252 238 1280 bet
254 1251 337 1288 apud
357 1248 470 1282 hostes.
496 1247 537 1277 ait
555 1245 729 1287 Ulpianus,
755 1244 816 1276 esse
833 1245 861 1275 in
880 1245 1051 1285 pendenti,

180 1300 219 1321 an
245 1291 275 1321 in
301 1288 615 1321 Senatuscoiisultum
640 1286 676 1319 fit
698 1286 911 1318 commiffum:
943 1295 1013 1317 nam
1031 1285 1050 1317 fi

180 1332 329 1363 reciderit
354 1333 385 1362 in
415 1329 606 1370 potestatem
629 1329 744 1367 patris,
768 1326 1051 1359 senatusconsulto

180 1373 289 1404 locum
308 1371 387 1403 esse:
412 1370 432 1403 fi
452 1372 573 1410 minus,
590 1370 706 1401 ceffare
720 1381 727 1402 :
743 1368 869 1400 interim
889 1368 983 1409 igitur
998 1369 1049 1399 de-

180 1414 357 1455 negandam
383 1412 445 1444 esse
473 1412 631 1443 astionem
654 1411 671 1441 i.
694 1419 716 1441 1.
736 1410 762 1451 ἕ.
783 1420 807 1442 1.
834 1409 871 1440 D.
890 1411 917 1441 h.
934 1416 955 1440 t.
974 1409 1054 1440 Fere

180 1455 417 1496 praeterieram,
447 1453 534 1493 quod
562 1452 694 1483 Senatus
720 1455 759 1482 de
783 1450 984 1483 filiofamilias
1008 1451 1053 1481 lo·

181 1505 300 1536 quens,
324 1494 401 1526 nihil
425 1494 464 1525 de
483 1494 548 1533 ejus
566 1501 677 1530 aetate,
701 1492 908 1531 conditione,
930 1499 983 1523 aut
1000 1492 1044 1523 sta

180 1545 216 1568 tu
237 1537 333 1568 addit.
357 1535 430 1575 quin
447 1534 629 1574 {impliciter
647 1536 689 1564 ait
701 1557 710 1572 ,
735 1532 786 1564 Ne
803 1535 853 1564 cui
871 1535 924 1573 qui
941 1533 1054 1564 filiola·

180 1578 281 1610 milias
299 1584 439 1608 mutuam
458 1575 626 1616 pecuniam
653 1573 802 1610 dedisset,
827 1574 910 1606 aCti'o
928 1573 1053 1613 petitio-

181 1628 244 1657 que
270 1618 405 1649 daretur.
435 1625 657 1657 argumentum
682 1617 713 1647 id
736 1615 877 1647 sufficere
900 1615 1053 1653 Senatui,

179 1659 416 1692 filiumfamilias
442 1658 523 1696 effe,
547 1658 598 1689 cui
623 1658 744 1688 credita
762 1656 796 1688 sit
816 1660 968 1697 pecunia·,
994 1665 1054 1688 nec

177 1699 300 1733 referre
315 1701 399 1741 eJus,
424 1708 529 1730 utrum
546 1699 665 1730 sobrius
682 1697 717 1730 sit
734 1698 764 1729 ἃ
783 1707 916 1737 parcus,
933 1708 969 1728 an
982 1707 1052 1737 pro-

179 1742 269 1783 digus
288 1742 317 1772 &
342 1739 536 1774 luxui-iosus:
561 1738 761 1775 adolescens,
786 1749 823 1770 an
851 1739 999 1779 provecta
1017 1748 1052 1769 ze-

178 1791 263 1815 tate:
287 1781 444 1824 privatus,
468 1791 506 1813 an
531 1781 618 1813 alius.
642 1781 776 1812 credidit
793 1781 943 1811 videlicet
960 1781 1050 1811 Sena·

178 1831 249 1863 tus,
273 1823 417 1864 optimos
441 1832 546 1855 mores
570 1821 665 1854 facile
691 1819 899 1862 transfigurari
918 1823 947 1852 in
966 1821 1050 1861 peffi·

178 1875 262 1899 mos.
288 1866 379 1897 scivit
396 1865 509 1902 etiam,
532 1865 691 1895 neminem
718 1871 811 1894 aetate
827 1871 880 1893 aut
899 1861 1052 1904 dignitate

175 1908 245 1949 iure
272 1907 356 1938 civili
381 1905 616 1938 filiumfamilias
640 1904 701 1936 effe
734 1903 885 1935 definere.
911 1903 971 1935 Sed
991 1905 1052 1935 hoc

178 1948 304 1980 ostendi
322 1949 410 1989 supra
431 1947 484 1979 sub
507 1946 644 1985 Titulo,
670 1945 716 1976 De
739 1946 781 1976 his
800 1945 931 1987 quisunt
945 1944 992 1984 sui
1005 1945 1052 1976 vel

177 1990 265 2023 alieni
276 1990 363 2032 juris.
382 1990 412 2020 δι
434 1990 464 2020 in
482 1986 645 2029 praeientia
657 1985 802 2018 observat
821 1985 970 2026 Ulpianus
986 1987 1004 2017 l.
1026 1996 1049 2018 1.

177 2033 206 2075 §.
226 2031 278 2062 ult.
299 2030 338 2062 D.
355 2031 381 2061 b.
397 2036 417 2061 t.
436 2030 469 2062 In
486 2028 710 2065 filiofamilias,
727 2028 893 2068 inquiens,
910 2028 986 2059 nihil
1004 2028 1047 2059 di-

176 2076 280 2116 gnitas
296 2071 395 2109 facit,
411 2080 476 2112 quo
496 2070 596 2103 minus
606 2068 919 2101 Senatusconsultum
938 2069 1047 2100 Mace-

178 2115 351 2147 donianum
369 2113 473 2144 locum
491 2113 605 2144 habeat
621 2124 629 2144 :
653 2110 768 2142 etiamsi
787 2109 902 2141 Consul
919 2110 973 2148 iit,
998 2111 1046 2141 vel

175 2155 313 2196 cujusvis
339 2153 509 2196 dignitatis.
533 2153 585 2185 nisi
607 2153 694 2184 forte
720 2151 872 2183 castrense
890 2152 1048 2192 peculium

175 2198 301 2230 habeat.
314 2197 484 2227 tuncenim
498 2194 566 2226 infit
577 2218 585 2232 ,
596 2194 712 2225 cessare
721 2193 1049 2224 Senatusconsultum.

177 2238 360 2279 quatenus?
376 2246 475 2277 usque
494 2237 533 2267 ad
550 2238 759 2277 quantitatem
777 2233 936 2265 castrenfis
954 2243 1049 2275 pecu-

177 2281 227 2312 lii:
249 2289 322 2311 cum
341 2277 531 2310 filiifamilias
547 2278 578 2308 in
595 2275 738 2308 castrensi
755 2276 882 2316 peculio
909 2276 979 2306 vice
1000 2284 1051 2316 pa-

177 2320 453 2353 trumfamiliarum
469 2319 640 2356 fungantur
656 2318 675 2348 l.
693 2328 720 2349 2.
739 2319 785 2348 D.
805 2318 834 2348 ci.
854 2323 874 2348 t.

215 2361 364 2402 Superior
374 2362 463 2392 labor
473 2360 557 2392 haesit
565 2361 650 2391 cii-ca
659 2357 904 2390 filiumfamilias.
917 2357 1049 2399 sequens

179 2402 239 2434 crit
257 2404 342 2434 circa
366 2401 608 2434 filiamfamilias.
632 2402 672 2432 de
691 2410 726 2431 ea
741 2399 809 2431 filet
827 2399 972 2431 Senatus.
998 2400 1050 2430 {ed

176 2445 400 2484 pronunciatio
411 2443 560 2475 sermonis
570 2443 601 2474 in
613 2440 687 2473 sexu
698 2440 870 2472 masculino
882 2442 920 2472 ad
931 2448 1048 2472 utrum-

181 2494 245 2524 que
270 2485 376 2517 sexum
400 2486 589 2525 plerumque
617 2483 788 2523 poi-rigitur
810 2482 830 2513 l.
859 2491 924 2522 195.
953 2482 995 2513 D.
1018 2483 1051 2512 de

178 2527 256 2557 verb.
267 2525 372 2565 figitis.
400 2527 463 2566 pari
489 2525 660 2566 praesertim
680 2525 843 2563 utriusque
863 2527 996 2554 ratione.
1019 2524 1050 2554 in

176 2566 342 2608 proposito
362 2577 439 2598 vero
459 2567 534 2608 quid
549 2565 695 2603 interest,
713 2574 815 2596 utrum
837 2563 1050 2603 filiifamilias,

178 2618 219 2640 an
236 2607 461 2647 filiaefamilias,
485 2608 607 2641 luxuria
633 2608 664 2638 in
689 2615 802 2637 necem
828 2608 924 2646 patris
942 2614 1049 2637 mutua

178 2648 315 2690 pecunia
338 2648 528 2682 instruatur?
551 2648 688 2681 Pulchre
714 2648 794 2686 hoc,
820 2657 879 2686 pro
905 2648 955 2677 sua
979 2656 1048 2686 pru·

180 2689 303 2728 dentia,
328 2688 546 2722 animadvertit
570 2691 723 2730 Ulpianus
740 2688 756 2719 l.
775 2697 803 2724 9.
820 2688 848 2729 §.
869 2697 895 2719 2.
918 2689 962 2718 D.
980 2689 1005 2718 h.
1026 2694 1045 2719 t.

179 2732 267 2769 Hoc,
290 2729 452 2770 inquiens,
485 2730 766 2766 Senatusconlultum
788 2732 825 2760 tid
842 2729 917 2764 silicis
938 2738 1048 2770 quoque

173 2773 360 2815 familiarum
372 2773 504 2811 pertinet.
528 2771 664 2804 Demus:
688 2770 808 2811 perdita
826 2771 967 2811 pecunia.
985 2772 1048 2802 Sed

181 2815 258 2855 quid
271 2837 279 2849 ,
303 2813 325 2845 fi
341 2812 527 2852 adfirmeiur,
551 2818 716 2844 ornamenta
731 2822 768 2843 ex
790 2821 822 2842 ea
835 2813 960 2852 pecunia
976 2822 1052 2842 com‘

175 2854 315 2897 parciffe‘?
338 2853 429 2885 Hanc
455 2852 671 2884 difficultatem
696 2861 833 2892 occupat
852 2852 1006 2893 Ulpianus
1023 2854 1052 2883 d.

180 2898 208 2939 ᾗ.
228 2908 256 2928 2.
271 2897 292 2927 l.
312 2905 340 2932 9.
357 2895 387 2926 ἃ
411 2893 607 2925 Ornamenta
631 2895 793 2925 muliebria
820 2893 975 2935 designat3
1001 2904 1050 2924 ea-

181 2949 244 2979 que
260 2937 290 2969 in
307 2938 325 2968 l.
344 2946 390 2976 25.
408 2934 437 2977 §.
455 2944 500 2967 10.
520 2934 609 2979 D2oe
624 2944 687 2965 our.
706 2945 768 2975 arg.
787 2937 884 2966 mund.
908 2934 968 2973 ait,
991 2934 1052 2966 effe

181 2980 325 3016 inaures,
342 2977 496 3014 armillas,
510 2976 655 3011 vincias,
671 2977 803 3006 annulos
821 2977 966 3007 &omnia
982 2985 1051 3016 quae

182 3022 220 3053 ad
239 3021 331 3051 aliam
354 3028 419 3050 rem
438 3017 552 3049 nullam
570 3023 737 3055 parantur,
760 3016 812 3047 nili
843 3017 986 3056 corporis
1002 3027 1050 3048 or-

181 3063 276 3094 nandi
293 3060 398 3091 causa:
421 3068 485 3099 quo
508 3067 548 3090 ex
571 3065 704 3088 numero
730 3057 822 3087 etiarn
841 3057 902 3088 ess'e
920 3068 1027 3090 aurum
1042 3081 1051 3096 ,

182 3112 343 3144 gemmas,
373 3100 515 3141 lapillos,
546 3098 623 3136 alia;
653 3097 824 3136 omniaque
848 3098 1008 3139 distinguit
1032 3108 1048 3130 a

181 3144 304 3176 mundo
327 3143 492 3173 muliebri:
516 3140 594 3172 ficut
620 3138 730 3170 Paulus
752 3137 771 3167 l.
794 3146 843 3177 37.
869 3137 911 3169 D.
935 3142 982 3169 eod
1005 3142 1051 3170 tit.

182 3185 223 3217 ab
240 3183 285 3214 his
302 3182 419 3221 separat
436 3182 556 3214 vestes:
572 3180 707 3221 speciata
724 3178 894 3210 verborum
913 3182 1053 3218 proprie-

184 3235 258 3259 tate.
282 3225 324 3256 At
343 3223 493 3264 Ulpianus
508 3223 542 3256 in
560 3224 588 3255 d.
607 3222 626 3254 l.
644 3230 675 3259 9.
693 3219 722 3262 ς.
740 3229 769 3252 2.
793 3227 859 3251 non
874 3219 955 3251 hanc
969 3229 1054 3261 quae-

1015 122 1279 159 NooD'r
1336 123 1545 158 COMM.

1102 213 1161 251 rit,
1192 212 1245 245 sed
1268 212 1452 253 exemplum
1480 210 1612 243 luxuriae
1636 209 1817 249 muliebris;
1846 219 1905 243 nec
1926 222 1966 246 eo

1102 253 1243 285 excludit
1258 253 1334 286 alia:
1360 255 1423 293 pari
1449 254 1477 283 in
1496 253 1643 283 omnibus
1670 252 1871 284 foeminarum
1896 254 1982 285 insa-¹

1100 297 1160 327 nia.
1188 296 1269 327 Cato
1291 298 1372 335 apud
1389 295 1602 335 Liviumiih.3
1615 306 1632 332 ι.
1655 293 1736 338 Quia
1754 293 1898 333 honestum
1913 297 1970 325 dic-

1101 343 1135 367 tu
1144 338 1250 376 saltem
1266 338 1397 373 fedzzioni
1408 337 1601 376 pretenditur
1617 336 1771 367 inuizebri?
1797 342 1826 364 iit
1846 345 1914 366 auro
1930 336 1966 370 ἐξ

1093 385 1226 418 purpura
1240 379 1461 419 prefulgeamus
1472 400 1481 416 ‚
1496 379 1653 418 inquiunt:
1669 379 1696 408 ἃ
1717 386 1810 415 mox,
1828 376 1876 407 Ne
1892 377 1967 408 ullus

1098 421 1196 450 modus
1207 422 1387 459 sumptibus,
1410 428 1460 449 nec
1485 420 1609 449 lttxuiiae
1626 418 1676 456 fit.
1699 418 1765 457 jam
1783 418 1902 448 Sentca
1918 419 1966 450 lib.

1100 469 1128 500 7.
1147 462 1197 490 be
1214 461 1328 498 benefic.
1338 470 1399 496 c.9.
1412 460 1501 491 Video
1512 462 1628 491 uniones
1646 459 1968 500 nonsingulorsingulis

1099 502 1219 532 auribus
1237 508 1428 541 comparatos:
1444 502 1507 543 jam
1525 504 1599 532 enim
1618 503 1778 532 exercitatae
1793 509 1874 530 <mres
1892 501 1967 531 oneri

1092 542 1223 582 serundo
1236 546 1311 577 lunt.
1330 543 1504 583 junguntur
1514 545 1587 574 inter
1596 552 1645 583 se,
1664 542 1825 582 &inluper
1839 542 1971 583 oliibinis

1092 590 1349 623 superponuntur:
1366 593 1422 613 non
1434 586 1510 622 jaus
1527 585 1670 615 rtzztlieliris
1687 586 1799 621 trifonia
1814 584 1889 612 viros
1905 584 1970 619 lub-

1094 625 1204 665 jecerot
1218 648 1226 661 ‚
1248 623 1303 661 nifi
1321 625 1388 654 bina
1403 634 1437 654 ac
1455 631 1537 656 terna
1548 627 1724 666 patrimonia
1739 627 1855 655 auribus
1867 631 1970 664 pepen-

1097 665 1208 705 clzffent.
1232 666 1313 696 video
1330 665 1432 701 sericus
1455 664 1562 706 vestes,
1579 666 1606 704 fi
1622 665 1708 706 vestes
1735 667 1864 697 vocantu.
1884 671 1971 706 sunt,

1097 708 1128 737 iii
1147 707 1250 747 quibus
1268 707 1341 737 nihil
1356 705 1394 746 ⁶²ss
1407 730 1416 745 ‚
1440 717 1494 747 quo
1511 709 1625 747 defendi
1643 715 1693 738 tiut
1710 715 1809 747 corpus
1826 714 1875 737 out
1892 709 1970 738 deni-

1097 758 1151 789 que
1161 749 1255 788 pudor
1271 755 1304 788 po
1329 753 1370 778 tt:
1395 750 1497 788 quibus
1505 751 1628 789 sumptis
1646 750 1747 779 mulier
1761 756 1866 788 parum
1883 749 1968 789 liqui-

1097 792 1130 820 do
1145 790 1255 820 nuciam
1270 791 1304 829 se
1328 798 1385 819 non
1408 789 1458 828 effe
1469 790 1593 830 jurabit.
1642 791 1714 821 Hcec
1730 792 1841 829 ingenti
1857 798 1971 827 summa

1097 832 1132 862 ab
1148 831 1252 871 ignotis
1273 831 1359 860 etiam
1369 833 1406 861 ad
1415 833 1611 862 commercium
1624 833 1755 873 gentibus
1774 833 1971 869 accersuntur:

1097 872 1240 903 intanto
1265 871 1467 903 foeminarum
1497 873 1569 903 luxu
1595 882 1644 903 tat
1672 882 1755 904 nunc
1772 872 1969 912 foenerator,

1094 913 1126 951 v&
1142 913 1276 951 clamet,
1299 912 1550 953 filiamfamilias,
1567 915 1654 945 verbi
1670 914 1784 955 gratia,
1802 923 1968 946 ornamen-

1098 962 1128 985 ta
1144 954 1338 994 comparass'e
1356 964 1394 985 ex
1412 956 1544 994 pecunia
1566 964 1668 987 mutua
1681 979 1689 993 ,
1720 964 1815 995 atque
1832 964 1866 986 ea
1882 964 1968 986 eitta-

1097 1005 1139 1027 re.
1157 994 1222 1026 Nisi
1241 1004 1344 1036 pai-ata
1364 996 1500 1034 Ulpiano
1520 997 1678 1035 responsio
1689 996 1752 1033 est,
1766 997 1841 1029 Non
1860 998 1897 1026 ad
1911 1005 1966 1028 rem

1092 1039 1249 1077 pertinere:
1272 1038 1378 1067 addita
1403 1038 1461 1068 hac
1487 1039 1629 1075 ratione,
1654 1037 1736 1069 Noni
1750 1038 1776 1067 ei
1793 1047 1900 1078 quoque
1918 1038 1967 1078 qui

1091 1077 1285 1118 filiofamilias
1296 1079 1433 1116 credidit,
1451 1080 1558 1109 decreto
1577 1078 1746 1119 Ampliffiml
1759 1079 1880 1110 Ordinis
1895 1080 1965 1110 αέίἰο

1098 1121 1275 1160 denegatur:
1290 1129 1339 1149 nec
1356 1118 1470 1160 interest
1482 1122 1640 1161 consuiizpti
1649 1120 1710 1159 sirit
1727 1122 1855 1158 nummi,
1873 1129 1967 1151 anex-

1097 1166 1158 1191 tent
1175 1163 1207 1191 in
1221 1161 1337 1199 peculio.
1366 1161 1451 1192 Abfit
1475 1161 1588 1202 igitur,
1614 1170 1647 1192 ut
1671 1162 1866 1192 induleatui-
1884 1160 1966 1193 infir-

1096 1203 1196 1233 mitati
1214 1202 1302 1233 sexus
1319 1202 1499 1240 muliebris,
1519 1202 1674 1234 luxuriose
1693 1203 1837 1234 viventis.
1856 1211 1967 1234 contra

1095 1243 1199 1283 probo
1210 1243 1273 1274 hoc
1287 1242 1430 1283 Ulpiani,
1450 1243 1545 1274 Multi)
1563 1245 1810 1286 magis-severitate
1826 1245 1964 1275 Senatus-

1094 1285 1232 1322 conlultz',
1263 1285 1324 1326 ejus
1349 1284 1512 1316 contractus
1538 1287 1760 1325 improbabitur,
1784 1287 1835 1326 qui
1845 1283 1967 1326 filiaefa-

1094 1326 1187 1356 milias
1205 1331 1337 1356 mutuum
1355 1327 1439 1356 dedit.
1456 1327 1482 1356 d.
1502 1326 1520 1356 l.
1538 1336 1565 1362 9.
1607 1351 1613 1356 .
1631 1336 1658 1358 2.
1951 1332 1968 1354 ’ψ

1097 1366 1195 1408 Quod
1214 1367 1253 1397 de
1272 1365 1468 1397 filiafamilias
1485 1367 1568 1405 dixi,
1586 1377 1622 1398 an
1641 1367 1670 1398 in
1691 1375 1830 1409 nepote,
1847 1366 1876 1398 ἀ
1894 1375 1968 1407 pro-

1097 1415 1217 1447 nepote
1240 1407 1403 1446 obtineat,
1427 1412 1523 1448 quaeri
1550 1408 1638 1439 solet.
1662 1408 1734 1439 hinc
1758 1408 1853 1444 facit,
1877 1409 1966 1446 quod

1097 1449 1187 1480 aliter
1205 1448 1306 1486 filius,
1330 1449 1418 1479 aliter
1437 1459 1536 1486 nepos
1549 1473 1558 1487 ,
1581 1451 1756 1490 appellatur
1773 1449 1800 1491 §.
1819 1450 1861 1479 ult
1893 1447 1964 1488 inst.

1098 1490 1162 1533 Qui
1179 1489 1286 1530 testam.
1306 1495 1361 1520 tut.
1379 1491 1432 1520 clar
1456 1489 1517 1529 poff
1539 1492 1628 1527 inde,
1647 1493 1732 1531 quod
1754 1491 1782 1521 iii
1799 1492 1808 1520 ι’
1836 1499 1903 1521 201.
1926 1490 1964 1520 l).

1097 1537 1129 1562 cie
1146 1530 1331 1570 verh.signif.
1350 1531 1464 1561 dicitur
1478 1530 1553 1570 justa
1565 1531 1829 1570 interpretatione
1847 1531 1943 1568 iterpi
1955 1539 1970 1569 ;

1098 1581 1131 1603 ut
1151 1573 1366 1612 appellatione
1383 1571 1437 1602 filii
1455 1571 1529 1602 ficut
1551 1571 1746 1603 filiafamilias
1766 1575 1844 1610 iaepe
1861 1570 1967 1601 cunti-

1099 1622 1212 1652 iietur;
1235 1613 1275 1644 ita
1294 1615 1322 1643 dt
1341 1622 1441 1651 nepos
1459 1614 1681 1651 contineatur,
1706 1617 1732 1642 ὅ(
1756 1613 1849 1651 patris
1868 1612 1970 1652 rinmi-v

1097 1664 1137 1686 ne
1152 1664 1229 1685 avus
1246 1662 1376 1693 quoque
1395 1654 1694 1693 comprehendatur.
1713 1653 1798 1695 Quid
1810 1652 1970 1684 dicimus?

1098 1696 1274 1727 convenire
1293 1695 1483 1726 {imilitudini
1503 1695 1633 1726 rationis
1647 1704 1699 1734 3ut
1724 1705 1752 1725 in
1773 1693 1936 1734 proposito
1951 1702 1984 1726 a.

1098 1738 1186 1768 verbi
1212 1737 1408 1776 proprietate
1437 1739 1624 1767 recedatur:
1649 1746 1720 1768 1υηι
1746 1737 1808 1766 hoc
1834 1743 1965 1775 quoque

1098 1777 1244 1809 suadeant
1264 1780 1425 1816 {equentia
1444 1777 1711 1809 Senatusennl‘ulti
1735 1779 1843 1807 verba:
1867 1776 1970 1807 Etiam

1090 1817 1153 1860 post
1171 1825 1287 1850 mortem
1298 1821 1429 1858 Parentis
1438 1819 1519 1861 cujus
1535 1821 1565 1850 in
1573 1816 1708 1866 potestate
1718 1817 1765 1855 sit.
1782 1819 1865 1849 clare
1882 1817 1966 1850 enim
1982 1820 1983 1823 ’
2034 1810 2035 1835 3

1097 1862 1268 1899 evincunt,
1285 1859 1435 1891 Senatum
1453 1861 1665 1901 appellatione
1690 1859 1880 1897 filiifamilias
1901 1868 1967 1890 non
1992 1882 2002 1886 -

1096 1911 1218 1933 tantum
1243 1901 1342 1933 filium
1368 1902 1535 1939 exaudire,
1560 1902 1610 1932 sed
1638 1909 1771 1941 nepotes
1789 1910 1918 1941 quoque
1935 1899 1968 1931 &

1095 1951 1309 1983 pronepotes:
1320 1942 1372 1982 qui
1384 1952 1415 1974 ut
1427 1942 1484 1974 fint
1498 1942 1527 1973 in
1539 1943 1697 1984 potestate
1712 1941 1760 1973 avi
1774 1943 1822 1972 xel
1834 1942 1964 1981 proavi,

1096 1993 1200 2016 tamen
1219 1984 1247 2015 in
1267 1985 1404 2024 parentis
1424 1984 1582 2024 potestate
1598 1983 1678 2020 effe,
1692 1993 1794 2024 negari
1815 1992 1876 2013 non
1895 1992 1966 2022 pos-

1092 2025 1178 2058 sunt:
1195 2034 1266 2056 cum
1288 2027 1397 2065 procul
1409 2027 1506 2056 dubio
1517 2027 1564 2056 avi
1578 2025 1606 2056 dt
1619 2026 1726 2065 proavi
1743 2024 1798 2055 lint
1819 2033 1965 2063 parentes

1092 2067 1111 2097 l.
1134 2078 1162 2106 4.
1179 2066 1208 2108 §.
1228 2076 1253 2098 2.
1271 2066 1311 2097 D.
1327 2068 1360 2097 de
1376 2069 1465 2107 injus
1482 2076 1543 2096 voc.
1566 2067 1631 2097 imo
1650 2066 1699 2096 vel
1720 2064 1791 2104 ipfi,
1815 2074 1848 2095 ut
1865 2066 1969 2095 modo

1092 2108 1230 2146 tradidi,
1253 2109 1348 2148 patris
1371 2107 1584 2148 appellatione
1604 2106 1681 2148 justa
1703 2106 1968 2146 interpretatione

1093 2150 1233 2181 veniunt.
1258 2148 1320 2181 Sed
1336 2150 1429 2181 mitto
1439 2157 1636 2190 argumenta:
1653 2149 1780 2188 quando
1800 2147 1965 2188 Philippus

1093 2192 1130 2222 A.
1143 2191 1171 2221 ἀ
1191 2190 1354 2230 Philippus
1367 2189 1402 2221 C.
1414 2190 1432 2220 l.
1452 2190 1663 2231 6.§.1.C.b.t.
1684 2189 1724 2219 itti
1743 2190 1841 2228 palam
1861 2189 1965 2218 rel'cri-

1093 2231 1237 2272 pserunt:
1253 2231 1340 2277 Quod
1356 2232 1604 2269 Senatusconsulti
1617 2231 1762 2260 auxilium
1779 2232 1842 2260 licet
1856 2228 1964 2269 filiifa-

1093 2273 1188 2303 milies
1204 2274 1381 2311 nieiiiineric,
1406 2272 1442 2307 ὅ)
1457 2275 1494 2303 cici
1512 2279 1620 2311 nepotes
1641 2271 1676 2305 ξδ’
1690 2276 1856 2312 pronepotes
1872 2271 1963 2310 porri-

1090 2316 1185 2355 gitur.
1211 2313 1309 2351 Haec,
1333 2314 1354 2345 fi
1371 2323 1471 2354 nepos
1502 2315 1584 2345 ultro
1610 2314 1771 2352 acceperit
1797 2316 1963 2352 pecuniam

1094 2363 1244 2386 mutuam.
1269 2365 1298 2386 at
1319 2364 1420 2394 pone:
1445 2355 1540 2386 filium
1560 2354 1682 2391 habeo,
1707 2355 1734 2385 ὅ(
1753 2363 1793 2384 ex
1809 2362 1851 2384 eo
1867 2362 1965 2392 nepo·
2004 2353 2011 2361 ”

1094 2405 1169 2428 tem.
1186 2396 1258 2427 huic
1276 2395 1430 2428 creditum
1440 2396 1570 2436 estjuffu
1583 2394 1675 2435 patris
1691 2395 1765 2434 ejus.
1781 2403 1819 2425 an
1836 2393 1881 2424 est
1895 2393 1966 2424 fac-

1093 2446 1160 2469 tum
1176 2447 1287 2469 contra
1304 2437 1639 2469 Senatusconiultum?
1662 2436 1800 2475 Julianus
1817 2434 1835 2465 l.
1855 2443 1901 2473 14.
1918 2434 1966 2466 D.

1092 2479 1110 2510 h
1146 2486 1166 2509 t.
1190 2487 1262 2510 cum
1290 2480 1330 2510 de
1355 2488 1395 2510 eo
1421 2487 1564 2519 rogatum
1592 2476 1688 2515 esset,
1714 2477 1810 2507 dixit:
1836 2474 1963 2513 Etiamsi

1092 2522 1187 2551 verbis
1212 2520 1460 2556 Senatusconfulti
1478 2519 1538 2557 filii
1559 2520 1790 2553 continerentur,
1814 2522 1908 2547 tamen
1924 2515 1964 2551 δέ)

1092 2563 1124 2592 in
1139 2562 1255 2601 persona
1270 2562 1376 2602 nepotis
1391 2561 1586 2599 iclemservarz·
1601 2560 1703 2590 debere.
1732 2558 1805 2601 'suff
1803 2569 1849 2589 um
1865 2564 1961 2588 nutem

1092 2603 1178 2644 hujus
1195 2605 1284 2639 patris
1300 2613 1355 2633 non
1373 2600 1493 2643 efficere,
1514 2602 1681 2642 quominus
1704 2594 1803 2631 contra
1822 2600 1961 2630 Senatus-

1091 2644 1250 2683 consultum
1274 2645 1413 2674 creditum
1437 2640 1670 2682 existimaretur,
1702 2651 1767 2672 cum
1794 2643 1849 2681 ipse
1872 2642 1903 2670 in
1926 2649 1960 2670 ea

1090 2690 1177 2722 caula
1202 2684 1266 2724 effet
1281 2708 1291 2724 ,
1321 2689 1354 2715 ‘ut
1371 2685 1524 2724 pecuniam
1545 2683 1639 2713 invito
1657 2689 1742 2723 patre
1756 2682 1813 2721 suo
1836 2683 1961 2723 accipere

1090 2736 1146 2757 non
1158 2726 1249 2768 poffit.

1135 2767 1188 2798 Ait
1206 2768 1358 2804 Senatus,
1383 2765 1524 2796 Mutuum
1539 2766 1700 2805 pecuniam.
1725 2763 1753 2795 Is
1769 2763 1864 2805 igitur
1879 2762 1961 2794 solus

1096 2806 1408 2840 senatusconsultum
1427 2806 1581 2845 offendit,
1606 2807 1659 2847 qui
1680 2814 1818 2838 mutuam
1834 2803 1963 2846 pecuni-

1094 2860 1142 2881 am
1169 2848 1371 2881 filiofamilias
1396 2849 1502 2879 dedit:
1527 2858 1591 2880 non
1620 2848 1671 2888 qui
1694 2849 1767 2879 alias
1783 2844 1960 2878 contraxit:

1094 2900 1187 2931 puta,
1211 2891 1373 2927 vendidit,
1397 2890 1537 2927 locavit,
1560 2890 1611 2921 vel
1634 2890 1695 2920 alio
1722 2889 1819 2920 modo
1835 2895 1964 2918 contra-

1094 2932 1150 2964 xit.
1178 2931 1251 2975 Qua
1262 2931 1411 2962 ratione?
1422 2931 1543 2970 optima
1555 2930 1573 2962 fi
1583 2930 1741 2962 audiamus
1753 2928 1923 2969 Ulpianum
1940 2927 1962 2958 l.

1094 2984 1123 3015 3.
1142 2973 1169 3015 §.
1183 2983 1210 3013 3.
1230 2974 1276 3004 D.
1292 2973 1319 3003 h.
1339 2978 1360 3003 t.
1378 2982 1415 3002 ea
1433 2972 1511 3003 ratio
1529 2972 1590 3003 est:
1614 2973 1699 3012 quod
1716 2971 1857 3011 pecuniae
1873 2969 1961 2998 datio

1095 3012 1269 3055 perniciosa
1287 3014 1472 3053 parentibus
1489 3022 1601 3044 eorum
1621 3013 1681 3043 visa
1701 3012 1754 3043 est.
1778 3011 1838 3041 Sed
1850 3008 1961 3054 quid?

1094 3065 1159 3088 non
1176 3055 1337 3086 numeravi
1354 3053 1555 3086 filiofamilias
1576 3053 1757 3094 pecuniam:
1781 3051 1829 3096 sed
1848 3059 1877 3079 in
1895 3058 1963 3079 cre-

1096 3099 1196 3129 ditum
1213 3097 1273 3127 abii
1291 3096 1334 3128 illi
1352 3105 1391 3127 ex
1417 3095 1506 3126 causa
1522 3095 1713 3136 emptionis,
1738 3092 1825 3122 verbi
1842 3091 1963 3130 gratia,

1095 3138 1256 3177 stipulatus
1276 3137 1318 3168 rei
1339 3137 1475 3167 venditae
1493 3137 1637 3175 pretium.
1652 3135 1810 3178 aii-locum
1830 3131 1962 3163 habebit

1095 3178 1432 3211 Senatusconsultum?
1457 3177 1571 3209 Dices:
1593 3186 1656 3208 non
1687 3172 1834 3211 interest3
1857 3181 1974 3205 utrum..

1096 3221 1153 3252 tibi
1170 3221 1242 3254 dem
1257 3220 1445 3262 pecuniam3
1460 3228 1499 3251 au
1513 3217 1632 3259 patiar,
1647 3224 1716 3247 eam
1733 3223 1825 3257 quam
1842 3215 1960 3288 habes(3

1878 3263 1938 3295 apti
