2036 3495
163 71 231 106 268
589 66 622 100 G
653 77 674 100 Ε
708 74 728 98 n
766 74 785 98 A
816 73 838 97 a
872 71 895 96 n
928 71 942 95 1
1000 58 1040 94 N

163 153 299 187 familias
323 155 535 196 approbatum
558 152 639 191 esse,
663 152 771 191 negari
796 151 919 191 nequit.
944 157 1041 189 quare

164 195 185 228 fi
202 198 429 237 paterfamilias
448 195 476 226 in
498 203 602 225 totum
618 200 681 224 ‚aut
701 202 740 223 ex
760 200 848 231 parte
866 192 966 222 solvat
988 199 1041 231 pe·

167 237 292 270 cuniam
322 247 414 276 quam
439 234 659 267 filiusfamilias
683 241 852 273 acceperat
883 240 1041 264 mutuam:

165 288 271 318 neque
298 278 428 309 solutam
455 276 573 315 repetit
594 297 603 313 ,
634 274 664 305 ὃ(
693 276 732 306 de
756 274 877 313 reliqua
902 283 1042 305 conveu-

167 329 236 357 tus,
263 329 322 350 non
343 327 447 348 utetur
466 315 740 347 Senatusconsulti
758 314 957 356 exceptione
975 316 994 347 l.
1012 324 1041 354 7.

169 360 197 401 §.
217 361 270 390 ult.
292 362 335 390 l).
361 361 388 389 l).
415 364 436 388 t.
482 357 572 400 Quid
590 381 599 397 ,
632 357 654 389 fi
679 357 793 398 pignus
819 357 900 389 det?
924 357 975 388 vel
1000 367 1041 388 eo

165 400 308 441 agnoscit
324 399 477 431 debitum.
505 399 550 430 est
567 399 651 430 enim
669 400 781 440 pignus
802 398 936 430 acceffio
954 398 1042 430 debi-

168 443 202 472 ti.
227 442 303 472 illud
322 451 399 472 vero
417 440 480 472 line
497 440 559 471 hoc
576 440 637 472 esse
656 449 827 481 numquam
849 439 964 480 potest.
988 439 1041 481 igi-

168 491 219 513 tur
243 482 374 523 pignore
397 492 412 513 a
438 481 663 523 patrefamilias
687 481 862 513 constituto
879 483 910 513 in
927 481 1041 513 securi-

166 532 265 554 tatem
282 525 400 562 debiti,
425 525 513 564 quod
533 523 695 555 contraxit
710 523 951 562 filiusfamilias;
971 523 1040 563 quis

166 566 314 604 dubitet,
339 566 368 596 ἃ
392 565 491 605 ipsum
517 565 661 596 debitum
688 566 727 596 ab
749 575 789 596 eo
813 565 953 605 agnitum
988 564 1041 595 fir-

165 615 350 648 matumque
381 607 454 638 effe.
501 606 618 638 Utrum
644 615 748 637 tamen
776 615 881 637 totum
898 629 908 644 ,
939 616 977 637 an
1002 605 1040 636 ad

165 650 298 681 modum
325 649 466 689 pignoris
483 649 500 680 ἶ)
531 647 606 679 Hoc
628 647 813 689 conjunctio
843 648 861 678 l.
879 657 907 687 7.
932 647 961 688 ὃ.
987 647 1040 677 ult.

167 699 240 721 curn
264 690 282 720 l.
297 700 325 726 9.
341 691 368 721 b.
389 697 410 720 t.
437 690 555 721 suadet.
582 689 650 720 sunt
673 691 756 721 enirn
783 698 822 720 ex
848 689 964 720 eodem
988 689 1040 719 lib.

167 741 215 768 29-
241 731 366 772 Ulpiani
381 732 419 762 ad
442 731 647 769 Edictum,&
664 731 739 761 olim
758 730 956 761 cohaeserunt
975 729 1040 760 hoe

167 774 287 805 modo:
312 773 345 804 Si
361 772 574 813 paterfamilias
596 771 698 809 fastus
713 772 836 811 κ[ὁὶ-υενίι
857 777 969 812 partem
995 772 1038 802 de-

167 815 220 845 lim*
236 813 349 854 ceffabz‘t
366 813 676 845 senatusconsultum.-
698 823 750 843 nec
765 813 896 853 solutum
914 818 1039 853 repetere

167 854 265 896 potest.
309 856 364 886 Sed
379 853 408 892 fi
422 854 635 894 paterfamilias
654 854 759 894 fabius
784 865 841 884 rem
860 855 978 896 pignori
994 856 1038 884 cle-

167 899 242 927 :ierit
256 920 266 935 ,
297 897 446 928 dicendum
472 899 525 927 eric
541 919 550 934 ,
583 895 831 936 Senatuscortlitlti
852 897 1041 935 exceptionem

168 939 195 968 ei
210 939 406 978 denegandam
424 947 513 978 usque
528 939 566 968 ad
581 939 713 979 pignoris
731 940 934 978 quantitatem.
981 936 1038 967 Ra-

169 979 218 1011 tio
246 979 436 1011 differentiae
463 982 546 1010 inter
570 979 758 1010 solutionem
783 979 811 1010 ἀ
837 980 948 1019 pignus
975 988 1039 1009 non

168 1029 231 1052 una
260 1019 402 1052 adfertur
433 1021 471 1051 ab
502 1021 632 1052 eruditis
665 1019 906 1060 Interpretibus.
951 1019 1040 1057 Sed,

170 1063 256 1101 quod
278 1061 314 1093 fit
332 1062 448 1093 diuum
465 1071 536 1093 cum
556 1062 679 1102 prolixa
702 1070 814 1092 eorum
838 1070 935 1101 pace,
958 1061 1041 1092 nulla

169 1103 258 1144 sapit.
285 1112 344 1135 nec
363 1112 467 1134 tamen
485 1113 500 1133 a
519 1112 571 1134 me
587 1103 743 1143 impeti-0,
771 1112 806 1133 ut
823 1111 959 1142 quaeram
986 1111 1040 1132 no-

168 1155 261 1177 vam:
285 1145 358 1186 quia
375 1155 438 1176 non
457 1144 550 1176 facile
567 1144 747 1175 invenietur
772 1152 862 1174 vera:
884 1144 934 1175 illa
953 1141 1041 1175 diffe-

167 1186 288 1225 remia,
313 1194 466 1226 quantum
490 1185 645 1225 conjicio,
668 1186 766 1226 magis
788 1186 826 1216 ab
853 1184 1041 1216 auctoritate

168 1229 322 1269 alicujus,
347 1228 424 1259 olim
441 1236 572 1268 regnum
598 1226 628 1258 in
654 1226 739 1258 Foro
757 1227 922 1264 habentis,
947 1235 1040 1266 quam

167 1279 185 1300 a
211 1278 298 1300 certa
322 1271 445 1300 ratione
470 1267 626 1309 profecta.
687 1267 805 1307 Saepius
837 1268 1041 1307 contigerunt

170 1312 253 1342 talia.
286 1311 316 1341 &
333 1309 431 1341 {imile
454 1310 530 1350 quid
556 1309 753 1350 deprehendi
777 1309 848 1340 alibi
873 1309 903 1339 in
929 1308 1039 1340 Servio

169 1351 328 1390 Sulpicio:
351 1352 435 1383 inter
451 1360 546 1390 quem
566 1351 596 1382 ἃ
614 1350 742 1382 Gallum
760 1350 916 1390 Aquilium
934 1349 963 1381 in
980 1349 1039 1381 Fo-

167 1394 194 1425 ri
212 1391 424 1433 disputatione
442 1392 504 1423 fuit
521 1391 716 1424 dubitatum:
743 1401 847 1423 utrum
869 1392 916 1432 jus
933 1391 1039 1423 oneris

168 1434 294 1466 ferendi
323 1434 400 1465 effet
431 1433 539 1472 praedii
569 1433 712 1464 servitus.
739 1442 848 1464 natura
880 1432 1038 1464 servitutis

167 1475 300 1507 subnixa
325 1483 392 1506 erat
416 1474 501 1506 Galli
525 1473 699 1505 sententia:
724 1475 884 1515 negantis,
910 1473 1038 1505 servitu-

169 1525 235 1548 tem
251 1517 293 1547 ita
310 1515 397 1556 poss'e
419 1516 553 1554 imponi.
579 1514 630 1547 sed
647 1516 767 1546 evaluit
797 1517 954 1547 contraria
972 1515 1039 1547 Ser-

166 1558 212 1589 vii
229 1559 259 1588 in
277 1555 435 1596 proposita
454 1557 576 1597 specie,
600 1565 634 1587 ut
653 1557 746 1596 possit
763 1556 832 1598 quis
850 1557 1039 1596 defendere,

164 1600 213 1640 jus
230 1598 283 1629 fibi
299 1597 378 1636 esse,
403 1607 522 1638 cogere
537 1597 768 1636 adversarium,
792 1599 945 1639 parietem
973 1597 1040 1630 refi-

168 1650 242 1672 cere
259 1640 296 1670 ad
315 1649 413 1671 onera
436 1640 486 1671 sua
516 1638 702 1671 sustinenda.
748 1639 826 1671 Hoc
844 1650 882 1671 ex
902 1639 1041 1679 Ulpiano

168 1682 187 1712 i.
212 1684 239 1712 6.
262 1680 290 1723 §.
311 1691 339 1712 2.
366 1681 412 1712 D.
443 1681 477 1712 Si·
490 1681 594 1721 ser-vir.
617 1682 728 1712 vindic.
764 1681 929 1712 observavi
955 1682 1042 1722 supra

166 1722 224 1754 sub
242 1721 374 1761 Titulo,
400 1722 549 1753 Commun.
572 1725 663 1763 prced.
689 1723 718 1754 ἃ
737 1731 810 1754 ante
833 1723 971 1765 λώβης.
991 1723 1043 1754 Aa

166 1763 266 1796 Earn.
288 1763 331 1794 De
350 1763 427 1804 past.
449 1763 485 1798 &2⁹
500 1763 642 1795 trama&
665 1774 692 1795 c.
716 1773 760 1800 19·

207 1805 307 1836 Mitto
323 1805 394 1838 illa:
419 1805 507 1846 quod
525 1805 607 1843 dixi,
631 1804 793 1846 agnitione
809 1805 909 1837 debiti
927 1805 1008 1837 fasta
1025 1815 1042 1836 a

165 1846 390 1888 patrefamilias
400 1871 409 1886 ,
421 1845 603 1878 confirmari
615 1848 760 1878 debitum
770 1856 885 1878 mutuae
897 1848 1041 1887 pecuniae

164 1887 369 1921 filiofamilias
387 1890 485 1927 datae,
509 1887 552 1919 ita
575 1897 685 1920 verum
703 1888 766 1925 est,
785 1887 807 1920 fi
824 1898 839 1919 a
857 1889 975 1920 sciente
987 1887 1041 1920 fiat

166 1930 389 1971 agnitioznam
407 1929 427 1961 fi
445 1929 619 1971 contigerit
628 1939 736 1961 errore
746 1929 1041 1970 faCti,aitPompo-

168 1973 239 2004 nius
255 1971 274 2002 l.
285 1971 338 2002 ult.
355 1972 381 2003 h.
392 1978 412 2002 t.
428 1971 526 2003 licere
541 1972 707 2012 obligato,
721 1970 749 2003 se
759 1974 837 2002 tueri
849 1972 1044 2012 exceptione

168 2013 200 2044 in
219 2012 338 2044 faCtum
355 2013 374 2044 l.
391 2013 444 2044 ult.
467 2014 513 2045 D.
529 2014 556 2045 h.
575 2019 595 2044 t.
620 2013 735 2044 Adhuc
753 2013 887 2052 addam,
904 2023 973 2045 eam
990 2015 1044 2045 de·

166 2054 226 2086 biti
255 2054 451 2096 agnitionem
476 2055 506 2086 in
534 2054 667 2095 persona
696 2053 889 2087 filiifamilias
915 2057 1042 2086 demum

167 2098 372 2137 procedere,
403 2095 571 2137 postquam
603 2096 648 2128 est
674 2096 900 2137 paterfamilias
932 2096 1043 2128 fastus.

167 2147 241 2170 nam
259 2137 279 2169 fi
298 2138 443 2170 debitum
459 2137 626 2178 agnoscat,
651 2147 723 2169 cum
747 2137 792 2169 est
816 2137 847 2169 in
867 2138 1043 2179 potestate:

168 2178 287 2211 inutilis
315 2180 361 2211 est
383 2179 522 2221 agnitio,
547 2187 669 2210 tantum
696 2179 856 2211 firmatura
880 2187 1044 2219 mutuum,

172 2231 190 2252 a
207 2220 322 2252 Senatu
344 2221 571 2261 improbatum.
597 2220 672 2260 quid
695 2220 716 2251 fi
733 2220 852 2259 solvat,
876 2229 1044 2261 repetetne

169 2262 333 2295 solutum?
358 2262 434 2294 Non
454 2270 544 2303 puto.
568 2262 598 2293 δε
615 2261 659 2293 est
683 2263 781 2294 ratio:
806 2263 877 2302 quia
896 2263 1042 2294 naturalis

171 2303 325 2344 obligatio
347 2312 466 2336 manet.
503 2304 520 2334 l.
540 2313 568 2340 9.
593 2303 622 2345 §.
648 2310 714 2344 pen.
736 2305 831 2346 junci.
850 2303 878 2344 §.
898 2304 951 2335 ult.
971 2304 1007 2339 &²
1025 2304 1044 2334 l.

173 2355 221 2376 11.
240 2347 285 2376 D.
302 2346 330 2376 h.
348 2351 369 2377 t.
394 2354 484 2386 pater
502 2352 606 2376 tamen
626 2352 752 2385 repetet
767 2354 784 2376 a
798 2344 865 2375 filio
884 2355 925 2376 ex
942 2356 974 2377 re
993 2345 1043 2377 sua

174 2386 331 2425 solutum,
356 2395 453 2428 atque
479 2394 512 2418 ut
537 2387 690 2427 Ulpianus
715 2385 757 2417 ait
779 2388 806 2417 d.
824 2386 842 2417 l.
861 2396 888 2423 9.
905 2386 935 2427 §.
956 2396 980 2418 1.
1004 2397 1045 2419 ex

172 2428 260 2458 omni
284 2437 418 2459 eventu:
441 2429 472 2459 id
497 2427 559 2467 est,
589 2427 653 2459 five
677 2427 865 2468 consumpta
890 2427 924 2459 fit
947 2438 1044 2469 pecu-

172 2469 243 2505 nia,
266 2469 328 2500 five
352 2478 451 2502 extet.
496 2469 548 2500 Sic
572 2470 744 2510 Ulpianus,
770 2470 799 2500 ἀ
822 2469 936 2509 allegat
954 2470 1044 2509 Julia-

172 2519 259 2541 num.
283 2509 368 2542 Ideni
387 2520 492 2542 tamen
512 2512 542 2542 in
560 2512 637 2550 l.1‹4.
656 2511 696 2542 D.
706 2513 739 2541 de
754 2512 810 2541 reb.
829 2512 902 2541 cred.
921 2520 989 2551 quae
1001 2510 1046 2542 est

177 2561 219 2582 ex
238 2552 351 2583 eodem
372 2553 451 2583 libro
467 2562 507 2583 ex
525 2561 592 2591 quo
610 2552 654 2583 est
672 2554 698 2583 d.
717 2553 734 2584 l.
751 2563 779 2588 9.
799 2552 829 2583 id
846 2552 995 2592 megan&
1012 2560 1046 2584 ut

177 2593 278 2623 utitur
301 2593 489 2624 auctoritate
506 2593 674 2631 Marcelli,
697 2603 714 2624 a
733 2593 856 2633 Juliano
874 2593 982 2632 paffim
999 2604 1047 2625 re·

175 2632 412 2671 cedentis;non
429 2635 636 2666 inverisimilis
653 2635 696 2666 est
714 2634 866 2666 sententia
878 2633 1048 2675 V.CL.Ja-

176 2674 252 2706 cobi
271 2674 391 2720 Cujacii
406 2676 451 2705 lib.
467 2685 511 2715 14.
530 2676 650 2712 Observ.
666 2687 690 2707 c.
699 2676 882 2717 35.inanem
892 2675 963 2708 fore
972 2686 1048 2717 ope-

176 2725 243 2748 ram
258 2715 610 2755 sperantis,conciliare
627 2728 683 2749 eos
700 2719 753 2757 qui
765 2716 924 2749 conciliari
936 2719 1048 2749 nolint.

217 2757 381 2790 Postremo
405 2759 446 2787 ait
471 2757 620 2792 Senatus:
656 2759 700 2790 Ut
724 2762 829 2795 scirent
850 2761 901 2800 qui
924 2759 1050 2800 peffumo

177 2799 302 2839 exemplo
317 2799 510 2836 foenerarent,
533 2801 641 2831 nullius
654 2801 726 2841 poffe
741 2801 930 2840 filiifamilias
947 2803 1050 2832 bonum

180 2850 282 2872 nomen
297 2839 458 2881 exspestata
470 2842 564 2879 patris
588 2849 674 2872 morte
687 2842 762 2881 fieri.
807 2841 931 2874 Sufficit
956 2843 1051 2884 igitur

179 2881 335 2920 Senatui,
368 2891 384 2911 a
409 2881 605 2925 foeneratore
637 2885 760 2921 peccari
786 2884 937 2924 exemplo
953 2908 961 2923 ,
995 2883 1049 2914 etfi

174 2933 239 2956 non
262 2932 415 2962 peccetur
438 2921 580 2953 consilio.
606 2926 691 2961 quod
715 2926 743 2955 <St
768 2925 840 2956 alibi
865 2925 1050 2957 observatur

178 2966 199 2997 l.
217 2977 244 3007 3.
265 2966 293 3008 ᾗ.
311 2976 338 2997 2.
370 2965 405 2995 D.
431 2966 479 2996 Ad
505 2963 576 3003 Leg.
608 2963 718 2994 Cornel.
743 2967 774 2995 de
798 2964 880 3001 sicar.
900 2966 937 3002 ὅ)
958 2969 975 2997 l.
996 2970 1045 3006 38.

203 3019 255 3047 .5.
280 3009 320 3038 l).
349 3009 390 3038 de·
404 3008 503 3047 poenis.
548 3004 644 3036 Hisce
670 3014 766 3044 porro
790 3009 893 3039 verbis
912 3032 921 3047 ‚
954 3009 1047 3048 Expe-

176 3051 191 3079 ὲ
207 3056 255 3079 aza
277 3050 370 3087 patris
393 3055 498 3085 morte,
522 3056 588 3078 rem
621 3045 759 3077 odiosam
788 3056 825 3076 ac
849 3049 1000 3081 nefariam
1033 3059 1050 3079 a

180 3089 297 3121 Senatu
322 3090 509 3129 significari,
534 3088 599 3129 ipso
626 3096 727 3127 prope
752 3086 828 3117 sono
852 3090 1050 3131 intelligitur.

178 3140 330 3162 convenit
353 3141 468 3172 nempe
490 3129 543 3161 filii
568 3130 645 3163 boni
663 3128 694 3162 &
713 3127 757 3170 pii
781 3127 890 3163 Officio
913 3130 975 3166 hoc
999 3131 1051 3172 Ju-

181 3172 304 3206 venalis
320 3173 382 3204 Sat.
397 3183 428 3214 3.
443 3177 519 3212 vers.
534 3181 585 3214 43.

1073 67 1268 95 oon’r
1325 59 1541 96 Coun.

1247 166 1259 174 -
1300 167 1312 174 -
1334 149 1438 181 Funus
1448 149 1612 190 promittere
1622 151 1720 192 patris

1128 189 1196 221 Nec
1210 190 1274 222 volo
1292 201 1343 222 nee
1353 191 1475 232 poffum.

1084 229 1139 261 De
1155 231 1253 271 impio
1268 241 1382 265 contra
1399 233 1535 264 Ovidius
1556 232 1604 266 lib,
1624 242 1652 265 1.
1671 233 1863 276 Metamorpb.
1877 227 1965 276 veryl‘
1995 251 1998 255 ·

1088 275 1156 311 148.
1181 273 1301 305 scribit:

1128 330 1140 336 -
1185 331 1195 337 -
1219 315 1301 346 Ante
1319 317 1393 347 diem
1410 316 1522 357 patrios
1539 316 1664 358 inquirit
1681 317 1712 347 in
1728 325 1829 348 annos.

1085 354 1177 400 Aiter
1201 355 1296 396 igitur
1322 366 1415 399 optat
1442 360 1536 388 vitam
1563 359 1681 398 patris,
1706 358 1786 389 alter
1806 357 1953 397 expecta:

1085 404 1152 435 ejus
1177 405 1321 430 mortem.
1370 398 1497 431 Demea
1519 398 1561 429 fic
1588 400 1671 439 apud
1695 398 1888 430 Terentium
1909 401 1952 431 A·

1084 437 1175 476 aelph.
1191 447 1219 477 5.
1234 448 1262 476 4.
1279 450 1327 472 20.
1364 440 1452 472 Illum
1468 447 1501 471 ut
1516 443 1602 472 vivat
1620 446 1730 481 optant.
1754 449 1845 471 meam
1859 446 1953 473 autem

1084 480 1393 524 moriere-exspeftam
1418 482 1538 523 seilicet.
1587 481 1713 514 Eodem
1745 481 1855 513 alludit
1889 481 1955 514 hoe

1084 518 1295 560 Quintiliani,
1320 523 1369 553 lib.
1387 533 1416 559 9.
1440 523 1510 562 Inft.
1536 523 1619 555 Orat.
1644 534 1669 556 c.
1686 534 1715 565 3.
1740 521 1952 562 α’ντοινοέκλιισις,

1083 562 1208 606 ejusdem
1233 564 1316 593 verbi
1341 568 1488 596 contraria
1498 563 1685 606 fignificaiio.
1731 565 1805 595 Cum
1821 565 1954 596 Procule-

1076 611 1130 642 με
1149 609 1317 642 quereretur
1338 607 1371 634 de
1380 605 1445 645 filio
1457 630 1467 645 ,
1489 609 1563 653 qaod
1580 610 1605 638 is
1623 614 1741 638 mortem
1755 608 1843 645 suam
1857 609 1957 646 exspe-r
1992 630 1994 632 v

1083 642 1193 690 ξίανεξ,
1217 642 1254 677 &³
1279 645 1325 676 ille
1341 645 1475 686 clixzffez,
1492 650 1525 689 se
1541 658 1607 679 vero
1624 659 1681 679 non
1697 647 1854 689 expestare.
1876 648 1930 678 imo
1939 671 1957 687 ,.

1082 691 1179 730 inquit
1196 707 1205 721 ,
1237 695 1302 727 rogo
1327 689 1461 725 expectes.
1504 689 1632 721 Possent
1655 691 1723 721 haec
1746 688 1888 720 sufficere
1912 690 1954 721 ad

1083 725 1281 758 intelleCkum
1305 729 1403 760 verbi.
1437 731 1547 762 addam
1573 740 1676 763 tamen
1703 731 1768 762 hoc
1790 730 1874 762 Livii
1903 730 1951 762 lib.

1083 772 1131 800 28.
1156 777 1180 815 ε..
1197 777 1247 807 27.
1293 769 1329 800 ln
1353 770 1451 810 castris
1476 781 1510 801 en
1535 774 1602 803 meis
1624 775 1788 815 (quantum
1804 781 1847 803 me
1862 773 1953 813 opinio

1073 808 1207 849 fefellit)
1221 809 1310 849 fama
1332 814 1428 843 mortis
1453 822 1518 843 meae
1543 823 1600 844 non
1628 821 1742 854 accepta
1757 815 1853 854 selum
1868 837 1877 852 ‚
1906 813 1953 852 led

1084 856 1170 880 eriam
1193 851 1354 890 exspeblata
1377 851 1425 894 esti.
1449 895 1453 898 -
1485 855 1628 894 Apparet
1658 856 1773 897 igitur,
1804 856 1955 887 Senatum

1084 891 1148 921 hoc
1173 900 1267 932 agere
1285 916 1294 932 ‚
1329 903 1369 924 ne
1401 894 1593 927 filiifamilias
1620 907 1738 929 nornen
1764 897 1852 937 quod
1879 898 1952 927 vivo

1084 940 1173 971 patre
1199 941 1267 964 erat
1289 935 1425 975 malum,
1450 938 1648 978 exspectata,
1673 939 1736 970 five
1761 937 1953 977 desiderata,

1085 972 1271 1020 quaelitave,
1298 977 1362 1016 ejus
1387 987 1493 1009 morte
1515 977 1569 1010 fiat
1587 980 1733 1012 bonum?
1758 978 1900 1020 Longius
1921 979 1954 1010 id

1085 1014 1180 1060 trahit
1198 1014 1384 1064 justinianus
1412 1019 1440 1060 ὃ.
1461 1029 1487 1059 7.
1507 1018 1580 1060 Inst.
1605 1021 1691 1065 Quod
1712 1031 1778 1052 cum
1804 1030 1831 1051 eo
1851 1022 1903 1062 qui
1922 1021 1955 1051 in

1085 1055 1289 1103 alierz.poie1lc.
1321 1058 1340 1089 fi
1365 1059 1582 1092 filiusfamilias
1607 1063 1865 1102 emancipatione
1899 1060 1953 1093 fiat

1084 1096 1126 1127 sui
1141 1107 1238 1144 Jur183
1261 1107 1359 1139 puto,
1383 1101 1533 1133 suadente
1557 1103 1692 1134 utilitate
1717 1114 1757 1135 ex
1773 1112 1881 1135 mente
1900 1103 1954 1134 Se-

1085 1147 1196 1186 natus,
1219 1140 1295 1171 licet
1313 1143 1409 1173 verba
1427 1142 1587 1175 deficiant.
1630 1144 1780 1176 Similiter
1802 1144 1955 1183 Ulpianus

1085 1180 1102 1209 l.
1120 1190 1148 1218 7.
1174 1181 1201 1222 §-
1218 1191 1245 1219 4.
1269 1181 1311 1215 D.
1334 1183 1360 1213 h.
1383 1190 1404 1215 t.
1448 1184 1498 1223 Si,
1523 1186 1642 1226 inquit,
1666 1185 1746 1217 filius
1771 1186 1802 1217 in
1827 1186 1956 1218 alterius

1084 1230 1151 1265 era-t
1170 1222 1346 1262 potestate,
1369 1235 1441 1257 cum
1462 1235 1569 1257 mutua
1595 1229 1739 1266 daretur,
1764 1236 1849 1259 nunc
1865 1226 1898 1258 in
1913 1227 1956 1259 al·
1993 1236 1996 1240 ⁴

1084 1270 1198 1308 terius,
1223 1274 1311 1296 mens
1335 1266 1604 1299 Senatusconsulti
1623 1278 1686 1299 non
1705 1268 1809 1300 cess'at.
1832 1269 1956 1300 dabitur

1083 1311 1190 1344 itaque
1220 1307 1383 1346 exceptio.
1439 1309 1595 1340 Praeterea
1620 1309 1740 1349 subjicit
1766 1309 1796 1341 in
1820 1309 1848 1351 §.
1874 1321 1905 1351 5.
1932 1308 1956 1341 fi

1081 1354 1147 1376 non
1174 1355 1259 1391 mors
1278 1370 1288 1386 ,
1320 1347 1371 1393 sed
1394 1349 1452 1380 alia
1480 1350 1569 1381 causa
1594 1351 1659 1390 ejus
1683 1351 1762 1391 patri
1786 1350 1954 1388 inciderit,

1082 1395 1147 1426 quo
1176 1397 1277 1420 minus
1300 1388 1336 1420 fit
1358 1400 1387 1421 in
1412 1390 1542 1422 civitate
1559 1414 1567 1430 ,
1598 1391 1881 1423 Senatusconfulto
1909 1392 1956 1422 lo-

1082 1437 1155 1459 cum
1174 1427 1256 1461 fore.

1082 1468 1215 1501 familias
1239 1481 1301 1502 non
1329 1473 1481 1504 concedit
1505 1473 1579 1505 ideo
1597 1497 1606 1512 ,
1638 1476 1726 1514 quod
1751 1484 1822 1505 eum
1839 1497 1848 1512 ,
1879 1483 1954 1505 cum

1082 1512 1290 1556 convenitur,
1306 1512 1540 1546 filiumfamilias
1557 1514 1848 1555 deprehendit2sed
1865 1515 1954 1554 quod

1083 1563 1130 1590 ei,
1154 1562 1227 1584 cum
1244 1553 1320 1584 esset
1341 1553 1579 1594 filiusfamilias,
1602 1563 1710 1587 mutua
1734 1556 1866 1595 pecunia
1883 1556 1956 1586 data

1084 1593 1152 1633 est,
1177 1595 1273 1634 idque
1296 1604 1433 1633 nomen,
1467 1597 1555 1636 quod
1577 1599 1622 1627 eit
1646 1597 1782 1634 malum,
1805 1597 1955 1636 quamdiu

1085 1636 1129 1666 est
1155 1645 1184 1666 in
1201 1635 1357 1676 potestate
1381 1638 1496 1677 patris,
1518 1639 1742 1678 qualicumque
1767 1638 1867 1669 modo
1896 1636 1954 1669 sol-

1086 1677 1199 1721 vendae
1222 1678 1331 1718 patriae
1354 1678 1520 1718 potestatis
1544 1680 1696 1720 deinceps
1723 1679 1840 1711 bonum
1865 1677 1957 1719 fieri,

1085 1718 1212 1759 publice
1228 1729 1290 1750 non
1309 1720 1450 1760 expedit.
1676 1742 1687 1752 .

1125 1758 1202 1806 Non
1234 1760 1309 1792 mihi
1335 1763 1516 1802 permitt03
1546 1771 1586 1794 ne
1611 1770 1721 1803 putem
1737 1786 1746 1801 ,
1778 1762 1817 1794 ab
1841 1763 1954 1795 eadem

1085 1802 1157 1832 duci
1183 1801 1292 1841 causa,
1316 1805 1401 1842 quod
1427 1805 1456 1834 in
1486 1804 1504 1834 l.
1524 1813 1569 1836 11.
1595 1804 1635 1835 D.
1653 1805 1680 1835 h.
1698 1811 1718 1835 t.
1743 1804 1876 1841 dicitur,
1900 1812 1956 1835 ex·

1083 1842 1267 1883 cepti'onem
1293 1844 1383 1884 hujus
1416 1844 1684 1877 Senatusconfulti
1703 1869 1712 1884 ‚
1744 1845 1764 1877 fi
1789 1844 1897 1876 omissa
1919 1843 1957 1875 fit

1084 1893 1158 1915 ante
1180 1884 1388 1924 sententiam,
1411 1887 1516 1918 adhuc
1541 1887 1612 1928 post
1635 1897 1703 1919 eam
1726 1886 1756 1918 in
1780 1887 1843 1928 ipsa
1867 1885 1956 1927 poffe

1085 1927 1279 1958 executione
1295 1928 1427 1968 opponi.
1445 1929 1476 1960 id
1493 1929 1643 1960 recedere
1661 1928 1699 1958 ab
1717 1927 1769 1959 usu
1787 1935 1955 1968 perpetua-

1086 1977 1154 1999 rum
1172 1970 1418 2009 exceptionum,
1443 1970 1556 2010 quibus
1581 1969 1731 2010 exceptio
1755 1969 1843 2009 huJ'us
1861 1969 1954 2000 Sena·

1088 2009 1287 2041 tusconl'ulti·
1303 2020 1527 2042 annumeratur
1551 2012 1569 2042 l.
1586 2021 1614 2048 9.
1641 2011 1668 2053 §.
1686 2020 1715 2049 4.
1737 2010 1774 2042 D.
1792 2013 1818 2041 h.
1842 2015 1863 2041 t.
1889 2018 1956 2041 non

1089 2051 1251 2091 est,quocl
1271 2062 1422 2094 negemus
1439 2053 1457 2083 l.
1478 2062 1506 2084 2.
1524 2052 1556 2084 C.
1577 2055 1656 2084 Sem.
1677 2052 1795 2086 rescind.
1815 2061 1871 2082 nrm
1884 2049 1955 2091 poffi

1089 2092 1220 2124 Interim
1238 2095 1348 2124 nititur
1364 2093 1430 2125 hoc
1444 2095 1566 2134 optima
1582 2095 1705 2125 ratione
1719 2094 1812 2135 Juris‚
1823 2092 1842 2123 si
1860 2101 1959 2132 quau·

1088 2135 1130 2165 do
1154 2143 1227 2171 cum
1259 2133 1459 2166 filiofamilias
1485 2136 1596 2176 agitur.
1634 2145 1705 2166 nam
1732 2133 1957 2175 paterfamilias

1087 2175 1207 2214 faetus,
1231 2176 1251 2207 sl
1277 2177 1358 2207 nolit
1382 2177 1425 2207 uti
1448 2175 1717 2208 Senatusconsulti
1744 2175 1957 2215 exceptione,

1089 2227 1124 2247 ea
1142 2218 1186 2248 uti
1205 2226 1269 2248 non
1287 2217 1432 2258 cogitur3
1455 2217 1517 2249 five
1542 2221 1570 2249 ei
1589 2218 1688 2258 palam
1716 2217 1901 2254 renunciet,
1923 2214 1959 2246 fi-

1087 2268 1127 2289 ve
1151 2259 1259 2290 tacite.
1283 2267 1314 2289 at
1338 2258 1555 2291 filiusfamilias
1581 2257 1696 2298 iudicio
1712 2266 1912 2295 conventus,
1935 2254 1959 2287 fi

1087 2301 1218 2331 omittat
1233 2300 1501 2332 Senatusconsulti
1518 2301 1743 2340 exceptionem
1756 2323 1766 2338 ‚
1788 2298 1850 2331 five
1868 2299 1959 2339 spon-

1087 2349 1119 2372 te
1135 2365 1143 2379 ,
1167 2341 1230 2373 five
1248 2351 1305 2382 per
1327 2351 1487 2380 errorem,
1513 2342 1544 2373 <St
1566 2342 1796 2373 condemnatus
1821 2349 1886 2371 non
1905 2347 1958 2379 ap-

1087 2384 1205 2424 pellet3
1229 2393 1293 2415 non
1311 2383 1517 2424 prohibetur,
1541 2393 1609 2415 eam
1632 2383 1682 2413 vel
1708 2385 1738 2413 in
1763 2382 1958 2412 executione

1088 2435 1274 2465 opponere:
1298 2425 1431 2456 nolente
1447 2424 1588 2462 ratione,
1612 2422 1845 2455 filiumfamilias
1864 2421 1957 2461 pasto

1090 2466 1236 2506 express'o
1264 2474 1318 2497 aut
1342 2467 1441 2497 tacito
1466 2466 1595 2497 eludere
1620 2465 1837 2496 auctoritatem
1860 2463 1961 2494 Sena-

1089 2508 1297 2546 tusconlulti,
1322 2517 1386 2539 non
1411 2509 1441 2538 in
1467 2508 1625 2538 honorem
1644 2507 1708 2546 ejus
1724 2505 1818 2544 fasti,
1841 2504 1893 2535 sed
1919 2503 1960 2535 ad

1089 2550 1287 2581 securitatem
1313 2552 1427 2589 patris,
1453 2548 1482 2579 &
1506 2549 1536 2580 in
1568 2556 1694 2588 poenam
1711 2545 1959 2578 foeneratorum:

1090 2600 1183 2631 quam
1210 2590 1345 2630 proinde
1368 2590 1508 2629 pendere
1539 2589 1578 2619 ab
1607 2588 1737 2619 arbitrio
1771 2585 1960 2632 filiifamilias

1090 2631 1239 2663 luxurioli
1255 2632 1284 2663 ἅ
1302 2631 1425 2671 prodigi
1444 2640 1507 2661 non
1525 2638 1674 2670 oportet:
1700 2638 1771 2660 cum
1789 2629 1959 2670 praesertim

1093 2674 1146 2705 ille
1166 2682 1229 2704 tam
1248 2674 1343 2704 facile
1365 2671 1400 2703 fit
1418 2671 1687 2704 Senatusconsulti
1713 2671 1960 2710 exceptionem,

1093 2724 1186 2753 quarn
1214 2715 1279 2753 ejus
1305 2712 1576 2753 prohibitionem,
1599 2713 1809 2754 neglecturus.
1833 2713 1874 2741 ita
1891 2708 1961 2740 infit

1094 2755 1247 2796 Ulpianus
1266 2755 1420 2795 Julianum
1441 2754 1577 2785 scribere
1600 2756 1630 2785 in
1652 2753 1716 2794 ipfo
1741 2751 1962 2788 filiofamilias,

1094 2797 1243 2837 exemplo
1265 2796 1403 2828 mulieris
1429 2795 1667 2827 intercedentis.
1701 2795 1729 2826 ὅ(
1754 2794 1856 2826 recte:
1891 2800 1962 2836 nam

1093 2837 1374 2871 Senatusconsulto
1386 2837 1550 2876 Vellcjano
1560 2837 1737 2875 improbata
1746 2836 1910 2875 vetitaque
1918 2832 1963 2864 illl

1094 2881 1236 2912 similiter
1253 2880 1339 2910 omni
1357 2879 1455 2910 modo
1473 2879 1694 2910 intercesfione
1713 2887 1770 2918 pro
1779 2875 1963 2915 aliis,ideo·

1094 2931 1156 2962 que
1177 2921 1259 2953 nulla
1276 2921 1341 2959 ejus
1359 2920 1617 2957 renunciatione,
1636 2919 1657 2951 fi
1673 2928 1743 2959 quae
1760 2918 1842 2963 facta
1856 2915 1892 2962 {it
1911 2914 1964 2945 ad·

1093 2964 1197 2995 versus
1208 2963 1404 2993 voluntatem
1414 2961 1555 2993 Senatus:
1567 2970 1658 3000 aeque
1667 2959 1790 2991 rationis
1801 2958 1855 2995 est,
1866 2956 1963 2993 illam,

1095 3004 1116 3036 si
1133 3014 1194 3037 non
1213 3003 1357 3044 opposita
1383 3002 1653 3035 Senatusconsulti
1679 3001 1871 3042 exceptione
1886 3004 1965 3026 cou-

1097 3048 1244 3078 demnata
1261 3045 1318 3085 fit3
1343 3044 1402 3075 hac
1417 3045 1448 3076 in
1465 3045 1659 3076 executione
1676 3042 1778 3074 adhuc
1795 3047 1856 3069 uti:
1879 3044 1963 3082 nela-

1096 3088 1220 3128 lioquin
1245 3087 1288 3118 illi
1315 3085 1369 3117 fiat
1391 3087 1457 3126 Jus‚
1481 3087 1533 3118 vel
1557 3085 1599 3117 fic
1617 3085 1713 3116 tacite
1736 3082 1965 3127 circumvenire

1097 3137 1239 3161 mentem
1257 3128 1532 3166 Senatus,c0ntra
1549 3127 1637 3167 quus
1655 3123 1749 3155 verba
1766 3119 1966 3152 intercedere

1098 3172 1202 3211 Palam
1215 3169 1392 3213 pleuiffime
1401 3166 1779 3212 prohibeturautinloco
1788 3159 1965 3241 3ἷῆαὲεὲῑὲ

1303 1429 1460 1462 Nimirum
1480 1433 1613 1464 Senatus
1631 1434 1856 1474 exceptionem
1875 1432 1956 1464 filio·
2009 1440 2010 1443 ’
