<?xml version="1.0" encoding="UTF-8"?>
<!DOCTYPE html PUBLIC "-//W3C//DTD XHTML 1.0 Transitional//EN"
    "http://www.w3.org/TR/xhtml1/DTD/xhtml1-transitional.dtd">
<html xmlns="http://www.w3.org/1999/xhtml" xml:lang="en" lang="en">
 <head>
  <title>
</title>
<meta http-equiv="Content-Type" content="text/html;charset=utf-8" />
  <meta name='ocr-system' content='tesseract 3.04.00' />
  <meta name='ocr-capabilities' content='ocr_page ocr_carea ocr_par ocr_line ocrx_word'/>
</head>
<body>
  <div class='ocr_page' id='page_1' title='image "./gerardinoodtnovi00nood_0293.png"; bbox 0 0 2036 3495; ppageno 0'>
   <div class='ocr_carea' id='block_1_1' title="bbox 1776 130 1844 174">
    <p class='ocr_par' dir='ltr' id='par_1_1' title="bbox 1776 130 1844 174">
     <span class='ocr_line' id='line_1_1' title="bbox 1776 130 1844 174; baseline 0.015 -12"><span class='ocrx_word' id='word_1_1' title='bbox 1776 130 1844 174; x_wconf 68' lang='lat'>265</span> 
     </span>
    </p>
   </div>
   <div class='ocr_carea' id='block_1_2' title="bbox 195 221 1700 322">
    <p class='ocr_par' dir='ltr' id='par_1_2' title="bbox 195 221 1700 322">
     <span class='ocr_line' id='line_1_2' title="bbox 195 221 1700 322; baseline -0.008 0"><span class='ocrx_word' id='word_1_2' title='bbox 195 221 1700 322; x_wconf 74' lang='lat' dir='ltr'>GERARnlzNooDT.</span> 
     </span>
    </p>
   </div>
   <div class='ocr_carea' id='block_1_3' title="bbox 58 465 529 611">
    <p class='ocr_par' dir='ltr' id='par_1_3' title="bbox 58 413 529 611">
     <span class='ocr_line' id='line_1_3' title="bbox 58 465 529 611; baseline -0.03 0"><span class='ocrx_word' id='word_1_3' title='bbox 58 465 529 611; x_wconf 79' lang='lat' dir='ltr'>OBSE</span> 
     </span>
    </p>
   </div>
   <div class='ocr_carea' id='block_1_4' title="bbox 565 368 1332 438">
    <p class='ocr_par' dir='ltr' id='par_1_4' title="bbox 565 368 1332 438">
     <span class='ocr_line' id='line_1_4' title="bbox 565 368 1332 438; baseline 0.001 -19"><span class='ocrx_word' id='word_1_4' title='bbox 565 368 870 438; x_wconf 83' lang='lat' dir='ltr'>Jurisconsulti</span> <span class='ocrx_word' id='word_1_5' title='bbox 909 370 957 420; x_wconf 84' lang='lat'>&amp;</span> <span class='ocrx_word' id='word_1_6' title='bbox 995 369 1332 431; x_wconf 82' lang='lat' dir='ltr'>Antecefforis,</span> 
     </span>
    </p>
   </div>
   <div class='ocr_carea' id='block_1_5' title="bbox 569 490 1845 600">
    <p class='ocr_par' dir='ltr' id='par_1_5' title="bbox 569 490 1845 600">
     <span class='ocr_line' id='line_1_5' title="bbox 569 490 1845 600; baseline 0.002 -3"><span class='ocrx_word' id='word_1_7' title='bbox 569 490 1845 600; x_wconf 74' lang='lat' dir='ltr'><strong>RVATIONUM</strong></span> 
     </span>
    </p>
   </div>
   <div class='ocr_carea' id='block_1_6' title="bbox 337 665 1561 729">
    <p class='ocr_par' dir='ltr' id='par_1_6' title="bbox 337 665 1561 729">
     <span class='ocr_line' id='line_1_6' title="bbox 337 665 1561 729; baseline -0.004 -1"><span class='ocrx_word' id='word_1_8' title='bbox 337 667 739 729; x_wconf 87' lang='lat' dir='ltr'>LIBER</span> <span class='ocrx_word' id='word_1_9' title='bbox 833 665 1561 729; x_wconf 88' lang='lat' dir='ltr'><strong>SECUNDUS.</strong></span> 
     </span>
    </p>
   </div>
   <div class='ocr_carea' id='block_1_7' title="bbox 807 808 1101 844">
    <p class='ocr_par' dir='ltr' id='par_1_7' title="bbox 807 808 1101 844">
     <span class='ocr_line' id='line_1_7' title="bbox 807 808 1101 844; baseline 0 -2"><span class='ocrx_word' id='word_1_10' title='bbox 807 808 1025 844; x_wconf 70' lang='lat' dir='ltr'><strong>CAPUT</strong></span> <span class='ocrx_word' id='word_1_11' title='bbox 1076 809 1101 842; x_wconf 92' lang='lat' dir='ltr'><strong>I.</strong></span> 
     </span>
    </p>
   </div>
   <div class='ocr_carea' id='block_1_8' title="bbox 134 905 1835 1004">
    <p class='ocr_par' dir='ltr' id='par_1_8' title="bbox 134 905 1835 1004">
     <span class='ocr_line' id='line_1_8' title="bbox 134 905 1780 956; baseline -0.002 -8"><span class='ocrx_word' id='word_1_12' title='bbox 134 911 354 953; x_wconf 75' lang='lat' dir='ltr'>Mandatum,</span> <span class='ocrx_word' id='word_1_13' title='bbox 390 908 530 955; x_wconf 63' lang='lat' dir='ltr'>quamvis</span> <span class='ocrx_word' id='word_1_14' title='bbox 555 907 739 942; x_wconf 76' lang='lat' dir='ltr'>nominatim</span> <span class='ocrx_word' id='word_1_15' title='bbox 764 905 944 952; x_wconf 77' lang='lat' dir='ltr'>conferatur</span> <span class='ocrx_word' id='word_1_16' title='bbox 966 905 1033 953; x_wconf 73' lang='lat' dir='ltr'>pcfi</span> <span class='ocrx_word' id='word_1_17' title='bbox 1060 905 1251 941; x_wconf 78' lang='lat' dir='ltr'>mandatoris</span> <span class='ocrx_word' id='word_1_18' title='bbox 1275 915 1401 944; x_wconf 70' lang='lat' dir='ltr'>mortem</span> <span class='ocrx_word' id='word_1_19' title='bbox 1420 936 1429 952; x_wconf 93' lang='lat'>,</span> <span class='ocrx_word' id='word_1_20' title='bbox 1464 917 1566 945; x_wconf 78' lang='lat' dir='ltr'>tamen</span> <span class='ocrx_word' id='word_1_21' title='bbox 1596 911 1661 956; x_wconf 80' lang='lat' dir='ltr'>ejus</span> <span class='ocrx_word' id='word_1_22' title='bbox 1685 907 1780 945; x_wconf 69' lang='lat' dir='ltr'>morte</span> 
     </span>
     <span class='ocr_line' id='line_1_9' title="bbox 510 955 1835 1004; baseline 0.002 -13"><span class='ocrx_word' id='word_1_23' title='bbox 510 955 680 1004; x_wconf 74' lang='lat' dir='ltr'>fhczindum</span> <span class='ocrx_word' id='word_1_24' title='bbox 706 957 829 1003; x_wconf 78' lang='lat' dir='ltr'>regulas</span> <span class='ocrx_word' id='word_1_25' title='bbox 858 957 952 1002; x_wconf 79' lang='lat' dir='ltr'>Juris</span> <span class='ocrx_word' id='word_1_26' title='bbox 970 955 1042 1001; x_wconf 79' lang='lat' dir='ltr'>fine</span> <span class='ocrx_word' id='word_1_27' title='bbox 1066 955 1256 1002; x_wconf 65' lang='lat' dir='ltr'>dzjstinfflone</span> <span class='ocrx_word' id='word_1_28' title='bbox 1274 956 1378 1002; x_wconf 81' lang='lat' dir='ltr'>finiri.</span> <span class='ocrx_word' id='word_1_29' title='bbox 1829 961 1835 964; x_wconf 84' lang='grc'><strong><em>’</em></strong></span> 
     </span>
    </p>
   </div>
   <div class='ocr_carea' id='block_1_9' title="bbox 81 1051 88 1071">
    <p class='ocr_par' dir='ltr' id='par_1_9' title="bbox 81 1051 88 1071">
     <span class='ocr_line' id='line_1_10' title="bbox 81 1051 88 1071; baseline 0 0"><span class='ocrx_word' id='word_1_30' title='bbox 81 1051 88 1071; x_wconf 84' lang='lat' dir='ltr'>l</span> 
     </span>
    </p>
   </div>
   <div class='ocr_carea' id='block_1_10' title="bbox 68 1053 80 1148">
    <p class='ocr_par' dir='ltr' id='par_1_10' title="bbox 68 1053 80 1148">
     <span class='ocr_line' id='line_1_11' title="bbox 73 1053 80 1061; baseline 0 -2"><span class='ocrx_word' id='word_1_31' title='bbox 73 1053 80 1061; x_wconf 60' lang='lat'><strong>⁴</strong></span> 
     </span>
     <span class='ocr_line' id='line_1_12' title="bbox 68 1137 75 1148; baseline 0 0"><span class='ocrx_word' id='word_1_32' title='bbox 68 1137 75 1148; x_wconf 82' lang='grc' dir='ltr'>ι</span> 
     </span>
    </p>
   </div>
   <div class='ocr_carea' id='block_1_11' title="bbox 64 1061 102 1076">
    <p class='ocr_par' dir='ltr' id='par_1_11' title="bbox 64 1061 102 1076">
     <span class='ocr_line' id='line_1_13' title="bbox 64 1061 82 1076; textangle 90"><span class='ocrx_word' id='word_1_33' title='bbox 64 1061 82 1076; x_wconf 70' lang='lat'>5¹</span> 
     </span>
     <span class='ocr_line' id='line_1_14' title="bbox 89 1066 102 1076; textangle 90"><span class='ocrx_word' id='word_1_34' title='bbox 89 1066 102 1076; x_wconf 58' lang='lat' dir='ltr'>x</span> 
     </span>
    </p>
   </div>
   <div class='ocr_carea' id='block_1_12' title="bbox 90 1076 100 1091">
    <p class='ocr_par' dir='ltr' id='par_1_12' title="bbox 90 1076 100 1091">
     <span class='ocr_line' id='line_1_15' title="bbox 90 1076 100 1091; textangle 90"><span class='ocrx_word' id='word_1_35' title='bbox 90 1076 100 1091; x_wconf 70' lang='grc' dir='ltr'>Α</span> 
     </span>
    </p>
   </div>
   <div class='ocr_carea' id='block_1_13' title="bbox 60 1041 946 3228">
    <p class='ocr_par' dir='ltr' id='par_1_13' title="bbox 107 1041 930 1169">
     <span class='ocr_line' id='line_1_16' title="bbox 107 1041 930 1091; baseline -0.005 -11"><span class='ocrx_word' id='word_1_36' title='bbox 107 1050 275 1091; x_wconf 49' lang='grc' dir='ltr'>δζξξξοῃ</span> <span class='ocrx_word' id='word_1_37' title='bbox 294 1047 423 1088; x_wconf 88' lang='lat' dir='ltr'>perdam</span> <span class='ocrx_word' id='word_1_38' title='bbox 444 1046 551 1077; x_wconf 88' lang='lat' dir='ltr'>oleum</span> <span class='ocrx_word' id='word_1_39' title='bbox 568 1045 597 1077; x_wconf 69' lang='grc' dir='ltr'>ὅ(</span> <span class='ocrx_word' id='word_1_40' title='bbox 615 1054 745 1085; x_wconf 87' lang='lat' dir='ltr'>operam</span> <span class='ocrx_word' id='word_1_41' title='bbox 758 1041 930 1084; x_wconf 78' lang='lat' dir='ltr'>inquisitio-</span> 
     </span>
     <span class='ocr_line' id='line_1_17' title="bbox 130 1087 929 1144; baseline -0.008 -22"><span class='ocrx_word' id='word_1_42' title='bbox 130 1109 164 1144; x_wconf 83' lang='lat' dir='ltr'>N</span> <span class='ocrx_word' id='word_1_43' title='bbox 196 1091 231 1129; x_wconf 53' lang='grc' dir='ltr'>ἐκ</span> <span class='ocrx_word' id='word_1_44' title='bbox 258 1099 297 1121; x_wconf 87' lang='lat' dir='ltr'>ne</span> <span class='ocrx_word' id='word_1_45' title='bbox 315 1091 408 1129; x_wconf 86' lang='lat' dir='ltr'>paulo</span> <span class='ocrx_word' id='word_1_46' title='bbox 427 1088 630 1128; x_wconf 74' lang='lat' dir='ltr'>diligentiore</span> <span class='ocrx_word' id='word_1_47' title='bbox 646 1088 678 1118; x_wconf 89' lang='lat' dir='ltr'>in</span> <span class='ocrx_word' id='word_1_48' title='bbox 694 1088 850 1118; x_wconf 79' lang='lat' dir='ltr'>rationem</span> <span class='ocrx_word' id='word_1_49' title='bbox 869 1087 929 1116; x_wconf 87' lang='lat' dir='ltr'>tol-</span> 
     </span>
     <span class='ocr_line' id='line_1_18' title="bbox 198 1127 929 1169; baseline -0.005 -6"><span class='ocrx_word' id='word_1_50' title='bbox 198 1137 233 1167; x_wconf 36' lang='lat' dir='ltr'>a&amp;</span> <span class='ocrx_word' id='word_1_51' title='bbox 260 1131 360 1163; x_wconf 85' lang='lat' dir='ltr'>lendae</span> <span class='ocrx_word' id='word_1_52' title='bbox 385 1130 447 1161; x_wconf 89' lang='lat' dir='ltr'>litis</span> <span class='ocrx_word' id='word_1_53' title='bbox 474 1138 545 1167; x_wconf 85' lang='lat' dir='ltr'>quae</span> <span class='ocrx_word' id='word_1_54' title='bbox 564 1127 703 1167; x_wconf 83' lang='lat' dir='ltr'>Ulpiano</span> <span class='ocrx_word' id='word_1_55' title='bbox 718 1127 736 1158; x_wconf 85' lang='lat' dir='ltr'>l.</span> <span class='ocrx_word' id='word_1_56' title='bbox 762 1136 808 1159; x_wconf 81' lang='lat'>12.</span> <span class='ocrx_word' id='word_1_57' title='bbox 826 1128 854 1169; x_wconf 84' lang='lat'><strong>§.</strong></span> <span class='ocrx_word' id='word_1_58' title='bbox 874 1129 929 1159; x_wconf 64' lang='lat' dir='ltr'>wilt.</span> 
     </span>
    </p>

    <p class='ocr_par' dir='ltr' id='par_1_14' title="bbox 60 1168 946 3228">
     <span class='ocr_line' id='line_1_19' title="bbox 114 1168 926 1214; baseline -0.005 -11"><span class='ocrx_word' id='word_1_59' title='bbox 114 1174 146 1195; x_wconf 59' lang='lat'>“5-</span> <span class='ocrx_word' id='word_1_60' title='bbox 195 1174 235 1214; x_wconf 52' lang='lat'>3⁷23</span> <span class='ocrx_word' id='word_1_61' title='bbox 257 1171 299 1203; x_wconf 92' lang='lat' dir='ltr'>D.</span> <span class='ocrx_word' id='word_1_62' title='bbox 320 1171 460 1202; x_wconf 68' lang='lat' dir='ltr'>Mundam·</span> <span class='ocrx_word' id='word_1_63' title='bbox 475 1170 520 1201; x_wconf 85' lang='lat' dir='ltr'>vel</span> <span class='ocrx_word' id='word_1_64' title='bbox 536 1176 653 1207; x_wconf 77' lang='lat' dir='ltr'>contra,</span> <span class='ocrx_word' id='word_1_65' title='bbox 677 1168 762 1209; x_wconf 78' lang='lat' dir='ltr'>Gajo</span> <span class='ocrx_word' id='word_1_66' title='bbox 779 1170 798 1201; x_wconf 73' lang='lat' dir='ltr'>l.</span> <span class='ocrx_word' id='word_1_67' title='bbox 824 1179 868 1210; x_wconf 79' lang='lat'>¹3-</span> <span class='ocrx_word' id='word_1_68' title='bbox 886 1170 926 1200; x_wconf 81' lang='lat' dir='ltr'><strong>D.</strong></span> 
     </span>
     <span class='ocr_line' id='line_1_20' title="bbox 258 1210 932 1251; baseline -0.004 -8"><span class='ocrx_word' id='word_1_69' title='bbox 258 1214 318 1243; x_wconf 83' lang='lat' dir='ltr'>eod.</span> <span class='ocrx_word' id='word_1_70' title='bbox 347 1214 392 1244; x_wconf 77' lang='lat' dir='ltr'>tit.</span> <span class='ocrx_word' id='word_1_71' title='bbox 420 1212 449 1243; x_wconf 66' lang='grc' dir='ltr'>ἃ</span> <span class='ocrx_word' id='word_1_72' title='bbox 475 1211 599 1251; x_wconf 79' lang='lat' dir='ltr'>juliano</span> <span class='ocrx_word' id='word_1_73' title='bbox 624 1211 644 1242; x_wconf 77' lang='lat' dir='ltr'>l.</span> <span class='ocrx_word' id='word_1_74' title='bbox 673 1216 719 1245; x_wconf 82' lang='lat'><strong>18.</strong></span> <span class='ocrx_word' id='word_1_75' title='bbox 743 1210 771 1251; x_wconf 55' lang='grc' dir='ltr'>ὃ.</span> <span class='ocrx_word' id='word_1_76' title='bbox 791 1220 820 1240; x_wconf 85' lang='lat'><strong>2.</strong></span> <span class='ocrx_word' id='word_1_77' title='bbox 840 1210 882 1241; x_wconf 88' lang='lat' dir='ltr'>D.</span> <span class='ocrx_word' id='word_1_78' title='bbox 900 1212 932 1241; x_wconf 80' lang='lat' dir='ltr'>de</span> 
     </span>
     <span class='ocr_line' id='line_1_21' title="bbox 67 1251 933 1291; baseline -0.007 -3"><span class='ocrx_word' id='word_1_79' title='bbox 67 1263 165 1289; x_wconf 71' lang='lat' dir='ltr'>morrrr</span> <span class='ocrx_word' id='word_1_80' title='bbox 180 1254 263 1286; x_wconf 66' lang='lat' dir='ltr'>cansa</span> <span class='ocrx_word' id='word_1_81' title='bbox 279 1255 477 1285; x_wconf 75' lang='lat' dir='ltr'>donationibus</span> <span class='ocrx_word' id='word_1_82' title='bbox 493 1276 502 1291; x_wconf 90' lang='lat'>,</span> <span class='ocrx_word' id='word_1_83' title='bbox 525 1262 597 1284; x_wconf 87' lang='lat' dir='ltr'>cum</span> <span class='ocrx_word' id='word_1_84' title='bbox 618 1253 714 1284; x_wconf 88' lang='lat' dir='ltr'>Paulo</span> <span class='ocrx_word' id='word_1_85' title='bbox 731 1252 749 1283; x_wconf 85' lang='lat' dir='ltr'>l.</span> <span class='ocrx_word' id='word_1_86' title='bbox 767 1252 819 1282; x_wconf 71' lang='lat' dir='ltr'>ult.</span> <span class='ocrx_word' id='word_1_87' title='bbox 842 1251 881 1282; x_wconf 90' lang='lat' dir='ltr'>D.</span> <span class='ocrx_word' id='word_1_88' title='bbox 900 1254 933 1282; x_wconf 78' lang='lat' dir='ltr'>&lt;le</span> 
     </span>
     <span class='ocr_line' id='line_1_22' title="bbox 60 1294 933 1340; baseline -0.005 -13"><span class='ocrx_word' id='word_1_89' title='bbox 60 1297 250 1340; x_wconf 72' lang='lat' dir='ltr'>Jblzwortibus</span> <span class='ocrx_word' id='word_1_90' title='bbox 274 1297 452 1326; x_wconf 72' lang='lat' dir='ltr'>intercedat</span> <span class='ocrx_word' id='word_1_91' title='bbox 469 1295 508 1325; x_wconf 81' lang='lat' dir='ltr'>de</span> <span class='ocrx_word' id='word_1_92' title='bbox 526 1294 667 1325; x_wconf 83' lang='lat' dir='ltr'>finiendo</span> <span class='ocrx_word' id='word_1_93' title='bbox 688 1301 792 1324; x_wconf 84' lang='lat' dir='ltr'>morte</span> <span class='ocrx_word' id='word_1_94' title='bbox 808 1294 933 1324; x_wconf 83' lang='lat' dir='ltr'>manda-</span> 
     </span>
     <span class='ocr_line' id='line_1_23' title="bbox 68 1334 934 1376; baseline -0.005 -6"><span class='ocrx_word' id='word_1_95' title='bbox 68 1339 146 1370; x_wconf 85' lang='lat' dir='ltr'>toris</span> <span class='ocrx_word' id='word_1_96' title='bbox 171 1336 338 1369; x_wconf 75' lang='lat' dir='ltr'>mandato:</span> <span class='ocrx_word' id='word_1_97' title='bbox 361 1346 425 1368; x_wconf 87' lang='lat' dir='ltr'>non</span> <span class='ocrx_word' id='word_1_98' title='bbox 452 1335 579 1376; x_wconf 86' lang='lat' dir='ltr'>quidem</span> <span class='ocrx_word' id='word_1_99' title='bbox 605 1335 625 1366; x_wconf 84' lang='lat' dir='ltr'>si</span> <span class='ocrx_word' id='word_1_100' title='bbox 654 1334 838 1375; x_wconf 86' lang='lat' dir='ltr'>simpliciter</span> <span class='ocrx_word' id='word_1_101' title='bbox 857 1343 934 1366; x_wconf 91' lang='lat' dir='ltr'>con-</span> 
     </span>
     <span class='ocr_line' id='line_1_24' title="bbox 66 1375 933 1419; baseline -0.005 -8"><span class='ocrx_word' id='word_1_102' title='bbox 66 1381 224 1412; x_wconf 58' lang='lat' dir='ltr'>tran-..sum</span> <span class='ocrx_word' id='word_1_103' title='bbox 247 1380 338 1419; x_wconf 69' lang='lat' dir='ltr'>(narn</span> <span class='ocrx_word' id='word_1_104' title='bbox 359 1387 425 1409; x_wconf 89' lang='lat' dir='ltr'>tum</span> <span class='ocrx_word' id='word_1_105' title='bbox 444 1377 546 1409; x_wconf 79' lang='lat' dir='ltr'>facrlis</span> <span class='ocrx_word' id='word_1_106' title='bbox 567 1377 632 1416; x_wconf 83' lang='lat' dir='ltr'>ejus</span> <span class='ocrx_word' id='word_1_107' title='bbox 653 1377 734 1408; x_wconf 82' lang='lat' dir='ltr'>ratio</span> <span class='ocrx_word' id='word_1_108' title='bbox 752 1376 816 1416; x_wconf 88' lang='lat' dir='ltr'>est)</span> <span class='ocrx_word' id='word_1_109' title='bbox 841 1376 891 1406; x_wconf 68' lang='lat' dir='ltr'>sed</span> <span class='ocrx_word' id='word_1_110' title='bbox 912 1375 933 1407; x_wconf 81' lang='lat' dir='ltr'>si</span> 
     </span>
     <span class='ocr_line' id='line_1_25' title="bbox 66 1417 933 1459; baseline -0.005 -6"><span class='ocrx_word' id='word_1_111' title='bbox 66 1421 253 1453; x_wconf 60' lang='lat' dir='ltr'>nominatim</span> <span class='ocrx_word' id='word_1_112' title='bbox 271 1420 471 1459; x_wconf 72' lang='lat' dir='ltr'>concipiatur</span> <span class='ocrx_word' id='word_1_113' title='bbox 489 1418 559 1459; x_wconf 84' lang='lat' dir='ltr'>post</span> <span class='ocrx_word' id='word_1_114' title='bbox 571 1417 763 1450; x_wconf 80' lang='lat' dir='ltr'>mandatoris</span> <span class='ocrx_word' id='word_1_115' title='bbox 778 1426 933 1449; x_wconf 80' lang='lat' dir='ltr'>moi-tem:</span> 
     </span>
     <span class='ocr_line' id='line_1_26' title="bbox 68 1459 932 1501; baseline -0.002 -9"><span class='ocrx_word' id='word_1_116' title='bbox 68 1471 140 1494; x_wconf 79' lang='lat' dir='ltr'>cum</span> <span class='ocrx_word' id='word_1_117' title='bbox 160 1461 328 1501; x_wconf 67' lang='lat' dir='ltr'>praesertim</span> <span class='ocrx_word' id='word_1_118' title='bbox 347 1460 485 1499; x_wconf 76' lang='lat' dir='ltr'>jacobus</span> <span class='ocrx_word' id='word_1_119' title='bbox 503 1459 668 1499; x_wconf 78' lang='lat' dir='ltr'>Cujacius‚</span> <span class='ocrx_word' id='word_1_120' title='bbox 692 1459 738 1490; x_wconf 80' lang='lat' dir='ltr'>lib.</span> <span class='ocrx_word' id='word_1_121' title='bbox 759 1467 786 1500; x_wconf 83' lang='lat'><strong>7.</strong></span> <span class='ocrx_word' id='word_1_122' title='bbox 808 1459 932 1495; x_wconf 73' lang='lat' dir='ltr'>Observ.</span> 
     </span>
     <span class='ocr_line' id='line_1_27' title="bbox 67 1500 933 1544; baseline -0.005 -9"><span class='ocrx_word' id='word_1_123' title='bbox 67 1513 90 1535; x_wconf 88' lang='lat' dir='ltr'>c.</span> <span class='ocrx_word' id='word_1_124' title='bbox 106 1510 166 1544; x_wconf 52' lang='lat'>&gt;3³³-</span> <span class='ocrx_word' id='word_1_125' title='bbox 192 1503 220 1534; x_wconf 64' lang='grc' dir='ltr'>ὃς</span> <span class='ocrx_word' id='word_1_126' title='bbox 254 1501 433 1533; x_wconf 81' lang='lat' dir='ltr'>Franciscus</span> <span class='ocrx_word' id='word_1_127' title='bbox 460 1500 637 1533; x_wconf 82' lang='lat' dir='ltr'>Hotmanus</span> <span class='ocrx_word' id='word_1_128' title='bbox 662 1501 707 1532; x_wconf 83' lang='lat' dir='ltr'>lib.</span> <span class='ocrx_word' id='word_1_129' title='bbox 740 1510 767 1531; x_wconf 86' lang='lat'><strong>2.</strong></span> <span class='ocrx_word' id='word_1_130' title='bbox 798 1501 933 1532; x_wconf 78' lang='lat' dir='ltr'>Amicab.</span> 
     </span>
     <span class='ocr_line' id='line_1_28' title="bbox 67 1542 934 1584; baseline -0.001 -10"><span class='ocrx_word' id='word_1_131' title='bbox 67 1545 202 1584; x_wconf 62' lang='lat' dir='ltr'>Rrjpons.</span> <span class='ocrx_word' id='word_1_132' title='bbox 218 1554 241 1575; x_wconf 87' lang='lat' dir='ltr'>c.</span> <span class='ocrx_word' id='word_1_133' title='bbox 260 1549 305 1584; x_wconf 42' lang='lat'>38.</span> <span class='ocrx_word' id='word_1_134' title='bbox 330 1544 462 1583; x_wconf 82' lang='lat' dir='ltr'>aliique,</span> <span class='ocrx_word' id='word_1_135' title='bbox 480 1543 562 1574; x_wconf 84' lang='lat' dir='ltr'>sarna</span> <span class='ocrx_word' id='word_1_136' title='bbox 580 1542 768 1574; x_wconf 86' lang='lat' dir='ltr'>eruditionis</span> <span class='ocrx_word' id='word_1_137' title='bbox 784 1542 934 1581; x_wconf 87' lang='lat' dir='ltr'>atquein-</span> 
     </span>
     <span class='ocr_line' id='line_1_29' title="bbox 69 1583 935 1627; baseline -0.003 -10"><span class='ocrx_word' id='word_1_138' title='bbox 69 1587 151 1627; x_wconf 76' lang='lat' dir='ltr'>genii</span> <span class='ocrx_word' id='word_1_139' title='bbox 169 1584 300 1617; x_wconf 72' lang='lat' dir='ltr'>illustres</span> <span class='ocrx_word' id='word_1_140' title='bbox 313 1585 340 1616; x_wconf 71' lang='grc' dir='ltr'>ἃ</span> <span class='ocrx_word' id='word_1_141' title='bbox 353 1585 426 1615; x_wconf 88' lang='lat' dir='ltr'>clari</span> <span class='ocrx_word' id='word_1_142' title='bbox 444 1583 660 1622; x_wconf 87' lang='lat' dir='ltr'>homines,ad</span> <span class='ocrx_word' id='word_1_143' title='bbox 677 1584 742 1624; x_wconf 83' lang='lat' dir='ltr'>ejus</span> <span class='ocrx_word' id='word_1_144' title='bbox 759 1583 834 1614; x_wconf 80' lang='lat' dir='ltr'>rixae</span> <span class='ocrx_word' id='word_1_145' title='bbox 848 1592 935 1614; x_wconf 89' lang='lat' dir='ltr'>com-</span> 
     </span>
     <span class='ocr_line' id='line_1_30' title="bbox 67 1625 934 1669; baseline -0.001 -12"><span class='ocrx_word' id='word_1_146' title='bbox 67 1627 258 1669; x_wconf 71' lang='lat' dir='ltr'>positionem</span> <span class='ocrx_word' id='word_1_147' title='bbox 276 1627 370 1667; x_wconf 88' lang='lat' dir='ltr'>longe</span> <span class='ocrx_word' id='word_1_148' title='bbox 387 1626 444 1658; x_wconf 80' lang='lat' dir='ltr'>alia</span> <span class='ocrx_word' id='word_1_149' title='bbox 459 1626 607 1657; x_wconf 82' lang='lat' dir='ltr'>incedant</span> <span class='ocrx_word' id='word_1_150' title='bbox 624 1625 691 1663; x_wconf 85' lang='lat' dir='ltr'>via,</span> <span class='ocrx_word' id='word_1_151' title='bbox 710 1633 803 1664; x_wconf 85' lang='lat' dir='ltr'>quam</span> <span class='ocrx_word' id='word_1_152' title='bbox 820 1625 851 1655; x_wconf 92' lang='lat' dir='ltr'>in</span> <span class='ocrx_word' id='word_1_153' title='bbox 871 1632 934 1656; x_wconf 85' lang='lat' dir='ltr'>tam</span> 
     </span>
     <span class='ocr_line' id='line_1_31' title="bbox 71 1665 936 1708; baseline -0.003 -9"><span class='ocrx_word' id='word_1_154' title='bbox 71 1668 173 1700; x_wconf 79' lang='lat' dir='ltr'>nobili</span> <span class='ocrx_word' id='word_1_155' title='bbox 193 1666 366 1708; x_wconf 83' lang='lat' dir='ltr'>quaestione</span> <span class='ocrx_word' id='word_1_156' title='bbox 384 1673 555 1698; x_wconf 87' lang='lat' dir='ltr'>tenuerunt</span> <span class='ocrx_word' id='word_1_157' title='bbox 569 1665 705 1697; x_wconf 84' lang='lat' dir='ltr'>Veteres</span> <span class='ocrx_word' id='word_1_158' title='bbox 721 1666 800 1705; x_wconf 76' lang='lat' dir='ltr'>juris</span> <span class='ocrx_word' id='word_1_159' title='bbox 818 1665 936 1697; x_wconf 62' lang='lat' dir='ltr'>Aucto-</span> 
     </span>
     <span class='ocr_line' id='line_1_32' title="bbox 69 1706 937 1747; baseline -0.005 -6"><span class='ocrx_word' id='word_1_160' title='bbox 69 1719 131 1742; x_wconf 87' lang='lat' dir='ltr'>res.</span> <span class='ocrx_word' id='word_1_161' title='bbox 164 1710 339 1740; x_wconf 82' lang='lat' dir='ltr'>voluerunt</span> <span class='ocrx_word' id='word_1_162' title='bbox 362 1707 392 1738; x_wconf 91' lang='lat' dir='ltr'>hi</span> <span class='ocrx_word' id='word_1_163' title='bbox 411 1730 421 1745; x_wconf 92' lang='lat'>,</span> <span class='ocrx_word' id='word_1_164' title='bbox 444 1707 504 1746; x_wconf 83' lang='lat' dir='ltr'>(sic</span> <span class='ocrx_word' id='word_1_165' title='bbox 529 1707 606 1738; x_wconf 88' lang='lat' dir='ltr'>mihi</span> <span class='ocrx_word' id='word_1_166' title='bbox 629 1706 823 1747; x_wconf 84' lang='lat' dir='ltr'>persuadeo,</span> <span class='ocrx_word' id='word_1_167' title='bbox 847 1707 937 1746; x_wconf 86' lang='lat' dir='ltr'>quid-</span> 
     </span>
     <span class='ocr_line' id='line_1_33' title="bbox 70 1748 936 1791; baseline -0.003 -10"><span class='ocrx_word' id='word_1_168' title='bbox 70 1751 146 1791; x_wconf 85' lang='lat' dir='ltr'>quid</span> <span class='ocrx_word' id='word_1_169' title='bbox 161 1750 206 1781; x_wconf 90' lang='lat' dir='ltr'>illi</span> <span class='ocrx_word' id='word_1_170' title='bbox 222 1749 350 1789; x_wconf 87' lang='lat' dir='ltr'>dicant)</span> <span class='ocrx_word' id='word_1_171' title='bbox 373 1749 573 1786; x_wconf 87' lang='lat' dir='ltr'>mandatum,</span> <span class='ocrx_word' id='word_1_172' title='bbox 590 1751 686 1779; x_wconf 88' lang='lat' dir='ltr'>etiam</span> <span class='ocrx_word' id='word_1_173' title='bbox 703 1757 775 1780; x_wconf 91' lang='lat' dir='ltr'>cum</span> <span class='ocrx_word' id='word_1_174' title='bbox 793 1748 936 1779; x_wconf 89' lang='lat' dir='ltr'>nomina-</span> 
     </span>
     <span class='ocr_line' id='line_1_34' title="bbox 71 1788 937 1830; baseline -0.001 -8"><span class='ocrx_word' id='word_1_175' title='bbox 71 1792 130 1822; x_wconf 89' lang='lat' dir='ltr'>tim</span> <span class='ocrx_word' id='word_1_176' title='bbox 156 1790 324 1821; x_wconf 84' lang='lat' dir='ltr'>confertur</span> <span class='ocrx_word' id='word_1_177' title='bbox 347 1789 418 1830; x_wconf 86' lang='lat' dir='ltr'>post</span> <span class='ocrx_word' id='word_1_178' title='bbox 445 1790 636 1821; x_wconf 82' lang='lat' dir='ltr'>mandatoris</span> <span class='ocrx_word' id='word_1_179' title='bbox 650 1798 808 1827; x_wconf 88' lang='lat' dir='ltr'>mortem,</span> <span class='ocrx_word' id='word_1_180' title='bbox 829 1788 937 1821; x_wconf 86' lang='lat' dir='ltr'>secun-</span> 
     </span>
     <span class='ocr_line' id='line_1_35' title="bbox 71 1829 939 1871; baseline -0.002 -8"><span class='ocrx_word' id='word_1_181' title='bbox 71 1833 147 1863; x_wconf 81' lang='lat' dir='ltr'>dum</span> <span class='ocrx_word' id='word_1_182' title='bbox 164 1831 244 1870; x_wconf 77' lang='lat' dir='ltr'>juris</span> <span class='ocrx_word' id='word_1_183' title='bbox 262 1831 384 1871; x_wconf 85' lang='lat' dir='ltr'>regulas</span> <span class='ocrx_word' id='word_1_184' title='bbox 403 1831 468 1871; x_wconf 87' lang='lat' dir='ltr'>ejus</span> <span class='ocrx_word' id='word_1_185' title='bbox 486 1837 592 1862; x_wconf 87' lang='lat' dir='ltr'>morte</span> <span class='ocrx_word' id='word_1_186' title='bbox 609 1829 775 1870; x_wconf 83' lang='lat' dir='ltr'>exstingui.</span> <span class='ocrx_word' id='word_1_187' title='bbox 811 1829 888 1861; x_wconf 91' lang='lat' dir='ltr'>Hoc</span> <span class='ocrx_word' id='word_1_188' title='bbox 904 1837 939 1861; x_wconf 88' lang='lat' dir='ltr'>ut</span> 
     </span>
     <span class='ocr_line' id='line_1_36' title="bbox 70 1871 941 1915; baseline -0.002 -11"><span class='ocrx_word' id='word_1_189' title='bbox 70 1874 208 1915; x_wconf 80' lang='lat' dir='ltr'>probem</span> <span class='ocrx_word' id='word_1_190' title='bbox 222 1895 231 1909; x_wconf 86' lang='lat'><strong><em>‚</em></strong></span> <span class='ocrx_word' id='word_1_191' title='bbox 255 1881 323 1903; x_wconf 90' lang='lat' dir='ltr'>utar</span> <span class='ocrx_word' id='word_1_192' title='bbox 345 1871 537 1912; x_wconf 78' lang='lat' dir='ltr'>argumentis</span> <span class='ocrx_word' id='word_1_193' title='bbox 555 1872 682 1911; x_wconf 82' lang='lat' dir='ltr'>paucis,</span> <span class='ocrx_word' id='word_1_194' title='bbox 706 1871 757 1902; x_wconf 89' lang='lat' dir='ltr'>sed</span> <span class='ocrx_word' id='word_1_195' title='bbox 775 1871 941 1911; x_wconf 71' lang='lat' dir='ltr'>gravibus,</span> 
     </span>
     <span class='ocr_line' id='line_1_37' title="bbox 71 1911 940 1951; baseline -0.003 -5"><span class='ocrx_word' id='word_1_196' title='bbox 71 1915 121 1951; x_wconf 58' lang='lat'>&amp;2</span> <span class='ocrx_word' id='word_1_197' title='bbox 145 1912 200 1944; x_wconf 81' lang='lat' dir='ltr'>mfi</span> <span class='ocrx_word' id='word_1_198' title='bbox 219 1912 296 1945; x_wconf 88' lang='lat' dir='ltr'>mihi</span> <span class='ocrx_word' id='word_1_199' title='bbox 313 1912 477 1951; x_wconf 85' lang='lat' dir='ltr'>blandior,</span> <span class='ocrx_word' id='word_1_200' title='bbox 502 1912 700 1944; x_wconf 89' lang='lat' dir='ltr'>decretoriis.</span> <span class='ocrx_word' id='word_1_201' title='bbox 732 1912 893 1950; x_wconf 89' lang='lat' dir='ltr'>Primum,</span> <span class='ocrx_word' id='word_1_202' title='bbox 917 1911 940 1943; x_wconf 84' lang='lat' dir='ltr'>fi</span> 
     </span>
     <span class='ocr_line' id='line_1_38' title="bbox 72 1952 941 1994; baseline -0.002 -7"><span class='ocrx_word' id='word_1_203' title='bbox 72 1958 114 1987; x_wconf 81' lang='lat' dir='ltr'>ad</span> <span class='ocrx_word' id='word_1_204' title='bbox 133 1954 270 1985; x_wconf 82' lang='lat' dir='ltr'>mandati</span> <span class='ocrx_word' id='word_1_205' title='bbox 289 1953 424 1986; x_wconf 88' lang='lat' dir='ltr'>formam</span> <span class='ocrx_word' id='word_1_206' title='bbox 435 1953 656 1994; x_wconf 80' lang='lat' dir='ltr'>respiciamus,</span> <span class='ocrx_word' id='word_1_207' title='bbox 673 1954 749 1993; x_wconf 89' lang='lat' dir='ltr'>quid</span> <span class='ocrx_word' id='word_1_208' title='bbox 763 1954 865 1984; x_wconf 85' lang='lat' dir='ltr'>verius</span> <span class='ocrx_word' id='word_1_209' title='bbox 883 1952 941 1991; x_wconf 85' lang='lat' dir='ltr'>est,</span> 
     </span>
     <span class='ocr_line' id='line_1_39' title="bbox 74 1993 941 2036; baseline -0.002 -9"><span class='ocrx_word' id='word_1_210' title='bbox 74 2005 168 2036; x_wconf 84' lang='lat' dir='ltr'>quam</span> <span class='ocrx_word' id='word_1_211' title='bbox 182 1996 364 2027; x_wconf 81' lang='lat' dir='ltr'>mandatum</span> <span class='ocrx_word' id='word_1_212' title='bbox 379 1995 571 2027; x_wconf 81' lang='lat' dir='ltr'>mandatoris</span> <span class='ocrx_word' id='word_1_213' title='bbox 587 2003 693 2026; x_wconf 83' lang='lat' dir='ltr'>morte</span> <span class='ocrx_word' id='word_1_214' title='bbox 710 1993 791 2026; x_wconf 91' lang='lat' dir='ltr'>finiri</span> <span class='ocrx_word' id='word_1_215' title='bbox 807 1995 824 2025; x_wconf 85' lang='lat' dir='ltr'>l.</span> <span class='ocrx_word' id='word_1_216' title='bbox 839 1998 886 2025; x_wconf 82' lang='lat'><strong>26.</strong></span> <span class='ocrx_word' id='word_1_217' title='bbox 900 1993 941 2026; x_wconf 91' lang='lat' dir='ltr'>D.</span> 
     </span>
     <span class='ocr_line' id='line_1_40' title="bbox 76 2035 942 2076; baseline -0.003 -7"><span class='ocrx_word' id='word_1_218' title='bbox 76 2037 224 2069; x_wconf 64' lang='lat' dir='ltr'>Mandata·</span> <span class='ocrx_word' id='word_1_219' title='bbox 240 2036 286 2068; x_wconf 87' lang='lat' dir='ltr'>vel</span> <span class='ocrx_word' id='word_1_220' title='bbox 304 2043 423 2072; x_wconf 75' lang='lat' dir='ltr'>comra3</span> <span class='ocrx_word' id='word_1_221' title='bbox 447 2046 484 2067; x_wconf 90' lang='lat' dir='ltr'>ac</span> <span class='ocrx_word' id='word_1_222' title='bbox 496 2060 506 2075; x_wconf 93' lang='lat'>,</span> <span class='ocrx_word' id='word_1_223' title='bbox 521 2036 540 2068; x_wconf 87' lang='lat' dir='ltr'>fi</span> <span class='ocrx_word' id='word_1_224' title='bbox 554 2035 624 2073; x_wconf 84' lang='lat' dir='ltr'>post</span> <span class='ocrx_word' id='word_1_225' title='bbox 640 2045 708 2067; x_wconf 90' lang='lat' dir='ltr'>eam</span> <span class='ocrx_word' id='word_1_226' title='bbox 722 2036 942 2076; x_wconf 84' lang='lat' dir='ltr'>concipiatur,</span> 
     </span>
     <span class='ocr_line' id='line_1_41' title="bbox 71 2076 943 2118; baseline -0.001 -9"><span class='ocrx_word' id='word_1_227' title='bbox 71 2088 139 2110; x_wconf 87' lang='lat' dir='ltr'>non</span> <span class='ocrx_word' id='word_1_228' title='bbox 159 2079 222 2118; x_wconf 88' lang='lat' dir='ltr'>pati</span> <span class='ocrx_word' id='word_1_229' title='bbox 241 2079 396 2109; x_wconf 84' lang='lat' dir='ltr'>rationem</span> <span class='ocrx_word' id='word_1_230' title='bbox 410 2101 418 2113; x_wconf 76' lang='lat'>,</span> <span class='ocrx_word' id='word_1_231' title='bbox 443 2086 476 2108; x_wconf 89' lang='lat' dir='ltr'>ut</span> <span class='ocrx_word' id='word_1_232' title='bbox 492 2076 561 2117; x_wconf 91' lang='lat' dir='ltr'>post</span> <span class='ocrx_word' id='word_1_233' title='bbox 581 2086 719 2108; x_wconf 85' lang='lat' dir='ltr'>mortem</span> <span class='ocrx_word' id='word_1_234' title='bbox 735 2085 848 2108; x_wconf 86' lang='lat' dir='ltr'>contra</span> <span class='ocrx_word' id='word_1_235' title='bbox 861 2077 943 2117; x_wconf 81' lang='lat' dir='ltr'>Juris</span> 
     </span>
     <span class='ocr_line' id='line_1_42' title="bbox 71 2116 943 2155; baseline -0.002 -4"><span class='ocrx_word' id='word_1_236' title='bbox 71 2119 210 2151; x_wconf 83' lang='lat' dir='ltr'>formam</span> <span class='ocrx_word' id='word_1_237' title='bbox 228 2118 433 2150; x_wconf 68' lang='lat' dir='ltr'>sustineatur?</span> <span class='ocrx_word' id='word_1_238' title='bbox 456 2118 533 2151; x_wconf 89' lang='lat' dir='ltr'>Non</span> <span class='ocrx_word' id='word_1_239' title='bbox 550 2120 653 2150; x_wconf 86' lang='lat' dir='ltr'>minus</span> <span class='ocrx_word' id='word_1_240' title='bbox 665 2126 787 2150; x_wconf 88' lang='lat' dir='ltr'>certum</span> <span class='ocrx_word' id='word_1_241' title='bbox 803 2117 866 2155; x_wconf 85' lang='lat' dir='ltr'>est,</span> <span class='ocrx_word' id='word_1_242' title='bbox 879 2116 943 2149; x_wconf 90' lang='lat' dir='ltr'>Ve-</span> 
     </span>
     <span class='ocr_line' id='line_1_43' title="bbox 74 2159 943 2200; baseline -0.001 -9"><span class='ocrx_word' id='word_1_243' title='bbox 74 2161 196 2192; x_wconf 82' lang='lat' dir='ltr'>teribus</span> <span class='ocrx_word' id='word_1_244' title='bbox 220 2160 388 2199; x_wconf 82' lang='lat' dir='ltr'>placuiss&#39;e,</span> <span class='ocrx_word' id='word_1_245' title='bbox 412 2170 452 2192; x_wconf 91' lang='lat' dir='ltr'>ne</span> <span class='ocrx_word' id='word_1_246' title='bbox 468 2161 608 2200; x_wconf 77' lang='lat' dir='ltr'>valeret,</span> <span class='ocrx_word' id='word_1_247' title='bbox 632 2170 697 2191; x_wconf 92' lang='lat' dir='ltr'>non</span> <span class='ocrx_word' id='word_1_248' title='bbox 714 2160 837 2197; x_wconf 86' lang='lat' dir='ltr'>dicam,</span> <span class='ocrx_word' id='word_1_249' title='bbox 860 2159 943 2200; x_wconf 85' lang='lat' dir='ltr'>lega·</span> 
     </span>
     <span class='ocr_line' id='line_1_44' title="bbox 74 2200 943 2242; baseline -0.002 -9"><span class='ocrx_word' id='word_1_250' title='bbox 74 2209 163 2240; x_wconf 88' lang='lat' dir='ltr'>tum,</span> <span class='ocrx_word' id='word_1_251' title='bbox 187 2201 238 2233; x_wconf 79' lang='lat' dir='ltr'>sed</span> <span class='ocrx_word' id='word_1_252' title='bbox 263 2200 421 2241; x_wconf 79' lang='lat' dir='ltr'>stipulatio</span> <span class='ocrx_word' id='word_1_253' title='bbox 447 2210 578 2242; x_wconf 88' lang='lat' dir='ltr'>quoque</span> <span class='ocrx_word' id='word_1_254' title='bbox 593 2224 602 2239; x_wconf 89' lang='lat'>,</span> <span class='ocrx_word' id='word_1_255' title='bbox 626 2209 679 2232; x_wconf 89' lang='lat' dir='ltr'>aut</span> <span class='ocrx_word' id='word_1_256' title='bbox 703 2201 943 2241; x_wconf 88' lang='lat' dir='ltr'>qualiscumque</span> 
     </span>
     <span class='ocr_line' id='line_1_45' title="bbox 75 2243 944 2283; baseline -0.002 -9"><span class='ocrx_word' id='word_1_257' title='bbox 75 2243 152 2275; x_wconf 79' lang='lat' dir='ltr'>alius</span> <span class='ocrx_word' id='word_1_258' title='bbox 174 2243 374 2280; x_wconf 53' lang='lat' dir='ltr'>contractum</span> <span class='ocrx_word' id='word_1_259' title='bbox 397 2252 468 2274; x_wconf 86' lang='lat' dir='ltr'>cum</span> <span class='ocrx_word' id='word_1_260' title='bbox 488 2244 559 2283; x_wconf 85' lang='lat' dir='ltr'>post</span> <span class='ocrx_word' id='word_1_261' title='bbox 580 2251 717 2274; x_wconf 89' lang='lat' dir='ltr'>mortem</span> <span class='ocrx_word' id='word_1_262' title='bbox 734 2243 871 2283; x_wconf 86' lang='lat' dir='ltr'>legatarii</span> <span class='ocrx_word' id='word_1_263' title='bbox 890 2249 944 2272; x_wconf 89' lang='lat' dir='ltr'>aut</span> 
     </span>
     <span class='ocr_line' id='line_1_46' title="bbox 76 2281 942 2324; baseline 0.002 -11"><span class='ocrx_word' id='word_1_264' title='bbox 76 2283 273 2324; x_wconf 83' lang='lat' dir='ltr'>promissoris</span> <span class='ocrx_word' id='word_1_265' title='bbox 295 2284 461 2315; x_wconf 83' lang='lat' dir='ltr'>confertur</span> <span class='ocrx_word' id='word_1_266' title='bbox 478 2284 496 2315; x_wconf 85' lang='lat' dir='ltr'>l.</span> <span class='ocrx_word' id='word_1_267' title='bbox 519 2293 564 2316; x_wconf 85' lang='lat'>11.</span> <span class='ocrx_word' id='word_1_268' title='bbox 583 2284 617 2315; x_wconf 91' lang='lat' dir='ltr'>C.</span> <span class='ocrx_word' id='word_1_269' title='bbox 633 2286 666 2315; x_wconf 87' lang='lat' dir='ltr'>de</span> <span class='ocrx_word' id='word_1_270' title='bbox 681 2284 874 2315; x_wconf 76' lang='lat' dir='ltr'>contrahenda</span> <span class='ocrx_word' id='word_1_271' title='bbox 888 2281 942 2324; x_wconf 78' lang='lat' dir='ltr'>fii-</span> 
     </span>
     <span class='ocr_line' id='line_1_47' title="bbox 72 2323 943 2368; baseline 0.002 -15"><span class='ocrx_word' id='word_1_272' title='bbox 72 2325 240 2364; x_wconf 51' lang='lat' dir='ltr'>pulsum-ne:</span> <span class='ocrx_word' id='word_1_273' title='bbox 265 2326 400 2363; x_wconf 84' lang='lat' dir='ltr'>proinde</span> <span class='ocrx_word' id='word_1_274' title='bbox 424 2327 493 2368; x_wconf 90' lang='lat' dir='ltr'>quis</span> <span class='ocrx_word' id='word_1_275' title='bbox 522 2325 626 2364; x_wconf 84' lang='lat' dir='ltr'>potest</span> <span class='ocrx_word' id='word_1_276' title='bbox 649 2323 723 2366; x_wconf 82' lang='lat' dir='ltr'>fingi</span> <span class='ocrx_word' id='word_1_277' title='bbox 741 2325 852 2363; x_wconf 92' lang='lat' dir='ltr'>color,</span> <span class='ocrx_word' id='word_1_278' title='bbox 878 2333 943 2365; x_wconf 90' lang='lat' dir='ltr'>quo</span> 
     </span>
     <span class='ocr_line' id='line_1_48' title="bbox 77 2364 943 2406; baseline 0 -10"><span class='ocrx_word' id='word_1_279' title='bbox 77 2364 212 2396; x_wconf 72' lang='lat' dir='ltr'>voluiss&#39;e</span> <span class='ocrx_word' id='word_1_280' title='bbox 229 2375 285 2396; x_wconf 85' lang='lat' dir='ltr'>eos</span> <span class='ocrx_word' id='word_1_281' title='bbox 306 2374 473 2406; x_wconf 77' lang='lat' dir='ltr'>putemus,</span> <span class='ocrx_word' id='word_1_282' title='bbox 496 2368 674 2398; x_wconf 82' lang='lat' dir='ltr'>mandatum</span> <span class='ocrx_word' id='word_1_283' title='bbox 694 2366 763 2406; x_wconf 84' lang='lat' dir='ltr'>post</span> <span class='ocrx_word' id='word_1_284' title='bbox 780 2367 943 2397; x_wconf 87' lang='lat' dir='ltr'>mandato-</span> 
     </span>
     <span class='ocr_line' id='line_1_49' title="bbox 76 2407 942 2448; baseline -0.001 -10"><span class='ocrx_word' id='word_1_285' title='bbox 76 2407 118 2438; x_wconf 80' lang='lat' dir='ltr'>ris</span> <span class='ocrx_word' id='word_1_286' title='bbox 147 2415 282 2438; x_wconf 62' lang='lat' dir='ltr'>‘nortem</span> <span class='ocrx_word' id='word_1_287' title='bbox 307 2408 411 2438; x_wconf 83' lang='lat' dir='ltr'>valere</span> <span class='ocrx_word' id='word_1_288' title='bbox 436 2408 575 2446; x_wconf 83' lang='lat' dir='ltr'>idcirco,</span> <span class='ocrx_word' id='word_1_289' title='bbox 597 2408 684 2448; x_wconf 86' lang='lat' dir='ltr'>quod</span> <span class='ocrx_word' id='word_1_290' title='bbox 708 2408 752 2439; x_wconf 87' lang='lat' dir='ltr'>est</span> <span class='ocrx_word' id='word_1_291' title='bbox 777 2407 847 2448; x_wconf 82' lang='lat' dir='ltr'>post</span> <span class='ocrx_word' id='word_1_292' title='bbox 875 2407 942 2448; x_wconf 84' lang='lat' dir='ltr'>ejus</span> 
     </span>
     <span class='ocr_line' id='line_1_50' title="bbox 78 2448 944 2489; baseline 0 -10"><span class='ocrx_word' id='word_1_293' title='bbox 78 2456 215 2479; x_wconf 81' lang='lat' dir='ltr'>mortem</span> <span class='ocrx_word' id='word_1_294' title='bbox 240 2448 390 2480; x_wconf 86' lang='lat' dir='ltr'>collatum</span> <span class='ocrx_word' id='word_1_295' title='bbox 407 2450 422 2480; x_wconf 64' lang='grc' dir='ltr'>*ἒ</span> <span class='ocrx_word' id='word_1_296' title='bbox 453 2449 608 2486; x_wconf 85' lang='lat' dir='ltr'>Accedit,</span> <span class='ocrx_word' id='word_1_297' title='bbox 632 2449 719 2489; x_wconf 88' lang='lat' dir='ltr'>quod</span> <span class='ocrx_word' id='word_1_298' title='bbox 743 2449 771 2480; x_wconf 90' lang='lat' dir='ltr'>ei</span> <span class='ocrx_word' id='word_1_299' title='bbox 795 2449 848 2489; x_wconf 91' lang='lat' dir='ltr'>qui</span> <span class='ocrx_word' id='word_1_300' title='bbox 874 2448 944 2489; x_wconf 88' lang='lat' dir='ltr'>post</span> 
     </span>
     <span class='ocr_line' id='line_1_51' title="bbox 79 2489 943 2530; baseline 0 -10"><span class='ocrx_word' id='word_1_301' title='bbox 79 2498 216 2520; x_wconf 81' lang='lat' dir='ltr'>mortem</span> <span class='ocrx_word' id='word_1_302' title='bbox 234 2489 316 2521; x_wconf 85' lang='lat' dir='ltr'>suam</span> <span class='ocrx_word' id='word_1_303' title='bbox 333 2492 514 2522; x_wconf 83' lang='lat' dir='ltr'>mandatum</span> <span class='ocrx_word' id='word_1_304' title='bbox 533 2490 661 2521; x_wconf 84' lang='lat' dir='ltr'>confert</span> <span class='ocrx_word' id='word_1_305' title='bbox 673 2514 681 2528; x_wconf 97' lang='lat'>‚</span> <span class='ocrx_word' id='word_1_306' title='bbox 698 2499 868 2530; x_wconf 80' lang='lat' dir='ltr'>numquam</span> <span class='ocrx_word' id='word_1_307' title='bbox 887 2499 943 2530; x_wconf 89' lang='lat' dir='ltr'>po-</span> 
     </span>
     <span class='ocr_line' id='line_1_52' title="bbox 82 2529 944 2572; baseline 0.002 -12"><span class='ocrx_word' id='word_1_308' title='bbox 82 2530 140 2560; x_wconf 82' lang='lat' dir='ltr'>test</span> <span class='ocrx_word' id='word_1_309' title='bbox 158 2531 294 2561; x_wconf 82' lang='lat' dir='ltr'>mandati</span> <span class='ocrx_word' id='word_1_310' title='bbox 313 2531 395 2562; x_wconf 68' lang='lat' dir='ltr'>astro</span> <span class='ocrx_word' id='word_1_311' title='bbox 413 2531 786 2572; x_wconf 77' lang='lat' dir='ltr'>competerezfiquidetn</span> <span class='ocrx_word' id='word_1_312' title='bbox 805 2532 870 2571; x_wconf 85' lang='lat' dir='ltr'>ejus</span> <span class='ocrx_word' id='word_1_313' title='bbox 889 2529 944 2562; x_wconf 89' lang='lat' dir='ltr'>fie-</span> 
     </span>
     <span class='ocr_line' id='line_1_53' title="bbox 82 2571 941 2613; baseline 0.001 -12"><span class='ocrx_word' id='word_1_314' title='bbox 82 2572 107 2601; x_wconf 88' lang='lat' dir='ltr'>ri</span> <span class='ocrx_word' id='word_1_315' title='bbox 125 2579 176 2602; x_wconf 87' lang='lat' dir='ltr'>aut</span> <span class='ocrx_word' id='word_1_316' title='bbox 202 2573 266 2602; x_wconf 84' lang='lat' dir='ltr'>dari</span> <span class='ocrx_word' id='word_1_317' title='bbox 292 2575 378 2612; x_wconf 71' lang='lat' dir='ltr'>quod</span> <span class='ocrx_word' id='word_1_318' title='bbox 403 2573 584 2611; x_wconf 87' lang='lat' dir='ltr'>mandavit,</span> <span class='ocrx_word' id='word_1_319' title='bbox 606 2582 778 2613; x_wconf 83' lang='lat' dir='ltr'>numquam</span> <span class='ocrx_word' id='word_1_320' title='bbox 802 2571 941 2603; x_wconf 88' lang='lat' dir='ltr'>interest.</span> 
     </span>
     <span class='ocr_line' id='line_1_54' title="bbox 82 2613 943 2653; baseline 0.002 -12"><span class='ocrx_word' id='word_1_321' title='bbox 82 2613 151 2641; x_wconf 84' lang='lat' dir='ltr'>vult</span> <span class='ocrx_word' id='word_1_322' title='bbox 176 2614 278 2650; x_wconf 79' lang='lat' dir='ltr'>enim,</span> <span class='ocrx_word' id='word_1_323' title='bbox 302 2615 389 2653; x_wconf 82' lang='lat' dir='ltr'>quod</span> <span class='ocrx_word' id='word_1_324' title='bbox 415 2615 567 2652; x_wconf 81' lang='lat' dir='ltr'>mandat,</span> <span class='ocrx_word' id='word_1_325' title='bbox 599 2614 667 2645; x_wconf 85' lang='lat' dir='ltr'>fieri</span> <span class='ocrx_word' id='word_1_326' title='bbox 696 2623 784 2652; x_wconf 88' lang='lat' dir='ltr'>tum;</span> <span class='ocrx_word' id='word_1_327' title='bbox 808 2623 880 2645; x_wconf 87' lang='lat' dir='ltr'>cum</span> <span class='ocrx_word' id='word_1_328' title='bbox 904 2613 943 2644; x_wconf 88' lang='lat' dir='ltr'>ad</span> 
     </span>
     <span class='ocr_line' id='line_1_55' title="bbox 85 2653 942 2695; baseline 0.005 -14"><span class='ocrx_word' id='word_1_329' title='bbox 85 2660 175 2688; x_wconf 80' lang='lat' dir='ltr'>cum,</span> <span class='ocrx_word' id='word_1_330' title='bbox 198 2660 299 2684; x_wconf 87' lang='lat' dir='ltr'>utrum</span> <span class='ocrx_word' id='word_1_331' title='bbox 323 2653 397 2693; x_wconf 74' lang='lat' dir='ltr'>fiat,</span> <span class='ocrx_word' id='word_1_332' title='bbox 421 2665 458 2687; x_wconf 89' lang='lat' dir='ltr'>an</span> <span class='ocrx_word' id='word_1_333' title='bbox 486 2665 550 2687; x_wconf 87' lang='lat' dir='ltr'>non</span> <span class='ocrx_word' id='word_1_334' title='bbox 575 2654 648 2694; x_wconf 85' lang='lat' dir='ltr'>fiat,</span> <span class='ocrx_word' id='word_1_335' title='bbox 672 2665 737 2686; x_wconf 90' lang='lat' dir='ltr'>non</span> <span class='ocrx_word' id='word_1_336' title='bbox 759 2654 942 2695; x_wconf 84' lang='lat' dir='ltr'>pertinebit.</span> 
     </span>
     <span class='ocr_line' id='line_1_56' title="bbox 84 2691 942 2736; baseline 0.002 -13"><span class='ocrx_word' id='word_1_337' title='bbox 84 2691 127 2735; x_wconf 56' lang='lat' dir='ltr'>At</span> <span class='ocrx_word' id='word_1_338' title='bbox 155 2693 223 2731; x_wconf 73' lang='lat' dir='ltr'>quis</span> <span class='ocrx_word' id='word_1_339' title='bbox 245 2693 358 2731; x_wconf 87' lang='lat' dir='ltr'>nescit,</span> <span class='ocrx_word' id='word_1_340' title='bbox 383 2705 446 2727; x_wconf 90' lang='lat' dir='ltr'>non</span> <span class='ocrx_word' id='word_1_341' title='bbox 465 2706 538 2728; x_wconf 91' lang='lat' dir='ltr'>ante</span> <span class='ocrx_word' id='word_1_342' title='bbox 553 2704 739 2736; x_wconf 82' lang='lat' dir='ltr'>competere</span> <span class='ocrx_word' id='word_1_343' title='bbox 758 2697 894 2728; x_wconf 86' lang='lat' dir='ltr'>mandati</span> <span class='ocrx_word' id='word_1_344' title='bbox 913 2705 942 2725; x_wconf 87' lang='lat' dir='ltr'>a·</span> 
     </span>
     <span class='ocr_line' id='line_1_57' title="bbox 87 2731 944 2778; baseline -0.004 -8"><span class='ocrx_word' id='word_1_345' title='bbox 87 2731 244 2770; x_wconf 61' lang='grc' dir='ltr'>ἃ’θ’-’ν’ἒῐῃ,</span> <span class='ocrx_word' id='word_1_346' title='bbox 266 2739 358 2773; x_wconf 76' lang='lat' dir='ltr'>qnam</span> <span class='ocrx_word' id='word_1_347' title='bbox 381 2739 517 2778; x_wconf 86' lang='lat' dir='ltr'>coeperit</span> <span class='ocrx_word' id='word_1_348' title='bbox 542 2737 687 2769; x_wconf 83' lang='lat' dir='ltr'>interesse</span> <span class='ocrx_word' id='word_1_349' title='bbox 708 2738 774 2778; x_wconf 82' lang='lat' dir='ltr'>ejus</span> <span class='ocrx_word' id='word_1_350' title='bbox 789 2738 842 2777; x_wconf 92' lang='lat' dir='ltr'>qui</span> <span class='ocrx_word' id='word_1_351' title='bbox 860 2745 944 2768; x_wconf 86' lang='lat' dir='ltr'>man-</span> 
     </span>
     <span class='ocr_line' id='line_1_58' title="bbox 85 2774 941 2818; baseline 0.006 -15"><span class='ocrx_word' id='word_1_352' title='bbox 85 2774 191 2817; x_wconf 64' lang='lat' dir='ltr'>davit:</span> <span class='ocrx_word' id='word_1_353' title='bbox 214 2782 379 2818; x_wconf 72' lang='lat' dir='ltr'>caeterum,</span> <span class='ocrx_word' id='word_1_354' title='bbox 401 2777 422 2809; x_wconf 86' lang='lat' dir='ltr'>fi</span> <span class='ocrx_word' id='word_1_355' title='bbox 449 2779 525 2810; x_wconf 92' lang='lat' dir='ltr'>nihil</span> <span class='ocrx_word' id='word_1_356' title='bbox 547 2778 693 2817; x_wconf 87' lang='lat' dir='ltr'>interest,</span> <span class='ocrx_word' id='word_1_357' title='bbox 717 2779 833 2810; x_wconf 74' lang='lat' dir='ltr'>cessare</span> <span class='ocrx_word' id='word_1_358' title='bbox 857 2787 941 2809; x_wconf 83' lang='lat' dir='ltr'>inan-</span> 
     </span>
     <span class='ocr_line' id='line_1_59' title="bbox 86 2813 944 2860; baseline 0.009 -18"><span class='ocrx_word' id='word_1_359' title='bbox 86 2813 149 2859; x_wconf 70' lang='lat' dir='ltr'>davi</span> <span class='ocrx_word' id='word_1_360' title='bbox 169 2814 340 2853; x_wconf 61' lang='lat' dir='ltr'>actioneim</span> <span class='ocrx_word' id='word_1_361' title='bbox 364 2818 391 2848; x_wconf 71' lang='lat' dir='ltr'>&lt;St</span> <span class='ocrx_word' id='word_1_362' title='bbox 416 2827 546 2851; x_wconf 87' lang='lat' dir='ltr'>eatenus</span> <span class='ocrx_word' id='word_1_363' title='bbox 561 2829 767 2859; x_wconf 85' lang='lat' dir='ltr'>competere,</span> <span class='ocrx_word' id='word_1_364' title='bbox 790 2828 944 2860; x_wconf 76' lang='lat' dir='ltr'>quatenus</span> 
     </span>
     <span class='ocr_line' id='line_1_60' title="bbox 87 2854 946 2900; baseline 0.003 -13"><span class='ocrx_word' id='word_1_365' title='bbox 87 2854 217 2885; x_wconf 75' lang='lat' dir='ltr'>:ntercst</span> <span class='ocrx_word' id='word_1_366' title='bbox 235 2855 253 2885; x_wconf 83' lang='lat' dir='ltr'>l.</span> <span class='ocrx_word' id='word_1_367' title='bbox 273 2860 300 2888; x_wconf 83' lang='lat'><strong>8.</strong></span> <span class='ocrx_word' id='word_1_368' title='bbox 319 2857 346 2897; x_wconf 57' lang='grc' dir='ltr'>ἓ.</span> <span class='ocrx_word' id='word_1_369' title='bbox 365 2862 396 2888; x_wconf 87' lang='lat'><strong>6.</strong></span> <span class='ocrx_word' id='word_1_370' title='bbox 414 2858 458 2891; x_wconf 95' lang='lat' dir='ltr'>D.</span> <span class='ocrx_word' id='word_1_371' title='bbox 477 2860 617 2891; x_wconf 63' lang='lat' dir='ltr'>Mundam·</span> <span class='ocrx_word' id='word_1_372' title='bbox 631 2862 676 2892; x_wconf 80' lang='lat' dir='ltr'>vel</span> <span class='ocrx_word' id='word_1_373' title='bbox 692 2868 799 2892; x_wconf 74' lang='lat' dir='ltr'>contra.</span> <span class='ocrx_word' id='word_1_374' title='bbox 849 2860 946 2900; x_wconf 73' lang='lat' dir='ltr'>Igitur</span> 
     </span>
     <span class='ocr_line' id='line_1_61' title="bbox 86 2895 946 2940; baseline 0.008 -15"><span class='ocrx_word' id='word_1_375' title='bbox 86 2895 208 2926; x_wconf 77' lang='lat' dir='ltr'>colluto</span> <span class='ocrx_word' id='word_1_376' title='bbox 226 2897 295 2934; x_wconf 84' lang='lat' dir='ltr'>post</span> <span class='ocrx_word' id='word_1_377' title='bbox 311 2900 501 2932; x_wconf 85' lang='lat' dir='ltr'>mandatoris</span> <span class='ocrx_word' id='word_1_378' title='bbox 516 2910 651 2933; x_wconf 87' lang='lat' dir='ltr'>mortem</span> <span class='ocrx_word' id='word_1_379' title='bbox 670 2903 840 2940; x_wconf 83' lang='lat' dir='ltr'>mandato,</span> <span class='ocrx_word' id='word_1_380' title='bbox 857 2910 946 2932; x_wconf 90' lang='lat' dir='ltr'>num-</span> 
     </span>
     <span class='ocr_line' id='line_1_62' title="bbox 84 2937 945 2983; baseline 0.008 -18"><span class='ocrx_word' id='word_1_381' title='bbox 84 2945 180 2977; x_wconf 82' lang='lat' dir='ltr'>quam</span> <span class='ocrx_word' id='word_1_382' title='bbox 206 2937 287 2983; x_wconf 77' lang='lat' dir='ltr'>valet</span> <span class='ocrx_word' id='word_1_383' title='bbox 311 2939 488 2970; x_wconf 86' lang='lat' dir='ltr'>mandatum</span> <span class='ocrx_word' id='word_1_384' title='bbox 513 2941 582 2981; x_wconf 85' lang='lat' dir='ltr'>post</span> <span class='ocrx_word' id='word_1_385' title='bbox 604 2943 668 2982; x_wconf 79' lang='lat' dir='ltr'>ejus</span> <span class='ocrx_word' id='word_1_386' title='bbox 691 2952 847 2974; x_wconf 79' lang='lat' dir='ltr'>mortem:</span> <span class='ocrx_word' id='word_1_387' title='bbox 873 2943 945 2981; x_wconf 88' lang='lat' dir='ltr'>quia</span> 
     </span>
     <span class='ocr_line' id='line_1_63' title="bbox 82 2980 944 3022; baseline 0.006 -13"><span class='ocrx_word' id='word_1_388' title='bbox 82 2986 257 3022; x_wconf 75' lang='lat' dir='ltr'>numquam</span> <span class='ocrx_word' id='word_1_389' title='bbox 276 2987 304 3009; x_wconf 85' lang='lat' dir='ltr'>in</span> <span class='ocrx_word' id='word_1_390' title='bbox 322 2989 362 3010; x_wconf 85' lang='lat' dir='ltr'>eo</span> <span class='ocrx_word' id='word_1_391' title='bbox 377 2980 514 3012; x_wconf 87' lang='lat' dir='ltr'>confistit</span> <span class='ocrx_word' id='word_1_392' title='bbox 530 2985 665 3014; x_wconf 86' lang='lat' dir='ltr'>mandati</span> <span class='ocrx_word' id='word_1_393' title='bbox 683 2985 774 3016; x_wconf 71' lang='lat' dir='ltr'>actio.</span> <span class='ocrx_word' id='word_1_394' title='bbox 801 2983 872 3014; x_wconf 89' lang='lat' dir='ltr'>Nec</span> <span class='ocrx_word' id='word_1_395' title='bbox 882 2993 944 3015; x_wconf 86' lang='lat' dir='ltr'>ma-</span> 
     </span>
     <span class='ocr_line' id='line_1_64' title="bbox 82 3019 943 3065; baseline 0.008 -17"><span class='ocrx_word' id='word_1_396' title='bbox 82 3019 266 3065; x_wconf 21' lang='lat' dir='ltr'>gis‘initiuqm</span> <span class='ocrx_word' id='word_1_397' title='bbox 285 3020 324 3051; x_wconf 88' lang='lat' dir='ltr'>ab</span> <span class='ocrx_word' id='word_1_398' title='bbox 335 3021 400 3060; x_wconf 81' lang='lat' dir='ltr'>ejus</span> <span class='ocrx_word' id='word_1_399' title='bbox 420 3022 536 3054; x_wconf 88' lang='lat' dir='ltr'>herede</span> <span class='ocrx_word' id='word_1_400' title='bbox 550 3025 685 3059; x_wconf 81' lang='lat' dir='ltr'>accipit:</span> <span class='ocrx_word' id='word_1_401' title='bbox 708 3026 779 3065; x_wconf 82' lang='lat' dir='ltr'>quia</span> <span class='ocrx_word' id='word_1_402' title='bbox 798 3034 860 3055; x_wconf 88' lang='lat' dir='ltr'>non</span> <span class='ocrx_word' id='word_1_403' title='bbox 881 3025 943 3064; x_wconf 89' lang='lat' dir='ltr'>pla-</span> 
     </span>
     <span class='ocr_line' id='line_1_65' title="bbox 84 3062 944 3099; baseline 0.007 -8"><span class='ocrx_word' id='word_1_404' title='bbox 84 3067 151 3091; x_wconf 80' lang='lat' dir='ltr'>cuit</span> <span class='ocrx_word' id='word_1_405' title='bbox 176 3062 374 3099; x_wconf 79' lang='lat' dir='ltr'>antiquitati,</span> <span class='ocrx_word' id='word_1_406' title='bbox 397 3063 537 3095; x_wconf 70' lang='lat' dir='ltr'>actiones</span> <span class='ocrx_word' id='word_1_407' title='bbox 559 3064 596 3095; x_wconf 82' lang='lat' dir='ltr'>ab</span> <span class='ocrx_word' id='word_1_408' title='bbox 622 3064 740 3097; x_wconf 88' lang='lat' dir='ltr'>herede</span> <span class='ocrx_word' id='word_1_409' title='bbox 762 3074 814 3097; x_wconf 86' lang='lat' dir='ltr'>aut</span> <span class='ocrx_word' id='word_1_410' title='bbox 832 3073 944 3097; x_wconf 89' lang='lat' dir='ltr'>contra</span> 
     </span>
     <span class='ocr_line' id='line_1_66' title="bbox 84 3100 942 3142; baseline 0.009 -13"><span class='ocrx_word' id='word_1_411' title='bbox 84 3100 218 3133; x_wconf 81' lang='lat' dir='ltr'>heredes</span> <span class='ocrx_word' id='word_1_412' title='bbox 237 3102 379 3142; x_wconf 82' lang='lat' dir='ltr'>incipere</span> <span class='ocrx_word' id='word_1_413' title='bbox 400 3103 419 3133; x_wconf 82' lang='lat' dir='ltr'>l.</span> <span class='ocrx_word' id='word_1_414' title='bbox 436 3105 513 3135; x_wconf 82' lang='lat' dir='ltr'>unic.</span> <span class='ocrx_word' id='word_1_415' title='bbox 532 3105 564 3135; x_wconf 94' lang='lat' dir='ltr'>C.</span> <span class='ocrx_word' id='word_1_416' title='bbox 599 3105 641 3136; x_wconf 71' lang='lat' dir='ltr'>Ut</span> <span class='ocrx_word' id='word_1_417' title='bbox 658 3106 780 3138; x_wconf 59' lang='lat' dir='ltr'>ausones</span> <span class='ocrx_word' id='word_1_418' title='bbox 794 3105 831 3140; x_wconf 53' lang='grc' dir='ltr'>ὅ)</span> <span class='ocrx_word' id='word_1_419' title='bbox 846 3108 882 3138; x_wconf 83' lang='lat' dir='ltr'>ab</span> <span class='ocrx_word' id='word_1_420' title='bbox 898 3107 942 3137; x_wconf 83' lang='lat' dir='ltr'>be-</span> 
     </span>
     <span class='ocr_line' id='line_1_67' title="bbox 84 3141 942 3188; baseline 0.008 -16"><span class='ocrx_word' id='word_1_421' title='bbox 84 3143 148 3174; x_wconf 77' lang='lat' dir='ltr'>recle</span> <span class='ocrx_word' id='word_1_422' title='bbox 172 3141 208 3176; x_wconf 60' lang='grc' dir='ltr'>ὅ)</span> <span class='ocrx_word' id='word_1_423' title='bbox 223 3150 320 3174; x_wconf 56' lang='lat' dir='ltr'>contra</span> <span class='ocrx_word' id='word_1_424' title='bbox 338 3145 462 3176; x_wconf 79' lang='lat' dir='ltr'>heredem</span> <span class='ocrx_word' id='word_1_425' title='bbox 477 3146 627 3186; x_wconf 77' lang='lat' dir='ltr'>incipiant.</span> <span class='ocrx_word' id='word_1_426' title='bbox 677 3147 775 3178; x_wconf 77' lang='lat' dir='ltr'>Dices</span> <span class='ocrx_word' id='word_1_427' title='bbox 794 3146 942 3188; x_wconf 84' lang='lat' dir='ltr'>fortasse,</span> 
     </span>
     <span class='ocr_line' id='line_1_68' title="bbox 82 3185 943 3228; baseline 0.007 -13"><span class='ocrx_word' id='word_1_428' title='bbox 82 3192 151 3215; x_wconf 86' lang='lat' dir='ltr'>eam</span> <span class='ocrx_word' id='word_1_429' title='bbox 168 3185 304 3223; x_wconf 75' lang='lat' dir='ltr'>regulum</span> <span class='ocrx_word' id='word_1_430' title='bbox 322 3195 338 3216; x_wconf 84' lang='lat' dir='ltr'>a</span> <span class='ocrx_word' id='word_1_431' title='bbox 353 3185 525 3223; x_wconf 20' lang='lat' dir='ltr'>‘iustiniano</span> <span class='ocrx_word' id='word_1_432' title='bbox 541 3189 679 3228; x_wconf 81' lang='lat' dir='ltr'>expungi</span> <span class='ocrx_word' id='word_1_433' title='bbox 696 3190 724 3219; x_wconf 80' lang='lat' dir='ltr'>d.</span> <span class='ocrx_word' id='word_1_434' title='bbox 742 3189 761 3221; x_wconf 87' lang='lat' dir='ltr'>l.</span> <span class='ocrx_word' id='word_1_435' title='bbox 777 3190 854 3219; x_wconf 77' lang='lat' dir='ltr'>unic.</span> <span class='ocrx_word' id='word_1_436' title='bbox 881 3189 943 3221; x_wconf 89' lang='lat' dir='ltr'>Sed</span> 
     </span>
    </p>
   </div>
   <div class='ocr_carea' id='block_1_14' title="bbox 78 3225 939 3298">
    <p class='ocr_par' dir='ltr' id='par_1_15' title="bbox 78 3225 939 3298">
     <span class='ocr_line' id='line_1_69' title="bbox 78 3225 939 3298; baseline 0.008 -41"><span class='ocrx_word' id='word_1_437' title='bbox 78 3225 112 3257; x_wconf 88' lang='lat' dir='ltr'>id</span> <span class='ocrx_word' id='word_1_438' title='bbox 123 3233 187 3296; x_wconf 52' lang='lat' dir='ltr'>ane</span> <span class='ocrx_word' id='word_1_439' title='bbox 215 3225 291 3298; x_wconf 71' lang='lat' dir='ltr'>nlihil</span> <span class='ocrx_word' id='word_1_440' title='bbox 317 3227 438 3260; x_wconf 74' lang='lat' dir='ltr'>turbat:</span> <span class='ocrx_word' id='word_1_441' title='bbox 464 3228 535 3269; x_wconf 82' lang='lat' dir='ltr'>quia</span> <span class='ocrx_word' id='word_1_442' title='bbox 561 3229 665 3262; x_wconf 80' lang='lat' dir='ltr'>adhuc</span> <span class='ocrx_word' id='word_1_443' title='bbox 691 3240 799 3263; x_wconf 86' lang='lat' dir='ltr'>verum</span> <span class='ocrx_word' id='word_1_444' title='bbox 816 3239 939 3270; x_wconf 80' lang='lat' dir='ltr'>manet,</span> 
     </span>
     <span class='ocr_line' id='line_1_70' title="bbox 147 3275 249 3298; baseline 0.02 -2"><span class='ocrx_word' id='word_1_445' title='bbox 147 3275 198 3298; x_wconf 76' lang='lat' dir='ltr'>vm.</span> <span class='ocrx_word' id='word_1_446' title='bbox 242 3289 249 3298; x_wconf 88' lang='lat'>.</span> 
     </span>
    </p>
   </div>
   <div class='ocr_carea' id='block_1_15' title="bbox 63 1077 103 1174">
    <p class='ocr_par' dir='ltr' id='par_1_16' title="bbox 63 1077 103 1174">
     <span class='ocr_line' id='line_1_71' title="bbox 63 1077 103 1174; textangle 90"><span class='ocrx_word' id='word_1_447' title='bbox 63 1077 103 1174; x_wconf 55' lang='lat' dir='ltr'>²³2(ss</span> 
     </span>
    </p>
   </div>
   <div class='ocr_carea' id='block_1_16' title="bbox 87 1112 109 1192">
    <p class='ocr_par' dir='ltr' id='par_1_17' title="bbox 87 1112 109 1192">
     <span class='ocr_line' id='line_1_72' title="bbox 97 1112 104 1125; baseline 0 0"><span class='ocrx_word' id='word_1_448' title='bbox 97 1112 104 1125; x_wconf 74' lang='lat' dir='ltr'><strong>i</strong></span> 
     </span>
     <span class='ocr_line' id='line_1_73' title="bbox 87 1137 106 1156; baseline 0 0"><span class='ocrx_word' id='word_1_449' title='bbox 87 1137 95 1148; x_wconf 56' lang='grc'>,</span> <span class='ocrx_word' id='word_1_450' title='bbox 99 1151 106 1156; x_wconf 60' lang='lat' dir='ltr'>a</span> 
     </span>
     <span class='ocr_line' id='line_1_74' title="bbox 87 1162 109 1192; baseline 0.045 -8"><span class='ocrx_word' id='word_1_451' title='bbox 87 1162 109 1192; x_wconf 51' lang='grc' dir='ltr'>ς,</span> 
     </span>
    </p>
   </div>
   <div class='ocr_carea' id='block_1_17' title="bbox 113 1181 148 1211">
    <p class='ocr_par' dir='ltr' id='par_1_18' title="bbox 113 1181 148 1211">
     <span class='ocr_line' id='line_1_75' title="bbox 113 1181 148 1211; baseline 0 -2"><span class='ocrx_word' id='word_1_452' title='bbox 113 1181 148 1211; x_wconf 36' lang='lat' dir='ltr'>&gt;a</span> 
     </span>
    </p>
   </div>
   <div class='ocr_carea' id='block_1_18' title="bbox 65 1177 92 1217">
    <p class='ocr_par' dir='ltr' id='par_1_19' title="bbox 65 1177 92 1217">
     <span class='ocr_line' id='line_1_76' title="bbox 65 1177 92 1217; textangle 90"><span class='ocrx_word' id='word_1_453' title='bbox 65 1177 92 1217; x_wconf 57' lang='lat'>910</span> 
     </span>
    </p>
   </div>
   <div class='ocr_carea' id='block_1_19' title="bbox 974 1045 1895 3309">
    <p class='ocr_par' dir='ltr' id='par_1_20' title="bbox 974 1045 1895 2941">
     <span class='ocr_line' id='line_1_77' title="bbox 974 1045 1849 1088; baseline 0.007 -14"><span class='ocrx_word' id='word_1_454' title='bbox 974 1052 1065 1081; x_wconf 84' lang='lat' dir='ltr'>eam,</span> <span class='ocrx_word' id='word_1_455' title='bbox 1090 1051 1259 1084; x_wconf 85' lang='lat' dir='ltr'>antequam</span> <span class='ocrx_word' id='word_1_456' title='bbox 1284 1051 1480 1085; x_wconf 83' lang='lat' dir='ltr'>mutaretur,</span> <span class='ocrx_word' id='word_1_457' title='bbox 1505 1056 1597 1079; x_wconf 88' lang='lat' dir='ltr'>certo</span> <span class='ocrx_word' id='word_1_458' title='bbox 1622 1046 1690 1087; x_wconf 80' lang='lat' dir='ltr'>jure</span> <span class='ocrx_word' id='word_1_459' title='bbox 1708 1045 1849 1088; x_wconf 72' lang='lat' dir='ltr'>viguisse.</span> 
     </span>
     <span class='ocr_line' id='line_1_78' title="bbox 975 1084 1851 1129; baseline 0.003 -13"><span class='ocrx_word' id='word_1_460' title='bbox 975 1085 1110 1126; x_wconf 87' lang='lat' dir='ltr'>proinde</span> <span class='ocrx_word' id='word_1_461' title='bbox 1133 1084 1153 1116; x_wconf 82' lang='lat' dir='ltr'>si</span> <span class='ocrx_word' id='word_1_462' title='bbox 1178 1087 1216 1116; x_wconf 85' lang='lat' dir='ltr'>ad</span> <span class='ocrx_word' id='word_1_463' title='bbox 1234 1085 1427 1126; x_wconf 82' lang='lat' dir='ltr'>Ulpianum,</span> <span class='ocrx_word' id='word_1_464' title='bbox 1452 1088 1588 1129; x_wconf 72' lang='lat' dir='ltr'>Gaium,</span> <span class='ocrx_word' id='word_1_465' title='bbox 1615 1089 1764 1126; x_wconf 82' lang='lat' dir='ltr'>Paulum,</span> <span class='ocrx_word' id='word_1_466' title='bbox 1789 1095 1851 1119; x_wconf 78' lang='lat' dir='ltr'>cae=</span> 
     </span>
     <span class='ocr_line' id='line_1_79' title="bbox 976 1126 1851 1170; baseline 0.002 -12"><span class='ocrx_word' id='word_1_467' title='bbox 976 1136 1129 1166; x_wconf 84' lang='lat' dir='ltr'>terosque</span> <span class='ocrx_word' id='word_1_468' title='bbox 1155 1126 1328 1166; x_wconf 60' lang='lat' dir='ltr'>spectamus</span> <span class='ocrx_word' id='word_1_469' title='bbox 1346 1127 1613 1170; x_wconf 77' lang='lat' dir='ltr'>jurisconsultos,</span> <span class='ocrx_word' id='word_1_470' title='bbox 1637 1131 1690 1170; x_wconf 81' lang='lat' dir='ltr'>qui</span> <span class='ocrx_word' id='word_1_471' title='bbox 1710 1136 1783 1162; x_wconf 89' lang='lat' dir='ltr'>ante</span> <span class='ocrx_word' id='word_1_472' title='bbox 1799 1129 1851 1168; x_wconf 78' lang='lat' dir='ltr'>Ju-</span> 
     </span>
     <span class='ocr_line' id='line_1_80' title="bbox 974 1167 1849 1211; baseline 0.005 -12"><span class='ocrx_word' id='word_1_473' title='bbox 974 1168 1140 1200; x_wconf 85' lang='lat' dir='ltr'>stinianum</span> <span class='ocrx_word' id='word_1_474' title='bbox 1165 1167 1323 1206; x_wconf 84' lang='lat' dir='ltr'>floruere,</span> <span class='ocrx_word' id='word_1_475' title='bbox 1347 1178 1519 1209; x_wconf 88' lang='lat' dir='ltr'>numquam</span> <span class='ocrx_word' id='word_1_476' title='bbox 1539 1181 1589 1203; x_wconf 83' lang='lat' dir='ltr'>me</span> <span class='ocrx_word' id='word_1_477' title='bbox 1606 1172 1716 1202; x_wconf 91' lang='lat' dir='ltr'>induci</span> <span class='ocrx_word' id='word_1_478' title='bbox 1734 1171 1849 1211; x_wconf 76' lang='lat' dir='ltr'>sinam,</span> 
     </span>
     <span class='ocr_line' id='line_1_81' title="bbox 976 1209 1851 1248; baseline 0.003 -8"><span class='ocrx_word' id='word_1_479' title='bbox 976 1211 1020 1240; x_wconf 90' lang='lat' dir='ltr'>uti</span> <span class='ocrx_word' id='word_1_480' title='bbox 1037 1209 1194 1241; x_wconf 88' lang='lat' dir='ltr'>calculum</span> <span class='ocrx_word' id='word_1_481' title='bbox 1213 1218 1317 1241; x_wconf 90' lang='lat' dir='ltr'>meum</span> <span class='ocrx_word' id='word_1_482' title='bbox 1328 1211 1472 1248; x_wconf 83' lang='lat' dir='ltr'>adjiciam</span> <span class='ocrx_word' id='word_1_483' title='bbox 1489 1213 1653 1244; x_wconf 85' lang='lat' dir='ltr'>sententiae</span> <span class='ocrx_word' id='word_1_484' title='bbox 1670 1212 1851 1244; x_wconf 68' lang='lat' dir='ltr'>existiman-</span> 
     </span>
     <span class='ocr_line' id='line_1_82' title="bbox 976 1251 1851 1291; baseline 0.002 -9"><span class='ocrx_word' id='word_1_485' title='bbox 976 1252 1076 1288; x_wconf 84' lang='lat' dir='ltr'>tium,</span> <span class='ocrx_word' id='word_1_486' title='bbox 1099 1251 1281 1282; x_wconf 82' lang='lat' dir='ltr'>mandatum</span> <span class='ocrx_word' id='word_1_487' title='bbox 1306 1251 1379 1291; x_wconf 87' lang='lat' dir='ltr'>post</span> <span class='ocrx_word' id='word_1_488' title='bbox 1401 1254 1596 1285; x_wconf 87' lang='lat' dir='ltr'>mandatoris</span> <span class='ocrx_word' id='word_1_489' title='bbox 1613 1262 1751 1285; x_wconf 84' lang='lat' dir='ltr'>mortem</span> <span class='ocrx_word' id='word_1_490' title='bbox 1769 1253 1851 1284; x_wconf 80' lang='lat' dir='ltr'>lusti-</span> 
     </span>
     <span class='ocr_line' id='line_1_83' title="bbox 975 1291 1853 1334; baseline 0.002 -10"><span class='ocrx_word' id='word_1_491' title='bbox 975 1293 1042 1324; x_wconf 88' lang='lat' dir='ltr'>neri</span> <span class='ocrx_word' id='word_1_492' title='bbox 1065 1292 1158 1329; x_wconf 78' lang='lat' dir='ltr'>ideo,</span> <span class='ocrx_word' id='word_1_493' title='bbox 1181 1293 1269 1332; x_wconf 88' lang='lat' dir='ltr'>quod</span> <span class='ocrx_word' id='word_1_494' title='bbox 1292 1291 1329 1324; x_wconf 88' lang='lat' dir='ltr'>fit</span> <span class='ocrx_word' id='word_1_495' title='bbox 1351 1293 1420 1333; x_wconf 85' lang='lat' dir='ltr'>post</span> <span class='ocrx_word' id='word_1_496' title='bbox 1439 1295 1505 1334; x_wconf 89' lang='lat' dir='ltr'>ejus</span> <span class='ocrx_word' id='word_1_497' title='bbox 1529 1302 1666 1326; x_wconf 88' lang='lat' dir='ltr'>mortem</span> <span class='ocrx_word' id='word_1_498' title='bbox 1687 1295 1853 1326; x_wconf 84' lang='lat' dir='ltr'>collatum.</span> 
     </span>
     <span class='ocr_line' id='line_1_84' title="bbox 978 1333 1852 1376; baseline 0.002 -12"><span class='ocrx_word' id='word_1_499' title='bbox 978 1333 1050 1366; x_wconf 87' lang='lat' dir='ltr'>Nec</span> <span class='ocrx_word' id='word_1_500' title='bbox 1067 1333 1243 1374; x_wconf 83' lang='lat' dir='ltr'>proclivior</span> <span class='ocrx_word' id='word_1_501' title='bbox 1259 1343 1329 1365; x_wconf 89' lang='lat' dir='ltr'>eam</span> <span class='ocrx_word' id='word_1_502' title='bbox 1347 1335 1377 1365; x_wconf 88' lang='lat' dir='ltr'>in</span> <span class='ocrx_word' id='word_1_503' title='bbox 1410 1343 1534 1375; x_wconf 90' lang='lat' dir='ltr'>partem</span> <span class='ocrx_word' id='word_1_504' title='bbox 1550 1335 1603 1367; x_wconf 87' lang='lat' dir='ltr'>fim</span> <span class='ocrx_word' id='word_1_505' title='bbox 1626 1335 1696 1376; x_wconf 80' lang='lat' dir='ltr'>post</span> <span class='ocrx_word' id='word_1_506' title='bbox 1711 1335 1852 1374; x_wconf 83' lang='lat' dir='ltr'>justinia·</span> 
     </span>
     <span class='ocr_line' id='line_1_85' title="bbox 977 1373 1855 1417; baseline 0.002 -11"><span class='ocrx_word' id='word_1_507' title='bbox 977 1376 1008 1407; x_wconf 93' lang='lat' dir='ltr'>ni</span> <span class='ocrx_word' id='word_1_508' title='bbox 1027 1373 1321 1414; x_wconf 84' lang='lat' dir='ltr'>Constitutionem3</span> <span class='ocrx_word' id='word_1_509' title='bbox 1346 1375 1513 1417; x_wconf 85' lang='lat' dir='ltr'>postquam</span> <span class='ocrx_word' id='word_1_510' title='bbox 1537 1377 1634 1409; x_wconf 91' lang='lat' dir='ltr'>visum</span> <span class='ocrx_word' id='word_1_511' title='bbox 1654 1379 1696 1408; x_wconf 91' lang='lat' dir='ltr'>illi</span> <span class='ocrx_word' id='word_1_512' title='bbox 1717 1376 1855 1417; x_wconf 88' lang='lat' dir='ltr'>[mpera-</span> 
     </span>
     <span class='ocr_line' id='line_1_86' title="bbox 978 1415 1853 1457; baseline 0.003 -10"><span class='ocrx_word' id='word_1_513' title='bbox 978 1418 1039 1448; x_wconf 90' lang='lat' dir='ltr'>tori</span> <span class='ocrx_word' id='word_1_514' title='bbox 1057 1417 1087 1447; x_wconf 90' lang='lat' dir='ltr'>in</span> <span class='ocrx_word' id='word_1_515' title='bbox 1108 1415 1135 1457; x_wconf 59' lang='grc' dir='ltr'>ἓ,</span> <span class='ocrx_word' id='word_1_516' title='bbox 1158 1426 1205 1448; x_wconf 87' lang='lat'><strong>10.</strong></span> <span class='ocrx_word' id='word_1_517' title='bbox 1227 1415 1298 1456; x_wconf 83' lang='lat' dir='ltr'>Infl.</span> <span class='ocrx_word' id='word_1_518' title='bbox 1317 1418 1350 1447; x_wconf 86' lang='lat' dir='ltr'>de</span> <span class='ocrx_word' id='word_1_519' title='bbox 1367 1420 1523 1457; x_wconf 75' lang='lat' dir='ltr'>mandato,</span> <span class='ocrx_word' id='word_1_520' title='bbox 1540 1422 1679 1450; x_wconf 84' lang='lat' dir='ltr'>retinere</span> <span class='ocrx_word' id='word_1_521' title='bbox 1696 1419 1853 1450; x_wconf 82' lang='lat' dir='ltr'>Veterum</span> 
     </span>
     <span class='ocr_line' id='line_1_87' title="bbox 977 1458 1855 1499; baseline 0.001 -9"><span class='ocrx_word' id='word_1_522' title='bbox 977 1458 1186 1490; x_wconf 74' lang='lat' dir='ltr'>sententiam:</span> <span class='ocrx_word' id='word_1_523' title='bbox 1210 1459 1326 1497; x_wconf 85' lang='lat' dir='ltr'>quibus</span> <span class='ocrx_word' id='word_1_524' title='bbox 1344 1458 1492 1498; x_wconf 65' lang='lat' dir='ltr'>placuiss‘e</span> <span class='ocrx_word' id='word_1_525' title='bbox 1512 1461 1576 1491; x_wconf 87' lang='lat' dir='ltr'>dixi</span> <span class='ocrx_word' id='word_1_526' title='bbox 1591 1483 1600 1499; x_wconf 92' lang='lat'>,</span> <span class='ocrx_word' id='word_1_527' title='bbox 1628 1462 1708 1491; x_wconf 86' lang='lat' dir='ltr'>hanc</span> <span class='ocrx_word' id='word_1_528' title='bbox 1727 1464 1855 1492; x_wconf 81' lang='lat' dir='ltr'>manda-</span> 
     </span>
     <span class='ocr_line' id='line_1_88' title="bbox 979 1499 1853 1542; baseline 0.002 -11"><span class='ocrx_word' id='word_1_529' title='bbox 979 1508 1014 1531; x_wconf 90' lang='lat' dir='ltr'>to</span> <span class='ocrx_word' id='word_1_530' title='bbox 1031 1499 1169 1531; x_wconf 84' lang='lat' dir='ltr'>formam</span> <span class='ocrx_word' id='word_1_531' title='bbox 1188 1499 1279 1537; x_wconf 86' lang='lat' dir='ltr'>dare,</span> <span class='ocrx_word' id='word_1_532' title='bbox 1303 1506 1338 1529; x_wconf 85' lang='lat' dir='ltr'>ut</span> <span class='ocrx_word' id='word_1_533' title='bbox 1356 1502 1549 1532; x_wconf 83' lang='lat' dir='ltr'>mandatoris</span> <span class='ocrx_word' id='word_1_534' title='bbox 1567 1511 1669 1533; x_wconf 84' lang='lat' dir='ltr'>morte</span> <span class='ocrx_word' id='word_1_535' title='bbox 1687 1504 1853 1542; x_wconf 79' lang='lat' dir='ltr'>extingua-</span> 
     </span>
     <span class='ocr_line' id='line_1_89' title="bbox 978 1539 1855 1582; baseline 0.002 -10"><span class='ocrx_word' id='word_1_536' title='bbox 978 1549 1029 1572; x_wconf 86' lang='lat' dir='ltr'>tur</span> <span class='ocrx_word' id='word_1_537' title='bbox 1046 1541 1065 1571; x_wconf 78' lang='lat' dir='ltr'>l.</span> <span class='ocrx_word' id='word_1_538' title='bbox 1084 1544 1132 1572; x_wconf 85' lang='lat'><strong>26.</strong></span> <span class='ocrx_word' id='word_1_539' title='bbox 1149 1539 1191 1571; x_wconf 90' lang='lat' dir='ltr'>D.</span> <span class='ocrx_word' id='word_1_540' title='bbox 1209 1542 1267 1571; x_wconf 81' lang='lat' dir='ltr'>eod.</span> <span class='ocrx_word' id='word_1_541' title='bbox 1285 1541 1331 1571; x_wconf 78' lang='lat' dir='ltr'>tit.</span> <span class='ocrx_word' id='word_1_542' title='bbox 1374 1539 1420 1572; x_wconf 90' lang='lat' dir='ltr'>Ut</span> <span class='ocrx_word' id='word_1_543' title='bbox 1435 1543 1520 1574; x_wconf 89' lang='lat' dir='ltr'>enim</span> <span class='ocrx_word' id='word_1_544' title='bbox 1537 1552 1673 1574; x_wconf 76' lang='lat' dir='ltr'>maxime</span> <span class='ocrx_word' id='word_1_545' title='bbox 1692 1543 1753 1582; x_wconf 77' lang='lat' dir='ltr'>jam</span> <span class='ocrx_word' id='word_1_546' title='bbox 1770 1552 1855 1582; x_wconf 46' lang='lat' dir='ltr'>man&amp;</span> 
     </span>
     <span class='ocr_line' id='line_1_90' title="bbox 978 1581 1854 1624; baseline 0.001 -10"><span class='ocrx_word' id='word_1_547' title='bbox 978 1584 1085 1614; x_wconf 87' lang='lat' dir='ltr'>datum</span> <span class='ocrx_word' id='word_1_548' title='bbox 1098 1581 1168 1622; x_wconf 89' lang='lat' dir='ltr'>post</span> <span class='ocrx_word' id='word_1_549' title='bbox 1183 1581 1248 1622; x_wconf 84' lang='lat' dir='ltr'>ejus</span> <span class='ocrx_word' id='word_1_550' title='bbox 1263 1589 1401 1613; x_wconf 84' lang='lat' dir='ltr'>mortem</span> <span class='ocrx_word' id='word_1_551' title='bbox 1417 1584 1635 1624; x_wconf 82' lang='lat' dir='ltr'>concipiatur3</span> <span class='ocrx_word' id='word_1_552' title='bbox 1653 1592 1756 1615; x_wconf 85' lang='lat' dir='ltr'>tamen</span> <span class='ocrx_word' id='word_1_553' title='bbox 1776 1584 1854 1622; x_wconf 83' lang='lat' dir='ltr'>quid</span> 
     </span>
     <span class='ocr_line' id='line_1_91' title="bbox 978 1622 1854 1666; baseline 0 -10"><span class='ocrx_word' id='word_1_554' title='bbox 978 1623 1076 1656; x_wconf 88' lang='lat' dir='ltr'>causae</span> <span class='ocrx_word' id='word_1_555' title='bbox 1093 1623 1157 1662; x_wconf 86' lang='lat' dir='ltr'>est,</span> <span class='ocrx_word' id='word_1_556' title='bbox 1174 1632 1214 1654; x_wconf 89' lang='lat' dir='ltr'>ne</span> <span class='ocrx_word' id='word_1_557' title='bbox 1233 1630 1346 1654; x_wconf 86' lang='lat' dir='ltr'>contra</span> <span class='ocrx_word' id='word_1_558' title='bbox 1362 1622 1443 1663; x_wconf 86' lang='lat' dir='ltr'>Juris</span> <span class='ocrx_word' id='word_1_559' title='bbox 1459 1624 1595 1656; x_wconf 89' lang='lat' dir='ltr'>formam</span> <span class='ocrx_word' id='word_1_560' title='bbox 1607 1648 1617 1664; x_wconf 91' lang='lat'>,</span> <span class='ocrx_word' id='word_1_561' title='bbox 1632 1626 1771 1666; x_wconf 90' lang='lat' dir='ltr'>denique</span> <span class='ocrx_word' id='word_1_562' title='bbox 1787 1624 1854 1657; x_wconf 85' lang='lat' dir='ltr'>fru-</span> 
     </span>
     <span class='ocr_line' id='line_1_92' title="bbox 980 1663 1895 1708; baseline 0.005 -11"><span class='ocrx_word' id='word_1_563' title='bbox 980 1666 1059 1703; x_wconf 83' lang='lat' dir='ltr'>stra,</span> <span class='ocrx_word' id='word_1_564' title='bbox 1084 1665 1213 1705; x_wconf 91' lang='lat' dir='ltr'>concipi</span> <span class='ocrx_word' id='word_1_565' title='bbox 1231 1663 1455 1697; x_wconf 80' lang='lat' dir='ltr'>existimetur?</span> <span class='ocrx_word' id='word_1_566' title='bbox 1478 1665 1660 1708; x_wconf 86' lang='lat' dir='ltr'>Quomodo</span> <span class='ocrx_word' id='word_1_567' title='bbox 1675 1666 1706 1697; x_wconf 89' lang='lat' dir='ltr'>in</span> <span class='ocrx_word' id='word_1_568' title='bbox 1724 1667 1857 1707; x_wconf 88' lang='lat' dir='ltr'>pupilla·</span> <span class='ocrx_word' id='word_1_569' title='bbox 1894 1699 1895 1702; x_wconf 75' lang='grc'>,</span> 
     </span>
     <span class='ocr_line' id='line_1_93' title="bbox 980 1706 1856 1749; baseline 0.001 -10"><span class='ocrx_word' id='word_1_570' title='bbox 980 1709 1006 1739; x_wconf 90' lang='lat' dir='ltr'>ri</span> <span class='ocrx_word' id='word_1_571' title='bbox 1029 1706 1252 1738; x_wconf 86' lang='lat' dir='ltr'>substitutione</span> <span class='ocrx_word' id='word_1_572' title='bbox 1276 1714 1370 1746; x_wconf 81' lang='lat' dir='ltr'>quam</span> <span class='ocrx_word' id='word_1_573' title='bbox 1394 1707 1515 1748; x_wconf 85' lang='lat' dir='ltr'>placuit</span> <span class='ocrx_word' id='word_1_574' title='bbox 1533 1708 1703 1749; x_wconf 88' lang='lat' dir='ltr'>pubertate</span> <span class='ocrx_word' id='word_1_575' title='bbox 1720 1709 1856 1749; x_wconf 82' lang='lat' dir='ltr'>exspira-</span> 
     </span>
     <span class='ocr_line' id='line_1_94' title="bbox 979 1747 1857 1790; baseline 0.002 -10"><span class='ocrx_word' id='word_1_576' title='bbox 979 1758 1036 1785; x_wconf 86' lang='lat' dir='ltr'>re,</span> <span class='ocrx_word' id='word_1_577' title='bbox 1056 1749 1105 1788; x_wconf 85' lang='lat' dir='ltr'>jus</span> <span class='ocrx_word' id='word_1_578' title='bbox 1129 1747 1194 1786; x_wconf 80' lang='lat' dir='ltr'>est3</span> <span class='ocrx_word' id='word_1_579' title='bbox 1218 1756 1252 1778; x_wconf 92' lang='lat' dir='ltr'>ut</span> <span class='ocrx_word' id='word_1_580' title='bbox 1270 1770 1280 1785; x_wconf 95' lang='lat'>‚</span> <span class='ocrx_word' id='word_1_581' title='bbox 1309 1747 1386 1779; x_wconf 89' lang='lat' dir='ltr'>licet</span> <span class='ocrx_word' id='word_1_582' title='bbox 1415 1749 1538 1790; x_wconf 85' lang='lat' dir='ltr'>longius</span> <span class='ocrx_word' id='word_1_583' title='bbox 1562 1749 1857 1790; x_wconf 78' lang='lat' dir='ltr'>comprehendatur</span> 
     </span>
     <span class='ocr_line' id='line_1_95' title="bbox 982 1789 1856 1830; baseline 0.002 -9"><span class='ocrx_word' id='word_1_584' title='bbox 982 1798 1127 1828; x_wconf 79' lang='lat' dir='ltr'>tempus,</span> <span class='ocrx_word' id='word_1_585' title='bbox 1150 1789 1357 1820; x_wconf 86' lang='lat' dir='ltr'>nihilominus</span> <span class='ocrx_word' id='word_1_586' title='bbox 1379 1790 1550 1830; x_wconf 84' lang='lat' dir='ltr'>pubertate</span> <span class='ocrx_word' id='word_1_587' title='bbox 1574 1789 1701 1823; x_wconf 87' lang='lat' dir='ltr'>finiatur</span> <span class='ocrx_word' id='word_1_588' title='bbox 1723 1791 1744 1823; x_wconf 90' lang='lat' dir='ltr'>l.</span> <span class='ocrx_word' id='word_1_589' title='bbox 1764 1800 1810 1830; x_wconf 78' lang='lat'><strong>14.</strong></span> <span class='ocrx_word' id='word_1_590' title='bbox 1834 1792 1856 1824; x_wconf 85' lang='lat' dir='ltr'>l.</span> 
     </span>
     <span class='ocr_line' id='line_1_96' title="bbox 983 1828 1856 1873; baseline 0.003 -12"><span class='ocrx_word' id='word_1_591' title='bbox 983 1840 1010 1871; x_wconf 88' lang='lat'>7.</span> <span class='ocrx_word' id='word_1_592' title='bbox 1034 1829 1076 1861; x_wconf 91' lang='lat' dir='ltr'>D.</span> <span class='ocrx_word' id='word_1_593' title='bbox 1100 1831 1133 1861; x_wconf 82' lang='lat' dir='ltr'>de</span> <span class='ocrx_word' id='word_1_594' title='bbox 1156 1829 1277 1870; x_wconf 78' lang='lat' dir='ltr'>vulgari</span> <span class='ocrx_word' id='word_1_595' title='bbox 1301 1828 1338 1863; x_wconf 63' lang='grc' dir='ltr'>δ’</span> <span class='ocrx_word' id='word_1_596' title='bbox 1358 1831 1502 1871; x_wconf 63' lang='lat' dir='ltr'>pupillari</span> <span class='ocrx_word' id='word_1_597' title='bbox 1515 1829 1733 1873; x_wconf 73' lang='lat' dir='ltr'>substitutione.</span> <span class='ocrx_word' id='word_1_598' title='bbox 1782 1832 1856 1865; x_wconf 89' lang='lat' dir='ltr'>Nec</span> 
     </span>
     <span class='ocr_line' id='line_1_97' title="bbox 984 1869 1857 1914; baseline 0.005 -12"><span class='ocrx_word' id='word_1_599' title='bbox 984 1879 1108 1903; x_wconf 78' lang='lat' dir='ltr'>tanturn</span> <span class='ocrx_word' id='word_1_600' title='bbox 1133 1871 1163 1901; x_wconf 90' lang='lat' dir='ltr'>in</span> <span class='ocrx_word' id='word_1_601' title='bbox 1190 1869 1414 1903; x_wconf 85' lang='lat' dir='ltr'>substitutione</span> <span class='ocrx_word' id='word_1_602' title='bbox 1437 1872 1539 1905; x_wconf 82' lang='lat' dir='ltr'>efficit</span> <span class='ocrx_word' id='word_1_603' title='bbox 1560 1873 1641 1914; x_wconf 76' lang='lat' dir='ltr'>juris</span> <span class='ocrx_word' id='word_1_604' title='bbox 1665 1873 1796 1914; x_wconf 88' lang='lat' dir='ltr'>forma;</span> <span class='ocrx_word' id='word_1_605' title='bbox 1820 1882 1857 1906; x_wconf 91' lang='lat' dir='ltr'>ut</span> 
     </span>
     <span class='ocr_line' id='line_1_98' title="bbox 985 1910 1855 1956; baseline 0.003 -12"><span class='ocrx_word' id='word_1_606' title='bbox 985 1922 1044 1953; x_wconf 90' lang='lat' dir='ltr'>pro</span> <span class='ocrx_word' id='word_1_607' title='bbox 1061 1912 1148 1943; x_wconf 90' lang='lat' dir='ltr'>nullo</span> <span class='ocrx_word' id='word_1_608' title='bbox 1162 1910 1198 1943; x_wconf 85' lang='lat' dir='ltr'>fit</span> <span class='ocrx_word' id='word_1_609' title='bbox 1213 1911 1301 1952; x_wconf 86' lang='lat' dir='ltr'>quod</span> <span class='ocrx_word' id='word_1_610' title='bbox 1318 1913 1346 1943; x_wconf 89' lang='lat' dir='ltr'>ei</span> <span class='ocrx_word' id='word_1_611' title='bbox 1364 1915 1558 1946; x_wconf 86' lang='lat' dir='ltr'>contrarium</span> <span class='ocrx_word' id='word_1_612' title='bbox 1578 1914 1643 1955; x_wconf 84' lang='lat' dir='ltr'>est3</span> <span class='ocrx_word' id='word_1_613' title='bbox 1668 1914 1718 1947; x_wconf 90' lang='lat' dir='ltr'>sed</span> <span class='ocrx_word' id='word_1_614' title='bbox 1737 1916 1767 1947; x_wconf 91' lang='lat' dir='ltr'>in</span> <span class='ocrx_word' id='word_1_615' title='bbox 1785 1925 1855 1956; x_wconf 89' lang='lat' dir='ltr'>pre-</span> 
     </span>
     <span class='ocr_line' id='line_1_99' title="bbox 985 1952 1855 1995; baseline 0.005 -10"><span class='ocrx_word' id='word_1_616' title='bbox 985 1954 1242 1994; x_wconf 74' lang='lat' dir='ltr'>carioquoque.</span> <span class='ocrx_word' id='word_1_617' title='bbox 1275 1960 1347 1984; x_wconf 83' lang='lat' dir='ltr'>nam</span> <span class='ocrx_word' id='word_1_618' title='bbox 1372 1952 1392 1986; x_wconf 85' lang='lat' dir='ltr'>fi</span> <span class='ocrx_word' id='word_1_619' title='bbox 1416 1957 1587 1995; x_wconf 81' lang='lat' dir='ltr'>convenit,</span> <span class='ocrx_word' id='word_1_620' title='bbox 1612 1966 1652 1989; x_wconf 89' lang='lat' dir='ltr'>ne</span> <span class='ocrx_word' id='word_1_621' title='bbox 1667 1957 1802 1989; x_wconf 85' lang='lat' dir='ltr'>domino</span> <span class='ocrx_word' id='word_1_622' title='bbox 1820 1959 1855 1990; x_wconf 84' lang='lat' dir='ltr'>li-</span> 
     </span>
     <span class='ocr_line' id='line_1_100' title="bbox 985 1995 1856 2040; baseline 0.005 -13"><span class='ocrx_word' id='word_1_623' title='bbox 985 2003 1076 2032; x_wconf 82' lang='lat' dir='ltr'>ceat,</span> <span class='ocrx_word' id='word_1_624' title='bbox 1099 1995 1276 2035; x_wconf 87' lang='lat' dir='ltr'>precarium</span> <span class='ocrx_word' id='word_1_625' title='bbox 1304 2004 1378 2026; x_wconf 89' lang='lat' dir='ltr'>ante</span> <span class='ocrx_word' id='word_1_626' title='bbox 1399 1995 1556 2028; x_wconf 89' lang='lat' dir='ltr'>Kalendas</span> <span class='ocrx_word' id='word_1_627' title='bbox 1575 1998 1672 2038; x_wconf 79' lang='lat' dir='ltr'>julias</span> <span class='ocrx_word' id='word_1_628' title='bbox 1690 2006 1856 2040; x_wconf 85' lang='lat' dir='ltr'>repetere;</span> 
     </span>
     <span class='ocr_line' id='line_1_101' title="bbox 986 2035 1856 2081; baseline 0.003 -13"><span class='ocrx_word' id='word_1_629' title='bbox 986 2037 1071 2068; x_wconf 87' lang='lat' dir='ltr'>nulla</span> <span class='ocrx_word' id='word_1_630' title='bbox 1087 2037 1134 2067; x_wconf 80' lang='lat' dir='ltr'>vis</span> <span class='ocrx_word' id='word_1_631' title='bbox 1150 2035 1200 2070; x_wconf 80' lang='lat' dir='ltr'>est.</span> <span class='ocrx_word' id='word_1_632' title='bbox 1213 2035 1279 2076; x_wconf 85' lang='lat' dir='ltr'>ejus</span> <span class='ocrx_word' id='word_1_633' title='bbox 1295 2038 1525 2070; x_wconf 85' lang='lat' dir='ltr'>conventionis</span> <span class='ocrx_word' id='word_1_634' title='bbox 1541 2039 1560 2070; x_wconf 87' lang='lat' dir='ltr'>l.</span> <span class='ocrx_word' id='word_1_635' title='bbox 1583 2048 1626 2071; x_wconf 85' lang='lat'>12.</span> <span class='ocrx_word' id='word_1_636' title='bbox 1650 2039 1689 2071; x_wconf 88' lang='lat' dir='ltr'>D.</span> <span class='ocrx_word' id='word_1_637' title='bbox 1708 2042 1743 2070; x_wconf 79' lang='lat' dir='ltr'>de</span> <span class='ocrx_word' id='word_1_638' title='bbox 1754 2047 1856 2081; x_wconf 83' lang='lat' dir='ltr'>preca-</span> 
     </span>
     <span class='ocr_line' id='line_1_102' title="bbox 985 2076 1854 2122; baseline 0.007 -14"><span class='ocrx_word' id='word_1_639' title='bbox 985 2080 1044 2110; x_wconf 81' lang='lat' dir='ltr'>rio:</span> <span class='ocrx_word' id='word_1_640' title='bbox 1069 2077 1201 2108; x_wconf 84' lang='lat' dir='ltr'>volente</span> <span class='ocrx_word' id='word_1_641' title='bbox 1227 2077 1359 2116; x_wconf 89' lang='lat' dir='ltr'>precarii</span> <span class='ocrx_word' id='word_1_642' title='bbox 1380 2076 1485 2110; x_wconf 88' lang='lat' dir='ltr'>forma</span> <span class='ocrx_word' id='word_1_643' title='bbox 1504 2103 1514 2119; x_wconf 90' lang='lat'><em>‚</em></span> <span class='ocrx_word' id='word_1_644' title='bbox 1544 2080 1678 2112; x_wconf 87' lang='lat' dir='ltr'>domino</span> <span class='ocrx_word' id='word_1_645' title='bbox 1697 2081 1746 2122; x_wconf 90' lang='lat' dir='ltr'>jus</span> <span class='ocrx_word' id='word_1_646' title='bbox 1772 2081 1854 2121; x_wconf 85' lang='lat' dir='ltr'>effe,</span> 
     </span>
     <span class='ocr_line' id='line_1_103' title="bbox 987 2119 1857 2163; baseline 0.006 -14"><span class='ocrx_word' id='word_1_647' title='bbox 987 2119 1074 2160; x_wconf 88' lang='lat' dir='ltr'>quod</span> <span class='ocrx_word' id='word_1_648' title='bbox 1099 2119 1243 2159; x_wconf 80' lang='lat' dir='ltr'>precario</span> <span class='ocrx_word' id='word_1_649' title='bbox 1268 2119 1382 2156; x_wconf 82' lang='lat' dir='ltr'>dedit,</span> <span class='ocrx_word' id='word_1_650' title='bbox 1411 2122 1680 2161; x_wconf 88' lang='lat' dir='ltr'>quandocumque</span> <span class='ocrx_word' id='word_1_651' title='bbox 1708 2132 1857 2163; x_wconf 88' lang='lat' dir='ltr'>repetere</span> 
     </span>
     <span class='ocr_line' id='line_1_104' title="bbox 985 2159 1854 2205; baseline 0.005 -13"><span class='ocrx_word' id='word_1_652' title='bbox 985 2162 1004 2192; x_wconf 89' lang='lat' dir='ltr'>l.</span> <span class='ocrx_word' id='word_1_653' title='bbox 1028 2169 1052 2192; x_wconf 93' lang='lat'><strong>1.</strong></span> <span class='ocrx_word' id='word_1_654' title='bbox 1066 2166 1114 2201; x_wconf 84' lang='lat' dir='ltr'>pr.</span> <span class='ocrx_word' id='word_1_655' title='bbox 1131 2160 1167 2193; x_wconf 58' lang='grc' dir='ltr'>ὅ)</span> <span class='ocrx_word' id='word_1_656' title='bbox 1181 2159 1209 2200; x_wconf 84' lang='lat'><strong>§.</strong></span> <span class='ocrx_word' id='word_1_657' title='bbox 1227 2170 1255 2191; x_wconf 84' lang='lat'><strong>2.</strong></span> <span class='ocrx_word' id='word_1_658' title='bbox 1280 2160 1348 2191; x_wconf 73' lang='lat' dir='ltr'>item</span> <span class='ocrx_word' id='word_1_659' title='bbox 1364 2160 1383 2192; x_wconf 82' lang='lat' dir='ltr'>l.</span> <span class='ocrx_word' id='word_1_660' title='bbox 1400 2170 1428 2193; x_wconf 88' lang='lat'><strong>2.</strong></span> <span class='ocrx_word' id='word_1_661' title='bbox 1446 2161 1473 2203; x_wconf 84' lang='lat'><strong>§.</strong></span> <span class='ocrx_word' id='word_1_662' title='bbox 1492 2172 1521 2194; x_wconf 82' lang='lat'><strong>2.</strong></span> <span class='ocrx_word' id='word_1_663' title='bbox 1541 2162 1580 2193; x_wconf 91' lang='lat' dir='ltr'><strong>D.</strong></span> <span class='ocrx_word' id='word_1_664' title='bbox 1599 2165 1656 2195; x_wconf 83' lang='lat' dir='ltr'>eod.</span> <span class='ocrx_word' id='word_1_665' title='bbox 1679 2165 1723 2195; x_wconf 77' lang='lat' dir='ltr'>iit.</span> <span class='ocrx_word' id='word_1_666' title='bbox 1746 2164 1854 2205; x_wconf 89' lang='lat' dir='ltr'>AEque</span> 
     </span>
     <span class='ocr_line' id='line_1_105' title="bbox 985 2200 1855 2245; baseline 0.003 -11"><span class='ocrx_word' id='word_1_667' title='bbox 985 2202 1006 2234; x_wconf 84' lang='lat' dir='ltr'><strong>fi</strong></span> <span class='ocrx_word' id='word_1_668' title='bbox 1031 2200 1209 2242; x_wconf 87' lang='lat' dir='ltr'>deposuero</span> <span class='ocrx_word' id='word_1_669' title='bbox 1231 2201 1313 2240; x_wconf 86' lang='lat' dir='ltr'>apud</span> <span class='ocrx_word' id='word_1_670' title='bbox 1340 2209 1390 2241; x_wconf 85' lang='lat' dir='ltr'>te,</span> <span class='ocrx_word' id='word_1_671' title='bbox 1416 2210 1450 2234; x_wconf 91' lang='lat' dir='ltr'>ut</span> <span class='ocrx_word' id='word_1_672' title='bbox 1476 2204 1604 2235; x_wconf 89' lang='lat' dir='ltr'>demum</span> <span class='ocrx_word' id='word_1_673' title='bbox 1631 2205 1699 2245; x_wconf 81' lang='lat' dir='ltr'>post</span> <span class='ocrx_word' id='word_1_674' title='bbox 1717 2215 1855 2238; x_wconf 85' lang='lat' dir='ltr'>mortem</span> 
     </span>
     <span class='ocr_line' id='line_1_106' title="bbox 986 2244 1856 2284; baseline 0.006 -10"><span class='ocrx_word' id='word_1_675' title='bbox 986 2252 1092 2280; x_wconf 84' lang='lat' dir='ltr'>tuam,</span> <span class='ocrx_word' id='word_1_676' title='bbox 1116 2249 1169 2273; x_wconf 89' lang='lat' dir='ltr'>aut</span> <span class='ocrx_word' id='word_1_677' title='bbox 1192 2251 1315 2281; x_wconf 83' lang='lat' dir='ltr'>meam,</span> <span class='ocrx_word' id='word_1_678' title='bbox 1339 2244 1478 2283; x_wconf 81' lang='lat' dir='ltr'>reddas3</span> <span class='ocrx_word' id='word_1_679' title='bbox 1502 2245 1627 2284; x_wconf 86' lang='lat' dir='ltr'>placet,</span> <span class='ocrx_word' id='word_1_680' title='bbox 1650 2247 1763 2278; x_wconf 83' lang='lat' dir='ltr'>nullius</span> <span class='ocrx_word' id='word_1_681' title='bbox 1787 2257 1856 2279; x_wconf 89' lang='lat' dir='ltr'>mo-</span> 
     </span>
     <span class='ocr_line' id='line_1_107' title="bbox 987 2282 1855 2324; baseline 0.007 -9"><span class='ocrx_word' id='word_1_682' title='bbox 987 2285 1086 2316; x_wconf 88' lang='lat' dir='ltr'>menti</span> <span class='ocrx_word' id='word_1_683' title='bbox 1110 2282 1172 2314; x_wconf 88' lang='lat' dir='ltr'>esse</span> <span class='ocrx_word' id='word_1_684' title='bbox 1197 2283 1376 2324; x_wconf 69' lang='lat' dir='ltr'>pathonem</span> <span class='ocrx_word' id='word_1_685' title='bbox 1396 2296 1404 2316; x_wconf 91' lang='lat'>:</span> <span class='ocrx_word' id='word_1_686' title='bbox 1441 2285 1524 2324; x_wconf 79' lang='lat' dir='ltr'>quasi</span> <span class='ocrx_word' id='word_1_687' title='bbox 1550 2288 1696 2318; x_wconf 80' lang='lat' dir='ltr'>adversus</span> <span class='ocrx_word' id='word_1_688' title='bbox 1719 2289 1855 2324; x_wconf 76' lang='lat' dir='ltr'>depositi</span> 
     </span>
     <span class='ocr_line' id='line_1_108' title="bbox 987 2324 1855 2370; baseline 0.006 -13"><span class='ocrx_word' id='word_1_689' title='bbox 987 2325 1186 2358; x_wconf 79' lang='lat' dir='ltr'>substantiam</span> <span class='ocrx_word' id='word_1_690' title='bbox 1211 2324 1265 2363; x_wconf 82' lang='lat' dir='ltr'>fit,</span> <span class='ocrx_word' id='word_1_691' title='bbox 1290 2332 1325 2357; x_wconf 90' lang='lat' dir='ltr'>ut</span> <span class='ocrx_word' id='word_1_692' title='bbox 1348 2326 1554 2365; x_wconf 82' lang='lat' dir='ltr'>depositarius</span> <span class='ocrx_word' id='word_1_693' title='bbox 1571 2338 1636 2359; x_wconf 88' lang='lat' dir='ltr'>rem</span> <span class='ocrx_word' id='word_1_694' title='bbox 1659 2331 1855 2370; x_wconf 84' lang='lat' dir='ltr'>depositam,</span> 
     </span>
     <span class='ocr_line' id='line_1_109' title="bbox 987 2366 1855 2409; baseline 0.005 -11"><span class='ocrx_word' id='word_1_695' title='bbox 987 2368 1091 2399; x_wconf 86' lang='lat' dir='ltr'>invito</span> <span class='ocrx_word' id='word_1_696' title='bbox 1110 2366 1315 2408; x_wconf 89' lang='lat' dir='ltr'>deponente,</span> <span class='ocrx_word' id='word_1_697' title='bbox 1339 2369 1494 2406; x_wconf 82' lang='lat' dir='ltr'>retineat,</span> <span class='ocrx_word' id='word_1_698' title='bbox 1517 2378 1590 2400; x_wconf 89' lang='lat' dir='ltr'>cum</span> <span class='ocrx_word' id='word_1_699' title='bbox 1607 2369 1699 2409; x_wconf 77' lang='lat' dir='ltr'>ipfius</span> <span class='ocrx_word' id='word_1_700' title='bbox 1715 2371 1791 2402; x_wconf 85' lang='lat' dir='ltr'>nihil</span> <span class='ocrx_word' id='word_1_701' title='bbox 1811 2372 1855 2403; x_wconf 88' lang='lat' dir='ltr'>in-</span> 
     </span>
     <span class='ocr_line' id='line_1_110' title="bbox 987 2406 1852 2450; baseline 0.005 -10"><span class='ocrx_word' id='word_1_702' title='bbox 987 2407 1083 2440; x_wconf 88' lang='lat' dir='ltr'>terest</span> <span class='ocrx_word' id='word_1_703' title='bbox 1108 2408 1129 2440; x_wconf 85' lang='lat' dir='ltr'>l.</span> <span class='ocrx_word' id='word_1_704' title='bbox 1157 2417 1183 2439; x_wconf 89' lang='lat'><strong>1.</strong></span> <span class='ocrx_word' id='word_1_705' title='bbox 1207 2406 1233 2448; x_wconf 88' lang='lat'><strong>§.</strong></span> <span class='ocrx_word' id='word_1_706' title='bbox 1261 2418 1310 2447; x_wconf 78' lang='lat'>45.</span> <span class='ocrx_word' id='word_1_707' title='bbox 1338 2407 1375 2442; x_wconf 59' lang='grc' dir='ltr'>δ’</span> <span class='ocrx_word' id='word_1_708' title='bbox 1397 2413 1448 2447; x_wconf 82' lang='lat'><strong>46.</strong></span> <span class='ocrx_word' id='word_1_709' title='bbox 1470 2409 1511 2440; x_wconf 91' lang='lat' dir='ltr'><strong>D.</strong></span> <span class='ocrx_word' id='word_1_710' title='bbox 1537 2409 1666 2450; x_wconf 56' lang='lat' dir='ltr'>Depofiffz&#39;</span> <span class='ocrx_word' id='word_1_711' title='bbox 1680 2412 1727 2442; x_wconf 79' lang='lat' dir='ltr'>vel</span> <span class='ocrx_word' id='word_1_712' title='bbox 1743 2418 1852 2444; x_wconf 79' lang='lat' dir='ltr'>contra.</span> 
     </span>
     <span class='ocr_line' id='line_1_111' title="bbox 987 2447 1856 2485; baseline 0.005 -3"><span class='ocrx_word' id='word_1_713' title='bbox 987 2450 1075 2482; x_wconf 87' lang='lat' dir='ltr'>Idem</span> <span class='ocrx_word' id='word_1_714' title='bbox 1093 2449 1145 2480; x_wconf 87' lang='lat' dir='ltr'>vel</span> <span class='ocrx_word' id='word_1_715' title='bbox 1161 2447 1259 2480; x_wconf 78' lang='lat' dir='ltr'>fimrle</span> <span class='ocrx_word' id='word_1_716' title='bbox 1276 2448 1321 2480; x_wconf 87' lang='lat' dir='ltr'>est</span> <span class='ocrx_word' id='word_1_717' title='bbox 1339 2451 1369 2480; x_wconf 91' lang='lat' dir='ltr'>in</span> <span class='ocrx_word' id='word_1_718' title='bbox 1388 2449 1557 2483; x_wconf 83' lang='lat' dir='ltr'>societate:</span> <span class='ocrx_word' id='word_1_719' title='bbox 1575 2452 1753 2484; x_wconf 78' lang='lat' dir='ltr'>diflblvitur</span> <span class='ocrx_word' id='word_1_720' title='bbox 1769 2456 1856 2485; x_wconf 81' lang='lat' dir='ltr'>enim</span> 
     </span>
     <span class='ocr_line' id='line_1_112' title="bbox 987 2489 1853 2536; baseline 0.003 -14"><span class='ocrx_word' id='word_1_721' title='bbox 987 2499 1092 2522; x_wconf 87' lang='lat' dir='ltr'>morte</span> <span class='ocrx_word' id='word_1_722' title='bbox 1108 2491 1199 2522; x_wconf 87' lang='lat' dir='ltr'>unius</span> <span class='ocrx_word' id='word_1_723' title='bbox 1215 2499 1255 2520; x_wconf 85' lang='lat' dir='ltr'>ex</span> <span class='ocrx_word' id='word_1_724' title='bbox 1274 2489 1366 2521; x_wconf 91' lang='lat' dir='ltr'>sociis</span> <span class='ocrx_word' id='word_1_725' title='bbox 1383 2491 1402 2521; x_wconf 93' lang='lat' dir='ltr'>l.</span> <span class='ocrx_word' id='word_1_726' title='bbox 1420 2495 1472 2532; x_wconf 83' lang='lat'><strong>63.</strong></span> <span class='ocrx_word' id='word_1_727' title='bbox 1492 2492 1521 2533; x_wconf 58' lang='grc' dir='ltr'>ἓ.</span> <span class='ocrx_word' id='word_1_728' title='bbox 1543 2502 1588 2524; x_wconf 84' lang='lat'><strong>10.</strong></span> <span class='ocrx_word' id='word_1_729' title='bbox 1607 2493 1688 2534; x_wconf 53' lang='lat' dir='ltr'><strong>l.65.</strong></span> <span class='ocrx_word' id='word_1_730' title='bbox 1705 2494 1733 2536; x_wconf 84' lang='lat'><strong>§.</strong></span> <span class='ocrx_word' id='word_1_731' title='bbox 1761 2504 1789 2531; x_wconf 86' lang='lat'><strong>9.</strong></span> <span class='ocrx_word' id='word_1_732' title='bbox 1810 2495 1853 2527; x_wconf 86' lang='lat' dir='ltr'>D.</span> 
     </span>
     <span class='ocr_line' id='line_1_113' title="bbox 988 2530 1855 2577; baseline 0.006 -13"><span class='ocrx_word' id='word_1_733' title='bbox 988 2532 1045 2564; x_wconf 88' lang='lat' dir='ltr'>Pro</span> <span class='ocrx_word' id='word_1_734' title='bbox 1054 2533 1151 2572; x_wconf 81' lang='lat' dir='ltr'>soci03</span> <span class='ocrx_word' id='word_1_735' title='bbox 1167 2531 1216 2569; x_wconf 70' lang='grc' dir='ltr'>δι,</span> <span class='ocrx_word' id='word_1_736' title='bbox 1232 2530 1253 2562; x_wconf 81' lang='lat' dir='ltr'><strong>fi</strong></span> <span class='ocrx_word' id='word_1_737' title='bbox 1269 2531 1528 2565; x_wconf 79' lang='lat' dir='ltr'>contrahentium</span> <span class='ocrx_word' id='word_1_738' title='bbox 1545 2536 1767 2568; x_wconf 87' lang='lat' dir='ltr'>conventione</span> <span class='ocrx_word' id='word_1_739' title='bbox 1783 2537 1855 2577; x_wconf 86' lang='lat' dir='ltr'>post</span> 
     </span>
     <span class='ocr_line' id='line_1_114' title="bbox 986 2574 1855 2614; baseline 0.007 -10"><span class='ocrx_word' id='word_1_740' title='bbox 986 2583 1097 2605; x_wconf 88' lang='lat' dir='ltr'>eorum</span> <span class='ocrx_word' id='word_1_741' title='bbox 1126 2580 1262 2603; x_wconf 87' lang='lat' dir='ltr'>mortem</span> <span class='ocrx_word' id='word_1_742' title='bbox 1296 2574 1501 2614; x_wconf 75' lang='lat' dir='ltr'>porrigatur-3</span> <span class='ocrx_word' id='word_1_743' title='bbox 1533 2575 1737 2608; x_wconf 81' lang='lat' dir='ltr'>nihilominus</span> <span class='ocrx_word' id='word_1_744' title='bbox 1763 2579 1855 2610; x_wconf 84' lang='lat' dir='ltr'>unius</span> 
     </span>
     <span class='ocr_line' id='line_1_115' title="bbox 986 2613 1855 2657; baseline 0.006 -11"><span class='ocrx_word' id='word_1_745' title='bbox 986 2624 1092 2646; x_wconf 87' lang='lat' dir='ltr'>morte</span> <span class='ocrx_word' id='word_1_746' title='bbox 1111 2613 1220 2645; x_wconf 88' lang='lat' dir='ltr'>finitur</span> <span class='ocrx_word' id='word_1_747' title='bbox 1235 2614 1253 2643; x_wconf 86' lang='lat' dir='ltr'>l.</span> <span class='ocrx_word' id='word_1_748' title='bbox 1276 2623 1325 2654; x_wconf 81' lang='lat'>52.</span> <span class='ocrx_word' id='word_1_749' title='bbox 1346 2613 1374 2655; x_wconf 58' lang='grc' dir='ltr'>ἓ.</span> <span class='ocrx_word' id='word_1_750' title='bbox 1390 2624 1419 2650; x_wconf 86' lang='lat'><strong>9.</strong></span> <span class='ocrx_word' id='word_1_751' title='bbox 1437 2613 1478 2646; x_wconf 88' lang='lat' dir='ltr'>D.</span> <span class='ocrx_word' id='word_1_752' title='bbox 1498 2617 1556 2648; x_wconf 75' lang='lat' dir='ltr'>eod.</span> <span class='ocrx_word' id='word_1_753' title='bbox 1576 2618 1622 2649; x_wconf 80' lang='lat' dir='ltr'>tit.</span> <span class='ocrx_word' id='word_1_754' title='bbox 1648 2620 1708 2657; x_wconf 82' lang='lat' dir='ltr'>ita,</span> <span class='ocrx_word' id='word_1_755' title='bbox 1732 2618 1753 2650; x_wconf 84' lang='lat' dir='ltr'><strong>fi</strong></span> <span class='ocrx_word' id='word_1_756' title='bbox 1777 2620 1855 2651; x_wconf 90' lang='lat' dir='ltr'>Pau-</span> 
     </span>
     <span class='ocr_line' id='line_1_116' title="bbox 985 2655 1856 2700; baseline 0.006 -12"><span class='ocrx_word' id='word_1_757' title='bbox 985 2657 1019 2688; x_wconf 91' lang='lat' dir='ltr'>lo</span> <span class='ocrx_word' id='word_1_758' title='bbox 1038 2656 1134 2692; x_wconf 78' lang='lat' dir='ltr'>fides,</span> <span class='ocrx_word' id='word_1_759' title='bbox 1159 2655 1265 2695; x_wconf 88' lang='lat' dir='ltr'>potest</span> <span class='ocrx_word' id='word_1_760' title='bbox 1288 2659 1422 2687; x_wconf 80' lang='lat' dir='ltr'>locietas</span> <span class='ocrx_word' id='word_1_761' title='bbox 1446 2656 1477 2688; x_wconf 92' lang='lat' dir='ltr'>in</span> <span class='ocrx_word' id='word_1_762' title='bbox 1496 2667 1685 2698; x_wconf 86' lang='lat' dir='ltr'>perpetuum</span> <span class='ocrx_word' id='word_1_763' title='bbox 1702 2662 1802 2700; x_wconf 73' lang='lat' dir='ltr'>coiri,</span> <span class='ocrx_word' id='word_1_764' title='bbox 1825 2661 1856 2693; x_wconf 85' lang='lat' dir='ltr'>id</span> 
     </span>
     <span class='ocr_line' id='line_1_117' title="bbox 987 2695 1853 2739; baseline 0.006 -11"><span class='ocrx_word' id='word_1_765' title='bbox 987 2697 1051 2736; x_wconf 86' lang='lat' dir='ltr'>est,</span> <span class='ocrx_word' id='word_1_766' title='bbox 1069 2698 1143 2728; x_wconf 87' lang='lat' dir='ltr'>dum</span> <span class='ocrx_word' id='word_1_767' title='bbox 1162 2697 1275 2726; x_wconf 84' lang='lat' dir='ltr'>vivunt</span> <span class='ocrx_word' id='word_1_768' title='bbox 1291 2695 1365 2728; x_wconf 89' lang='lat' dir='ltr'>socii</span> <span class='ocrx_word' id='word_1_769' title='bbox 1384 2697 1402 2728; x_wconf 91' lang='lat' dir='ltr'>l.</span> <span class='ocrx_word' id='word_1_770' title='bbox 1425 2706 1449 2728; x_wconf 84' lang='lat'><strong>1.</strong></span> <span class='ocrx_word' id='word_1_771' title='bbox 1469 2698 1509 2729; x_wconf 90' lang='lat' dir='ltr'>D.</span> <span class='ocrx_word' id='word_1_772' title='bbox 1529 2699 1691 2739; x_wconf 86' lang='lat' dir='ltr'>Prosocio:</span> <span class='ocrx_word' id='word_1_773' title='bbox 1718 2702 1768 2734; x_wconf 84' lang='lat' dir='ltr'>sed</span> <span class='ocrx_word' id='word_1_774' title='bbox 1787 2703 1853 2733; x_wconf 92' lang='lat' dir='ltr'>nul-</span> 
     </span>
     <span class='ocr_line' id='line_1_118' title="bbox 986 2739 1853 2783; baseline 0.006 -14"><span class='ocrx_word' id='word_1_775' title='bbox 986 2739 1014 2769; x_wconf 83' lang='lat' dir='ltr'>la</span> <span class='ocrx_word' id='word_1_776' title='bbox 1038 2739 1103 2778; x_wconf 85' lang='lat' dir='ltr'>ejus</span> <span class='ocrx_word' id='word_1_777' title='bbox 1128 2739 1158 2769; x_wconf 87' lang='lat' dir='ltr'>in</span> <span class='ocrx_word' id='word_1_778' title='bbox 1183 2745 1334 2769; x_wconf 85' lang='lat' dir='ltr'>aeternum</span> <span class='ocrx_word' id='word_1_779' title='bbox 1360 2739 1463 2770; x_wconf 85' lang='lat' dir='ltr'>coi&#39;tio</span> <span class='ocrx_word' id='word_1_780' title='bbox 1487 2740 1531 2771; x_wconf 84' lang='lat' dir='ltr'>est</span> <span class='ocrx_word' id='word_1_781' title='bbox 1555 2741 1573 2771; x_wconf 85' lang='lat' dir='ltr'>l.</span> <span class='ocrx_word' id='word_1_782' title='bbox 1592 2751 1642 2783; x_wconf 79' lang='lat'><strong>70.</strong></span> <span class='ocrx_word' id='word_1_783' title='bbox 1660 2742 1702 2774; x_wconf 83' lang='lat' dir='ltr'>D.</span> <span class='ocrx_word' id='word_1_784' title='bbox 1729 2745 1786 2774; x_wconf 79' lang='lat' dir='ltr'>eod.</span> <span class='ocrx_word' id='word_1_785' title='bbox 1807 2745 1853 2775; x_wconf 70' lang='lat' dir='ltr'>tit.</span> 
     </span>
     <span class='ocr_line' id='line_1_119' title="bbox 987 2779 1853 2821; baseline 0.003 -9"><span class='ocrx_word' id='word_1_786' title='bbox 987 2780 1022 2812; x_wconf 89' lang='lat' dir='ltr'>In</span> <span class='ocrx_word' id='word_1_787' title='bbox 1045 2780 1194 2811; x_wconf 85' lang='lat' dir='ltr'>mandato</span> <span class='ocrx_word' id='word_1_788' title='bbox 1220 2787 1276 2810; x_wconf 90' lang='lat' dir='ltr'>cur</span> <span class='ocrx_word' id='word_1_789' title='bbox 1302 2779 1385 2811; x_wconf 89' lang='lat' dir='ltr'>aliud</span> <span class='ocrx_word' id='word_1_790' title='bbox 1407 2781 1540 2814; x_wconf 87' lang='lat' dir='ltr'>dicimus</span> <span class='ocrx_word' id='word_1_791' title='bbox 1555 2782 1573 2814; x_wconf 67' lang='grc' dir='ltr'>ἓ)</span> <span class='ocrx_word' id='word_1_792' title='bbox 1596 2793 1651 2815; x_wconf 86' lang='lat' dir='ltr'>cur</span> <span class='ocrx_word' id='word_1_793' title='bbox 1676 2794 1739 2816; x_wconf 86' lang='lat' dir='ltr'>non</span> <span class='ocrx_word' id='word_1_794' title='bbox 1765 2794 1853 2821; x_wconf 82' lang='lat' dir='ltr'>aeque</span> 
     </span>
     <span class='ocr_line' id='line_1_120' title="bbox 988 2820 1853 2865; baseline 0.007 -14"><span class='ocrx_word' id='word_1_795' title='bbox 988 2820 1156 2859; x_wconf 81' lang='lat' dir='ltr'>volumus,</span> <span class='ocrx_word' id='word_1_796' title='bbox 1179 2820 1228 2857; x_wconf 89' lang='lat' dir='ltr'>id,</span> <span class='ocrx_word' id='word_1_797' title='bbox 1253 2820 1316 2852; x_wconf 87' lang='lat' dir='ltr'>five</span> <span class='ocrx_word' id='word_1_798' title='bbox 1340 2820 1524 2860; x_wconf 80' lang='lat' dir='ltr'>simpliciter</span> <span class='ocrx_word' id='word_1_799' title='bbox 1545 2826 1765 2865; x_wconf 82' lang='lat' dir='ltr'>concipiatur,</span> <span class='ocrx_word' id='word_1_800' title='bbox 1789 2825 1853 2856; x_wconf 77' lang='lat' dir='ltr'>sive</span> 
     </span>
     <span class='ocr_line' id='line_1_121' title="bbox 987 2861 1853 2907; baseline 0.007 -15"><span class='ocrx_word' id='word_1_801' title='bbox 987 2861 1059 2902; x_wconf 90' lang='lat' dir='ltr'>post</span> <span class='ocrx_word' id='word_1_802' title='bbox 1075 2862 1266 2893; x_wconf 84' lang='lat' dir='ltr'>mandatoris</span> <span class='ocrx_word' id='word_1_803' title='bbox 1295 2871 1453 2903; x_wconf 82' lang='lat' dir='ltr'>mortem,</span> <span class='ocrx_word' id='word_1_804' title='bbox 1476 2865 1542 2905; x_wconf 84' lang='lat' dir='ltr'>ejus</span> <span class='ocrx_word' id='word_1_805' title='bbox 1559 2875 1682 2906; x_wconf 83' lang='lat' dir='ltr'>morte,</span> <span class='ocrx_word' id='word_1_806' title='bbox 1706 2865 1788 2907; x_wconf 74' lang='lat' dir='ltr'>quasi</span> <span class='ocrx_word' id='word_1_807' title='bbox 1801 2866 1853 2906; x_wconf 80' lang='lat' dir='ltr'>Ju-</span> 
     </span>
     <span class='ocr_line' id='line_1_122' title="bbox 987 2902 1338 2941; baseline 0.003 -7"><span class='ocrx_word' id='word_1_808' title='bbox 987 2905 1028 2934; x_wconf 83' lang='lat' dir='ltr'>ris</span> <span class='ocrx_word' id='word_1_809' title='bbox 1044 2903 1166 2941; x_wconf 84' lang='lat' dir='ltr'>forma,</span> <span class='ocrx_word' id='word_1_810' title='bbox 1189 2902 1338 2935; x_wconf 73' lang='lat' dir='ltr'>dissolvi?</span> 
     </span>
    </p>

    <p class='ocr_par' dir='ltr' id='par_1_21' title="bbox 983 2943 1854 3307">
     <span class='ocr_line' id='line_1_123' title="bbox 1028 2943 1853 2985; baseline 0.007 -11"><span class='ocrx_word' id='word_1_811' title='bbox 1028 2943 1090 2975; x_wconf 81' lang='lat' dir='ltr'>Res</span> <span class='ocrx_word' id='word_1_812' title='bbox 1117 2945 1154 2975; x_wconf 86' lang='lat' dir='ltr'>ad</span> <span class='ocrx_word' id='word_1_813' title='bbox 1179 2952 1300 2976; x_wconf 85' lang='lat' dir='ltr'>certum</span> <span class='ocrx_word' id='word_1_814' title='bbox 1319 2946 1463 2985; x_wconf 84' lang='lat' dir='ltr'>accedit;</span> <span class='ocrx_word' id='word_1_815' title='bbox 1485 2946 1505 2979; x_wconf 85' lang='lat' dir='ltr'>fi</span> <span class='ocrx_word' id='word_1_816' title='bbox 1527 2949 1667 2980; x_wconf 67' lang='lat' dir='ltr'>audimus</span> <span class='ocrx_word' id='word_1_817' title='bbox 1686 2947 1813 2979; x_wconf 86' lang='lat' dir='ltr'>Paulum</span> <span class='ocrx_word' id='word_1_818' title='bbox 1831 2949 1853 2980; x_wconf 79' lang='lat' dir='ltr'>l.</span> 
     </span>
     <span class='ocr_line' id='line_1_124' title="bbox 988 2985 1851 3021; baseline 0.006 -5"><span class='ocrx_word' id='word_1_819' title='bbox 988 2985 1043 3017; x_wconf 79' lang='lat' dir='ltr'>ult.</span> <span class='ocrx_word' id='word_1_820' title='bbox 1065 2985 1104 3017; x_wconf 93' lang='lat' dir='ltr'>D.</span> <span class='ocrx_word' id='word_1_821' title='bbox 1122 2988 1155 3016; x_wconf 83' lang='lat' dir='ltr'>de</span> <span class='ocrx_word' id='word_1_822' title='bbox 1169 2986 1364 3020; x_wconf 66' lang='lat' dir='ltr'>ffilutionibus.</span> <span class='ocrx_word' id='word_1_823' title='bbox 1389 2996 1450 3019; x_wconf 83' lang='lat' dir='ltr'>tam</span> <span class='ocrx_word' id='word_1_824' title='bbox 1475 2990 1559 3020; x_wconf 88' lang='lat' dir='ltr'>enim</span> <span class='ocrx_word' id='word_1_825' title='bbox 1586 2987 1749 3020; x_wconf 87' lang='lat' dir='ltr'>manifeste</span> <span class='ocrx_word' id='word_1_826' title='bbox 1772 2989 1797 3019; x_wconf 91' lang='lat' dir='ltr'>it</span> <span class='ocrx_word' id='word_1_827' title='bbox 1818 2989 1851 3021; x_wconf 88' lang='lat' dir='ltr'>in</span> 
     </span>
     <span class='ocr_line' id='line_1_125' title="bbox 987 3025 1854 3070; baseline 0.007 -13"><span class='ocrx_word' id='word_1_828' title='bbox 987 3025 1122 3058; x_wconf 86' lang='lat' dir='ltr'>nostram</span> <span class='ocrx_word' id='word_1_829' title='bbox 1148 3026 1331 3060; x_wconf 85' lang='lat' dir='ltr'>sententiam</span> <span class='ocrx_word' id='word_1_830' title='bbox 1350 3051 1359 3067; x_wconf 93' lang='lat'>,</span> <span class='ocrx_word' id='word_1_831' title='bbox 1383 3037 1417 3060; x_wconf 89' lang='lat' dir='ltr'>ut</span> <span class='ocrx_word' id='word_1_832' title='bbox 1441 3039 1505 3061; x_wconf 89' lang='lat' dir='ltr'>non</span> <span class='ocrx_word' id='word_1_833' title='bbox 1530 3030 1622 3070; x_wconf 86' lang='lat' dir='ltr'>possit</span> <span class='ocrx_word' id='word_1_834' title='bbox 1646 3029 1854 3063; x_wconf 81' lang='lat' dir='ltr'>manifestius.</span> 
     </span>
     <span class='ocr_line' id='line_1_126' title="bbox 988 3067 1854 3111; baseline 0.003 -11"><span class='ocrx_word' id='word_1_835' title='bbox 988 3067 1093 3100; x_wconf 84' lang='lat' dir='ltr'>Verba</span> <span class='ocrx_word' id='word_1_836' title='bbox 1123 3068 1217 3101; x_wconf 84' lang='lat' dir='ltr'>Pauli.</span> <span class='ocrx_word' id='word_1_837' title='bbox 1260 3070 1301 3101; x_wconf 88' lang='lat' dir='ltr'>Ei</span> <span class='ocrx_word' id='word_1_838' title='bbox 1324 3072 1376 3111; x_wconf 82' lang='lat' dir='ltr'>qui</span> <span class='ocrx_word' id='word_1_839' title='bbox 1399 3072 1539 3101; x_wconf 78' lang='lat' dir='ltr'>mandatu</span> <span class='ocrx_word' id='word_1_840' title='bbox 1567 3080 1624 3101; x_wconf 83' lang='lat' dir='ltr'>meo</span> <span class='ocrx_word' id='word_1_841' title='bbox 1645 3069 1707 3110; x_wconf 75' lang='lat' dir='ltr'>post</span> <span class='ocrx_word' id='word_1_842' title='bbox 1737 3077 1854 3103; x_wconf 81' lang='lat' dir='ltr'>mortem</span> 
     </span>
     <span class='ocr_line' id='line_1_127' title="bbox 985 3108 1853 3153; baseline 0.005 -13"><span class='ocrx_word' id='word_1_843' title='bbox 985 3119 1074 3140; x_wconf 79' lang='lat' dir='ltr'>meum</span> <span class='ocrx_word' id='word_1_844' title='bbox 1082 3108 1241 3150; x_wconf 71' lang='lat' dir='ltr'>stipulatus</span> <span class='ocrx_word' id='word_1_845' title='bbox 1259 3109 1314 3152; x_wconf 76' lang='lat' dir='ltr'>est,</span> <span class='ocrx_word' id='word_1_846' title='bbox 1331 3111 1403 3142; x_wconf 66' lang='lat' dir='ltr'>refie</span> <span class='ocrx_word' id='word_1_847' title='bbox 1421 3112 1562 3147; x_wconf 72' lang='lat' dir='ltr'>solvitur:</span> <span class='ocrx_word' id='word_1_848' title='bbox 1579 3111 1649 3150; x_wconf 78' lang='lat' dir='ltr'>quia</span> <span class='ocrx_word' id='word_1_849' title='bbox 1669 3112 1736 3142; x_wconf 73' lang='lat' dir='ltr'>talis</span> <span class='ocrx_word' id='word_1_850' title='bbox 1751 3110 1791 3153; x_wconf 81' lang='lat' dir='ltr'>est</span> <span class='ocrx_word' id='word_1_851' title='bbox 1805 3114 1853 3145; x_wconf 79' lang='lat' dir='ltr'>lex</span> 
     </span>
     <span class='ocr_line' id='line_1_128' title="bbox 985 3151 1852 3193; baseline 0.006 -12"><span class='ocrx_word' id='word_1_852' title='bbox 985 3151 1178 3191; x_wconf 57' lang='lat' dir='ltr'>obligationis.-</span> <span class='ocrx_word' id='word_1_853' title='bbox 1204 3154 1318 3193; x_wconf 61' lang='lat' dir='ltr'>ideoque</span> <span class='ocrx_word' id='word_1_854' title='bbox 1339 3155 1425 3182; x_wconf 73' lang='lat' dir='ltr'>etiam</span> <span class='ocrx_word' id='word_1_855' title='bbox 1447 3153 1541 3181; x_wconf 78' lang='lat' dir='ltr'>invito</span> <span class='ocrx_word' id='word_1_856' title='bbox 1566 3161 1609 3182; x_wconf 84' lang='lat' dir='ltr'>me</span> <span class='ocrx_word' id='word_1_857' title='bbox 1625 3152 1700 3183; x_wconf 64' lang='lat' dir='ltr'>reste</span> <span class='ocrx_word' id='word_1_858' title='bbox 1726 3155 1752 3184; x_wconf 86' lang='lat' dir='ltr'>ei</span> <span class='ocrx_word' id='word_1_859' title='bbox 1760 3154 1852 3192; x_wconf 77' lang='lat' dir='ltr'>solvi-</span> 
     </span>
     <span class='ocr_line' id='line_1_129' title="bbox 984 3192 1852 3235; baseline 0.006 -13"><span class='ocrx_word' id='word_1_860' title='bbox 984 3198 1040 3223; x_wconf 72' lang='lat' dir='ltr'>tur.</span> <span class='ocrx_word' id='word_1_861' title='bbox 1089 3193 1127 3223; x_wconf 59' lang='lat' dir='ltr'>Er:</span> <span class='ocrx_word' id='word_1_862' title='bbox 1151 3201 1247 3224; x_wconf 63' lang='lat' dir='ltr'>utitem</span> <span class='ocrx_word' id='word_1_863' title='bbox 1273 3196 1320 3224; x_wconf 77' lang='lat' dir='ltr'>cui</span> <span class='ocrx_word' id='word_1_864' title='bbox 1341 3192 1408 3233; x_wconf 73' lang='lat' dir='ltr'>jnffi</span> <span class='ocrx_word' id='word_1_865' title='bbox 1430 3193 1580 3223; x_wconf 74' lang='lat' dir='ltr'>dehirorem</span> <span class='ocrx_word' id='word_1_866' title='bbox 1598 3203 1690 3225; x_wconf 85' lang='lat' dir='ltr'>meum</span> <span class='ocrx_word' id='word_1_867' title='bbox 1704 3193 1763 3235; x_wconf 83' lang='lat' dir='ltr'>post</span> <span class='ocrx_word' id='word_1_868' title='bbox 1780 3205 1852 3227; x_wconf 87' lang='lat' dir='ltr'>mor-</span> 
     </span>
     <span class='ocr_line' id='line_1_130' title="bbox 983 3232 1854 3307; baseline 0.002 -42"><span class='ocrx_word' id='word_1_869' title='bbox 983 3239 1036 3265; x_wconf 76' lang='lat' dir='ltr'>lem</span> <span class='ocrx_word' id='word_1_870' title='bbox 1062 3235 1294 3276; x_wconf 66' lang='grc' dir='ltr'>91;ι’;Δ71ι]υἶῖ,·ἒΤέ,</span> <span class='ocrx_word' id='word_1_871' title='bbox 1318 3232 1374 3265; x_wconf 70' lang='lat' dir='ltr'>n&#39;on</span> <span class='ocrx_word' id='word_1_872' title='bbox 1397 3233 1469 3307; x_wconf 55' lang='grc' dir='ltr'>ἷεὲἶε</span> <span class='ocrx_word' id='word_1_873' title='bbox 1485 3235 1624 3268; x_wconf 60' lang='lat' dir='ltr'>fulcitur:</span> <span class='ocrx_word' id='word_1_874' title='bbox 1647 3238 1716 3277; x_wconf 74' lang='lat' dir='ltr'>quia</span> <span class='ocrx_word' id='word_1_875' title='bbox 1733 3239 1854 3269; x_wconf 69' lang='lat' dir='ltr'>manda-</span> 
     </span>
    </p>

    <p class='ocr_par' dir='ltr' id='par_1_22' title="bbox 1414 3285 1849 3309">
     <span class='ocr_line' id='line_1_131' title="bbox 1414 3285 1849 3309; baseline 0.007 -5"><span class='ocrx_word' id='word_1_876' title='bbox 1414 3296 1425 3303; x_wconf 35' lang='lat'>..</span> <span class='ocrx_word' id='word_1_877' title='bbox 1472 3285 1489 3305; x_wconf 70' lang='lat'>1¹.</span> <span class='ocrx_word' id='word_1_878' title='bbox 1788 3285 1849 3309; x_wconf 72' lang='lat' dir='ltr'>tum</span> 
     </span>
    </p>
   </div>
  </div>
 </body>
</html>
