<?xml version="1.0" encoding="UTF-8"?>
<!DOCTYPE html PUBLIC "-//W3C//DTD XHTML 1.0 Transitional//EN"
    "http://www.w3.org/TR/xhtml1/DTD/xhtml1-transitional.dtd">
<html xmlns="http://www.w3.org/1999/xhtml" xml:lang="en" lang="en">
 <head>
  <title>
</title>
<meta http-equiv="Content-Type" content="text/html;charset=utf-8" />
  <meta name='ocr-system' content='tesseract 3.04.00' />
  <meta name='ocr-capabilities' content='ocr_page ocr_carea ocr_par ocr_line ocrx_word'/>
</head>
<body>
  <div class='ocr_page' id='page_1' title='image "./gerardinoodtnovi00nood_0363.png"; bbox 0 0 2036 3495; ppageno 0'>
   <div class='ocr_carea' id='block_1_1' title="bbox 481 81 613 118">
    <p class='ocr_par' dir='ltr' id='par_1_1' title="bbox 481 81 613 118">
     <span class='ocr_line' id='line_1_1' title="bbox 481 81 613 118; baseline -0.008 0"><span class='ocrx_word' id='word_1_1' title='bbox 481 81 613 118; x_wconf 59' lang='lat' dir='ltr'>Da</span> 
     </span>
    </p>
   </div>
   <div class='ocr_carea' id='block_1_2' title="bbox 43 171 908 257">
    <p class='ocr_par' dir='ltr' id='par_1_2' title="bbox 43 171 908 257">
     <span class='ocr_line' id='line_1_2' title="bbox 43 171 908 221; baseline -0.006 -11"><span class='ocrx_word' id='word_1_2' title='bbox 43 175 191 218; x_wconf 80' lang='lat' dir='ltr'>inquirat.</span> <span class='ocrx_word' id='word_1_3' title='bbox 217 183 278 216; x_wconf 87' lang='lat' dir='ltr'>qua</span> <span class='ocrx_word' id='word_1_4' title='bbox 294 173 324 206; x_wconf 89' lang='lat' dir='ltr'>in</span> <span class='ocrx_word' id='word_1_5' title='bbox 345 182 378 206; x_wconf 88' lang='lat' dir='ltr'>re</span> <span class='ocrx_word' id='word_1_6' title='bbox 395 178 513 206; x_wconf 89' lang='lat' dir='ltr'>tantum</span> <span class='ocrx_word' id='word_1_7' title='bbox 529 171 636 220; x_wconf 79' lang='lat' dir='ltr'>abest,</span> <span class='ocrx_word' id='word_1_8' title='bbox 660 179 695 204; x_wconf 89' lang='lat' dir='ltr'>ut</span> <span class='ocrx_word' id='word_1_9' title='bbox 713 182 847 206; x_wconf 78' lang='lat' dir='ltr'>annonae</span> <span class='ocrx_word' id='word_1_10' title='bbox 865 173 908 221; x_wconf 75' lang='lat' dir='ltr'>fa-</span> 
     </span>
     <span class='ocr_line' id='line_1_3' title="bbox 45 222 907 257; baseline -0.002 -8"><span class='ocrx_word' id='word_1_11' title='bbox 45 229 104 249; x_wconf 64' lang='lat' dir='ltr'>VO?</span> <span class='ocrx_word' id='word_1_12' title='bbox 127 225 287 248; x_wconf 82' lang='lat' dir='ltr'>vertatur:</span> <span class='ocrx_word' id='word_1_13' title='bbox 313 224 346 247; x_wconf 88' lang='lat' dir='ltr'>ut</span> <span class='ocrx_word' id='word_1_14' title='bbox 362 226 379 246; x_wconf 76' lang='lat' dir='ltr'><strong>e</strong></span> <span class='ocrx_word' id='word_1_15' title='bbox 398 223 559 246; x_wconf 74' lang='lat' dir='ltr'>CODU&#39;ffl&#39;lO</span> <span class='ocrx_word' id='word_1_16' title='bbox 576 222 749 254; x_wconf 67' lang='lat' dir='ltr'>quael&#39;atul&#39;3</span> <span class='ocrx_word' id='word_1_17' title='bbox 774 224 811 247; x_wconf 73' lang='lat'>31]</span> <span class='ocrx_word' id='word_1_18' title='bbox 829 224 907 257; x_wconf 66' lang='lat' dir='ltr'>agil-</span> 
     </span>
    </p>
   </div>
   <div class='ocr_carea' id='block_1_3' title="bbox 657 80 1131 121">
    <p class='ocr_par' dir='ltr' id='par_1_3' title="bbox 657 80 1131 121">
     <span class='ocr_line' id='line_1_4' title="bbox 657 80 1131 121; baseline 0.006 -4"><span class='ocrx_word' id='word_1_19' title='bbox 657 80 1131 121; x_wconf 67' lang='lat' dir='ltr'>Usurnucru</span> 
     </span>
    </p>
   </div>
   <div class='ocr_carea' id='block_1_4' title="bbox 1193 84 1820 136">
    <p class='ocr_par' dir='ltr' id='par_1_4' title="bbox 1193 84 1820 136">
     <span class='ocr_line' id='line_1_5' title="bbox 1193 84 1820 136; baseline 0.003 -13"><span class='ocrx_word' id='word_1_20' title='bbox 1193 84 1283 124; x_wconf 75' lang='lat' dir='ltr'>Lrn.</span> <span class='ocrx_word' id='word_1_21' title='bbox 1324 87 1351 124; x_wconf 89' lang='grc' dir='ltr'>Ι.</span> <span class='ocrx_word' id='word_1_22' title='bbox 1751 99 1820 136; x_wconf 78' lang='lat'>337</span> 
     </span>
    </p>
   </div>
   <div class='ocr_carea' id='block_1_5' title="bbox 950 175 1821 259">
    <p class='ocr_par' dir='ltr' id='par_1_5' title="bbox 950 175 1821 259">
     <span class='ocr_line' id='line_1_6' title="bbox 950 175 1820 218; baseline 0.002 -13"><span class='ocrx_word' id='word_1_23' title='bbox 950 175 1074 212; x_wconf 77' lang='lat' dir='ltr'><em>nocebit,</em></span> <span class='ocrx_word' id='word_1_24' title='bbox 1101 175 1114 192; x_wconf 83' lang='grc'>*</span> <span class='ocrx_word' id='word_1_25' title='bbox 1131 175 1273 218; x_wconf 83' lang='lat' dir='ltr'>fiquia&#39;em</span> <span class='ocrx_word' id='word_1_26' title='bbox 1288 177 1315 207; x_wconf 83' lang='lat' dir='ltr'>ei</span> <span class='ocrx_word' id='word_1_27' title='bbox 1331 176 1512 218; x_wconf 75' lang='lat' dir='ltr'><em>permittitur</em></span> <span class='ocrx_word' id='word_1_28' title='bbox 1533 176 1681 208; x_wconf 78' lang='lat' dir='ltr'><em>meliorare</em></span> <span class='ocrx_word' id='word_1_29' title='bbox 1691 177 1820 217; x_wconf 85' lang='lat' dir='ltr'>proprie-</span> 
     </span>
     <span class='ocr_line' id='line_1_7' title="bbox 950 213 1821 259; baseline 0.002 -13"><span class='ocrx_word' id='word_1_30' title='bbox 950 222 1047 247; x_wconf 86' lang='lat' dir='ltr'>tatem.</span> <span class='ocrx_word' id='word_1_31' title='bbox 1064 213 1093 258; x_wconf 84' lang='lat'>§.</span> <span class='ocrx_word' id='word_1_32' title='bbox 1111 222 1140 249; x_wconf 88' lang='lat'>6.</span> <span class='ocrx_word' id='word_1_33' title='bbox 1185 217 1218 248; x_wconf 78' lang='lat' dir='ltr'>St</span> <span class='ocrx_word' id='word_1_34' title='bbox 1236 224 1329 249; x_wconf 86' lang='lat' dir='ltr'>tumen</span> <span class='ocrx_word' id='word_1_35' title='bbox 1344 228 1405 259; x_wconf 81' lang='lat' dir='ltr'>quae</span> <span class='ocrx_word' id='word_1_36' title='bbox 1422 217 1549 258; x_wconf 76' lang='lat' dir='ltr'>instituit</span> <span class='ocrx_word' id='word_1_37' title='bbox 1563 217 1821 257; x_wconf 64' lang='lat' dir='ltr'>itsufrutiuarz&#39;us,</span> 
     </span>
    </p>
   </div>
   <div class='ocr_carea' id='block_1_6' title="bbox 43 255 1820 342">
    <p class='ocr_par' dir='ltr' id='par_1_6' title="bbox 43 255 1820 342">
     <span class='ocr_line' id='line_1_8' title="bbox 43 255 1820 301; baseline -0.001 -10"><span class='ocrx_word' id='word_1_38' title='bbox 43 260 176 292; x_wconf 84' lang='lat' dir='ltr'>culturae</span> <span class='ocrx_word' id='word_1_39' title='bbox 194 267 312 289; x_wconf 86' lang='lat' dir='ltr'>nocere</span> <span class='ocrx_word' id='word_1_40' title='bbox 337 257 430 298; x_wconf 84' lang='lat' dir='ltr'>poffit</span> <span class='ocrx_word' id='word_1_41' title='bbox 453 255 659 293; x_wconf 72' lang='lat' dir='ltr'>fructuarius,</span> <span class='ocrx_word' id='word_1_42' title='bbox 684 255 861 295; x_wconf 83' lang='lat' dir='ltr'>lapidicinis</span> <span class='ocrx_word' id='word_1_43' title='bbox 878 257 907 288; x_wconf 67' lang='grc' dir='ltr'>(ἐξ</span> <span class='ocrx_word' id='word_1_44' title='bbox 950 264 1002 288; x_wconf 84' lang='lat' dir='ltr'>aztt</span> <span class='ocrx_word' id='word_1_45' title='bbox 1020 261 1119 289; x_wconf 87' lang='lat' dir='ltr'>coelum</span> <span class='ocrx_word' id='word_1_46' title='bbox 1136 265 1320 300; x_wconf 89' lang='lat' dir='ltr'>corrumpant</span> <span class='ocrx_word' id='word_1_47' title='bbox 1334 269 1417 301; x_wconf 87' lang='lat' dir='ltr'>agrz,</span> <span class='ocrx_word' id='word_1_48' title='bbox 1433 266 1486 290; x_wconf 88' lang='lat' dir='ltr'>aut</span> <span class='ocrx_word' id='word_1_49' title='bbox 1500 269 1638 301; x_wconf 84' lang='lat' dir='ltr'>magnum</span> <span class='ocrx_word' id='word_1_50' title='bbox 1647 266 1820 300; x_wconf 86' lang='lat' dir='ltr'>apparatum</span> 
     </span>
     <span class='ocr_line' id='line_1_9' title="bbox 44 295 1817 342; baseline -0.001 -8"><span class='ocrx_word' id='word_1_51' title='bbox 44 300 284 334; x_wconf 84' lang='lat' dir='ltr'>inetallifodinis</span> <span class='ocrx_word' id='word_1_52' title='bbox 308 298 473 336; x_wconf 78' lang='lat' dir='ltr'>institutis3</span> <span class='ocrx_word' id='word_1_53' title='bbox 496 297 595 329; x_wconf 85' lang='lat' dir='ltr'>modo</span> <span class='ocrx_word' id='word_1_54' title='bbox 616 295 637 326; x_wconf 88' lang='lat' dir='ltr'>si</span> <span class='ocrx_word' id='word_1_55' title='bbox 653 305 692 327; x_wconf 87' lang='lat' dir='ltr'>ex</span> <span class='ocrx_word' id='word_1_56' title='bbox 712 297 759 329; x_wconf 86' lang='lat' dir='ltr'>his</span> <span class='ocrx_word' id='word_1_57' title='bbox 775 299 907 338; x_wconf 85' lang='lat' dir='ltr'>majores</span> <span class='ocrx_word' id='word_1_58' title='bbox 941 297 1005 336; x_wconf 82' lang='lat' dir='ltr'>sint</span> <span class='ocrx_word' id='word_1_59' title='bbox 1027 299 1237 338; x_wconf 82' lang='lat' dir='ltr'>desideratura,</span> <span class='ocrx_word' id='word_1_60' title='bbox 1262 300 1396 342; x_wconf 84' lang='lat' dir='ltr'>opificum</span> <span class='ocrx_word' id='word_1_61' title='bbox 1415 302 1496 340; x_wconf 87' lang='lat' dir='ltr'>forte</span> <span class='ocrx_word' id='word_1_62' title='bbox 1520 303 1565 331; x_wconf 85' lang='lat' dir='ltr'>vel</span> <span class='ocrx_word' id='word_1_63' title='bbox 1584 301 1739 342; x_wconf 77' lang='lat' dir='ltr'>legatorum</span> <span class='ocrx_word' id='word_1_64' title='bbox 1754 311 1817 342; x_wconf 80' lang='lat' dir='ltr'>quae</span> 
     </span>
    </p>
   </div>
   <div class='ocr_carea' id='block_1_7' title="bbox 0 337 918 3053">
    <p class='ocr_par' dir='ltr' id='par_1_7' title="bbox 0 337 918 3053">
     <span class='ocr_line' id='line_1_10' title="bbox 43 337 906 382; baseline -0.005 -7"><span class='ocrx_word' id='word_1_65' title='bbox 43 343 184 381; x_wconf 86' lang='lat' dir='ltr'>reditus,</span> <span class='ocrx_word' id='word_1_66' title='bbox 207 349 298 382; x_wconf 85' lang='lat' dir='ltr'>quam</span> <span class='ocrx_word' id='word_1_67' title='bbox 317 349 357 370; x_wconf 86' lang='lat' dir='ltr'>ex</span> <span class='ocrx_word' id='word_1_68' title='bbox 378 339 493 377; x_wconf 88' lang='lat' dir='ltr'>vineis,</span> <span class='ocrx_word' id='word_1_69' title='bbox 518 337 667 373; x_wconf 81' lang='lat' dir='ltr'>arbustis,</span> <span class='ocrx_word' id='word_1_70' title='bbox 690 338 740 369; x_wconf 83' lang='lat' dir='ltr'>vel</span> <span class='ocrx_word' id='word_1_71' title='bbox 759 340 906 378; x_wconf 84' lang='lat' dir='ltr'>olivetis,</span> 
     </span>
     <span class='ocr_line' id='line_1_11' title="bbox 44 378 908 422; baseline -0.002 -7"><span class='ocrx_word' id='word_1_72' title='bbox 44 385 77 416; x_wconf 90' lang='lat' dir='ltr'>id</span> <span class='ocrx_word' id='word_1_73' title='bbox 95 383 157 422; x_wconf 85' lang='lat' dir='ltr'>est,</span> <span class='ocrx_word' id='word_1_74' title='bbox 175 392 213 414; x_wconf 80' lang='lat' dir='ltr'>ex</span> <span class='ocrx_word' id='word_1_75' title='bbox 231 381 436 421; x_wconf 79' lang='lat' dir='ltr'>agricultura,</span> <span class='ocrx_word' id='word_1_76' title='bbox 453 379 574 420; x_wconf 84' lang='lat' dir='ltr'>sperare</span> <span class='ocrx_word' id='word_1_77' title='bbox 585 378 688 419; x_wconf 88' lang='lat' dir='ltr'>posfit.</span> <span class='ocrx_word' id='word_1_78' title='bbox 719 379 795 411; x_wconf 89' lang='lat' dir='ltr'>Non</span> <span class='ocrx_word' id='word_1_79' title='bbox 813 381 908 421; x_wconf 87' lang='lat' dir='ltr'>igitur</span> 
     </span>
     <span class='ocr_line' id='line_1_12' title="bbox 44 420 905 466; baseline -0.003 -10"><span class='ocrx_word' id='word_1_80' title='bbox 44 425 170 466; x_wconf 87' lang='lat' dir='ltr'>probari</span> <span class='ocrx_word' id='word_1_81' title='bbox 195 423 296 463; x_wconf 77' lang='lat' dir='ltr'>potest</span> <span class='ocrx_word' id='word_1_82' title='bbox 316 420 515 452; x_wconf 88' lang='lat' dir='ltr'>Gothofi·edi</span> <span class='ocrx_word' id='word_1_83' title='bbox 536 421 706 451; x_wconf 86' lang='lat' dir='ltr'>sententia:</span> <span class='ocrx_word' id='word_1_84' title='bbox 731 431 905 461; x_wconf 85' lang='lat' dir='ltr'>verumque</span> 
     </span>
     <span class='ocr_line' id='line_1_13' title="bbox 45 462 909 505; baseline -0.005 -7"><span class='ocrx_word' id='word_1_85' title='bbox 45 466 109 505; x_wconf 83' lang='lat' dir='ltr'>est,</span> <span class='ocrx_word' id='word_1_86' title='bbox 133 465 352 501; x_wconf 70' lang='lat' dir='ltr'>fructuarium,</span> <span class='ocrx_word' id='word_1_87' title='bbox 375 471 479 502; x_wconf 84' lang='lat' dir='ltr'>neque</span> <span class='ocrx_word' id='word_1_88' title='bbox 498 471 515 492; x_wconf 90' lang='lat' dir='ltr'>a</span> <span class='ocrx_word' id='word_1_89' title='bbox 530 462 663 500; x_wconf 78' lang='lat' dir='ltr'>domuS,</span> <span class='ocrx_word' id='word_1_90' title='bbox 685 471 790 502; x_wconf 87' lang='lat' dir='ltr'>neque</span> <span class='ocrx_word' id='word_1_91' title='bbox 804 473 820 494; x_wconf 85' lang='lat' dir='ltr'>a</span> <span class='ocrx_word' id='word_1_92' title='bbox 837 463 909 495; x_wconf 86' lang='lat' dir='ltr'>fun-</span> 
     </span>
     <span class='ocr_line' id='line_1_14' title="bbox 0 502 906 546; baseline -0.003 -7"><span class='ocrx_word' id='word_1_93' title='bbox 0 507 8 519; x_wconf 92' lang='lat'><em>&#39;</em></span> <span class='ocrx_word' id='word_1_94' title='bbox 44 508 97 546; x_wconf 88' lang='lat' dir='ltr'>di,</span> <span class='ocrx_word' id='word_1_95' title='bbox 114 506 301 538; x_wconf 89' lang='lat' dir='ltr'>conditione</span> <span class='ocrx_word' id='word_1_96' title='bbox 317 504 466 535; x_wconf 85' lang='lat' dir='ltr'>recedere</span> <span class='ocrx_word' id='word_1_97' title='bbox 482 502 589 542; x_wconf 70' lang='lat' dir='ltr'>posse,</span> <span class='ocrx_word' id='word_1_98' title='bbox 612 502 675 534; x_wconf 83' lang='lat' dir='ltr'>sive</span> <span class='ocrx_word' id='word_1_99' title='bbox 692 504 885 536; x_wconf 84' lang='lat' dir='ltr'>deteriorem</span> <span class='ocrx_word' id='word_1_100' title='bbox 897 529 906 544; x_wconf 96' lang='lat'>,</span> 
     </span>
     <span class='ocr_line' id='line_1_15' title="bbox 45 545 906 584; baseline -0.002 -5"><span class='ocrx_word' id='word_1_101' title='bbox 45 548 109 581; x_wconf 67' lang='lat' dir='ltr'>five</span> <span class='ocrx_word' id='word_1_102' title='bbox 134 548 315 582; x_wconf 87' lang='lat' dir='ltr'>meliorem,</span> <span class='ocrx_word' id='word_1_103' title='bbox 339 545 583 584; x_wconf 73' lang='lat' dir='ltr'>utilioremque,</span> <span class='ocrx_word' id='word_1_104' title='bbox 607 545 737 576; x_wconf 89' lang='lat' dir='ltr'>domum</span> <span class='ocrx_word' id='word_1_105' title='bbox 760 554 813 577; x_wconf 86' lang='lat' dir='ltr'>aut</span> <span class='ocrx_word' id='word_1_106' title='bbox 836 546 906 578; x_wconf 86' lang='lat' dir='ltr'>fun·</span> 
     </span>
     <span class='ocr_line' id='line_1_16' title="bbox 47 584 909 625; baseline -0.002 -4"><span class='ocrx_word' id='word_1_107' title='bbox 47 590 122 621; x_wconf 87' lang='lat' dir='ltr'>dum</span> <span class='ocrx_word' id='word_1_108' title='bbox 139 587 244 620; x_wconf 85' lang='lat' dir='ltr'>facere</span> <span class='ocrx_word' id='word_1_109' title='bbox 261 587 346 618; x_wconf 89' lang='lat' dir='ltr'>velit.</span> <span class='ocrx_word' id='word_1_110' title='bbox 391 584 464 616; x_wconf 89' lang='lat' dir='ltr'>Nec</span> <span class='ocrx_word' id='word_1_111' title='bbox 476 586 537 625; x_wconf 75' lang='lat' dir='ltr'>jam</span> <span class='ocrx_word' id='word_1_112' title='bbox 555 587 659 618; x_wconf 83' lang='lat' dir='ltr'>verbis</span> <span class='ocrx_word' id='word_1_113' title='bbox 677 596 769 624; x_wconf 85' lang='lat' dir='ltr'>opus.</span> <span class='ocrx_word' id='word_1_114' title='bbox 794 588 909 619; x_wconf 87' lang='lat' dir='ltr'>intelli-</span> 
     </span>
     <span class='ocr_line' id='line_1_17' title="bbox 44 625 907 671; baseline 0 -10"><span class='ocrx_word' id='word_1_115' title='bbox 44 632 129 671; x_wconf 81' lang='lat' dir='ltr'>gitur</span> <span class='ocrx_word' id='word_1_116' title='bbox 143 630 174 660; x_wconf 90' lang='lat' dir='ltr'>id</span> <span class='ocrx_word' id='word_1_117' title='bbox 191 627 283 669; x_wconf 86' lang='lat' dir='ltr'>ipsius</span> <span class='ocrx_word' id='word_1_118' title='bbox 300 627 480 658; x_wconf 80' lang='lat' dir='ltr'>testimonio</span> <span class='ocrx_word' id='word_1_119' title='bbox 492 625 637 668; x_wconf 86' lang='lat' dir='ltr'>Ulpiani:</span> <span class='ocrx_word' id='word_1_120' title='bbox 653 629 683 659; x_wconf 91' lang='lat' dir='ltr'>in</span> <span class='ocrx_word' id='word_1_121' title='bbox 699 628 727 669; x_wconf 86' lang='lat'>§.</span> <span class='ocrx_word' id='word_1_122' title='bbox 739 638 767 667; x_wconf 81' lang='lat'>4.</span> <span class='ocrx_word' id='word_1_123' title='bbox 785 629 812 659; x_wconf 84' lang='lat' dir='ltr'>d.</span> <span class='ocrx_word' id='word_1_124' title='bbox 829 629 846 660; x_wconf 92' lang='lat' dir='ltr'>l.</span> <span class='ocrx_word' id='word_1_125' title='bbox 861 638 907 670; x_wconf 81' lang='lat'>13.</span> 
     </span>
     <span class='ocr_line' id='line_1_18' title="bbox 44 668 908 710; baseline -0.001 -7"><span class='ocrx_word' id='word_1_126' title='bbox 44 673 111 703; x_wconf 88' lang='lat' dir='ltr'>hoc</span> <span class='ocrx_word' id='word_1_127' title='bbox 133 669 195 708; x_wconf 87' lang='lat' dir='ltr'>cst,</span> <span class='ocrx_word' id='word_1_128' title='bbox 218 679 258 700; x_wconf 90' lang='lat' dir='ltr'>eo</span> <span class='ocrx_word' id='word_1_129' title='bbox 278 669 307 699; x_wconf 92' lang='lat' dir='ltr'>in</span> <span class='ocrx_word' id='word_1_130' title='bbox 325 668 400 700; x_wconf 92' lang='lat' dir='ltr'>loco</span> <span class='ocrx_word' id='word_1_131' title='bbox 419 678 458 700; x_wconf 80' lang='lat' dir='ltr'>ex</span> <span class='ocrx_word' id='word_1_132' title='bbox 477 678 541 709; x_wconf 91' lang='lat' dir='ltr'>quo</span> <span class='ocrx_word' id='word_1_133' title='bbox 559 668 589 700; x_wconf 90' lang='lat' dir='ltr'>in</span> <span class='ocrx_word' id='word_1_134' title='bbox 609 668 636 710; x_wconf 83' lang='lat'>§.</span> <span class='ocrx_word' id='word_1_135' title='bbox 652 679 681 709; x_wconf 85' lang='lat'>5.</span> <span class='ocrx_word' id='word_1_136' title='bbox 697 670 776 701; x_wconf 81' lang='lat' dir='ltr'>facit</span> <span class='ocrx_word' id='word_1_137' title='bbox 792 671 908 702; x_wconf 89' lang='lat' dir='ltr'>deinde</span> 
     </span>
     <span class='ocr_line' id='line_1_19' title="bbox 43 710 908 751; baseline -0.002 -7"><span class='ocrx_word' id='word_1_138' title='bbox 43 712 219 744; x_wconf 82' lang='lat' dir='ltr'>illationem</span> <span class='ocrx_word' id='word_1_139' title='bbox 234 710 273 741; x_wconf 88' lang='lat' dir='ltr'>ad</span> <span class='ocrx_word' id='word_1_140' title='bbox 291 710 555 748; x_wconf 88' lang='lat' dir='ltr'>metallifodinas,</span> <span class='ocrx_word' id='word_1_141' title='bbox 578 710 844 751; x_wconf 87' lang='lat' dir='ltr'>lapidicinasque,</span> <span class='ocrx_word' id='word_1_142' title='bbox 867 711 908 742; x_wconf 84' lang='lat' dir='ltr'>sic</span> 
     </span>
     <span class='ocr_line' id='line_1_20' title="bbox 49 751 909 792; baseline 0 -8"><span class='ocrx_word' id='word_1_143' title='bbox 49 751 230 786; x_wconf 84' lang='lat' dir='ltr'>scribentis,</span> <span class='ocrx_word' id='word_1_144' title='bbox 247 751 367 790; x_wconf 80' lang='lat' dir='ltr'>Siforte</span> <span class='ocrx_word' id='word_1_145' title='bbox 380 751 531 792; x_wconf 80' lang='lat' dir='ltr'>voluptare</span> <span class='ocrx_word' id='word_1_146' title='bbox 540 751 606 791; x_wconf 85' lang='lat' dir='ltr'>suit</span> <span class='ocrx_word' id='word_1_147' title='bbox 619 753 776 791; x_wconf 68' lang='lat' dir='ltr'>praedium,</span> <span class='ocrx_word' id='word_1_148' title='bbox 799 753 909 784; x_wconf 86' lang='lat' dir='ltr'>virida-</span> 
     </span>
     <span class='ocr_line' id='line_1_21' title="bbox 44 790 909 833; baseline -0.002 -8"><span class='ocrx_word' id='word_1_149' title='bbox 44 795 106 830; x_wconf 86' lang='lat' dir='ltr'>ria,</span> <span class='ocrx_word' id='word_1_150' title='bbox 122 793 168 824; x_wconf 77' lang='lat' dir='ltr'>vel</span> <span class='ocrx_word' id='word_1_151' title='bbox 177 790 363 833; x_wconf 63' lang='lat' dir='ltr'>gestationes,</span> <span class='ocrx_word' id='word_1_152' title='bbox 378 793 426 824; x_wconf 80' lang='lat' dir='ltr'>vel</span> <span class='ocrx_word' id='word_1_153' title='bbox 441 793 695 831; x_wconf 79' lang='lat' dir='ltr'>deambulationes,</span> <span class='ocrx_word' id='word_1_154' title='bbox 710 794 855 824; x_wconf 85' lang='lat' dir='ltr'>arboribus</span> <span class='ocrx_word' id='word_1_155' title='bbox 864 795 909 824; x_wconf 86' lang='lat' dir='ltr'>in-</span> 
     </span>
     <span class='ocr_line' id='line_1_22' title="bbox 39 834 911 877; baseline -0.002 -11"><span class='ocrx_word' id='word_1_156' title='bbox 39 834 200 877; x_wconf 65' lang='lat' dir='ltr'>sruiiuofis</span> <span class='ocrx_word' id='word_1_157' title='bbox 223 840 325 874; x_wconf 86' lang='lat' dir='ltr'>opacas</span> <span class='ocrx_word' id='word_1_158' title='bbox 350 840 435 877; x_wconf 70' lang='lat' dir='ltr'>atque</span> <span class='ocrx_word' id='word_1_159' title='bbox 458 844 583 865; x_wconf 82' lang='lat' dir='ltr'>ainoenas</span> <span class='ocrx_word' id='word_1_160' title='bbox 605 834 728 873; x_wconf 83' lang='lat' dir='ltr'>habens,</span> <span class='ocrx_word' id='word_1_161' title='bbox 752 844 808 865; x_wconf 86' lang='lat' dir='ltr'>non</span> <span class='ocrx_word' id='word_1_162' title='bbox 833 836 911 865; x_wconf 79' lang='lat' dir='ltr'>debet·</span> 
     </span>
     <span class='ocr_line' id='line_1_23' title="bbox 49 875 911 917; baseline -0.001 -10"><span class='ocrx_word' id='word_1_163' title='bbox 49 877 182 917; x_wconf 79' lang='lat' dir='ltr'>dejicere,</span> <span class='ocrx_word' id='word_1_164' title='bbox 204 882 237 905; x_wconf 88' lang='lat' dir='ltr'>ut</span> <span class='ocrx_word' id='word_1_165' title='bbox 258 875 335 916; x_wconf 83' lang='lat' dir='ltr'>forte</span> <span class='ocrx_word' id='word_1_166' title='bbox 357 876 451 907; x_wconf 81' lang='lat' dir='ltr'>hortos</span> <span class='ocrx_word' id='word_1_167' title='bbox 473 876 595 906; x_wconf 80' lang='lat' dir='ltr'>oli&#39;torz&#39;os</span> <span class='ocrx_word' id='word_1_168' title='bbox 609 876 708 914; x_wconf 84' lang='lat' dir='ltr'>faciat</span> <span class='ocrx_word' id='word_1_169' title='bbox 725 898 734 915; x_wconf 90' lang='lat'>‚</span> <span class='ocrx_word' id='word_1_170' title='bbox 763 876 810 906; x_wconf 81' lang='lat' dir='ltr'>vel</span> <span class='ocrx_word' id='word_1_171' title='bbox 830 876 911 906; x_wconf 83' lang='lat' dir='ltr'>aliud</span> 
     </span>
     <span class='ocr_line' id='line_1_24' title="bbox 43 915 912 959; baseline -0.002 -11"><span class='ocrx_word' id='word_1_172' title='bbox 43 918 115 959; x_wconf 79' lang='lat' dir='ltr'>quid</span> <span class='ocrx_word' id='word_1_173' title='bbox 129 919 203 959; x_wconf 85' lang='lat' dir='ltr'>quod</span> <span class='ocrx_word' id='word_1_174' title='bbox 216 918 254 947; x_wconf 80' lang='lat' dir='ltr'>ati</span> <span class='ocrx_word' id='word_1_175' title='bbox 270 918 393 948; x_wconf 84' lang='lat' dir='ltr'>reditum</span> <span class='ocrx_word' id='word_1_176' title='bbox 407 915 517 957; x_wconf 68' lang='lat' dir='ltr'>spetiei.</span> <span class='ocrx_word' id='word_1_177' title='bbox 554 916 718 948; x_wconf 84' lang='lat' dir='ltr'>Postremo</span> <span class='ocrx_word' id='word_1_178' title='bbox 738 926 799 948; x_wconf 88' lang='lat' dir='ltr'>non</span> <span class='ocrx_word' id='word_1_179' title='bbox 818 919 912 948; x_wconf 88' lang='lat' dir='ltr'>omit-</span> 
     </span>
     <span class='ocr_line' id='line_1_25' title="bbox 47 956 910 999; baseline -0.001 -9"><span class='ocrx_word' id='word_1_180' title='bbox 47 967 130 998; x_wconf 85' lang='lat' dir='ltr'>tam,</span> <span class='ocrx_word' id='word_1_181' title='bbox 153 958 242 998; x_wconf 90' lang='lat' dir='ltr'>quod</span> <span class='ocrx_word' id='word_1_182' title='bbox 261 956 446 999; x_wconf 84' lang='lat' dir='ltr'>Ulpianus§</span> <span class='ocrx_word' id='word_1_183' title='bbox 471 961 500 989; x_wconf 89' lang='lat'>6.</span> <span class='ocrx_word' id='word_1_184' title='bbox 516 958 695 998; x_wconf 76' lang='lat' dir='ltr'>insequente,</span> <span class='ocrx_word' id='word_1_185' title='bbox 720 958 751 989; x_wconf 92' lang='lat' dir='ltr'>id</span> <span class='ocrx_word' id='word_1_186' title='bbox 777 957 821 989; x_wconf 88' lang='lat' dir='ltr'>est</span> <span class='ocrx_word' id='word_1_187' title='bbox 834 981 843 995; x_wconf 94' lang='lat'><em>‚</em></span> <span class='ocrx_word' id='word_1_188' title='bbox 866 958 910 998; x_wconf 91' lang='lat' dir='ltr'>ip-</span> 
     </span>
     <span class='ocr_line' id='line_1_26' title="bbox 45 998 911 1041; baseline -0.001 -10"><span class='ocrx_word' id='word_1_189' title='bbox 45 998 80 1031; x_wconf 90' lang='lat' dir='ltr'>so</span> <span class='ocrx_word' id='word_1_190' title='bbox 104 1000 135 1030; x_wconf 93' lang='lat' dir='ltr'>in</span> <span class='ocrx_word' id='word_1_191' title='bbox 158 1000 233 1031; x_wconf 88' lang='lat' dir='ltr'>loco</span> <span class='ocrx_word' id='word_1_192' title='bbox 256 1008 321 1039; x_wconf 83' lang='lat' dir='ltr'>quo</span> <span class='ocrx_word' id='word_1_193' title='bbox 340 1000 380 1030; x_wconf 86' lang='lat' dir='ltr'>de</span> <span class='ocrx_word' id='word_1_194' title='bbox 396 1007 515 1041; x_wconf 84' lang='lat' dir='ltr'>agitur,</span> <span class='ocrx_word' id='word_1_195' title='bbox 539 998 662 1038; x_wconf 86' lang='lat' dir='ltr'>scribit,</span> <span class='ocrx_word' id='word_1_196' title='bbox 686 998 911 1038; x_wconf 61' lang='lat' dir='ltr'>fructuarium,</span> 
     </span>
     <span class='ocr_line' id='line_1_27' title="bbox 46 1040 912 1081; baseline -0.002 -9"><span class='ocrx_word' id='word_1_197' title='bbox 46 1040 264 1072; x_wconf 81' lang='lat' dir='ltr'>instituentem</span> <span class='ocrx_word' id='word_1_198' title='bbox 281 1041 405 1072; x_wconf 86' lang='lat' dir='ltr'>metalla</span> <span class='ocrx_word' id='word_1_199' title='bbox 415 1050 484 1081; x_wconf 84' lang='lat' dir='ltr'>quae</span> <span class='ocrx_word' id='word_1_200' title='bbox 497 1049 549 1071; x_wconf 86' lang='lat' dir='ltr'>aut</span> <span class='ocrx_word' id='word_1_201' title='bbox 566 1040 629 1080; x_wconf 87' lang='lat' dir='ltr'>agri</span> <span class='ocrx_word' id='word_1_202' title='bbox 645 1041 761 1071; x_wconf 86' lang='lat' dir='ltr'>coelum</span> <span class='ocrx_word' id='word_1_203' title='bbox 774 1049 912 1071; x_wconf 88' lang='lat' dir='ltr'>corrum-</span> 
     </span>
     <span class='ocr_line' id='line_1_28' title="bbox 46 1080 911 1123; baseline -0.002 -10"><span class='ocrx_word' id='word_1_204' title='bbox 46 1089 142 1123; x_wconf 82' lang='lat' dir='ltr'>pant,</span> <span class='ocrx_word' id='word_1_205' title='bbox 170 1091 222 1113; x_wconf 89' lang='lat' dir='ltr'>aut</span> <span class='ocrx_word' id='word_1_206' title='bbox 241 1082 388 1122; x_wconf 86' lang='lat' dir='ltr'>niaj0rem</span> <span class='ocrx_word' id='word_1_207' title='bbox 407 1089 588 1122; x_wconf 86' lang='lat' dir='ltr'>apparatum</span> <span class='ocrx_word' id='word_1_208' title='bbox 607 1080 662 1112; x_wconf 84' lang='lat' dir='ltr'>sint</span> <span class='ocrx_word' id='word_1_209' title='bbox 682 1080 911 1119; x_wconf 76' lang='lat' dir='ltr'>desideratura,</span> 
     </span>
     <span class='ocr_line' id='line_1_29' title="bbox 48 1122 912 1164; baseline -0.002 -10"><span class='ocrx_word' id='word_1_210' title='bbox 48 1132 143 1162; x_wconf 86' lang='lat' dir='ltr'>quam</span> <span class='ocrx_word' id='word_1_211' title='bbox 161 1122 308 1154; x_wconf 86' lang='lat' dir='ltr'>sustinere</span> <span class='ocrx_word' id='word_1_212' title='bbox 334 1123 427 1163; x_wconf 87' lang='lat' dir='ltr'>possit</span> <span class='ocrx_word' id='word_1_213' title='bbox 450 1122 695 1164; x_wconf 74' lang='lat' dir='ltr'>proprietarius,</span> <span class='ocrx_word' id='word_1_214' title='bbox 723 1132 788 1153; x_wconf 92' lang='lat' dir='ltr'>non</span> <span class='ocrx_word' id='word_1_215' title='bbox 813 1122 912 1152; x_wconf 89' lang='lat' dir='ltr'>videri</span> 
     </span>
     <span class='ocr_line' id='line_1_30' title="bbox 46 1162 913 1203; baseline -0.002 -8"><span class='ocrx_word' id='word_1_216' title='bbox 46 1164 124 1195; x_wconf 90' lang='lat' dir='ltr'>boni</span> <span class='ocrx_word' id='word_1_217' title='bbox 138 1165 194 1195; x_wconf 89' lang='lat' dir='ltr'>viri</span> <span class='ocrx_word' id='word_1_218' title='bbox 210 1165 360 1196; x_wconf 84' lang='lat' dir='ltr'>arbitratu</span> <span class='ocrx_word' id='word_1_219' title='bbox 378 1163 449 1195; x_wconf 86' lang='lat' dir='ltr'>frui.</span> <span class='ocrx_word' id='word_1_220' title='bbox 473 1163 549 1195; x_wconf 90' lang='lat' dir='ltr'>Hoc</span> <span class='ocrx_word' id='word_1_221' title='bbox 565 1165 647 1194; x_wconf 90' lang='lat' dir='ltr'>enim</span> <span class='ocrx_word' id='word_1_222' title='bbox 667 1172 731 1203; x_wconf 91' lang='lat' dir='ltr'>quo</span> <span class='ocrx_word' id='word_1_223' title='bbox 747 1162 913 1203; x_wconf 75' lang='lat' dir='ltr'>pertinet?</span> 
     </span>
     <span class='ocr_line' id='line_1_31' title="bbox 47 1203 911 1245; baseline -0.003 -8"><span class='ocrx_word' id='word_1_224' title='bbox 47 1204 104 1237; x_wconf 79' lang='lat' dir='ltr'>nisi</span> <span class='ocrx_word' id='word_1_225' title='bbox 121 1214 155 1237; x_wconf 92' lang='lat' dir='ltr'>ut</span> <span class='ocrx_word' id='word_1_226' title='bbox 178 1206 311 1245; x_wconf 89' lang='lat' dir='ltr'>probet,</span> <span class='ocrx_word' id='word_1_227' title='bbox 331 1214 424 1243; x_wconf 90' lang='lat' dir='ltr'>eum,</span> <span class='ocrx_word' id='word_1_228' title='bbox 446 1204 588 1245; x_wconf 77' lang='lat' dir='ltr'>quamvis</span> <span class='ocrx_word' id='word_1_229' title='bbox 603 1213 643 1235; x_wconf 84' lang='lat' dir='ltr'>ex</span> <span class='ocrx_word' id='word_1_230' title='bbox 659 1205 793 1235; x_wconf 84' lang='lat' dir='ltr'>metallis</span> <span class='ocrx_word' id='word_1_231' title='bbox 816 1203 911 1242; x_wconf 83' lang='lat' dir='ltr'>majo-</span> 
     </span>
     <span class='ocr_line' id='line_1_32' title="bbox 47 1243 910 1287; baseline -0.005 -9"><span class='ocrx_word' id='word_1_232' title='bbox 47 1256 114 1283; x_wconf 80' lang='lat' dir='ltr'>reS,</span> <span class='ocrx_word' id='word_1_233' title='bbox 134 1255 225 1285; x_wconf 87' lang='lat' dir='ltr'>quam</span> <span class='ocrx_word' id='word_1_234' title='bbox 235 1255 275 1277; x_wconf 88' lang='lat' dir='ltr'>ex</span> <span class='ocrx_word' id='word_1_235' title='bbox 284 1246 489 1287; x_wconf 84' lang='lat' dir='ltr'>agricultura,</span> <span class='ocrx_word' id='word_1_236' title='bbox 506 1246 625 1276; x_wconf 86' lang='lat' dir='ltr'>reditus</span> <span class='ocrx_word' id='word_1_237' title='bbox 635 1243 671 1276; x_wconf 85' lang='lat' dir='ltr'>sit</span> <span class='ocrx_word' id='word_1_238' title='bbox 682 1252 889 1285; x_wconf 88' lang='lat' dir='ltr'>percepturus</span> <span class='ocrx_word' id='word_1_239' title='bbox 901 1268 910 1282; x_wconf 91' lang='lat'>,</span> 
     </span>
     <span class='ocr_line' id='line_1_33' title="bbox 51 1286 910 1328; baseline -0.003 -9"><span class='ocrx_word' id='word_1_240' title='bbox 51 1296 156 1319; x_wconf 86' lang='lat' dir='ltr'>tamen</span> <span class='ocrx_word' id='word_1_241' title='bbox 180 1287 376 1328; x_wconf 83' lang='lat' dir='ltr'>agriculturae</span> <span class='ocrx_word' id='word_1_242' title='bbox 400 1295 493 1324; x_wconf 82' lang='lat' dir='ltr'>quam</span> <span class='ocrx_word' id='word_1_243' title='bbox 517 1286 641 1316; x_wconf 84' lang='lat' dir='ltr'>invenit</span> <span class='ocrx_word' id='word_1_244' title='bbox 657 1308 667 1324; x_wconf 91' lang='lat'>,</span> <span class='ocrx_word' id='word_1_245' title='bbox 690 1286 910 1317; x_wconf 87' lang='lat' dir='ltr'>conditionem</span> 
     </span>
     <span class='ocr_line' id='line_1_34' title="bbox 46 1326 911 1368; baseline 0 -9"><span class='ocrx_word' id='word_1_246' title='bbox 46 1336 170 1360; x_wconf 86' lang='lat' dir='ltr'>mutare</span> <span class='ocrx_word' id='word_1_247' title='bbox 186 1338 250 1359; x_wconf 89' lang='lat' dir='ltr'>non</span> <span class='ocrx_word' id='word_1_248' title='bbox 269 1327 365 1368; x_wconf 77' lang='lat' dir='ltr'>posse.</span> <span class='ocrx_word' id='word_1_249' title='bbox 390 1327 490 1364; x_wconf 86' lang='lat' dir='ltr'>Haec,</span> <span class='ocrx_word' id='word_1_250' title='bbox 505 1326 649 1367; x_wconf 82' lang='lat' dir='ltr'>inquies,</span> <span class='ocrx_word' id='word_1_251' title='bbox 665 1335 730 1367; x_wconf 91' lang='lat' dir='ltr'>quo</span> <span class='ocrx_word' id='word_1_252' title='bbox 748 1326 911 1367; x_wconf 77' lang='lat' dir='ltr'>pergunt?</span> 
     </span>
     <span class='ocr_line' id='line_1_35' title="bbox 47 1367 910 1411; baseline 0 -11"><span class='ocrx_word' id='word_1_253' title='bbox 47 1378 185 1411; x_wconf 83' lang='lat' dir='ltr'>nempe,</span> <span class='ocrx_word' id='word_1_254' title='bbox 208 1376 242 1400; x_wconf 90' lang='lat' dir='ltr'>ut</span> <span class='ocrx_word' id='word_1_255' title='bbox 259 1368 421 1400; x_wconf 87' lang='lat' dir='ltr'>ostendam</span> <span class='ocrx_word' id='word_1_256' title='bbox 433 1392 441 1406; x_wconf 87' lang='lat'>‚</span> <span class='ocrx_word' id='word_1_257' title='bbox 459 1368 544 1399; x_wconf 88' lang='lat' dir='ltr'>hune</span> <span class='ocrx_word' id='word_1_258' title='bbox 561 1367 683 1399; x_wconf 89' lang='lat' dir='ltr'>versum</span> <span class='ocrx_word' id='word_1_259' title='bbox 701 1369 754 1408; x_wconf 84' lang='lat' dir='ltr'>qui</span> <span class='ocrx_word' id='word_1_260' title='bbox 772 1368 816 1399; x_wconf 86' lang='lat' dir='ltr'>est</span> <span class='ocrx_word' id='word_1_261' title='bbox 832 1367 861 1409; x_wconf 83' lang='lat'>§.</span> <span class='ocrx_word' id='word_1_262' title='bbox 879 1377 910 1408; x_wconf 89' lang='lat'>5.</span> 
     </span>
     <span class='ocr_line' id='line_1_36' title="bbox 46 1406 910 1451; baseline -0.003 -8"><span class='ocrx_word' id='word_1_263' title='bbox 46 1412 76 1443; x_wconf 77' lang='lat' dir='ltr'>d.</span> <span class='ocrx_word' id='word_1_264' title='bbox 94 1411 114 1442; x_wconf 86' lang='lat' dir='ltr'>l.</span> <span class='ocrx_word' id='word_1_265' title='bbox 133 1419 178 1451; x_wconf 80' lang='lat'>13.</span> <span class='ocrx_word' id='word_1_266' title='bbox 203 1409 244 1440; x_wconf 88' lang='lat' dir='ltr'>Et</span> <span class='ocrx_word' id='word_1_267' title='bbox 253 1408 281 1448; x_wconf 85' lang='lat' dir='ltr'>si</span> <span class='ocrx_word' id='word_1_268' title='bbox 289 1410 370 1449; x_wconf 89' lang='lat' dir='ltr'>forte</span> <span class='ocrx_word' id='word_1_269' title='bbox 388 1412 417 1440; x_wconf 79' lang='lat' dir='ltr'>tn</span> <span class='ocrx_word' id='word_1_270' title='bbox 434 1410 484 1440; x_wconf 82' lang='lat' dir='ltr'>hoc</span> <span class='ocrx_word' id='word_1_271' title='bbox 500 1410 575 1449; x_wconf 78' lang='lat' dir='ltr'>quod</span> <span class='ocrx_word' id='word_1_272' title='bbox 590 1406 737 1450; x_wconf 79' lang='lat' dir='ltr'>instituit,</span> <span class='ocrx_word' id='word_1_273' title='bbox 756 1409 824 1450; x_wconf 89' lang='lat' dir='ltr'>plus</span> <span class='ocrx_word' id='word_1_274' title='bbox 838 1411 910 1440; x_wconf 84' lang='lat' dir='ltr'>redi-</span> 
     </span>
     <span class='ocr_line' id='line_1_37' title="bbox 38 1448 912 1493; baseline -0.003 -9"><span class='ocrx_word' id='word_1_275' title='bbox 38 1457 94 1491; x_wconf 72' lang='lat' dir='ltr'>tus</span> <span class='ocrx_word' id='word_1_276' title='bbox 101 1450 143 1490; x_wconf 84' lang='lat' dir='ltr'>sit</span> <span class='ocrx_word' id='word_1_277' title='bbox 153 1474 162 1490; x_wconf 94' lang='lat'>,</span> <span class='ocrx_word' id='word_1_278' title='bbox 177 1461 264 1493; x_wconf 86' lang='lat' dir='ltr'>quam</span> <span class='ocrx_word' id='word_1_279' title='bbox 279 1453 310 1482; x_wconf 86' lang='lat' dir='ltr'>in</span> <span class='ocrx_word' id='word_1_280' title='bbox 326 1452 436 1489; x_wconf 82' lang='lat' dir='ltr'>vineis,</span> <span class='ocrx_word' id='word_1_281' title='bbox 451 1451 497 1481; x_wconf 84' lang='lat' dir='ltr'>vel</span> <span class='ocrx_word' id='word_1_282' title='bbox 513 1448 633 1490; x_wconf 79' lang='lat' dir='ltr'>arbustis</span> <span class='ocrx_word' id='word_1_283' title='bbox 643 1474 652 1489; x_wconf 90' lang='lat'>,</span> <span class='ocrx_word' id='word_1_284' title='bbox 663 1450 710 1481; x_wconf 81' lang='lat' dir='ltr'>vel</span> <span class='ocrx_word' id='word_1_285' title='bbox 724 1450 836 1481; x_wconf 84' lang='lat' dir='ltr'>olivetis</span> <span class='ocrx_word' id='word_1_286' title='bbox 849 1460 912 1492; x_wconf 81' lang='lat' dir='ltr'>quae</span> 
     </span>
     <span class='ocr_line' id='line_1_38' title="bbox 42 1490 910 1534; baseline 0 -11"><span class='ocrx_word' id='word_1_287' title='bbox 42 1493 170 1534; x_wconf 81' lang='lat' dir='ltr'>fuerunt</span> <span class='ocrx_word' id='word_1_288' title='bbox 180 1516 190 1531; x_wconf 89' lang='lat'>,</span> <span class='ocrx_word' id='word_1_289' title='bbox 200 1491 325 1531; x_wconf 87' lang='lat' dir='ltr'>forfitan</span> <span class='ocrx_word' id='word_1_290' title='bbox 341 1493 428 1523; x_wconf 87' lang='lat' dir='ltr'>etiam</span> <span class='ocrx_word' id='word_1_291' title='bbox 443 1492 499 1523; x_wconf 81' lang='lat' dir='ltr'>haec</span> <span class='ocrx_word' id='word_1_292' title='bbox 515 1492 632 1533; x_wconf 84' lang='lat' dir='ltr'>dejicere</span> <span class='ocrx_word' id='word_1_293' title='bbox 640 1493 746 1532; x_wconf 85' lang='lat' dir='ltr'>poterit</span> <span class='ocrx_word' id='word_1_294' title='bbox 757 1515 766 1531; x_wconf 90' lang='lat'><em>‚</em></span> <span class='ocrx_word' id='word_1_295' title='bbox 783 1490 910 1531; x_wconf 75' lang='lat' dir='ltr'>Ulpiani</span> 
     </span>
     <span class='ocr_line' id='line_1_39' title="bbox 47 1532 911 1572; baseline 0.001 -8"><span class='ocrx_word' id='word_1_296' title='bbox 47 1534 156 1566; x_wconf 87' lang='lat' dir='ltr'>verbis</span> <span class='ocrx_word' id='word_1_297' title='bbox 172 1533 295 1565; x_wconf 86' lang='lat' dir='ltr'>misceri</span> <span class='ocrx_word' id='word_1_298' title='bbox 310 1533 410 1564; x_wconf 86' lang='lat' dir='ltr'>male:</span> <span class='ocrx_word' id='word_1_299' title='bbox 433 1542 504 1564; x_wconf 89' lang='lat' dir='ltr'>cum</span> <span class='ocrx_word' id='word_1_300' title='bbox 522 1533 558 1564; x_wconf 85' lang='lat' dir='ltr'>sit</span> <span class='ocrx_word' id='word_1_301' title='bbox 570 1532 911 1572; x_wconf 84' lang='lat' dir='ltr'>Interprctis‚Veteris</span> 
     </span>
     <span class='ocr_line' id='line_1_40' title="bbox 42 1573 912 1616; baseline -0.002 -10"><span class='ocrx_word' id='word_1_302' title='bbox 42 1575 197 1616; x_wconf 83' lang='lat' dir='ltr'>quidem,</span> <span class='ocrx_word' id='word_1_303' title='bbox 218 1573 271 1606; x_wconf 88' lang='lat' dir='ltr'>sed</span> <span class='ocrx_word' id='word_1_304' title='bbox 288 1583 391 1615; x_wconf 91' lang='lat' dir='ltr'>neque</span> <span class='ocrx_word' id='word_1_305' title='bbox 413 1575 452 1606; x_wconf 86' lang='lat' dir='ltr'>ad</span> <span class='ocrx_word' id='word_1_306' title='bbox 476 1573 605 1614; x_wconf 88' lang='lat' dir='ltr'>Ulpiani</span> <span class='ocrx_word' id='word_1_307' title='bbox 621 1582 782 1612; x_wconf 86' lang='lat' dir='ltr'>mentem,</span> <span class='ocrx_word' id='word_1_308' title='bbox 806 1583 912 1609; x_wconf 77' lang='lat' dir='ltr'>neque</span> 
     </span>
     <span class='ocr_line' id='line_1_41' title="bbox 46 1614 911 1656; baseline -0.003 -8"><span class='ocrx_word' id='word_1_309' title='bbox 46 1617 87 1648; x_wconf 84' lang='lat' dir='ltr'>ad</span> <span class='ocrx_word' id='word_1_310' title='bbox 109 1616 188 1656; x_wconf 79' lang='lat' dir='ltr'>juris</span> <span class='ocrx_word' id='word_1_311' title='bbox 212 1617 370 1647; x_wconf 87' lang='lat' dir='ltr'>rationem</span> <span class='ocrx_word' id='word_1_312' title='bbox 395 1616 606 1654; x_wconf 83' lang='lat' dir='ltr'>attendentis;</span> <span class='ocrx_word' id='word_1_313' title='bbox 628 1615 658 1646; x_wconf 72' lang='grc' dir='ltr'>ἀ</span> <span class='ocrx_word' id='word_1_314' title='bbox 675 1615 835 1655; x_wconf 85' lang='lat' dir='ltr'>sequentia</span> <span class='ocrx_word' id='word_1_315' title='bbox 856 1614 911 1646; x_wconf 92' lang='lat' dir='ltr'>Ul-</span> 
     </span>
     <span class='ocr_line' id='line_1_42' title="bbox 38 1657 912 1698; baseline -0.001 -10"><span class='ocrx_word' id='word_1_316' title='bbox 38 1657 132 1698; x_wconf 67' lang='lat' dir='ltr'>inani</span> <span class='ocrx_word' id='word_1_317' title='bbox 151 1658 265 1697; x_wconf 89' lang='lat' dir='ltr'>verba,</span> <span class='ocrx_word' id='word_1_318' title='bbox 289 1658 323 1688; x_wconf 86' lang='lat' dir='ltr'>Si</span> <span class='ocrx_word' id='word_1_319' title='bbox 343 1658 435 1688; x_wconf 78' lang='lat' dir='ltr'>uidem</span> <span class='ocrx_word' id='word_1_320' title='bbox 452 1658 478 1687; x_wconf 86' lang='lat' dir='ltr'>ei</span> <span class='ocrx_word' id='word_1_321' title='bbox 487 1658 668 1697; x_wconf 77' lang='lat' dir='ltr'>permittitur</span> <span class='ocrx_word' id='word_1_322' title='bbox 683 1657 828 1688; x_wconf 72' lang='lat' dir='ltr'>meliorare</span> <span class='ocrx_word' id='word_1_323' title='bbox 846 1663 912 1697; x_wconf 90' lang='lat' dir='ltr'>pro-</span> 
     </span>
     <span class='ocr_line' id='line_1_43' title="bbox 38 1697 912 1741; baseline 0.001 -13"><span class='ocrx_word' id='word_1_324' title='bbox 38 1701 210 1741; x_wconf 70' lang='lat' dir='ltr'>prietatem,</span> <span class='ocrx_word' id='word_1_325' title='bbox 221 1701 316 1729; x_wconf 90' lang='lat' dir='ltr'>incon</span> <span class='ocrx_word' id='word_1_326' title='bbox 332 1698 480 1730; x_wconf 83' lang='lat' dir='ltr'>ideratius</span> <span class='ocrx_word' id='word_1_327' title='bbox 495 1697 693 1737; x_wconf 85' lang='lat' dir='ltr'>explicantis.</span> <span class='ocrx_word' id='word_1_328' title='bbox 717 1699 765 1729; x_wconf 89' lang='lat' dir='ltr'>An</span> <span class='ocrx_word' id='word_1_329' title='bbox 781 1697 825 1729; x_wconf 89' lang='lat' dir='ltr'>est</span> <span class='ocrx_word' id='word_1_330' title='bbox 840 1707 912 1738; x_wconf 91' lang='lat' dir='ltr'>pro-</span> 
     </span>
     <span class='ocr_line' id='line_1_44' title="bbox 40 1737 912 1781; baseline 0 -11"><span class='ocrx_word' id='word_1_331' title='bbox 40 1740 170 1781; x_wconf 68' lang='lat' dir='ltr'>babile,</span> <span class='ocrx_word' id='word_1_332' title='bbox 194 1738 385 1780; x_wconf 86' lang='lat' dir='ltr'>Ulpianum,</span> <span class='ocrx_word' id='word_1_333' title='bbox 408 1739 439 1771; x_wconf 91' lang='lat' dir='ltr'>id</span> <span class='ocrx_word' id='word_1_334' title='bbox 459 1737 523 1777; x_wconf 88' lang='lat' dir='ltr'>est,</span> <span class='ocrx_word' id='word_1_335' title='bbox 546 1739 710 1770; x_wconf 88' lang='lat' dir='ltr'>hominem</span> <span class='ocrx_word' id='word_1_336' title='bbox 727 1739 857 1770; x_wconf 62' lang='lat' dir='ltr'>doctum</span> <span class='ocrx_word' id='word_1_337' title='bbox 875 1748 912 1770; x_wconf 91' lang='lat' dir='ltr'>ac</span> 
     </span>
     <span class='ocr_line' id='line_1_45' title="bbox 44 1779 912 1821; baseline 0 -9"><span class='ocrx_word' id='word_1_338' title='bbox 44 1779 238 1820; x_wconf 81' lang='lat' dir='ltr'>sapientem,</span> <span class='ocrx_word' id='word_1_339' title='bbox 261 1781 291 1812; x_wconf 93' lang='lat' dir='ltr'>in</span> <span class='ocrx_word' id='word_1_340' title='bbox 317 1790 351 1811; x_wconf 88' lang='lat' dir='ltr'>re</span> <span class='ocrx_word' id='word_1_341' title='bbox 371 1780 501 1812; x_wconf 85' lang='lat' dir='ltr'>minime</span> <span class='ocrx_word' id='word_1_342' title='bbox 518 1780 742 1818; x_wconf 87' lang='lat' dir='ltr'>controversa,</span> <span class='ocrx_word' id='word_1_343' title='bbox 765 1779 912 1821; x_wconf 71' lang='lat' dir='ltr'>scripsisse</span> 
     </span>
     <span class='ocr_line' id='line_1_46' title="bbox 45 1819 912 1862; baseline 0.001 -10"><span class='ocrx_word' id='word_1_344' title='bbox 45 1820 174 1860; x_wconf 87' lang='lat' dir='ltr'>secum,</span> <span class='ocrx_word' id='word_1_345' title='bbox 200 1821 230 1852; x_wconf 69' lang='grc' dir='ltr'>ὅ(</span> <span class='ocrx_word' id='word_1_346' title='bbox 251 1830 325 1853; x_wconf 86' lang='lat' dir='ltr'>cum</span> <span class='ocrx_word' id='word_1_347' title='bbox 349 1820 443 1853; x_wconf 90' lang='lat' dir='ltr'>Civili</span> <span class='ocrx_word' id='word_1_348' title='bbox 466 1819 557 1861; x_wconf 88' lang='lat' dir='ltr'>Jure,</span> <span class='ocrx_word' id='word_1_349' title='bbox 582 1829 645 1851; x_wconf 90' lang='lat' dir='ltr'>tam</span> <span class='ocrx_word' id='word_1_350' title='bbox 671 1820 836 1853; x_wconf 80' lang='lat' dir='ltr'>manifeste</span> <span class='ocrx_word' id='word_1_351' title='bbox 857 1831 912 1862; x_wconf 91' lang='lat' dir='ltr'>pu-</span> 
     </span>
     <span class='ocr_line' id='line_1_47' title="bbox 45 1861 915 1903; baseline -0.002 -8"><span class='ocrx_word' id='word_1_352' title='bbox 45 1862 199 1903; x_wconf 75' lang='lat' dir='ltr'>guantia‘?</span> <span class='ocrx_word' id='word_1_353' title='bbox 214 1862 298 1894; x_wconf 89' lang='lat' dir='ltr'>Mihi</span> <span class='ocrx_word' id='word_1_354' title='bbox 315 1863 442 1903; x_wconf 88' lang='lat' dir='ltr'>quidem</span> <span class='ocrx_word' id='word_1_355' title='bbox 459 1871 523 1894; x_wconf 91' lang='lat' dir='ltr'>non</span> <span class='ocrx_word' id='word_1_356' title='bbox 539 1862 664 1902; x_wconf 89' lang='lat' dir='ltr'>placet:</span> <span class='ocrx_word' id='word_1_357' title='bbox 681 1861 736 1893; x_wconf 84' lang='lat' dir='ltr'>etsi</span> <span class='ocrx_word' id='word_1_358' title='bbox 752 1872 815 1894; x_wconf 90' lang='lat' dir='ltr'>non</span> <span class='ocrx_word' id='word_1_359' title='bbox 826 1864 915 1903; x_wconf 85' lang='lat' dir='ltr'>igno-</span> 
     </span>
     <span class='ocr_line' id='line_1_48' title="bbox 49 1901 914 1944; baseline -0.002 -8"><span class='ocrx_word' id='word_1_360' title='bbox 49 1913 107 1943; x_wconf 84' lang='lat' dir='ltr'>ro,</span> <span class='ocrx_word' id='word_1_361' title='bbox 118 1912 192 1935; x_wconf 90' lang='lat' dir='ltr'>eum</span> <span class='ocrx_word' id='word_1_362' title='bbox 209 1903 331 1935; x_wconf 88' lang='lat' dir='ltr'>versum</span> <span class='ocrx_word' id='word_1_363' title='bbox 349 1904 443 1935; x_wconf 84' lang='lat' dir='ltr'>etiam</span> <span class='ocrx_word' id='word_1_364' title='bbox 459 1901 580 1935; x_wconf 84' lang='lat' dir='ltr'>exstare</span> <span class='ocrx_word' id='word_1_365' title='bbox 597 1903 679 1944; x_wconf 85' lang='lat' dir='ltr'>apud</span> <span class='ocrx_word' id='word_1_366' title='bbox 689 1902 822 1935; x_wconf 83' lang='lat' dir='ltr'>Graecos</span> <span class='ocrx_word' id='word_1_367' title='bbox 833 1927 841 1942; x_wconf 91' lang='lat'><strong>‚</strong></span> <span class='ocrx_word' id='word_1_368' title='bbox 858 1903 914 1935; x_wconf 87' lang='lat' dir='ltr'>Ba·</span> 
     </span>
     <span class='ocr_line' id='line_1_49' title="bbox 42 1943 915 1986; baseline 0 -11"><span class='ocrx_word' id='word_1_369' title='bbox 42 1943 119 1984; x_wconf 78' lang='lat' dir='ltr'>filie.</span> <span class='ocrx_word' id='word_1_370' title='bbox 137 1945 185 1977; x_wconf 89' lang='lat' dir='ltr'>lib.</span> <span class='ocrx_word' id='word_1_371' title='bbox 200 1948 247 1976; x_wconf 89' lang='lat'>16.</span> <span class='ocrx_word' id='word_1_372' title='bbox 266 1946 302 1976; x_wconf 85' lang='lat' dir='ltr'>tit</span> <span class='ocrx_word' id='word_1_373' title='bbox 319 1954 344 1976; x_wconf 89' lang='lat'>1.</span> <span class='ocrx_word' id='word_1_374' title='bbox 363 1951 429 1976; x_wconf 89' lang='lat' dir='ltr'>tom.</span> <span class='ocrx_word' id='word_1_375' title='bbox 446 1955 475 1977; x_wconf 86' lang='lat'>2.</span> <span class='ocrx_word' id='word_1_376' title='bbox 488 1952 558 1986; x_wconf 83' lang='lat' dir='ltr'>pag.</span> <span class='ocrx_word' id='word_1_377' title='bbox 577 1954 645 1985; x_wconf 87' lang='lat'>250.</span> <span class='ocrx_word' id='word_1_378' title='bbox 677 1944 739 1976; x_wconf 87' lang='lat' dir='ltr'>Sed</span> <span class='ocrx_word' id='word_1_379' title='bbox 758 1946 789 1976; x_wconf 88' lang='lat' dir='ltr'>id</span> <span class='ocrx_word' id='word_1_380' title='bbox 804 1954 868 1976; x_wconf 90' lang='lat' dir='ltr'>non</span> <span class='ocrx_word' id='word_1_381' title='bbox 886 1954 915 1975; x_wconf 92' lang='lat' dir='ltr'>a·</span> 
     </span>
     <span class='ocr_line' id='line_1_50' title="bbox 47 1985 913 2027; baseline 0 -10"><span class='ocrx_word' id='word_1_382' title='bbox 47 1986 95 2018; x_wconf 89' lang='lat' dir='ltr'>lio</span> <span class='ocrx_word' id='word_1_383' title='bbox 112 1987 270 2027; x_wconf 84' lang='lat' dir='ltr'>pertinet,</span> <span class='ocrx_word' id='word_1_384' title='bbox 294 1995 387 2026; x_wconf 87' lang='lat' dir='ltr'>quarn</span> <span class='ocrx_word' id='word_1_385' title='bbox 414 1994 449 2017; x_wconf 91' lang='lat' dir='ltr'>ut</span> <span class='ocrx_word' id='word_1_386' title='bbox 474 1986 610 2026; x_wconf 78' lang='lat' dir='ltr'>liqueat,</span> <span class='ocrx_word' id='word_1_387' title='bbox 633 1986 695 2026; x_wconf 84' lang='lat' dir='ltr'>jam</span> <span class='ocrx_word' id='word_1_388' title='bbox 711 1986 788 2018; x_wconf 92' lang='lat' dir='ltr'>olim</span> <span class='ocrx_word' id='word_1_389' title='bbox 806 1985 913 2017; x_wconf 89' lang='lat' dir='ltr'>defor-</span> 
     </span>
     <span class='ocr_line' id='line_1_51' title="bbox 48 2026 912 2068; baseline -0.001 -9"><span class='ocrx_word' id='word_1_390' title='bbox 48 2033 170 2060; x_wconf 85' lang='lat' dir='ltr'>matum</span> <span class='ocrx_word' id='word_1_391' title='bbox 186 2037 226 2058; x_wconf 90' lang='lat' dir='ltr'>eo</span> <span class='ocrx_word' id='word_1_392' title='bbox 241 2027 332 2059; x_wconf 84' lang='lat' dir='ltr'>fuiffe</span> <span class='ocrx_word' id='word_1_393' title='bbox 349 2026 530 2068; x_wconf 80' lang='lat' dir='ltr'>Ulpianum.</span> <span class='ocrx_word' id='word_1_394' title='bbox 561 2026 660 2067; x_wconf 86' lang='lat' dir='ltr'>Igitur</span> <span class='ocrx_word' id='word_1_395' title='bbox 679 2035 711 2058; x_wconf 88' lang='lat' dir='ltr'>ut</span> <span class='ocrx_word' id='word_1_396' title='bbox 729 2028 814 2058; x_wconf 89' lang='lat' dir='ltr'>hunc</span> <span class='ocrx_word' id='word_1_397' title='bbox 824 2026 912 2058; x_wconf 86' lang='lat' dir='ltr'>Grae-</span> 
     </span>
     <span class='ocr_line' id='line_1_52' title="bbox 49 2067 914 2109; baseline 0.001 -10"><span class='ocrx_word' id='word_1_398' title='bbox 49 2068 80 2099; x_wconf 89' lang='lat' dir='ltr'>ci</span> <span class='ocrx_word' id='word_1_399' title='bbox 103 2077 234 2109; x_wconf 88' lang='lat' dir='ltr'>quoque</span> <span class='ocrx_word' id='word_1_400' title='bbox 256 2069 442 2109; x_wconf 87' lang='lat' dir='ltr'>indigitent,</span> <span class='ocrx_word' id='word_1_401' title='bbox 467 2076 571 2099; x_wconf 86' lang='lat' dir='ltr'>tamen</span> <span class='ocrx_word' id='word_1_402' title='bbox 599 2078 638 2099; x_wconf 91' lang='lat' dir='ltr'>ne</span> <span class='ocrx_word' id='word_1_403' title='bbox 663 2067 803 2107; x_wconf 86' lang='lat' dir='ltr'>Ulpiano</span> <span class='ocrx_word' id='word_1_404' title='bbox 833 2068 914 2100; x_wconf 92' lang='lat' dir='ltr'>som-</span> 
     </span>
     <span class='ocr_line' id='line_1_53' title="bbox 47 2108 914 2151; baseline -0.002 -9"><span class='ocrx_word' id='word_1_405' title='bbox 47 2117 124 2146; x_wconf 78' lang='lat' dir='ltr'>nuS,</span> <span class='ocrx_word' id='word_1_406' title='bbox 142 2119 182 2140; x_wconf 91' lang='lat' dir='ltr'>ne</span> <span class='ocrx_word' id='word_1_407' title='bbox 199 2110 274 2150; x_wconf 84' lang='lat' dir='ltr'>quid</span> <span class='ocrx_word' id='word_1_408' title='bbox 284 2110 407 2151; x_wconf 84' lang='lat' dir='ltr'>gravius</span> <span class='ocrx_word' id='word_1_409' title='bbox 423 2110 524 2141; x_wconf 86' lang='lat' dir='ltr'>dicam</span> <span class='ocrx_word' id='word_1_410' title='bbox 536 2133 544 2147; x_wconf 84' lang='lat'>‚</span> <span class='ocrx_word' id='word_1_411' title='bbox 562 2108 733 2149; x_wconf 79' lang='lat' dir='ltr'>surrepsisse</span> <span class='ocrx_word' id='word_1_412' title='bbox 751 2110 914 2149; x_wconf 87' lang='lat' dir='ltr'>videatur,</span> 
     </span>
     <span class='ocr_line' id='line_1_54' title="bbox 47 2149 914 2192; baseline 0 -10"><span class='ocrx_word' id='word_1_413' title='bbox 47 2159 111 2191; x_wconf 86' lang='lat' dir='ltr'>ego</span> <span class='ocrx_word' id='word_1_414' title='bbox 126 2159 196 2182; x_wconf 87' lang='lat' dir='ltr'>eum</span> <span class='ocrx_word' id='word_1_415' title='bbox 213 2152 462 2192; x_wconf 84' lang='lat' dir='ltr'>interpolatione</span> <span class='ocrx_word' id='word_1_416' title='bbox 483 2158 547 2182; x_wconf 89' lang='lat' dir='ltr'>tam</span> <span class='ocrx_word' id='word_1_417' title='bbox 563 2149 707 2181; x_wconf 81' lang='lat' dir='ltr'>seditiosa</span> <span class='ocrx_word' id='word_1_418' title='bbox 723 2150 843 2182; x_wconf 86' lang='lat' dir='ltr'>&amp;male</span> <span class='ocrx_word' id='word_1_419' title='bbox 861 2160 914 2182; x_wconf 93' lang='lat' dir='ltr'>co-</span> 
     </span>
     <span class='ocr_line' id='line_1_55' title="bbox 47 2190 914 2232; baseline 0.001 -10"><span class='ocrx_word' id='word_1_420' title='bbox 47 2190 189 2223; x_wconf 84' lang='lat' dir='ltr'>haerente</span> <span class='ocrx_word' id='word_1_421' title='bbox 206 2192 403 2224; x_wconf 88' lang='lat' dir='ltr'>liberandum</span> <span class='ocrx_word' id='word_1_422' title='bbox 421 2191 547 2223; x_wconf 88' lang='lat' dir='ltr'>censeo.</span> <span class='ocrx_word' id='word_1_423' title='bbox 572 2192 699 2223; x_wconf 82' lang='lat' dir='ltr'>interim</span> <span class='ocrx_word' id='word_1_424' title='bbox 716 2201 781 2232; x_wconf 86' lang='lat' dir='ltr'>quo</span> <span class='ocrx_word' id='word_1_425' title='bbox 799 2192 914 2224; x_wconf 87' lang='lat' dir='ltr'>clarior</span> 
     </span>
     <span class='ocr_line' id='line_1_56' title="bbox 45 2231 914 2274; baseline 0.001 -11"><span class='ocrx_word' id='word_1_426' title='bbox 45 2231 103 2263; x_wconf 84' lang='lat' dir='ltr'>fiat</span> <span class='ocrx_word' id='word_1_427' title='bbox 119 2232 280 2273; x_wconf 78' lang='lat' dir='ltr'>Uipianeae</span> <span class='ocrx_word' id='word_1_428' title='bbox 295 2233 398 2265; x_wconf 89' lang='lat' dir='ltr'>forma</span> <span class='ocrx_word' id='word_1_429' title='bbox 413 2232 652 2270; x_wconf 75' lang='lat' dir='ltr'>dissertationis,</span> <span class='ocrx_word' id='word_1_430' title='bbox 669 2242 732 2264; x_wconf 90' lang='lat' dir='ltr'>uno</span> <span class='ocrx_word' id='word_1_431' title='bbox 742 2233 914 2274; x_wconf 72' lang='lat' dir='ltr'>conspectu</span> 
     </span>
     <span class='ocr_line' id='line_1_57' title="bbox 46 2273 914 2315; baseline 0.005 -11"><span class='ocrx_word' id='word_1_432' title='bbox 46 2276 204 2314; x_wconf 80' lang='lat' dir='ltr'>integram</span> <span class='ocrx_word' id='word_1_433' title='bbox 219 2274 400 2313; x_wconf 86' lang='lat' dir='ltr'>exhibebo,</span> <span class='ocrx_word' id='word_1_434' title='bbox 417 2274 592 2315; x_wconf 64' lang='lat' dir='ltr'>conjunctis</span> <span class='ocrx_word' id='word_1_435' title='bbox 612 2274 714 2305; x_wconf 80' lang='lat' dir='ltr'>verbis</span> <span class='ocrx_word' id='word_1_436' title='bbox 732 2274 762 2315; x_wconf 82' lang='lat'>§.</span> <span class='ocrx_word' id='word_1_437' title='bbox 784 2285 812 2313; x_wconf 80' lang='lat'>4.</span> <span class='ocrx_word' id='word_1_438' title='bbox 829 2285 858 2314; x_wconf 81' lang='lat'>5.</span> <span class='ocrx_word' id='word_1_439' title='bbox 878 2273 914 2308; x_wconf 47' lang='grc' dir='ltr'>ὅθ</span> 
     </span>
     <span class='ocr_line' id='line_1_58' title="bbox 52 2314 912 2356; baseline 0.001 -12"><span class='ocrx_word' id='word_1_440' title='bbox 52 2318 83 2345; x_wconf 85' lang='grc'>6.</span> <span class='ocrx_word' id='word_1_441' title='bbox 99 2317 127 2345; x_wconf 83' lang='lat' dir='ltr'>d.</span> <span class='ocrx_word' id='word_1_442' title='bbox 144 2315 161 2344; x_wconf 88' lang='lat' dir='ltr'>l.</span> <span class='ocrx_word' id='word_1_443' title='bbox 185 2324 232 2356; x_wconf 84' lang='lat'>13.</span> <span class='ocrx_word' id='word_1_444' title='bbox 258 2314 450 2346; x_wconf 62' lang='lat' dir='ltr'>Fruc‘tuarius</span> <span class='ocrx_word' id='word_1_445' title='bbox 465 2317 576 2355; x_wconf 82' lang='lat' dir='ltr'>causam</span> <span class='ocrx_word' id='word_1_446' title='bbox 592 2317 775 2355; x_wconf 81' lang='lat' dir='ltr'>proprietatis</span> <span class='ocrx_word' id='word_1_447' title='bbox 794 2316 912 2346; x_wconf 83' lang='lat' dir='ltr'>deterio-</span> 
     </span>
     <span class='ocr_line' id='line_1_59' title="bbox 48 2353 913 2396; baseline 0 -9"><span class='ocrx_word' id='word_1_448' title='bbox 48 2365 108 2387; x_wconf 77' lang='lat' dir='ltr'>rem</span> <span class='ocrx_word' id='word_1_449' title='bbox 121 2356 220 2394; x_wconf 77' lang='lat' dir='ltr'>facere</span> <span class='ocrx_word' id='word_1_450' title='bbox 236 2365 292 2387; x_wconf 88' lang='lat' dir='ltr'>non</span> <span class='ocrx_word' id='word_1_451' title='bbox 309 2357 401 2387; x_wconf 86' lang='lat' dir='ltr'>debet:</span> <span class='ocrx_word' id='word_1_452' title='bbox 418 2356 554 2387; x_wconf 81' lang='lat' dir='ltr'>meliorem</span> <span class='ocrx_word' id='word_1_453' title='bbox 567 2356 665 2394; x_wconf 89' lang='lat' dir='ltr'>facere</span> <span class='ocrx_word' id='word_1_454' title='bbox 679 2353 776 2396; x_wconf 77' lang='lat' dir='ltr'>potest.</span> <span class='ocrx_word' id='word_1_455' title='bbox 801 2356 843 2387; x_wconf 89' lang='lat' dir='ltr'>Et</span> <span class='ocrx_word' id='word_1_456' title='bbox 860 2361 913 2388; x_wconf 90' lang='lat' dir='ltr'>aut</span> 
     </span>
     <span class='ocr_line' id='line_1_60' title="bbox 41 2394 911 2438; baseline 0.002 -11"><span class='ocrx_word' id='word_1_457' title='bbox 41 2394 185 2437; x_wconf 75' lang='lat' dir='ltr'>fundiefi</span> <span class='ocrx_word' id='word_1_458' title='bbox 201 2395 386 2436; x_wconf 67' lang='lat' dir='ltr'>ususfrui‘ius</span> <span class='ocrx_word' id='word_1_459' title='bbox 402 2396 533 2438; x_wconf 84' lang='lat' dir='ltr'>legatus,</span> <span class='ocrx_word' id='word_1_460' title='bbox 551 2396 587 2431; x_wconf 62' lang='grc' dir='ltr'>ὅ)</span> <span class='ocrx_word' id='word_1_461' title='bbox 604 2406 660 2427; x_wconf 86' lang='lat' dir='ltr'>non</span> <span class='ocrx_word' id='word_1_462' title='bbox 669 2398 745 2428; x_wconf 78' lang='lat' dir='ltr'>debet</span> <span class='ocrx_word' id='word_1_463' title='bbox 760 2407 848 2438; x_wconf 86' lang='lat' dir='ltr'>neque</span> <span class='ocrx_word' id='word_1_464' title='bbox 864 2408 911 2429; x_wconf 89' lang='lat' dir='ltr'>ar-</span> 
     </span>
     <span class='ocr_line' id='line_1_61' title="bbox 50 2438 915 2478; baseline 0.001 -10"><span class='ocrx_word' id='word_1_465' title='bbox 50 2439 126 2469; x_wconf 88' lang='lat' dir='ltr'>bores</span> <span class='ocrx_word' id='word_1_466' title='bbox 134 2439 300 2478; x_wconf 82' lang='lat' dir='ltr'>frugiferas</span> <span class='ocrx_word' id='word_1_467' title='bbox 319 2439 464 2476; x_wconf 82' lang='lat' dir='ltr'>excidere,</span> <span class='ocrx_word' id='word_1_468' title='bbox 488 2447 577 2478; x_wconf 86' lang='lat' dir='ltr'>neque</span> <span class='ocrx_word' id='word_1_469' title='bbox 591 2438 692 2469; x_wconf 83' lang='lat' dir='ltr'>villam</span> <span class='ocrx_word' id='word_1_470' title='bbox 709 2439 821 2469; x_wconf 84' lang='lat' dir='ltr'>diruere</span> <span class='ocrx_word' id='word_1_471' title='bbox 832 2461 842 2478; x_wconf 91' lang='lat'>‚</span> <span class='ocrx_word' id='word_1_472' title='bbox 864 2448 915 2469; x_wconf 88' lang='lat' dir='ltr'>nec</span> 
     </span>
     <span class='ocr_line' id='line_1_62' title="bbox 50 2478 915 2520; baseline 0 -10"><span class='ocrx_word' id='word_1_473' title='bbox 50 2480 202 2520; x_wconf 80' lang='lat' dir='ltr'>quicquam</span> <span class='ocrx_word' id='word_1_474' title='bbox 218 2479 319 2518; x_wconf 87' lang='lat' dir='ltr'>facere</span> <span class='ocrx_word' id='word_1_475' title='bbox 340 2479 372 2510; x_wconf 87' lang='lat' dir='ltr'>in</span> <span class='ocrx_word' id='word_1_476' title='bbox 390 2479 545 2519; x_wconf 85' lang='lat' dir='ltr'>perniciem</span> <span class='ocrx_word' id='word_1_477' title='bbox 566 2479 761 2520; x_wconf 84' lang='lat' dir='ltr'>proprietatis.</span> <span class='ocrx_word' id='word_1_478' title='bbox 794 2478 814 2519; x_wconf 91' lang='lat'>†</span> <span class='ocrx_word' id='word_1_479' title='bbox 837 2478 915 2517; x_wconf 85' lang='lat' dir='ltr'>Etsi</span> 
     </span>
     <span class='ocr_line' id='line_1_63' title="bbox 43 2518 912 2562; baseline 0.001 -11"><span class='ocrx_word' id='word_1_480' title='bbox 43 2520 123 2560; x_wconf 88' lang='lat' dir='ltr'>forte</span> <span class='ocrx_word' id='word_1_481' title='bbox 137 2520 288 2560; x_wconf 85' lang='lat' dir='ltr'>voluptare</span> <span class='ocrx_word' id='word_1_482' title='bbox 297 2521 361 2559; x_wconf 88' lang='lat' dir='ltr'>fuit</span> <span class='ocrx_word' id='word_1_483' title='bbox 372 2521 513 2560; x_wconf 84' lang='lat' dir='ltr'>praedium</span> <span class='ocrx_word' id='word_1_484' title='bbox 523 2543 532 2559; x_wconf 89' lang='lat'>,</span> <span class='ocrx_word' id='word_1_485' title='bbox 555 2520 701 2552; x_wconf 82' lang='lat' dir='ltr'>viridaria</span> <span class='ocrx_word' id='word_1_486' title='bbox 714 2520 760 2551; x_wconf 87' lang='lat' dir='ltr'>vel</span> <span class='ocrx_word' id='word_1_487' title='bbox 779 2518 912 2562; x_wconf 79' lang='lat' dir='ltr'>gestatio-</span> 
     </span>
     <span class='ocr_line' id='line_1_64' title="bbox 50 2560 915 2602; baseline 0.001 -11"><span class='ocrx_word' id='word_1_488' title='bbox 50 2570 99 2592; x_wconf 84' lang='lat' dir='ltr'>nes</span> <span class='ocrx_word' id='word_1_489' title='bbox 114 2561 161 2592; x_wconf 83' lang='lat' dir='ltr'>vel</span> <span class='ocrx_word' id='word_1_490' title='bbox 175 2562 412 2593; x_wconf 78' lang='lat' dir='ltr'>deambulationes</span> <span class='ocrx_word' id='word_1_491' title='bbox 443 2562 588 2593; x_wconf 78' lang='lat' dir='ltr'>arboribus</span> <span class='ocrx_word' id='word_1_492' title='bbox 610 2560 797 2601; x_wconf 67' lang='lat' dir='ltr'>infrutiuofis</span> <span class='ocrx_word' id='word_1_493' title='bbox 814 2569 915 2602; x_wconf 85' lang='lat' dir='ltr'>opacas</span> 
     </span>
     <span class='ocr_line' id='line_1_65' title="bbox 51 2603 915 2644; baseline 0 -11"><span class='ocrx_word' id='word_1_494' title='bbox 51 2608 138 2642; x_wconf 81' lang='lat' dir='ltr'>atque</span> <span class='ocrx_word' id='word_1_495' title='bbox 157 2611 280 2633; x_wconf 87' lang='lat' dir='ltr'>amoenas</span> <span class='ocrx_word' id='word_1_496' title='bbox 299 2603 422 2642; x_wconf 86' lang='lat' dir='ltr'>babens,</span> <span class='ocrx_word' id='word_1_497' title='bbox 446 2613 503 2633; x_wconf 88' lang='lat' dir='ltr'>non</span> <span class='ocrx_word' id='word_1_498' title='bbox 520 2603 624 2633; x_wconf 80' lang='lat' dir='ltr'>debebit</span> <span class='ocrx_word' id='word_1_499' title='bbox 641 2603 775 2644; x_wconf 84' lang='lat' dir='ltr'>dejicere,</span> <span class='ocrx_word' id='word_1_500' title='bbox 792 2610 826 2634; x_wconf 86' lang='lat' dir='ltr'>ut</span> <span class='ocrx_word' id='word_1_501' title='bbox 835 2603 915 2643; x_wconf 88' lang='lat' dir='ltr'>forte</span> 
     </span>
     <span class='ocr_line' id='line_1_66' title="bbox 51 2643 912 2684; baseline 0.002 -12"><span class='ocrx_word' id='word_1_502' title='bbox 51 2643 144 2673; x_wconf 81' lang='lat' dir='ltr'>hortos</span> <span class='ocrx_word' id='word_1_503' title='bbox 161 2643 281 2673; x_wconf 89' lang='lat' dir='ltr'>olitorios</span> <span class='ocrx_word' id='word_1_504' title='bbox 296 2644 407 2681; x_wconf 78' lang='lat' dir='ltr'>faciut,</span> <span class='ocrx_word' id='word_1_505' title='bbox 429 2644 476 2674; x_wconf 84' lang='lat' dir='ltr'>vel</span> <span class='ocrx_word' id='word_1_506' title='bbox 491 2643 572 2675; x_wconf 80' lang='lat' dir='ltr'>aliud</span> <span class='ocrx_word' id='word_1_507' title='bbox 587 2643 675 2684; x_wconf 84' lang='lat' dir='ltr'>quid,</span> <span class='ocrx_word' id='word_1_508' title='bbox 698 2646 772 2684; x_wconf 85' lang='lat' dir='ltr'>quod</span> <span class='ocrx_word' id='word_1_509' title='bbox 790 2645 826 2676; x_wconf 82' lang='lat' dir='ltr'>ad</span> <span class='ocrx_word' id='word_1_510' title='bbox 838 2644 912 2675; x_wconf 82' lang='lat' dir='ltr'>redi-</span> 
     </span>
     <span class='ocr_line' id='line_1_67' title="bbox 53 2682 917 2725; baseline 0.003 -12"><span class='ocrx_word' id='word_1_511' title='bbox 53 2689 115 2713; x_wconf 79' lang='lat' dir='ltr'>tum</span> <span class='ocrx_word' id='word_1_512' title='bbox 127 2682 238 2722; x_wconf 71' lang='lat' dir='ltr'>spetlat.</span> <span class='ocrx_word' id='word_1_513' title='bbox 257 2683 285 2724; x_wconf 56' lang='grc' dir='ltr'>ὃ.</span> <span class='ocrx_word' id='word_1_514' title='bbox 296 2695 325 2724; x_wconf 79' lang='lat'>5.</span> <span class='ocrx_word' id='word_1_515' title='bbox 345 2684 416 2715; x_wconf 80' lang='lat' dir='ltr'>Inde</span> <span class='ocrx_word' id='word_1_516' title='bbox 433 2682 470 2723; x_wconf 78' lang='lat' dir='ltr'>eft</span> <span class='ocrx_word' id='word_1_517' title='bbox 486 2683 653 2725; x_wconf 82' lang='lat' dir='ltr'>quaesitum,</span> <span class='ocrx_word' id='word_1_518' title='bbox 669 2694 707 2716; x_wconf 89' lang='lat' dir='ltr'>an</span> <span class='ocrx_word' id='word_1_519' title='bbox 722 2685 917 2725; x_wconf 73' lang='lat' dir='ltr'>lapidicinos,</span> 
     </span>
     <span class='ocr_line' id='line_1_68' title="bbox 52 2723 918 2766; baseline 0.001 -12"><span class='ocrx_word' id='word_1_520' title='bbox 52 2723 100 2754; x_wconf 80' lang='lat' dir='ltr'>vel</span> <span class='ocrx_word' id='word_1_521' title='bbox 114 2723 298 2760; x_wconf 78' lang='lat' dir='ltr'>cretifoclinas</span> <span class='ocrx_word' id='word_1_522' title='bbox 308 2747 318 2763; x_wconf 92' lang='lat'><strong>‚</strong></span> <span class='ocrx_word' id='word_1_523' title='bbox 345 2725 391 2755; x_wconf 88' lang='lat' dir='ltr'>vel</span> <span class='ocrx_word' id='word_1_524' title='bbox 406 2727 601 2762; x_wconf 79' lang='lat' dir='ltr'>arenifoclinas</span> <span class='ocrx_word' id='word_1_525' title='bbox 616 2725 673 2766; x_wconf 79' lang='lat' dir='ltr'>ipse</span> <span class='ocrx_word' id='word_1_526' title='bbox 687 2724 838 2765; x_wconf 80' lang='lat' dir='ltr'>instituere</span> <span class='ocrx_word' id='word_1_527' title='bbox 850 2734 918 2766; x_wconf 56' lang='lat' dir='ltr'>pos‹</span> 
     </span>
     <span class='ocr_line' id='line_1_69' title="bbox 47 2762 916 2808; baseline 0.006 -15"><span class='ocrx_word' id='word_1_528' title='bbox 47 2762 114 2802; x_wconf 81' lang='lat' dir='ltr'>fit?</span> <span class='ocrx_word' id='word_1_529' title='bbox 137 2762 177 2794; x_wconf 81' lang='lat' dir='ltr'>Et</span> <span class='ocrx_word' id='word_1_530' title='bbox 203 2762 280 2805; x_wconf 82' lang='lat' dir='ltr'>[ego]</span> <span class='ocrx_word' id='word_1_531' title='bbox 301 2770 371 2805; x_wconf 87' lang='lat' dir='ltr'>puto</span> <span class='ocrx_word' id='word_1_532' title='bbox 394 2766 480 2796; x_wconf 88' lang='lat' dir='ltr'>etiam</span> <span class='ocrx_word' id='word_1_533' title='bbox 503 2767 593 2806; x_wconf 85' lang='lat' dir='ltr'>ipsum</span> <span class='ocrx_word' id='word_1_534' title='bbox 614 2764 762 2806; x_wconf 78' lang='lat' dir='ltr'>instituere</span> <span class='ocrx_word' id='word_1_535' title='bbox 780 2766 872 2808; x_wconf 85' lang='lat' dir='ltr'>poffe,</span> <span class='ocrx_word' id='word_1_536' title='bbox 887 2762 916 2804; x_wconf 86' lang='lat' dir='ltr'><strong><em>fi</em></strong></span> 
     </span>
     <span class='ocr_line' id='line_1_70' title="bbox 52 2805 914 2848; baseline 0.003 -14"><span class='ocrx_word' id='word_1_537' title='bbox 52 2813 111 2835; x_wconf 84' lang='lat' dir='ltr'>non</span> <span class='ocrx_word' id='word_1_538' title='bbox 126 2806 190 2845; x_wconf 87' lang='lat' dir='ltr'>agri</span> <span class='ocrx_word' id='word_1_539' title='bbox 203 2811 312 2843; x_wconf 86' lang='lat' dir='ltr'>partem</span> <span class='ocrx_word' id='word_1_540' title='bbox 328 2805 507 2846; x_wconf 73' lang='lat' dir='ltr'>neceffariam</span> <span class='ocrx_word' id='word_1_541' title='bbox 521 2807 589 2837; x_wconf 85' lang='lat' dir='ltr'>huic</span> <span class='ocrx_word' id='word_1_542' title='bbox 604 2811 644 2838; x_wconf 88' lang='lat' dir='ltr'>rei</span> <span class='ocrx_word' id='word_1_543' title='bbox 661 2813 851 2846; x_wconf 84' lang='lat' dir='ltr'>occupaturus</span> <span class='ocrx_word' id='word_1_544' title='bbox 865 2806 914 2848; x_wconf 78' lang='lat' dir='ltr'>eft.</span> 
     </span>
     <span class='ocr_line' id='line_1_71' title="bbox 53 2844 917 2891; baseline 0.003 -14"><span class='ocrx_word' id='word_1_545' title='bbox 53 2844 74 2883; x_wconf 79' lang='lat'>†</span> <span class='ocrx_word' id='word_1_546' title='bbox 93 2845 218 2877; x_wconf 73' lang='lat' dir='ltr'>Proinde</span> <span class='ocrx_word' id='word_1_547' title='bbox 232 2853 321 2876; x_wconf 85' lang='lat' dir='ltr'>venas</span> <span class='ocrx_word' id='word_1_548' title='bbox 329 2855 438 2887; x_wconf 83' lang='lat' dir='ltr'>quoque</span> <span class='ocrx_word' id='word_1_549' title='bbox 454 2847 694 2886; x_wconf 81' lang='lat' dir='ltr'>lapidicinarum,</span> <span class='ocrx_word' id='word_1_550' title='bbox 711 2847 917 2891; x_wconf 76' lang='lat' dir='ltr'>&amp;hujusmodi</span> 
     </span>
     <span class='ocr_line' id='line_1_72' title="bbox 51 2887 915 2927; baseline 0.003 -9"><span class='ocrx_word' id='word_1_551' title='bbox 51 2887 230 2919; x_wconf 86' lang='lat' dir='ltr'>metallorum</span> <span class='ocrx_word' id='word_1_552' title='bbox 247 2887 390 2926; x_wconf 79' lang='lat' dir='ltr'>inquirere</span> <span class='ocrx_word' id='word_1_553' title='bbox 402 2888 517 2926; x_wconf 88' lang='lat' dir='ltr'>poterit.</span> <span class='ocrx_word' id='word_1_554' title='bbox 559 2887 638 2927; x_wconf 67' lang='lat' dir='ltr'>Ergo</span> <span class='ocrx_word' id='word_1_555' title='bbox 655 2888 693 2923; x_wconf 65' lang='lat'>{3⁹</span> <span class='ocrx_word' id='word_1_556' title='bbox 708 2891 791 2926; x_wconf 85' lang='lat' dir='ltr'>auri,</span> <span class='ocrx_word' id='word_1_557' title='bbox 816 2889 852 2924; x_wconf 56' lang='grc' dir='ltr'>ἐξ</span> <span class='ocrx_word' id='word_1_558' title='bbox 869 2899 915 2920; x_wconf 87' lang='lat' dir='ltr'>ar—</span> 
     </span>
     <span class='ocr_line' id='line_1_73' title="bbox 50 2925 915 2969; baseline 0.003 -11"><span class='ocrx_word' id='word_1_559' title='bbox 50 2928 152 2969; x_wconf 83' lang='lat' dir='ltr'>genti,</span> <span class='ocrx_word' id='word_1_560' title='bbox 176 2925 212 2961; x_wconf 78' lang='lat'><em>&amp;</em></span> <span class='ocrx_word' id='word_1_561' title='bbox 226 2927 390 2967; x_wconf 80' lang='lat' dir='ltr'>sulphuris,</span> <span class='ocrx_word' id='word_1_562' title='bbox 413 2926 449 2961; x_wconf 64' lang='grc' dir='ltr'>δᾶ)</span> <span class='ocrx_word' id='word_1_563' title='bbox 477 2928 557 2966; x_wconf 82' lang='lat' dir='ltr'>oeris,</span> <span class='ocrx_word' id='word_1_564' title='bbox 580 2928 722 2967; x_wconf 71' lang='lat' dir='ltr'>&amp;serri‚</span> <span class='ocrx_word' id='word_1_565' title='bbox 746 2929 783 2965; x_wconf 60' lang='grc' dir='ltr'>δ’</span> <span class='ocrx_word' id='word_1_566' title='bbox 805 2936 915 2961; x_wconf 82' lang='lat' dir='ltr'>caetero·</span> 
     </span>
     <span class='ocr_line' id='line_1_74' title="bbox 53 2966 915 3010; baseline 0 -10"><span class='ocrx_word' id='word_1_567' title='bbox 53 2978 120 3000; x_wconf 84' lang='lat' dir='ltr'>rum</span> <span class='ocrx_word' id='word_1_568' title='bbox 128 2969 268 3009; x_wconf 81' lang='lat' dir='ltr'>fodinas,</span> <span class='ocrx_word' id='word_1_569' title='bbox 291 2968 338 2998; x_wconf 81' lang='lat' dir='ltr'>vel</span> <span class='ocrx_word' id='word_1_570' title='bbox 352 2977 425 3008; x_wconf 89' lang='lat' dir='ltr'>quas</span> <span class='ocrx_word' id='word_1_571' title='bbox 436 2966 651 3008; x_wconf 83' lang='lat' dir='ltr'>paterfamilias</span> <span class='ocrx_word' id='word_1_572' title='bbox 667 2969 812 3010; x_wconf 78' lang='lat' dir='ltr'>instituit,</span> <span class='ocrx_word' id='word_1_573' title='bbox 837 2980 915 3002; x_wconf 84' lang='lat' dir='ltr'>exer-</span> 
     </span>
     <span class='ocr_line' id='line_1_75' title="bbox 55 3006 917 3053; baseline 0 -11"><span class='ocrx_word' id='word_1_574' title='bbox 55 3017 111 3042; x_wconf 85' lang='lat' dir='ltr'>cere</span> <span class='ocrx_word' id='word_1_575' title='bbox 123 3010 230 3051; x_wconf 88' lang='lat' dir='ltr'>poterit</span> <span class='ocrx_word' id='word_1_576' title='bbox 243 3031 254 3048; x_wconf 92' lang='lat'>,</span> <span class='ocrx_word' id='word_1_577' title='bbox 277 3009 324 3040; x_wconf 86' lang='lat' dir='ltr'>vet</span> <span class='ocrx_word' id='word_1_578' title='bbox 337 3010 395 3050; x_wconf 83' lang='lat' dir='ltr'>ipse</span> <span class='ocrx_word' id='word_1_579' title='bbox 410 3006 575 3050; x_wconf 79' lang='lat' dir='ltr'>instituere,</span> <span class='ocrx_word' id='word_1_580' title='bbox 590 3009 620 3048; x_wconf 85' lang='lat' dir='ltr'><em>fi</em></span> <span class='ocrx_word' id='word_1_581' title='bbox 636 3010 710 3041; x_wconf 86' lang='lat' dir='ltr'>nihil</span> <span class='ocrx_word' id='word_1_582' title='bbox 732 3012 917 3053; x_wconf 78' lang='lat' dir='ltr'>agricultum</span> 
     </span>
    </p>
   </div>
   <div class='ocr_carea' id='block_1_8' title="bbox 946 339 1819 1124">
    <p class='ocr_par' dir='ltr' id='par_1_8' title="bbox 948 339 1817 420">
     <span class='ocr_line' id='line_1_76' title="bbox 948 339 1817 384; baseline 0.005 -14"><span class='ocrx_word' id='word_1_583' title='bbox 948 347 1005 370; x_wconf 86' lang='lat' dir='ltr'>non</span> <span class='ocrx_word' id='word_1_584' title='bbox 1019 339 1108 381; x_wconf 79' lang='lat' dir='ltr'>potest</span> <span class='ocrx_word' id='word_1_585' title='bbox 1115 339 1259 382; x_wconf 79' lang='lat' dir='ltr'>sustinere</span> <span class='ocrx_word' id='word_1_586' title='bbox 1272 344 1497 384; x_wconf 80' lang='lat' dir='ltr'>proprietarius.-</span> <span class='ocrx_word' id='word_1_587' title='bbox 1517 351 1574 373; x_wconf 87' lang='lat' dir='ltr'>non</span> <span class='ocrx_word' id='word_1_588' title='bbox 1592 344 1737 374; x_wconf 78' lang='lat' dir='ltr'>videbitur</span> <span class='ocrx_word' id='word_1_589' title='bbox 1751 342 1817 374; x_wconf 79' lang='lat' dir='ltr'>boni</span> 
     </span>
     <span class='ocr_line' id='line_1_77' title="bbox 949 382 1257 420; baseline 0.01 -9"><span class='ocrx_word' id='word_1_590' title='bbox 949 382 1009 412; x_wconf 84' lang='lat' dir='ltr'>viri</span> <span class='ocrx_word' id='word_1_591' title='bbox 1025 384 1171 413; x_wconf 84' lang='lat' dir='ltr'>arbitratu</span> <span class='ocrx_word' id='word_1_592' title='bbox 1182 384 1257 420; x_wconf 83' lang='lat' dir='ltr'>frui.</span> 
     </span>
    </p>

    <p class='ocr_par' dir='ltr' id='par_1_9' title="bbox 946 421 1819 1124">
     <span class='ocr_line' id='line_1_78' title="bbox 991 421 1816 466; baseline 0.005 -13"><span class='ocrx_word' id='word_1_593' title='bbox 991 424 1015 453; x_wconf 88' lang='lat' dir='ltr'><strong>A</strong></span> <span class='ocrx_word' id='word_1_594' title='bbox 1040 422 1068 464; x_wconf 83' lang='lat'>§.</span> <span class='ocrx_word' id='word_1_595' title='bbox 1087 433 1115 463; x_wconf 85' lang='lat'>3.</span> <span class='ocrx_word' id='word_1_596' title='bbox 1132 425 1160 455; x_wconf 87' lang='lat' dir='ltr'>al.</span> <span class='ocrx_word' id='word_1_597' title='bbox 1184 425 1203 454; x_wconf 93' lang='lat' dir='ltr'>l.</span> <span class='ocrx_word' id='word_1_598' title='bbox 1222 433 1251 460; x_wconf 88' lang='lat'>9.</span> <span class='ocrx_word' id='word_1_599' title='bbox 1274 421 1316 455; x_wconf 89' lang='lat' dir='ltr'>D.</span> <span class='ocrx_word' id='word_1_600' title='bbox 1337 425 1369 455; x_wconf 82' lang='lat' dir='ltr'>de</span> <span class='ocrx_word' id='word_1_601' title='bbox 1394 424 1552 464; x_wconf 67' lang='lat' dir='ltr'>usufrutiu</span> <span class='ocrx_word' id='word_1_602' title='bbox 1567 433 1666 466; x_wconf 87' lang='lat' dir='ltr'>pergo</span> <span class='ocrx_word' id='word_1_603' title='bbox 1683 425 1720 457; x_wconf 88' lang='lat' dir='ltr'>ad</span> <span class='ocrx_word' id='word_1_604' title='bbox 1740 424 1767 466; x_wconf 85' lang='lat'>§.</span> <span class='ocrx_word' id='word_1_605' title='bbox 1785 433 1816 464; x_wconf 88' lang='grc'>4.</span> 
     </span>
     <span class='ocr_line' id='line_1_79' title="bbox 951 465 1816 508; baseline 0.005 -14"><span class='ocrx_word' id='word_1_606' title='bbox 951 473 1026 494; x_wconf 84' lang='lat' dir='ltr'>mox</span> <span class='ocrx_word' id='word_1_607' title='bbox 1043 465 1272 505; x_wconf 79' lang='lat' dir='ltr'>insequentem.</span> <span class='ocrx_word' id='word_1_608' title='bbox 1296 467 1359 496; x_wconf 89' lang='lat' dir='ltr'>dixi</span> <span class='ocrx_word' id='word_1_609' title='bbox 1376 468 1460 497; x_wconf 87' lang='lat' dir='ltr'>enim</span> <span class='ocrx_word' id='word_1_610' title='bbox 1477 467 1517 498; x_wconf 89' lang='lat' dir='ltr'>de</span> <span class='ocrx_word' id='word_1_611' title='bbox 1532 466 1621 498; x_wconf 86' lang='lat' dir='ltr'>fundi</span> <span class='ocrx_word' id='word_1_612' title='bbox 1640 476 1728 508; x_wconf 86' lang='lat' dir='ltr'>parte</span> <span class='ocrx_word' id='word_1_613' title='bbox 1745 475 1816 507; x_wconf 83' lang='lat' dir='ltr'>quae</span> 
     </span>
     <span class='ocr_line' id='line_1_80' title="bbox 948 504 1817 548; baseline 0.005 -13"><span class='ocrx_word' id='word_1_614' title='bbox 948 505 1009 545; x_wconf 86' lang='lat' dir='ltr'>jam</span> <span class='ocrx_word' id='word_1_615' title='bbox 1035 504 1095 536; x_wconf 91' lang='lat' dir='ltr'>fuit</span> <span class='ocrx_word' id='word_1_616' title='bbox 1121 514 1268 544; x_wconf 87' lang='lat' dir='ltr'>tempore</span> <span class='ocrx_word' id='word_1_617' title='bbox 1294 506 1458 538; x_wconf 86' lang='lat' dir='ltr'>constituti</span> <span class='ocrx_word' id='word_1_618' title='bbox 1475 507 1676 539; x_wconf 69' lang='lat' dir='ltr'>ususfructus.</span> <span class='ocrx_word' id='word_1_619' title='bbox 1710 507 1817 548; x_wconf 83' lang='lat' dir='ltr'>potest</span> 
     </span>
     <span class='ocr_line' id='line_1_81' title="bbox 952 547 1817 589; baseline 0.003 -12"><span class='ocrx_word' id='word_1_620' title='bbox 952 556 1029 577; x_wconf 88' lang='lat' dir='ltr'>vero</span> <span class='ocrx_word' id='word_1_621' title='bbox 1046 548 1140 578; x_wconf 84' lang='lat' dir='ltr'>etiam</span> <span class='ocrx_word' id='word_1_622' title='bbox 1151 547 1212 579; x_wconf 78' lang='lat' dir='ltr'>ess&#39;e</span> <span class='ocrx_word' id='word_1_623' title='bbox 1230 547 1382 588; x_wconf 76' lang='lat' dir='ltr'>inspectio</span> <span class='ocrx_word' id='word_1_624' title='bbox 1397 549 1479 579; x_wconf 84' lang='lat' dir='ltr'>circa</span> <span class='ocrx_word' id='word_1_625' title='bbox 1490 556 1611 589; x_wconf 86' lang='lat' dir='ltr'>partem</span> <span class='ocrx_word' id='word_1_626' title='bbox 1623 550 1737 581; x_wconf 84' lang='lat' dir='ltr'>deinde</span> <span class='ocrx_word' id='word_1_627' title='bbox 1748 549 1817 580; x_wconf 90' lang='lat' dir='ltr'>sub·</span> 
     </span>
     <span class='ocr_line' id='line_1_82' title="bbox 951 588 1816 630; baseline 0.003 -12"><span class='ocrx_word' id='word_1_628' title='bbox 951 595 1066 619; x_wconf 84' lang='lat' dir='ltr'>natam.</span> <span class='ocrx_word' id='word_1_629' title='bbox 1091 589 1187 620; x_wconf 88' lang='lat' dir='ltr'>verba</span> <span class='ocrx_word' id='word_1_630' title='bbox 1208 589 1272 629; x_wconf 86' lang='lat' dir='ltr'>ejus</span> <span class='ocrx_word' id='word_1_631' title='bbox 1290 589 1318 630; x_wconf 54' lang='grc' dir='ltr'>ὃ.</span> <span class='ocrx_word' id='word_1_632' title='bbox 1338 588 1418 620; x_wconf 86' lang='lat' dir='ltr'>sunt.</span> <span class='ocrx_word' id='word_1_633' title='bbox 1442 588 1526 620; x_wconf 83' lang='lat' dir='ltr'>Huic</span> <span class='ocrx_word' id='word_1_634' title='bbox 1539 591 1654 620; x_wconf 81' lang='lat' dir='ltr'>vicinus</span> <span class='ocrx_word' id='word_1_635' title='bbox 1670 589 1816 621; x_wconf 66' lang='lat' dir='ltr'>cruciacus</span> 
     </span>
     <span class='ocr_line' id='line_1_83' title="bbox 951 627 1816 672; baseline 0.002 -13"><span class='ocrx_word' id='word_1_636' title='bbox 951 627 989 668; x_wconf 74' lang='lat' dir='ltr'>eft</span> <span class='ocrx_word' id='word_1_637' title='bbox 1007 630 1058 670; x_wconf 85' lang='lat' dir='ltr'>qui</span> <span class='ocrx_word' id='word_1_638' title='bbox 1063 629 1135 669; x_wconf 83' lang='lat' dir='ltr'>solet</span> <span class='ocrx_word' id='word_1_639' title='bbox 1152 631 1183 661; x_wconf 88' lang='lat' dir='ltr'>in</span> <span class='ocrx_word' id='word_1_640' title='bbox 1199 640 1227 661; x_wconf 91' lang='lat' dir='ltr'>eo</span> <span class='ocrx_word' id='word_1_641' title='bbox 1241 632 1316 671; x_wconf 81' lang='lat' dir='ltr'>quod</span> <span class='ocrx_word' id='word_1_642' title='bbox 1337 628 1445 670; x_wconf 85' lang='lat' dir='ltr'>acceffit</span> <span class='ocrx_word' id='word_1_643' title='bbox 1461 629 1602 662; x_wconf 69' lang='lat' dir='ltr'>tractari.-</span> <span class='ocrx_word' id='word_1_644' title='bbox 1627 630 1664 664; x_wconf 52' lang='grc' dir='ltr'>ὅθ</span> <span class='ocrx_word' id='word_1_645' title='bbox 1678 632 1816 672; x_wconf 86' lang='lat' dir='ltr'>placuit,</span> 
     </span>
     <span class='ocr_line' id='line_1_84' title="bbox 951 670 1818 713; baseline 0.003 -13"><span class='ocrx_word' id='word_1_646' title='bbox 951 670 1106 701; x_wconf 85' lang='lat' dir='ltr'>alluvionis</span> <span class='ocrx_word' id='word_1_647' title='bbox 1127 681 1236 713; x_wconf 84' lang='lat' dir='ltr'>quoque</span> <span class='ocrx_word' id='word_1_648' title='bbox 1260 671 1473 712; x_wconf 69' lang='lat' dir='ltr'>usumfrutium</span> <span class='ocrx_word' id='word_1_649' title='bbox 1487 674 1523 703; x_wconf 83' lang='lat' dir='ltr'>ad</span> <span class='ocrx_word' id='word_1_650' title='bbox 1533 670 1737 711; x_wconf 67' lang='lat' dir='ltr'>fru&amp;uarium</span> <span class='ocrx_word' id='word_1_651' title='bbox 1751 679 1818 712; x_wconf 88' lang='lat' dir='ltr'>per-</span> 
     </span>
     <span class='ocr_line' id='line_1_85' title="bbox 952 706 1817 754; baseline 0.003 -13"><span class='ocrx_word' id='word_1_652' title='bbox 952 712 1050 743; x_wconf 83' lang='lat' dir='ltr'>tinere.</span> <span class='ocrx_word' id='word_1_653' title='bbox 1065 712 1118 751; x_wconf 86' lang='lat' dir='ltr'>sed</span> <span class='ocrx_word' id='word_1_654' title='bbox 1135 711 1163 750; x_wconf 85' lang='lat' dir='ltr'>si</span> <span class='ocrx_word' id='word_1_655' title='bbox 1187 713 1281 748; x_wconf 78' lang='lat' dir='ltr'>insula</span> <span class='ocrx_word' id='word_1_656' title='bbox 1298 713 1389 754; x_wconf 83' lang='lat' dir='ltr'>juxta</span> <span class='ocrx_word' id='word_1_657' title='bbox 1405 714 1536 753; x_wconf 85' lang='lat' dir='ltr'>fundum</span> <span class='ocrx_word' id='word_1_658' title='bbox 1560 715 1591 744; x_wconf 84' lang='lat' dir='ltr'>in</span> <span class='ocrx_word' id='word_1_659' title='bbox 1602 712 1728 753; x_wconf 84' lang='lat' dir='ltr'>flumine</span> <span class='ocrx_word' id='word_1_660' title='bbox 1744 706 1817 744; x_wconf 73' lang='lat' dir='ltr'>na‘ta</span> 
     </span>
     <span class='ocr_line' id='line_1_86' title="bbox 946 751 1818 795; baseline 0.002 -13"><span class='ocrx_word' id='word_1_661' title='bbox 946 751 1009 790; x_wconf 86' lang='lat' dir='ltr'>fit,</span> <span class='ocrx_word' id='word_1_662' title='bbox 1032 753 1091 793; x_wconf 88' lang='lat' dir='ltr'>ejus</span> <span class='ocrx_word' id='word_1_663' title='bbox 1109 754 1323 793; x_wconf 66' lang='lat' dir='ltr'>usumfructum</span> <span class='ocrx_word' id='word_1_664' title='bbox 1336 756 1373 785; x_wconf 81' lang='lat' dir='ltr'>ad</span> <span class='ocrx_word' id='word_1_665' title='bbox 1383 753 1589 794; x_wconf 59' lang='lat' dir='ltr'>fruffi‘uarium</span> <span class='ocrx_word' id='word_1_666' title='bbox 1604 764 1661 785; x_wconf 88' lang='lat' dir='ltr'>non</span> <span class='ocrx_word' id='word_1_667' title='bbox 1672 756 1818 795; x_wconf 78' lang='lat' dir='ltr'>pertinere</span> 
     </span>
     <span class='ocr_line' id='line_1_87' title="bbox 954 793 1818 837; baseline 0.002 -13"><span class='ocrx_word' id='word_1_668' title='bbox 954 793 1080 833; x_wconf 76' lang='lat' dir='ltr'>Pegasus</span> <span class='ocrx_word' id='word_1_669' title='bbox 1093 794 1218 832; x_wconf 84' lang='lat' dir='ltr'>scribit,-</span> <span class='ocrx_word' id='word_1_670' title='bbox 1242 796 1305 825; x_wconf 88' lang='lat' dir='ltr'>licet</span> <span class='ocrx_word' id='word_1_671' title='bbox 1321 796 1492 835; x_wconf 84' lang='lat' dir='ltr'>proprietati</span> <span class='ocrx_word' id='word_1_672' title='bbox 1515 797 1648 827; x_wconf 80' lang='lat' dir='ltr'>accedat:</span> <span class='ocrx_word' id='word_1_673' title='bbox 1670 795 1720 837; x_wconf 84' lang='lat' dir='ltr'>effe</span> <span class='ocrx_word' id='word_1_674' title='bbox 1741 796 1818 826; x_wconf 88' lang='lat' dir='ltr'>enim</span> 
     </span>
     <span class='ocr_line' id='line_1_88' title="bbox 953 835 1818 877; baseline 0.005 -13"><span class='ocrx_word' id='word_1_675' title='bbox 953 835 1045 864; x_wconf 84' lang='lat' dir='ltr'>veluti</span> <span class='ocrx_word' id='word_1_676' title='bbox 1055 836 1205 874; x_wconf 83' lang='lat' dir='ltr'>proprium</span> <span class='ocrx_word' id='word_1_677' title='bbox 1215 837 1347 874; x_wconf 75' lang='lat' dir='ltr'>fundunt</span> <span class='ocrx_word' id='word_1_678' title='bbox 1365 837 1449 877; x_wconf 84' lang='lat' dir='ltr'>cujus</span> <span class='ocrx_word' id='word_1_679' title='bbox 1463 836 1648 877; x_wconf 62' lang='lat' dir='ltr'>ususfruilus</span> <span class='ocrx_word' id='word_1_680' title='bbox 1664 839 1701 868; x_wconf 85' lang='lat' dir='ltr'>ad</span> <span class='ocrx_word' id='word_1_681' title='bbox 1718 842 1744 868; x_wconf 88' lang='lat' dir='ltr'>te</span> <span class='ocrx_word' id='word_1_682' title='bbox 1759 845 1818 868; x_wconf 84' lang='lat' dir='ltr'>non</span> 
     </span>
     <span class='ocr_line' id='line_1_89' title="bbox 948 876 1818 917; baseline 0.005 -13"><span class='ocrx_word' id='word_1_683' title='bbox 948 876 1101 915; x_wconf 86' lang='lat' dir='ltr'>pertineat.</span> <span class='ocrx_word' id='word_1_684' title='bbox 1124 885 1186 916; x_wconf 80' lang='lat' dir='ltr'>quoe</span> <span class='ocrx_word' id='word_1_685' title='bbox 1195 879 1340 914; x_wconf 77' lang='lat' dir='ltr'>sententia</span> <span class='ocrx_word' id='word_1_686' title='bbox 1354 886 1411 907; x_wconf 87' lang='lat' dir='ltr'>non</span> <span class='ocrx_word' id='word_1_687' title='bbox 1428 876 1464 917; x_wconf 78' lang='lat' dir='ltr'>est</span> <span class='ocrx_word' id='word_1_688' title='bbox 1477 877 1541 915; x_wconf 89' lang='lat' dir='ltr'>fine</span> <span class='ocrx_word' id='word_1_689' title='bbox 1557 880 1676 909; x_wconf 87' lang='lat' dir='ltr'>ratione.</span> <span class='ocrx_word' id='word_1_690' title='bbox 1694 888 1763 910; x_wconf 87' lang='lat' dir='ltr'>nam</span> <span class='ocrx_word' id='word_1_691' title='bbox 1782 887 1818 908; x_wconf 90' lang='lat' dir='ltr'>u-</span> 
     </span>
     <span class='ocr_line' id='line_1_90' title="bbox 953 916 1819 962; baseline 0.007 -17"><span class='ocrx_word' id='word_1_692' title='bbox 953 917 981 946; x_wconf 84' lang='lat' dir='ltr'>bi</span> <span class='ocrx_word' id='word_1_693' title='bbox 997 916 1089 946; x_wconf 86' lang='lat' dir='ltr'>latitet</span> <span class='ocrx_word' id='word_1_694' title='bbox 1104 917 1326 955; x_wconf 85' lang='lat' dir='ltr'>incrementum,</span> <span class='ocrx_word' id='word_1_695' title='bbox 1349 917 1385 952; x_wconf 57' lang='grc' dir='ltr'>ὅ)</span> <span class='ocrx_word' id='word_1_696' title='bbox 1400 919 1584 958; x_wconf 69' lang='lat' dir='ltr'>ususfruftus</span> <span class='ocrx_word' id='word_1_697' title='bbox 1600 925 1747 962; x_wconf 84' lang='lat' dir='ltr'>augetur:</span> <span class='ocrx_word' id='word_1_698' title='bbox 1768 919 1819 950; x_wconf 87' lang='lat' dir='ltr'>ubi</span> 
     </span>
     <span class='ocr_line' id='line_1_91' title="bbox 953 958 1816 997; baseline 0.003 -9"><span class='ocrx_word' id='word_1_699' title='bbox 953 963 1048 988; x_wconf 90' lang='lat' dir='ltr'>autem</span> <span class='ocrx_word' id='word_1_700' title='bbox 1074 963 1189 997; x_wconf 84' lang='lat' dir='ltr'>apparet</span> <span class='ocrx_word' id='word_1_701' title='bbox 1209 958 1372 995; x_wconf 78' lang='lat' dir='ltr'>separatum</span> <span class='ocrx_word' id='word_1_702' title='bbox 1390 982 1400 997; x_wconf 92' lang='lat'>‚</span> <span class='ocrx_word' id='word_1_703' title='bbox 1423 959 1593 997; x_wconf 67' lang='lat' dir='ltr'>frutiuario</span> <span class='ocrx_word' id='word_1_704' title='bbox 1619 971 1675 992; x_wconf 86' lang='lat' dir='ltr'>non</span> <span class='ocrx_word' id='word_1_705' title='bbox 1703 961 1816 993; x_wconf 80' lang='lat' dir='ltr'>accedit</span> 
     </span>
     <span class='ocr_line' id='line_1_92' title="bbox 954 998 1785 1042; baseline 0.002 -12"><span class='ocrx_word' id='word_1_706' title='bbox 954 998 1149 1036; x_wconf 88' lang='lat' dir='ltr'>Proponitur</span> <span class='ocrx_word' id='word_1_707' title='bbox 1165 998 1260 1030; x_wconf 84' lang='lat' dir='ltr'>insula</span> <span class='ocrx_word' id='word_1_708' title='bbox 1276 1000 1306 1030; x_wconf 95' lang='lat' dir='ltr'>in</span> <span class='ocrx_word' id='word_1_709' title='bbox 1326 998 1455 1031; x_wconf 85' lang='lat' dir='ltr'>flumine</span> <span class='ocrx_word' id='word_1_710' title='bbox 1479 1008 1549 1032; x_wconf 85' lang='lat' dir='ltr'>nata</span> <span class='ocrx_word' id='word_1_711' title='bbox 1570 1002 1658 1042; x_wconf 83' lang='lat' dir='ltr'>juxta</span> <span class='ocrx_word' id='word_1_712' title='bbox 1685 1002 1785 1034; x_wconf 88' lang='lat' dir='ltr'>fundu</span> 
     </span>
     <span class='ocr_line' id='line_1_93' title="bbox 954 1037 1796 1081; baseline 0.007 -12"><span class='ocrx_word' id='word_1_713' title='bbox 954 1037 1169 1070; x_wconf 73' lang='lat' dir='ltr'>fructuarium.</span> <span class='ocrx_word' id='word_1_714' title='bbox 1203 1041 1297 1071; x_wconf 85' lang='lat' dir='ltr'>etiarn</span> <span class='ocrx_word' id='word_1_715' title='bbox 1319 1041 1508 1081; x_wconf 86' lang='lat' dir='ltr'>proponitur</span> <span class='ocrx_word' id='word_1_716' title='bbox 1530 1041 1632 1075; x_wconf 90' lang='lat' dir='ltr'>fundo</span> <span class='ocrx_word' id='word_1_717' title='bbox 1648 1043 1796 1075; x_wconf 65' lang='lat' dir='ltr'>fructuari</span> 
     </span>
     <span class='ocr_line' id='line_1_94' title="bbox 954 1080 1798 1124; baseline 0.006 -13"><span class='ocrx_word' id='word_1_718' title='bbox 954 1090 1024 1120; x_wconf 83' lang='lat' dir='ltr'>pars</span> <span class='ocrx_word' id='word_1_719' title='bbox 1047 1080 1202 1112; x_wconf 76' lang='lat' dir='ltr'>accessisse</span> <span class='ocrx_word' id='word_1_720' title='bbox 1226 1090 1283 1121; x_wconf 88' lang='lat' dir='ltr'>per</span> <span class='ocrx_word' id='word_1_721' title='bbox 1310 1081 1514 1114; x_wconf 86' lang='lat' dir='ltr'>alluvionem.</span> <span class='ocrx_word' id='word_1_722' title='bbox 1545 1083 1574 1115; x_wconf 70' lang='grc' dir='ltr'>ὅ(</span> <span class='ocrx_word' id='word_1_723' title='bbox 1591 1086 1759 1124; x_wconf 79' lang='lat' dir='ltr'>quaeritur,</span> <span class='ocrx_word' id='word_1_724' title='bbox 1781 1093 1798 1115; x_wconf 89' lang='lat' dir='ltr'>a</span> 
     </span>
    </p>
   </div>
   <div class='ocr_carea' id='block_1_9' title="bbox 943 1121 1823 1166">
    <p class='ocr_par' dir='ltr' id='par_1_10' title="bbox 943 1121 1823 1166">
     <span class='ocr_line' id='line_1_95' title="bbox 943 1121 1823 1166; baseline 0.003 -12"><span class='ocrx_word' id='word_1_725' title='bbox 943 1130 1088 1161; x_wconf 74' lang='lat' dir='ltr'>vutraque</span> <span class='ocrx_word' id='word_1_726' title='bbox 1112 1129 1262 1162; x_wconf 84' lang='lat' dir='ltr'>augeatur</span> <span class='ocrx_word' id='word_1_727' title='bbox 1285 1121 1375 1154; x_wconf 86' lang='lat' dir='ltr'>fundi</span> <span class='ocrx_word' id='word_1_728' title='bbox 1394 1123 1611 1157; x_wconf 71' lang='lat' dir='ltr'>ususfructus?</span> <span class='ocrx_word' id='word_1_729' title='bbox 1634 1134 1761 1166; x_wconf 90' lang='lat' dir='ltr'>poterat</span> <span class='ocrx_word' id='word_1_730' title='bbox 1776 1127 1823 1157; x_wconf 86' lang='lat' dir='ltr'>vi-</span> 
     </span>
    </p>
   </div>
   <div class='ocr_carea' id='block_1_10' title="bbox 953 1163 1834 2935">
    <p class='ocr_par' dir='ltr' id='par_1_11' title="bbox 953 1163 1834 2935">
     <span class='ocr_line' id='line_1_96' title="bbox 957 1163 1822 1206; baseline 0.006 -13"><span class='ocrx_word' id='word_1_731' title='bbox 957 1163 1042 1194; x_wconf 90' lang='lat' dir='ltr'>deri:</span> <span class='ocrx_word' id='word_1_732' title='bbox 1060 1172 1100 1193; x_wconf 90' lang='lat' dir='ltr'>eo</span> <span class='ocrx_word' id='word_1_733' title='bbox 1119 1163 1205 1203; x_wconf 89' lang='lat' dir='ltr'>quod</span> <span class='ocrx_word' id='word_1_734' title='bbox 1227 1170 1360 1203; x_wconf 86' lang='lat' dir='ltr'>utraque</span> <span class='ocrx_word' id='word_1_735' title='bbox 1376 1172 1508 1204; x_wconf 82' lang='lat' dir='ltr'>augetur</span> <span class='ocrx_word' id='word_1_736' title='bbox 1526 1164 1615 1197; x_wconf 91' lang='lat' dir='ltr'>fundi</span> <span class='ocrx_word' id='word_1_737' title='bbox 1631 1168 1822 1206; x_wconf 85' lang='lat' dir='ltr'>proprietas.</span> 
     </span>
     <span class='ocr_line' id='line_1_97' title="bbox 954 1202 1825 1245; baseline 0.006 -11"><span class='ocrx_word' id='word_1_738' title='bbox 954 1203 1016 1235; x_wconf 87' lang='lat' dir='ltr'>Sed</span> <span class='ocrx_word' id='word_1_739' title='bbox 1038 1212 1104 1234; x_wconf 87' lang='lat' dir='ltr'>non</span> <span class='ocrx_word' id='word_1_740' title='bbox 1128 1204 1232 1244; x_wconf 84' lang='lat' dir='ltr'>placet</span> <span class='ocrx_word' id='word_1_741' title='bbox 1258 1202 1419 1243; x_wconf 88' lang='lat' dir='ltr'>Ulpiano,</span> <span class='ocrx_word' id='word_1_742' title='bbox 1442 1214 1459 1235; x_wconf 82' lang='lat' dir='ltr'>a</span> <span class='ocrx_word' id='word_1_743' title='bbox 1475 1206 1671 1245; x_wconf 86' lang='lat' dir='ltr'>proprietate</span> <span class='ocrx_word' id='word_1_744' title='bbox 1696 1207 1763 1238; x_wconf 88' lang='lat' dir='ltr'>fieri</span> <span class='ocrx_word' id='word_1_745' title='bbox 1778 1217 1825 1239; x_wconf 85' lang='lat' dir='ltr'>ar-</span> 
     </span>
     <span class='ocr_line' id='line_1_98' title="bbox 953 1243 1826 1286; baseline 0.006 -11"><span class='ocrx_word' id='word_1_746' title='bbox 953 1254 1141 1286; x_wconf 84' lang='lat' dir='ltr'>gumentum</span> <span class='ocrx_word' id='word_1_747' title='bbox 1157 1246 1194 1276; x_wconf 84' lang='lat' dir='ltr'>ad</span> <span class='ocrx_word' id='word_1_748' title='bbox 1212 1243 1448 1277; x_wconf 68' lang='lat' dir='ltr'>usumfructum.</span> <span class='ocrx_word' id='word_1_749' title='bbox 1468 1246 1549 1277; x_wconf 87' lang='lat' dir='ltr'>adeo</span> <span class='ocrx_word' id='word_1_750' title='bbox 1566 1247 1728 1286; x_wconf 81' lang='lat' dir='ltr'>distinguit</span> <span class='ocrx_word' id='word_1_751' title='bbox 1745 1248 1826 1280; x_wconf 91' lang='lat' dir='ltr'>insu-</span> 
     </span>
     <span class='ocr_line' id='line_1_99' title="bbox 954 1283 1826 1329; baseline 0.003 -12"><span class='ocrx_word' id='word_1_752' title='bbox 954 1287 1015 1317; x_wconf 83' lang='lat' dir='ltr'>lam</span> <span class='ocrx_word' id='word_1_753' title='bbox 1032 1287 1064 1317; x_wconf 92' lang='lat' dir='ltr'>in</span> <span class='ocrx_word' id='word_1_754' title='bbox 1080 1283 1210 1318; x_wconf 88' lang='lat' dir='ltr'>flumine</span> <span class='ocrx_word' id='word_1_755' title='bbox 1225 1294 1328 1317; x_wconf 86' lang='lat' dir='ltr'>natam</span> <span class='ocrx_word' id='word_1_756' title='bbox 1343 1287 1431 1326; x_wconf 81' lang='lat' dir='ltr'>juxta</span> <span class='ocrx_word' id='word_1_757' title='bbox 1446 1286 1582 1319; x_wconf 88' lang='lat' dir='ltr'>fundum</span> <span class='ocrx_word' id='word_1_758' title='bbox 1598 1287 1826 1329; x_wconf 67' lang='lat' dir='ltr'>fructuarium,</span> 
     </span>
     <span class='ocr_line' id='line_1_100' title="bbox 955 1327 1827 1371; baseline 0.003 -13"><span class='ocrx_word' id='word_1_759' title='bbox 955 1327 994 1359; x_wconf 88' lang='lat' dir='ltr'>ab</span> <span class='ocrx_word' id='word_1_760' title='bbox 1018 1328 1083 1367; x_wconf 84' lang='lat' dir='ltr'>ejus</span> <span class='ocrx_word' id='word_1_761' title='bbox 1106 1328 1306 1359; x_wconf 87' lang='lat' dir='ltr'>incremento</span> <span class='ocrx_word' id='word_1_762' title='bbox 1330 1337 1387 1368; x_wconf 89' lang='lat' dir='ltr'>per</span> <span class='ocrx_word' id='word_1_763' title='bbox 1409 1328 1615 1361; x_wconf 82' lang='lat' dir='ltr'>alluvionem.</span> <span class='ocrx_word' id='word_1_764' title='bbox 1654 1338 1748 1371; x_wconf 88' lang='lat' dir='ltr'>negat</span> <span class='ocrx_word' id='word_1_765' title='bbox 1772 1339 1827 1361; x_wconf 85' lang='lat' dir='ltr'>au-</span> 
     </span>
     <span class='ocr_line' id='line_1_101' title="bbox 956 1368 1827 1411; baseline 0.005 -12"><span class='ocrx_word' id='word_1_766' title='bbox 956 1377 1019 1400; x_wconf 88' lang='lat' dir='ltr'>tem</span> <span class='ocrx_word' id='word_1_767' title='bbox 1032 1392 1040 1406; x_wconf 90' lang='lat'>,</span> <span class='ocrx_word' id='word_1_768' title='bbox 1057 1378 1092 1400; x_wconf 88' lang='lat' dir='ltr'>ea</span> <span class='ocrx_word' id='word_1_769' title='bbox 1108 1368 1203 1400; x_wconf 85' lang='lat' dir='ltr'>insula</span> <span class='ocrx_word' id='word_1_770' title='bbox 1221 1369 1326 1410; x_wconf 87' lang='lat' dir='ltr'>augeri</span> <span class='ocrx_word' id='word_1_771' title='bbox 1341 1369 1389 1409; x_wconf 86' lang='lat' dir='ltr'>jus</span> <span class='ocrx_word' id='word_1_772' title='bbox 1405 1368 1597 1402; x_wconf 71' lang='lat' dir='ltr'>ususfructus</span> <span class='ocrx_word' id='word_1_773' title='bbox 1613 1370 1725 1411; x_wconf 80' lang='lat' dir='ltr'>fundi3</span> <span class='ocrx_word' id='word_1_774' title='bbox 1748 1372 1827 1403; x_wconf 80' lang='lat' dir='ltr'>licet</span> 
     </span>
     <span class='ocr_line' id='line_1_102' title="bbox 954 1410 1828 1451; baseline 0.002 -9"><span class='ocrx_word' id='word_1_775' title='bbox 954 1412 1143 1451; x_wconf 80' lang='lat' dir='ltr'>proprietati</span> <span class='ocrx_word' id='word_1_776' title='bbox 1161 1412 1292 1442; x_wconf 83' lang='lat' dir='ltr'>accedat</span> <span class='ocrx_word' id='word_1_777' title='bbox 1309 1410 1426 1442; x_wconf 84' lang='lat' dir='ltr'>insula:</span> <span class='ocrx_word' id='word_1_778' title='bbox 1460 1411 1489 1442; x_wconf 74' lang='grc' dir='ltr'><strong>ἄ</strong></span> <span class='ocrx_word' id='word_1_779' title='bbox 1505 1420 1565 1451; x_wconf 90' lang='lat' dir='ltr'>pro</span> <span class='ocrx_word' id='word_1_780' title='bbox 1581 1413 1705 1444; x_wconf 86' lang='lat' dir='ltr'>ratione</span> <span class='ocrx_word' id='word_1_781' title='bbox 1718 1413 1828 1445; x_wconf 87' lang='lat' dir='ltr'>addit:</span> 
     </span>
     <span class='ocr_line' id='line_1_103' title="bbox 955 1451 1826 1493; baseline 0.005 -11"><span class='ocrx_word' id='word_1_782' title='bbox 955 1453 1042 1492; x_wconf 84' lang='lat' dir='ltr'>quod</span> <span class='ocrx_word' id='word_1_783' title='bbox 1058 1461 1095 1482; x_wconf 82' lang='lat' dir='ltr'>ea</span> <span class='ocrx_word' id='word_1_784' title='bbox 1110 1451 1205 1482; x_wconf 85' lang='lat' dir='ltr'>insula</span> <span class='ocrx_word' id='word_1_785' title='bbox 1222 1460 1285 1482; x_wconf 90' lang='lat' dir='ltr'>non</span> <span class='ocrx_word' id='word_1_786' title='bbox 1304 1451 1348 1482; x_wconf 89' lang='lat' dir='ltr'>est</span> <span class='ocrx_word' id='word_1_787' title='bbox 1365 1461 1434 1490; x_wconf 87' lang='lat' dir='ltr'>pars</span> <span class='ocrx_word' id='word_1_788' title='bbox 1450 1451 1540 1484; x_wconf 88' lang='lat' dir='ltr'>fundi</span> <span class='ocrx_word' id='word_1_789' title='bbox 1557 1452 1718 1486; x_wconf 74' lang='lat' dir='ltr'>fructuarii</span> <span class='ocrx_word' id='word_1_790' title='bbox 1734 1478 1744 1493; x_wconf 94' lang='lat'><strong>‚</strong></span> <span class='ocrx_word' id='word_1_791' title='bbox 1768 1454 1826 1486; x_wconf 87' lang='lat' dir='ltr'>sed</span> 
     </span>
     <span class='ocr_line' id='line_1_104' title="bbox 955 1492 1829 1536; baseline 0.003 -13"><span class='ocrx_word' id='word_1_792' title='bbox 955 1492 1000 1523; x_wconf 87' lang='lat' dir='ltr'>est</span> <span class='ocrx_word' id='word_1_793' title='bbox 1025 1492 1063 1522; x_wconf 84' lang='lat' dir='ltr'>ab</span> <span class='ocrx_word' id='word_1_794' title='bbox 1091 1493 1147 1523; x_wconf 92' lang='lat' dir='ltr'>illo</span> <span class='ocrx_word' id='word_1_795' title='bbox 1172 1492 1339 1524; x_wconf 86' lang='lat' dir='ltr'>evidenter</span> <span class='ocrx_word' id='word_1_796' title='bbox 1363 1492 1513 1533; x_wconf 83' lang='lat' dir='ltr'>separata.</span> <span class='ocrx_word' id='word_1_797' title='bbox 1544 1493 1621 1525; x_wconf 88' lang='lat' dir='ltr'>licet</span> <span class='ocrx_word' id='word_1_798' title='bbox 1637 1495 1733 1534; x_wconf 84' lang='lat' dir='ltr'>igitui-</span> <span class='ocrx_word' id='word_1_799' title='bbox 1751 1504 1829 1536; x_wconf 88' lang='lat' dir='ltr'>pro-</span> 
     </span>
     <span class='ocr_line' id='line_1_105' title="bbox 955 1532 1828 1574; baseline 0.001 -9"><span class='ocrx_word' id='word_1_800' title='bbox 955 1534 1092 1573; x_wconf 77' lang='lat' dir='ltr'>prietarii</span> <span class='ocrx_word' id='word_1_801' title='bbox 1110 1532 1182 1571; x_wconf 76' lang='lat' dir='ltr'>fiat,</span> <span class='ocrx_word' id='word_1_802' title='bbox 1195 1542 1300 1564; x_wconf 84' lang='lat' dir='ltr'>tamen</span> <span class='ocrx_word' id='word_1_803' title='bbox 1312 1543 1376 1565; x_wconf 91' lang='lat' dir='ltr'>non</span> <span class='ocrx_word' id='word_1_804' title='bbox 1393 1542 1487 1574; x_wconf 80' lang='lat' dir='ltr'>auget</span> <span class='ocrx_word' id='word_1_805' title='bbox 1496 1533 1828 1574; x_wconf 75' lang='lat' dir='ltr'>usumfructumzqui&#39;a</span> 
     </span>
     <span class='ocr_line' id='line_1_106' title="bbox 955 1573 1827 1616; baseline 0.002 -10"><span class='ocrx_word' id='word_1_806' title='bbox 955 1575 1091 1606; x_wconf 85' lang='lat' dir='ltr'>habetur</span> <span class='ocrx_word' id='word_1_807' title='bbox 1106 1575 1196 1606; x_wconf 86' lang='lat' dir='ltr'>velut</span> <span class='ocrx_word' id='word_1_808' title='bbox 1212 1575 1358 1615; x_wconf 84' lang='lat' dir='ltr'>proprius</span> <span class='ocrx_word' id='word_1_809' title='bbox 1375 1573 1508 1613; x_wconf 86' lang='lat' dir='ltr'>fundus,</span> <span class='ocrx_word' id='word_1_810' title='bbox 1526 1575 1614 1616; x_wconf 83' lang='lat' dir='ltr'>cujus</span> <span class='ocrx_word' id='word_1_811' title='bbox 1630 1575 1827 1608; x_wconf 74' lang='lat' dir='ltr'>ususfructus</span> 
     </span>
     <span class='ocr_line' id='line_1_107' title="bbox 955 1615 1826 1657; baseline 0.001 -9"><span class='ocrx_word' id='word_1_812' title='bbox 955 1617 992 1648; x_wconf 89' lang='lat' dir='ltr'>ad</span> <span class='ocrx_word' id='word_1_813' title='bbox 1008 1615 1212 1647; x_wconf 69' lang='lat' dir='ltr'>fructuarium</span> <span class='ocrx_word' id='word_1_814' title='bbox 1229 1625 1294 1647; x_wconf 84' lang='lat' dir='ltr'>non</span> <span class='ocrx_word' id='word_1_815' title='bbox 1311 1617 1462 1657; x_wconf 86' lang='lat' dir='ltr'>pertinet.</span> <span class='ocrx_word' id='word_1_816' title='bbox 1486 1624 1638 1648; x_wconf 81' lang='lat' dir='ltr'>caeterum</span> <span class='ocrx_word' id='word_1_817' title='bbox 1656 1617 1826 1649; x_wconf 87' lang='lat' dir='ltr'>alluvionis</span> 
     </span>
     <span class='ocr_line' id='line_1_108' title="bbox 953 1655 1825 1699; baseline 0.001 -10"><span class='ocrx_word' id='word_1_818' title='bbox 953 1658 1186 1689; x_wconf 88' lang='lat' dir='ltr'>incrementum</span> <span class='ocrx_word' id='word_1_819' title='bbox 1203 1655 1308 1689; x_wconf 88' lang='lat' dir='ltr'>fundo</span> <span class='ocrx_word' id='word_1_820' title='bbox 1324 1656 1497 1689; x_wconf 67' lang='lat' dir='ltr'>fructuario</span> <span class='ocrx_word' id='word_1_821' title='bbox 1522 1658 1566 1689; x_wconf 87' lang='lat' dir='ltr'>ita</span> <span class='ocrx_word' id='word_1_822' title='bbox 1582 1658 1733 1698; x_wconf 84' lang='lat' dir='ltr'>paulatim</span> <span class='ocrx_word' id='word_1_823' title='bbox 1750 1658 1825 1699; x_wconf 87' lang='lat' dir='ltr'>adji-</span> 
     </span>
     <span class='ocr_line' id='line_1_109' title="bbox 954 1700 1827 1739; baseline 0.003 -10"><span class='ocrx_word' id='word_1_824' title='bbox 954 1700 1053 1731; x_wconf 89' lang='lat' dir='ltr'>citur:</span> <span class='ocrx_word' id='word_1_825' title='bbox 1077 1706 1112 1730; x_wconf 85' lang='lat' dir='ltr'>ut</span> <span class='ocrx_word' id='word_1_826' title='bbox 1136 1708 1201 1730; x_wconf 90' lang='lat' dir='ltr'>non</span> <span class='ocrx_word' id='word_1_827' title='bbox 1229 1707 1399 1739; x_wconf 81' lang='lat' dir='ltr'>appareat,</span> <span class='ocrx_word' id='word_1_828' title='bbox 1423 1708 1555 1739; x_wconf 90' lang='lat' dir='ltr'>quoquo</span> <span class='ocrx_word' id='word_1_829' title='bbox 1580 1700 1735 1738; x_wconf 87' lang='lat' dir='ltr'>temporis</span> <span class='ocrx_word' id='word_1_830' title='bbox 1755 1709 1827 1732; x_wconf 89' lang='lat' dir='ltr'>mo-</span> 
     </span>
     <span class='ocr_line' id='line_1_110' title="bbox 954 1740 1830 1781; baseline 0.002 -10"><span class='ocrx_word' id='word_1_831' title='bbox 954 1748 1084 1780; x_wconf 89' lang='lat' dir='ltr'>ment0,</span> <span class='ocrx_word' id='word_1_832' title='bbox 1102 1749 1254 1781; x_wconf 86' lang='lat' dir='ltr'>quantum</span> <span class='ocrx_word' id='word_1_833' title='bbox 1269 1740 1297 1771; x_wconf 89' lang='lat' dir='ltr'>ei</span> <span class='ocrx_word' id='word_1_834' title='bbox 1307 1740 1480 1780; x_wconf 86' lang='lat' dir='ltr'>adjiciatur.</span> <span class='ocrx_word' id='word_1_835' title='bbox 1498 1741 1603 1781; x_wconf 86' lang='lat' dir='ltr'>placet</span> <span class='ocrx_word' id='word_1_836' title='bbox 1619 1741 1712 1781; x_wconf 90' lang='lat' dir='ltr'>igitur</span> <span class='ocrx_word' id='word_1_837' title='bbox 1728 1741 1830 1773; x_wconf 88' lang='lat' dir='ltr'>laten-</span> 
     </span>
     <span class='ocr_line' id='line_1_111' title="bbox 955 1780 1829 1821; baseline 0.003 -8"><span class='ocrx_word' id='word_1_838' title='bbox 955 1783 995 1813; x_wconf 89' lang='lat' dir='ltr'>tis</span> <span class='ocrx_word' id='word_1_839' title='bbox 1012 1782 1102 1821; x_wconf 89' lang='lat' dir='ltr'>hujus</span> <span class='ocrx_word' id='word_1_840' title='bbox 1120 1782 1307 1812; x_wconf 89' lang='lat' dir='ltr'>incrementi</span> <span class='ocrx_word' id='word_1_841' title='bbox 1325 1780 1553 1813; x_wconf 68' lang='lat' dir='ltr'>usumfructum</span> <span class='ocrx_word' id='word_1_842' title='bbox 1570 1783 1607 1814; x_wconf 87' lang='lat' dir='ltr'>ad</span> <span class='ocrx_word' id='word_1_843' title='bbox 1618 1781 1829 1816; x_wconf 70' lang='lat' dir='ltr'>fructuarium</span> 
     </span>
     <span class='ocr_line' id='line_1_112' title="bbox 958 1822 1830 1864; baseline 0.003 -11"><span class='ocrx_word' id='word_1_844' title='bbox 958 1830 1135 1863; x_wconf 79' lang='lat' dir='ltr'>pertinere:</span> <span class='ocrx_word' id='word_1_845' title='bbox 1160 1822 1232 1862; x_wconf 86' lang='lat' dir='ltr'>quia</span> <span class='ocrx_word' id='word_1_846' title='bbox 1253 1822 1408 1862; x_wconf 80' lang='lat' dir='ltr'>quidquid</span> <span class='ocrx_word' id='word_1_847' title='bbox 1426 1823 1578 1855; x_wconf 87' lang='lat' dir='ltr'>accrescit</span> <span class='ocrx_word' id='word_1_848' title='bbox 1597 1832 1729 1864; x_wconf 88' lang='lat' dir='ltr'>quoquo</span> <span class='ocrx_word' id='word_1_849' title='bbox 1748 1832 1830 1856; x_wconf 88' lang='lat' dir='ltr'>tem-</span> 
     </span>
     <span class='ocr_line' id='line_1_113' title="bbox 958 1862 1830 1904; baseline 0.003 -10"><span class='ocrx_word' id='word_1_850' title='bbox 958 1873 1056 1904; x_wconf 89' lang='lat' dir='ltr'>pore,</span> <span class='ocrx_word' id='word_1_851' title='bbox 1081 1863 1126 1895; x_wconf 88' lang='lat' dir='ltr'>est</span> <span class='ocrx_word' id='word_1_852' title='bbox 1143 1872 1212 1904; x_wconf 86' lang='lat' dir='ltr'>pars</span> <span class='ocrx_word' id='word_1_853' title='bbox 1228 1862 1388 1894; x_wconf 70' lang='lat' dir='ltr'>fructuarii</span> <span class='ocrx_word' id='word_1_854' title='bbox 1407 1862 1510 1895; x_wconf 88' lang='lat' dir='ltr'>fundi.</span> <span class='ocrx_word' id='word_1_855' title='bbox 1535 1873 1596 1896; x_wconf 89' lang='lat' dir='ltr'>nec</span> <span class='ocrx_word' id='word_1_856' title='bbox 1611 1865 1666 1896; x_wconf 85' lang='lat' dir='ltr'>abs</span> <span class='ocrx_word' id='word_1_857' title='bbox 1684 1875 1718 1896; x_wconf 91' lang='lat' dir='ltr'>re</span> <span class='ocrx_word' id='word_1_858' title='bbox 1738 1866 1830 1897; x_wconf 89' lang='lat' dir='ltr'>vide-</span> 
     </span>
     <span class='ocr_line' id='line_1_114' title="bbox 960 1903 1830 1945; baseline 0.007 -10"><span class='ocrx_word' id='word_1_859' title='bbox 960 1913 1030 1943; x_wconf 88' lang='lat' dir='ltr'>tur,</span> <span class='ocrx_word' id='word_1_860' title='bbox 1053 1913 1125 1936; x_wconf 89' lang='lat' dir='ltr'>eum</span> <span class='ocrx_word' id='word_1_861' title='bbox 1151 1905 1203 1945; x_wconf 88' lang='lat' dir='ltr'>qui</span> <span class='ocrx_word' id='word_1_862' title='bbox 1227 1903 1334 1944; x_wconf 88' lang='lat' dir='ltr'>potest</span> <span class='ocrx_word' id='word_1_863' title='bbox 1357 1904 1455 1936; x_wconf 85' lang='lat' dir='ltr'>totius</span> <span class='ocrx_word' id='word_1_864' title='bbox 1481 1904 1571 1938; x_wconf 90' lang='lat' dir='ltr'>fundi</span> <span class='ocrx_word' id='word_1_865' title='bbox 1600 1905 1830 1941; x_wconf 73' lang='lat' dir='ltr'>usumfructum</span> 
     </span>
     <span class='ocr_line' id='line_1_115' title="bbox 957 1945 1831 1987; baseline 0.002 -10"><span class='ocrx_word' id='word_1_866' title='bbox 957 1945 1044 1977; x_wconf 90' lang='lat' dir='ltr'>suum</span> <span class='ocrx_word' id='word_1_867' title='bbox 1059 1946 1184 1985; x_wconf 89' lang='lat' dir='ltr'>dicere,</span> <span class='ocrx_word' id='word_1_868' title='bbox 1204 1945 1392 1987; x_wconf 85' lang='lat' dir='ltr'>singularum</span> <span class='ocrx_word' id='word_1_869' title='bbox 1411 1948 1547 1987; x_wconf 87' lang='lat' dir='ltr'>partium</span> <span class='ocrx_word' id='word_1_870' title='bbox 1563 1946 1655 1979; x_wconf 86' lang='lat' dir='ltr'>fundi</span> <span class='ocrx_word' id='word_1_871' title='bbox 1675 1947 1831 1979; x_wconf 83' lang='lat' dir='ltr'>usumfru-</span> 
     </span>
     <span class='ocr_line' id='line_1_116' title="bbox 958 1986 1831 2029; baseline 0.002 -11"><span class='ocrx_word' id='word_1_872' title='bbox 958 1986 1042 2018; x_wconf 71' lang='lat' dir='ltr'>Ctum</span> <span class='ocrx_word' id='word_1_873' title='bbox 1058 1987 1144 2019; x_wconf 89' lang='lat' dir='ltr'>suum</span> <span class='ocrx_word' id='word_1_874' title='bbox 1166 1988 1285 2019; x_wconf 87' lang='lat' dir='ltr'>dicere.</span> <span class='ocrx_word' id='word_1_875' title='bbox 1318 1996 1377 2028; x_wconf 86' lang='lat' dir='ltr'>qua</span> <span class='ocrx_word' id='word_1_876' title='bbox 1396 1988 1492 2028; x_wconf 82' lang='lat' dir='ltr'>igitur</span> <span class='ocrx_word' id='word_1_877' title='bbox 1512 1997 1601 2028; x_wconf 85' lang='lat' dir='ltr'>parte</span> <span class='ocrx_word' id='word_1_878' title='bbox 1618 1998 1676 2029; x_wconf 85' lang='lat' dir='ltr'>per</span> <span class='ocrx_word' id='word_1_879' title='bbox 1692 1989 1831 2021; x_wconf 88' lang='lat' dir='ltr'>alluvio-</span> 
     </span>
     <span class='ocr_line' id='line_1_117' title="bbox 957 2028 1829 2070; baseline 0.002 -11"><span class='ocrx_word' id='word_1_880' title='bbox 957 2037 1031 2060; x_wconf 89' lang='lat' dir='ltr'>nem</span> <span class='ocrx_word' id='word_1_881' title='bbox 1045 2036 1176 2069; x_wconf 87' lang='lat' dir='ltr'>augetur</span> <span class='ocrx_word' id='word_1_882' title='bbox 1191 2028 1380 2060; x_wconf 68' lang='lat' dir='ltr'>fructuarius</span> <span class='ocrx_word' id='word_1_883' title='bbox 1397 2028 1532 2068; x_wconf 87' lang='lat' dir='ltr'>fundus,</span> <span class='ocrx_word' id='word_1_884' title='bbox 1551 2039 1588 2061; x_wconf 90' lang='lat' dir='ltr'>ea</span> <span class='ocrx_word' id='word_1_885' title='bbox 1604 2037 1693 2070; x_wconf 87' lang='lat' dir='ltr'>parte</span> <span class='ocrx_word' id='word_1_886' title='bbox 1710 2030 1776 2070; x_wconf 77' lang='lat' dir='ltr'>ejus</span> <span class='ocrx_word' id='word_1_887' title='bbox 1793 2039 1829 2061; x_wconf 92' lang='lat' dir='ltr'>u-</span> 
     </span>
     <span class='ocr_line' id='line_1_118' title="bbox 957 2068 1826 2110; baseline 0.002 -9"><span class='ocrx_word' id='word_1_888' title='bbox 957 2068 1126 2101; x_wconf 75' lang='lat' dir='ltr'>iusfructus</span> <span class='ocrx_word' id='word_1_889' title='bbox 1141 2078 1285 2110; x_wconf 85' lang='lat' dir='ltr'>augetur.</span> <span class='ocrx_word' id='word_1_890' title='bbox 1309 2070 1362 2101; x_wconf 92' lang='lat' dir='ltr'>Sic</span> <span class='ocrx_word' id='word_1_891' title='bbox 1378 2069 1548 2110; x_wconf 89' lang='lat' dir='ltr'>Ulpianus.</span> <span class='ocrx_word' id='word_1_892' title='bbox 1569 2071 1736 2103; x_wconf 87' lang='lat' dir='ltr'>AtPaulus</span> <span class='ocrx_word' id='word_1_893' title='bbox 1751 2094 1760 2110; x_wconf 96' lang='lat'>,</span> <span class='ocrx_word' id='word_1_894' title='bbox 1775 2071 1826 2104; x_wconf 89' lang='lat' dir='ltr'>lib.</span> 
     </span>
     <span class='ocr_line' id='line_1_119' title="bbox 955 2109 1830 2152; baseline 0.002 -10"><span class='ocrx_word' id='word_1_895' title='bbox 955 2120 984 2151; x_wconf 79' lang='lat'>3.</span> <span class='ocrx_word' id='word_1_896' title='bbox 999 2111 1127 2142; x_wconf 86' lang='lat' dir='ltr'>Sentent.</span> <span class='ocrx_word' id='word_1_897' title='bbox 1139 2113 1184 2142; x_wconf 88' lang='lat' dir='ltr'>tit.</span> <span class='ocrx_word' id='word_1_898' title='bbox 1197 2115 1226 2142; x_wconf 91' lang='lat'>6.</span> <span class='ocrx_word' id='word_1_899' title='bbox 1240 2110 1266 2152; x_wconf 84' lang='lat'>§.</span> <span class='ocrx_word' id='word_1_900' title='bbox 1280 2120 1329 2142; x_wconf 83' lang='lat'>22.</span> <span class='ocrx_word' id='word_1_901' title='bbox 1347 2109 1489 2151; x_wconf 85' lang='lat' dir='ltr'>Acceffio,</span> <span class='ocrx_word' id='word_1_902' title='bbox 1506 2112 1629 2152; x_wconf 88' lang='lat' dir='ltr'>inquit,</span> <span class='ocrx_word' id='word_1_903' title='bbox 1644 2113 1830 2144; x_wconf 84' lang='lat' dir='ltr'>alluvionum</span> 
     </span>
     <span class='ocr_line' id='line_1_120' title="bbox 957 2152 1831 2194; baseline 0.003 -11"><span class='ocrx_word' id='word_1_904' title='bbox 957 2154 994 2184; x_wconf 71' lang='lat' dir='ltr'>all</span> <span class='ocrx_word' id='word_1_905' title='bbox 1002 2152 1205 2192; x_wconf 66' lang='lat' dir='ltr'>fruiluarium</span> <span class='ocrx_word' id='word_1_906' title='bbox 1212 2152 1346 2191; x_wconf 81' lang='lat' dir='ltr'>fundum</span> <span class='ocrx_word' id='word_1_907' title='bbox 1357 2175 1366 2190; x_wconf 93' lang='lat'>,</span> <span class='ocrx_word' id='word_1_908' title='bbox 1382 2155 1450 2192; x_wconf 78' lang='lat' dir='ltr'>quia</span> <span class='ocrx_word' id='word_1_909' title='bbox 1460 2152 1580 2192; x_wconf 63' lang='lat' dir='ltr'>fruitus</span> <span class='ocrx_word' id='word_1_910' title='bbox 1587 2154 1684 2193; x_wconf 80' lang='lat' dir='ltr'>fundi</span> <span class='ocrx_word' id='word_1_911' title='bbox 1699 2163 1756 2185; x_wconf 85' lang='lat' dir='ltr'>non</span> <span class='ocrx_word' id='word_1_912' title='bbox 1770 2152 1831 2194; x_wconf 71' lang='lat' dir='ltr'>esi,</span> 
     </span>
     <span class='ocr_line' id='line_1_121' title="bbox 957 2194 1830 2236; baseline 0.003 -13"><span class='ocrx_word' id='word_1_913' title='bbox 957 2203 1014 2234; x_wconf 80' lang='lat' dir='ltr'>non</span> <span class='ocrx_word' id='word_1_914' title='bbox 1031 2194 1166 2234; x_wconf 81' lang='lat' dir='ltr'>pertinet.</span> <span class='ocrx_word' id='word_1_915' title='bbox 1212 2194 1259 2224; x_wconf 85' lang='lat' dir='ltr'>lta</span> <span class='ocrx_word' id='word_1_916' title='bbox 1274 2194 1389 2224; x_wconf 89' lang='lat' dir='ltr'>editur.</span> <span class='ocrx_word' id='word_1_917' title='bbox 1411 2195 1503 2225; x_wconf 86' lang='lat' dir='ltr'>male.</span> <span class='ocrx_word' id='word_1_918' title='bbox 1528 2195 1677 2235; x_wconf 80' lang='lat' dir='ltr'>corrigo:</span> <span class='ocrx_word' id='word_1_919' title='bbox 1700 2194 1830 2236; x_wconf 86' lang='lat' dir='ltr'>Acceffio</span> 
     </span>
     <span class='ocr_line' id='line_1_122' title="bbox 957 2233 1832 2276; baseline 0.005 -12"><span class='ocrx_word' id='word_1_920' title='bbox 957 2235 1139 2265; x_wconf 83' lang='lat' dir='ltr'>alluvionum</span> <span class='ocrx_word' id='word_1_921' title='bbox 1156 2234 1193 2265; x_wconf 79' lang='lat' dir='ltr'>ad</span> <span class='ocrx_word' id='word_1_922' title='bbox 1204 2233 1427 2274; x_wconf 66' lang='lat' dir='ltr'>frutiuarium,</span> <span class='ocrx_word' id='word_1_923' title='bbox 1449 2237 1519 2276; x_wconf 84' lang='lat' dir='ltr'>quia</span> <span class='ocrx_word' id='word_1_924' title='bbox 1532 2235 1651 2275; x_wconf 72' lang='lat' dir='ltr'>fruitus</span> <span class='ocrx_word' id='word_1_925' title='bbox 1660 2236 1755 2276; x_wconf 83' lang='lat' dir='ltr'>fundi</span> <span class='ocrx_word' id='word_1_926' title='bbox 1769 2246 1832 2268; x_wconf 81' lang='lat' dir='ltr'>non</span> 
     </span>
     <span class='ocr_line' id='line_1_123' title="bbox 957 2274 1830 2317; baseline 0.003 -11"><span class='ocrx_word' id='word_1_927' title='bbox 957 2274 1016 2315; x_wconf 69' lang='lat' dir='ltr'>eli,</span> <span class='ocrx_word' id='word_1_928' title='bbox 1038 2285 1097 2306; x_wconf 92' lang='lat' dir='ltr'>non</span> <span class='ocrx_word' id='word_1_929' title='bbox 1111 2275 1250 2315; x_wconf 85' lang='lat' dir='ltr'>pertinet.</span> <span class='ocrx_word' id='word_1_930' title='bbox 1279 2274 1396 2306; x_wconf 87' lang='lat' dir='ltr'>Delevi</span> <span class='ocrx_word' id='word_1_931' title='bbox 1416 2277 1570 2316; x_wconf 88' lang='lat' dir='ltr'>verbum,</span> <span class='ocrx_word' id='word_1_932' title='bbox 1587 2277 1740 2317; x_wconf 84' lang='lat' dir='ltr'>fundum:</span> <span class='ocrx_word' id='word_1_933' title='bbox 1761 2287 1830 2316; x_wconf 86' lang='lat' dir='ltr'>quo</span> 
     </span>
     <span class='ocr_line' id='line_1_124' title="bbox 956 2314 1830 2357; baseline 0.001 -9"><span class='ocrx_word' id='word_1_934' title='bbox 956 2316 1084 2354; x_wconf 89' lang='lat' dir='ltr'>deleto,</span> <span class='ocrx_word' id='word_1_935' title='bbox 1108 2315 1153 2347; x_wconf 90' lang='lat' dir='ltr'>est</span> <span class='ocrx_word' id='word_1_936' title='bbox 1170 2314 1272 2348; x_wconf 88' lang='lat' dir='ltr'>sensus</span> <span class='ocrx_word' id='word_1_937' title='bbox 1288 2315 1385 2357; x_wconf 68' lang='lat' dir='ltr'>justps</span> <span class='ocrx_word' id='word_1_938' title='bbox 1401 2316 1430 2348; x_wconf 70' lang='grc' dir='ltr'>ἂ</span> <span class='ocrx_word' id='word_1_939' title='bbox 1447 2315 1588 2357; x_wconf 89' lang='lat' dir='ltr'>Ulpiano</span> <span class='ocrx_word' id='word_1_940' title='bbox 1605 2317 1830 2349; x_wconf 80' lang='lat' dir='ltr'>consentiens:</span> 
     </span>
     <span class='ocr_line' id='line_1_125' title="bbox 955 2357 1832 2398; baseline 0.002 -10"><span class='ocrx_word' id='word_1_941' title='bbox 955 2366 1019 2388; x_wconf 91' lang='lat' dir='ltr'>non</span> <span class='ocrx_word' id='word_1_942' title='bbox 1033 2357 1116 2388; x_wconf 89' lang='lat' dir='ltr'>enim</span> <span class='ocrx_word' id='word_1_943' title='bbox 1131 2357 1191 2397; x_wconf 86' lang='lat' dir='ltr'>jam</span> <span class='ocrx_word' id='word_1_944' title='bbox 1209 2365 1303 2398; x_wconf 86' lang='lat' dir='ltr'>negat</span> <span class='ocrx_word' id='word_1_945' title='bbox 1314 2357 1428 2390; x_wconf 86' lang='lat' dir='ltr'>Paulus</span> <span class='ocrx_word' id='word_1_946' title='bbox 1440 2381 1449 2397; x_wconf 95' lang='lat'>,</span> <span class='ocrx_word' id='word_1_947' title='bbox 1464 2358 1626 2390; x_wconf 61' lang='lat' dir='ltr'>fructuarii</span> <span class='ocrx_word' id='word_1_948' title='bbox 1644 2358 1711 2390; x_wconf 87' lang='lat' dir='ltr'>fieri</span> <span class='ocrx_word' id='word_1_949' title='bbox 1729 2358 1832 2391; x_wconf 85' lang='lat' dir='ltr'>usum-</span> 
     </span>
     <span class='ocr_line' id='line_1_126' title="bbox 956 2398 1834 2441; baseline 0.002 -11"><span class='ocrx_word' id='word_1_950' title='bbox 956 2398 1094 2430; x_wconf 70' lang='lat' dir='ltr'>fructum</span> <span class='ocrx_word' id='word_1_951' title='bbox 1119 2398 1306 2439; x_wconf 83' lang='lat' dir='ltr'>alluvionis,</span> <span class='ocrx_word' id='word_1_952' title='bbox 1324 2398 1413 2430; x_wconf 91' lang='lat' dir='ltr'>velut</span> <span class='ocrx_word' id='word_1_953' title='bbox 1438 2400 1550 2439; x_wconf 86' lang='lat' dir='ltr'>partis:</span> <span class='ocrx_word' id='word_1_954' title='bbox 1574 2400 1626 2431; x_wconf 89' lang='lat' dir='ltr'>sed</span> <span class='ocrx_word' id='word_1_955' title='bbox 1651 2407 1762 2441; x_wconf 87' lang='lat' dir='ltr'>negat,</span> <span class='ocrx_word' id='word_1_956' title='bbox 1785 2401 1834 2433; x_wconf 86' lang='lat' dir='ltr'>al-</span> 
     </span>
     <span class='ocr_line' id='line_1_127' title="bbox 958 2438 1830 2481; baseline 0.005 -11"><span class='ocrx_word' id='word_1_957' title='bbox 958 2438 1120 2473; x_wconf 88' lang='lat' dir='ltr'>luvionum</span> <span class='ocrx_word' id='word_1_958' title='bbox 1140 2439 1348 2471; x_wconf 75' lang='lat' dir='ltr'>accessionem</span> <span class='ocrx_word' id='word_1_959' title='bbox 1362 2462 1372 2478; x_wconf 97' lang='lat'>,</span> <span class='ocrx_word' id='word_1_960' title='bbox 1394 2439 1478 2479; x_wconf 88' lang='lat' dir='ltr'>quasi</span> <span class='ocrx_word' id='word_1_961' title='bbox 1498 2439 1591 2472; x_wconf 80' lang='lat' dir='ltr'>fundi</span> <span class='ocrx_word' id='word_1_962' title='bbox 1608 2439 1765 2481; x_wconf 66' lang='lat' dir='ltr'>fructum,</span> <span class='ocrx_word' id='word_1_963' title='bbox 1788 2442 1830 2474; x_wconf 89' lang='lat' dir='ltr'>ad</span> 
     </span>
     <span class='ocr_line' id='line_1_128' title="bbox 954 2480 1832 2521; baseline 0.005 -10"><span class='ocrx_word' id='word_1_964' title='bbox 954 2480 1161 2512; x_wconf 69' lang='lat' dir='ltr'>fructuarium</span> <span class='ocrx_word' id='word_1_965' title='bbox 1179 2481 1352 2521; x_wconf 87' lang='lat' dir='ltr'>pertinere.</span> <span class='ocrx_word' id='word_1_966' title='bbox 1381 2481 1548 2513; x_wconf 77' lang='lat' dir='ltr'>verissime.</span> <span class='ocrx_word' id='word_1_967' title='bbox 1582 2491 1648 2514; x_wconf 89' lang='lat' dir='ltr'>non</span> <span class='ocrx_word' id='word_1_968' title='bbox 1673 2483 1756 2514; x_wconf 86' lang='lat' dir='ltr'>enim</span> <span class='ocrx_word' id='word_1_969' title='bbox 1777 2491 1832 2515; x_wconf 86' lang='lat' dir='ltr'>na·</span> 
     </span>
     <span class='ocr_line' id='line_1_129' title="bbox 957 2521 1828 2566; baseline 0.006 -14"><span class='ocrx_word' id='word_1_970' title='bbox 957 2522 1050 2553; x_wconf 84' lang='lat' dir='ltr'>scitur</span> <span class='ocrx_word' id='word_1_971' title='bbox 1066 2531 1102 2552; x_wconf 86' lang='lat' dir='ltr'>ea</span> <span class='ocrx_word' id='word_1_972' title='bbox 1120 2522 1237 2553; x_wconf 87' lang='lat' dir='ltr'>alluvio</span> <span class='ocrx_word' id='word_1_973' title='bbox 1255 2531 1296 2553; x_wconf 84' lang='lat' dir='ltr'>ex</span> <span class='ocrx_word' id='word_1_974' title='bbox 1319 2530 1457 2562; x_wconf 90' lang='lat' dir='ltr'>corpore</span> <span class='ocrx_word' id='word_1_975' title='bbox 1474 2521 1585 2562; x_wconf 82' lang='lat' dir='ltr'>fundi3</span> <span class='ocrx_word' id='word_1_976' title='bbox 1609 2533 1713 2563; x_wconf 86' lang='lat' dir='ltr'>neque</span> <span class='ocrx_word' id='word_1_977' title='bbox 1729 2525 1828 2566; x_wconf 80' lang='lat' dir='ltr'>igitur</span> 
     </span>
     <span class='ocr_line' id='line_1_130' title="bbox 956 2560 1830 2607; baseline 0.006 -14"><span class='ocrx_word' id='word_1_978' title='bbox 956 2560 1117 2596; x_wconf 67' lang='lat' dir='ltr'>fruCtuarii</span> <span class='ocrx_word' id='word_1_979' title='bbox 1136 2562 1179 2594; x_wconf 79' lang='lat' dir='ltr'>est</span> <span class='ocrx_word' id='word_1_980' title='bbox 1191 2586 1200 2600; x_wconf 94' lang='lat'>,</span> <span class='ocrx_word' id='word_1_981' title='bbox 1217 2562 1269 2594; x_wconf 82' lang='lat' dir='ltr'>sed</span> <span class='ocrx_word' id='word_1_982' title='bbox 1286 2563 1498 2603; x_wconf 85' lang='lat' dir='ltr'>proprietarii.</span> <span class='ocrx_word' id='word_1_983' title='bbox 1525 2564 1734 2597; x_wconf 81' lang='lat' dir='ltr'>nihilominus</span> <span class='ocrx_word' id='word_1_984' title='bbox 1753 2566 1830 2607; x_wconf 86' lang='lat' dir='ltr'>quia</span> 
     </span>
     <span class='ocr_line' id='line_1_131' title="bbox 956 2603 1831 2646; baseline 0.006 -12"><span class='ocrx_word' id='word_1_985' title='bbox 956 2604 1047 2635; x_wconf 86' lang='lat' dir='ltr'>fundi</span> <span class='ocrx_word' id='word_1_986' title='bbox 1067 2613 1136 2644; x_wconf 83' lang='lat' dir='ltr'>pars</span> <span class='ocrx_word' id='word_1_987' title='bbox 1153 2603 1214 2634; x_wconf 87' lang='lat' dir='ltr'>est:</span> <span class='ocrx_word' id='word_1_988' title='bbox 1239 2604 1313 2634; x_wconf 87' lang='lat' dir='ltr'>ideo</span> <span class='ocrx_word' id='word_1_989' title='bbox 1331 2604 1435 2636; x_wconf 83' lang='lat' dir='ltr'>verius</span> <span class='ocrx_word' id='word_1_990' title='bbox 1453 2604 1516 2645; x_wconf 90' lang='lat' dir='ltr'>est,</span> <span class='ocrx_word' id='word_1_991' title='bbox 1540 2606 1605 2646; x_wconf 86' lang='lat' dir='ltr'>ejus</span> <span class='ocrx_word' id='word_1_992' title='bbox 1630 2604 1768 2638; x_wconf 61' lang='lat' dir='ltr'>fructum</span> <span class='ocrx_word' id='word_1_993' title='bbox 1788 2607 1831 2639; x_wconf 88' lang='lat' dir='ltr'>ad</span> 
     </span>
     <span class='ocr_line' id='line_1_132' title="bbox 956 2641 1832 2687; baseline 0.006 -12"><span class='ocrx_word' id='word_1_994' title='bbox 956 2641 1162 2676; x_wconf 72' lang='lat' dir='ltr'>fructuarium</span> <span class='ocrx_word' id='word_1_995' title='bbox 1188 2645 1358 2684; x_wconf 87' lang='lat' dir='ltr'>pertinere.</span> <span class='ocrx_word' id='word_1_996' title='bbox 1402 2644 1481 2677; x_wconf 85' lang='lat' dir='ltr'>Dixi</span> <span class='ocrx_word' id='word_1_997' title='bbox 1508 2647 1583 2687; x_wconf 87' lang='lat' dir='ltr'>quid</span> <span class='ocrx_word' id='word_1_998' title='bbox 1606 2646 1684 2679; x_wconf 90' lang='lat' dir='ltr'>mihi</span> <span class='ocrx_word' id='word_1_999' title='bbox 1704 2649 1832 2680; x_wconf 88' lang='lat' dir='ltr'>venerit</span> 
     </span>
     <span class='ocr_line' id='line_1_133' title="bbox 957 2685 1830 2721; baseline 0.005 -4"><span class='ocrx_word' id='word_1_1000' title='bbox 957 2687 989 2717; x_wconf 89' lang='lat' dir='ltr'>in</span> <span class='ocrx_word' id='word_1_1001' title='bbox 1006 2691 1160 2718; x_wconf 88' lang='lat' dir='ltr'>mentem.</span> <span class='ocrx_word' id='word_1_1002' title='bbox 1185 2686 1248 2716; x_wconf 85' lang='lat' dir='ltr'>hoc</span> <span class='ocrx_word' id='word_1_1003' title='bbox 1265 2695 1343 2717; x_wconf 91' lang='lat' dir='ltr'>vero</span> <span class='ocrx_word' id='word_1_1004' title='bbox 1360 2686 1391 2718; x_wconf 90' lang='lat' dir='ltr'>in</span> <span class='ocrx_word' id='word_1_1005' title='bbox 1410 2685 1554 2719; x_wconf 85' lang='lat' dir='ltr'>familiari</span> <span class='ocrx_word' id='word_1_1006' title='bbox 1570 2687 1714 2720; x_wconf 90' lang='lat' dir='ltr'>sermone</span> <span class='ocrx_word' id='word_1_1007' title='bbox 1729 2689 1782 2721; x_wconf 89' lang='lat' dir='ltr'>ubi</span> <span class='ocrx_word' id='word_1_1008' title='bbox 1799 2698 1830 2721; x_wconf 90' lang='lat' dir='ltr'>a-</span> 
     </span>
     <span class='ocr_line' id='line_1_134' title="bbox 958 2725 1828 2766; baseline 0.005 -8"><span class='ocrx_word' id='word_1_1009' title='bbox 958 2725 1111 2766; x_wconf 81' lang='lat' dir='ltr'>liquando</span> <span class='ocrx_word' id='word_1_1010' title='bbox 1127 2727 1401 2759; x_wconf 87' lang='lat' dir='ltr'>communicabam</span> <span class='ocrx_word' id='word_1_1011' title='bbox 1427 2737 1499 2760; x_wconf 91' lang='lat' dir='ltr'>cum</span> <span class='ocrx_word' id='word_1_1012' title='bbox 1514 2728 1733 2762; x_wconf 89' lang='lat' dir='ltr'>Eruditisfimo</span> <span class='ocrx_word' id='word_1_1013' title='bbox 1751 2739 1828 2762; x_wconf 91' lang='lat' dir='ltr'>meo</span> 
     </span>
     <span class='ocr_line' id='line_1_135' title="bbox 958 2768 1831 2812; baseline 0.006 -14"><span class='ocrx_word' id='word_1_1014' title='bbox 958 2768 1062 2799; x_wconf 79' lang='lat' dir='ltr'>arnico</span> <span class='ocrx_word' id='word_1_1015' title='bbox 1075 2791 1085 2807; x_wconf 87' lang='lat'><strong>‚</strong></span> <span class='ocrx_word' id='word_1_1016' title='bbox 1109 2768 1139 2799; x_wconf 72' lang='grc' dir='ltr'>δε</span> <span class='ocrx_word' id='word_1_1017' title='bbox 1158 2776 1316 2809; x_wconf 78' lang='lat' dir='ltr'>cognato,</span> <span class='ocrx_word' id='word_1_1018' title='bbox 1339 2769 1483 2801; x_wconf 87' lang='lat' dir='ltr'>Antonio</span> <span class='ocrx_word' id='word_1_1019' title='bbox 1498 2770 1701 2812; x_wconf 88' lang='lat' dir='ltr'>Schultingio</span> <span class='ocrx_word' id='word_1_1020' title='bbox 1713 2795 1721 2811; x_wconf 89' lang='lat'>,</span> <span class='ocrx_word' id='word_1_1021' title='bbox 1734 2771 1831 2811; x_wconf 86' lang='lat' dir='ltr'>Juris-</span> 
     </span>
     <span class='ocr_line' id='line_1_136' title="bbox 958 2808 1831 2851; baseline 0.003 -12"><span class='ocrx_word' id='word_1_1022' title='bbox 958 2808 1106 2844; x_wconf 84' lang='lat' dir='ltr'>consulto</span> <span class='ocrx_word' id='word_1_1023' title='bbox 1126 2809 1155 2840; x_wconf 73' lang='grc' dir='ltr'>ὅ(</span> <span class='ocrx_word' id='word_1_1024' title='bbox 1174 2809 1379 2841; x_wconf 79' lang='lat' dir='ltr'>Anteceffore</span> <span class='ocrx_word' id='word_1_1025' title='bbox 1398 2809 1644 2851; x_wconf 77' lang='lat' dir='ltr'>Franekerano,</span> <span class='ocrx_word' id='word_1_1026' title='bbox 1667 2812 1831 2844; x_wconf 83' lang='lat' dir='ltr'>incidebat</span> 
     </span>
     <span class='ocr_line' id='line_1_137' title="bbox 959 2848 1830 2895; baseline 0.003 -15"><span class='ocrx_word' id='word_1_1027' title='bbox 959 2850 1007 2887; x_wconf 89' lang='lat' dir='ltr'>ei,</span> <span class='ocrx_word' id='word_1_1028' title='bbox 1022 2848 1094 2890; x_wconf 87' lang='lat' dir='ltr'>post</span> <span class='ocrx_word' id='word_1_1029' title='bbox 1107 2849 1243 2890; x_wconf 87' lang='lat' dir='ltr'>aliquam</span> <span class='ocrx_word' id='word_1_1030' title='bbox 1260 2851 1543 2891; x_wconf 89' lang='lat' dir='ltr'>deliberationem,</span> <span class='ocrx_word' id='word_1_1031' title='bbox 1560 2853 1650 2894; x_wconf 89' lang='lat' dir='ltr'>posse</span> <span class='ocrx_word' id='word_1_1032' title='bbox 1670 2854 1750 2895; x_wconf 87' lang='lat' dir='ltr'>legi,</span> <span class='ocrx_word' id='word_1_1033' title='bbox 1767 2852 1830 2883; x_wconf 84' lang='lat' dir='ltr'>Ac-</span> 
     </span>
     <span class='ocr_line' id='line_1_138' title="bbox 960 2891 1829 2935; baseline 0.002 -14"><span class='ocrx_word' id='word_1_1034' title='bbox 960 2900 987 2921; x_wconf 89' lang='lat' dir='ltr'>ce</span> <span class='ocrx_word' id='word_1_1035' title='bbox 1010 2901 1035 2921; x_wconf 81' lang='lat' dir='ltr'>io</span> <span class='ocrx_word' id='word_1_1036' title='bbox 1045 2891 1225 2923; x_wconf 85' lang='lat' dir='ltr'>alluvionum</span> <span class='ocrx_word' id='word_1_1037' title='bbox 1235 2892 1272 2923; x_wconf 83' lang='lat' dir='ltr'>ad</span> <span class='ocrx_word' id='word_1_1038' title='bbox 1282 2892 1483 2930; x_wconf 66' lang='lat' dir='ltr'>frut‘tuariurn</span> <span class='ocrx_word' id='word_1_1039' title='bbox 1501 2893 1613 2933; x_wconf 87' lang='lat' dir='ltr'>fundi,</span> <span class='ocrx_word' id='word_1_1040' title='bbox 1625 2895 1695 2935; x_wconf 86' lang='lat' dir='ltr'>quia</span> <span class='ocrx_word' id='word_1_1041' title='bbox 1711 2891 1829 2932; x_wconf 58' lang='lat' dir='ltr'>frustm</span> 
     </span>
    </p>
   </div>
   <div class='ocr_carea' id='block_1_11' title="bbox 950 2931 1837 2980">
    <p class='ocr_par' dir='ltr' id='par_1_12' title="bbox 950 2931 1837 2980">
     <span class='ocr_line' id='line_1_139' title="bbox 950 2931 1837 2980; baseline 0.003 -19"><span class='ocrx_word' id='word_1_1042' title='bbox 950 2931 1047 2972; x_wconf 81' lang='lat' dir='ltr'>fundi</span> <span class='ocrx_word' id='word_1_1043' title='bbox 1069 2941 1126 2962; x_wconf 87' lang='lat' dir='ltr'>non</span> <span class='ocrx_word' id='word_1_1044' title='bbox 1147 2931 1204 2973; x_wconf 72' lang='lat' dir='ltr'>est,</span> <span class='ocrx_word' id='word_1_1045' title='bbox 1228 2942 1288 2980; x_wconf 62' lang='lat' dir='ltr'>nari</span> <span class='ocrx_word' id='word_1_1046' title='bbox 1301 2935 1438 2974; x_wconf 81' lang='lat' dir='ltr'>pertinet.</span> <span class='ocrx_word' id='word_1_1047' title='bbox 1470 2937 1586 2968; x_wconf 88' lang='lat' dir='ltr'>eodem</span> <span class='ocrx_word' id='word_1_1048' title='bbox 1614 2936 1706 2976; x_wconf 86' lang='lat' dir='ltr'>plane</span> <span class='ocrx_word' id='word_1_1049' title='bbox 1722 2933 1837 2976; x_wconf 51' lang='lat' dir='ltr'>sensu⁸¹</span> 
     </span>
    </p>
   </div>
   <div class='ocr_carea' id='block_1_12' title="bbox 958 2973 1723 3021">
    <p class='ocr_par' dir='ltr' id='par_1_13' title="bbox 958 2973 1723 3021">
     <span class='ocr_line' id='line_1_140' title="bbox 958 2973 1723 3021; baseline 0.004 -18"><span class='ocrx_word' id='word_1_1050' title='bbox 958 2973 1011 3004; x_wconf 86' lang='lat' dir='ltr'>sed</span> <span class='ocrx_word' id='word_1_1051' title='bbox 1030 2974 1153 3006; x_wconf 86' lang='lat' dir='ltr'>minore</span> <span class='ocrx_word' id='word_1_1052' title='bbox 1167 2974 1343 3021; x_wconf 82' lang='lat' dir='ltr'>molimine.</span> <span class='ocrx_word' id='word_1_1053' title='bbox 1367 2977 1457 3017; x_wconf 86' lang='lat' dir='ltr'>quod</span> <span class='ocrx_word' id='word_1_1054' title='bbox 1473 2977 1563 3010; x_wconf 89' lang='lat' dir='ltr'>nolui</span> <span class='ocrx_word' id='word_1_1055' title='bbox 1577 2977 1723 3009; x_wconf 87' lang='lat' dir='ltr'>reticere.</span> 
     </span>
    </p>
   </div>
   <div class='ocr_carea' id='block_1_13' title="bbox 1755 3047 1837 3090">
    <p class='ocr_par' dir='ltr' id='par_1_14' title="bbox 1755 3047 1837 3090">
     <span class='ocr_line' id='line_1_141' title="bbox 1755 3047 1837 3090; baseline 0 0"><span class='ocrx_word' id='word_1_1056' title='bbox 1755 3047 1837 3090; x_wconf 44' lang='lat' dir='ltr'>CA?</span> 
     </span>
    </p>
   </div>
   <div class='ocr_carea' id='block_1_14' title="bbox 93 3095 1842 3147">
    <p class='ocr_par' dir='ltr' id='par_1_15' title="bbox 93 3095 1842 3147">
     <span class='ocr_line' id='line_1_142' title="bbox 93 3095 1842 3147; baseline 0.005 -18"><span class='ocrx_word' id='word_1_1057' title='bbox 93 3100 110 3119; x_wconf 89' lang='lat'><em>*</em></span> <span class='ocrx_word' id='word_1_1058' title='bbox 123 3101 158 3130; x_wconf 81' lang='lat' dir='ltr'>Et</span> <span class='ocrx_word' id='word_1_1059' title='bbox 167 3101 271 3140; x_wconf 84' lang='lat' dir='ltr'>fiforte</span> <span class='ocrx_word' id='word_1_1060' title='bbox 286 3104 315 3130; x_wconf 83' lang='lat' dir='ltr'>in</span> <span class='ocrx_word' id='word_1_1061' title='bbox 329 3102 372 3130; x_wconf 76' lang='lat' dir='ltr'>hoc</span> <span class='ocrx_word' id='word_1_1062' title='bbox 386 3101 449 3138; x_wconf 79' lang='lat' dir='ltr'>quod</span> <span class='ocrx_word' id='word_1_1063' title='bbox 463 3101 591 3140; x_wconf 67' lang='lat' dir='ltr'>nstituit,</span> <span class='ocrx_word' id='word_1_1064' title='bbox 607 3105 666 3140; x_wconf 81' lang='lat' dir='ltr'>plus</span> <span class='ocrx_word' id='word_1_1065' title='bbox 680 3102 840 3141; x_wconf 80' lang='lat' dir='ltr'>reditusfit,</span> <span class='ocrx_word' id='word_1_1066' title='bbox 859 3113 932 3141; x_wconf 81' lang='lat' dir='ltr'>quam</span> <span class='ocrx_word' id='word_1_1067' title='bbox 947 3107 975 3136; x_wconf 80' lang='lat' dir='ltr'>in</span> <span class='ocrx_word' id='word_1_1068' title='bbox 989 3107 1089 3142; x_wconf 77' lang='lat' dir='ltr'>vineis,</span> <span class='ocrx_word' id='word_1_1069' title='bbox 1111 3095 1153 3138; x_wconf 70' lang='lat' dir='ltr'>‘oei</span> <span class='ocrx_word' id='word_1_1070' title='bbox 1172 3107 1297 3147; x_wconf 77' lang='lat' dir='ltr'>arbustis,</span> <span class='ocrx_word' id='word_1_1071' title='bbox 1319 3111 1364 3139; x_wconf 80' lang='lat' dir='ltr'>vel</span> <span class='ocrx_word' id='word_1_1072' title='bbox 1384 3110 1487 3140; x_wconf 79' lang='lat' dir='ltr'>olivetis</span> <span class='ocrx_word' id='word_1_1073' title='bbox 1506 3116 1558 3145; x_wconf 82' lang='lat' dir='ltr'>quae</span> <span class='ocrx_word' id='word_1_1074' title='bbox 1566 3106 1696 3145; x_wconf 78' lang='lat' dir='ltr'>fuerunt,</span> <span class='ocrx_word' id='word_1_1075' title='bbox 1710 3105 1842 3147; x_wconf 75' lang='lat' dir='ltr'>forsitan.</span> 
     </span>
    </p>
   </div>
   <div class='ocr_carea' id='block_1_15' title="bbox 57 3138 425 3179">
    <p class='ocr_par' dir='ltr' id='par_1_16' title="bbox 57 3138 425 3179">
     <span class='ocr_line' id='line_1_143' title="bbox 57 3138 425 3179; baseline 0.014 -13"><span class='ocrx_word' id='word_1_1076' title='bbox 57 3138 131 3166; x_wconf 82' lang='lat' dir='ltr'>etiam</span> <span class='ocrx_word' id='word_1_1077' title='bbox 144 3139 191 3179; x_wconf 67' lang='lat' dir='ltr'>brec</span> <span class='ocrx_word' id='word_1_1078' title='bbox 205 3141 311 3179; x_wconf 80' lang='lat' dir='ltr'>dejicere</span> <span class='ocrx_word' id='word_1_1079' title='bbox 321 3142 425 3178; x_wconf 77' lang='lat' dir='ltr'>poterit.</span> 
     </span>
    </p>
   </div>
   <div class='ocr_carea' id='block_1_16' title="bbox 101 3215 227 3252">
    <p class='ocr_par' dir='ltr' id='par_1_17' title="bbox 101 3215 227 3252">
     <span class='ocr_line' id='line_1_144' title="bbox 101 3215 227 3252; baseline 0.008 -1"><span class='ocrx_word' id='word_1_1080' title='bbox 101 3215 178 3251; x_wconf 86' lang='lat' dir='ltr'>Toni.</span> <span class='ocrx_word' id='word_1_1081' title='bbox 200 3218 227 3252; x_wconf 86' lang='grc' dir='ltr'>Ι.</span> 
     </span>
    </p>
   </div>
   <div class='ocr_carea' id='block_1_17' title="bbox 1059 3221 1126 3257">
    <p class='ocr_par' dir='ltr' id='par_1_18' title="bbox 1059 3221 1126 3257">
     <span class='ocr_line' id='line_1_145' title="bbox 1059 3221 1126 3257; baseline 0.015 -1"><span class='ocrx_word' id='word_1_1082' title='bbox 1059 3221 1126 3257; x_wconf 77' lang='lat' dir='ltr'>Vv</span> 
     </span>
    </p>
   </div>
  </div>
 </body>
</html>
