2052 3487
230 139 297 174 192

222 225 335 257 eorum,
367 217 485 256 benigne
508 214 643 246 decrevit.
675 222 730 255 quo
751 213 821 254 jare
844 216 966 247 utimur.
1010 216 1099 258 Papi·

223 260 335 290 nianus
367 256 537 298 significat,
573 264 646 286 eum
678 255 849 293 heredem,
873 265 890 287 a
914 256 990 288 fisco
1021 268 1098 290 con-

223 308 383 337 ventum,
422 297 504 328 solos
526 297 588 336 jam
614 297 716 328 teneri
756 295 877 328 fructus
913 298 1098 338 restituere,

225 350 290 372 non
312 340 406 370 etiam
429 337 589 368 fruetuum
606 337 727 369 usuras:
757 346 817 369 nec
844 339 991 370 interesse
1015 341 1099 372 inter

225 389 350 419 tempus
382 379 470 419 quod
501 379 657 419 praeceffit
681 379 770 410 litem
803 379 1038 420 contestatam,
1068 382 1098 414 &

226 422 314 461 quod
332 419 497 460 sequutum
521 419 576 451 est.
601 421 651 460 qui
670 420 801 460 potest?
833 422 906 461 quia
932 421 974 453 D.
1002 422 1097 455 Seve-

224 471 276 494 rus
303 461 450 492 adversus
474 461 630 493 rationem
652 462 729 501 juris
752 471 821 502 quae
847 471 921 493 ante
938 463 1098 503 obtinuit,

224 503 266 536 sic
288 502 425 543 benigne
456 503 619 535 decrevit:
645 504 675 534 ὅτ.
702 504 767 534 hoc
787 504 855 543 jure
872 505 999 536 utimur.
1041 507 1098 538 At-

225 545 279 584 qui
299 544 410 576 Paulus
433 543 453 576 l.
476 553 522 583 17.
547 544 575 586 §.
596 554 623 575 ο..
647 544 689 576 D.
707 546 740 576 ale
763 547 859 581 usuris
882 545 924 577 fic
948 546 1037 585 infit,
1062 548 1099 579 In

227 587 313 617 tacito
325 584 538 625 „liclez'conzmlffo
556 596 637 616 omne
655 587 874 617 emolzmzemum
898 587 992 619 heredi
1015 589 1097 628 aufe-

226 629 363 664 rendum,
389 625 426 660 {5⁹
453 625 525 664 fisco
547 625 758 667 prestandum,
784 628 884 659 Divus
910 628 984 659 Pius
999 631 1098 667 rescri-

220 667 295 709 pfit:
334 677 399 708 ergo
425 667 461 702 (θ’
484 668 639 702 usurarum
660 670 880 700 emolumentum
898 671 1035 710 aufertur
1053 672 1097 702 be-

225 711 297 741 redi.
341 709 428 752 Quid
453 709 589 750 postea?
623 719 687 741 non
712 711 796 742 enim
823 711 921 750 dicit,
946 712 1096 743 heredem

228 753 282 792 qui
302 753 430 783 tacitam
448 751 545 782 fidem
561 750 727 790 adhibuit,
750 751 912 784 fruetuum
929 762 1010 792 quos
1034 753 1097 794 ipse

225 793 427 831 vendiderit,
452 791 555 824 usuras
574 792 738 833 praestare:
763 793 816 825 sed
833 794 991 826 usurarum
1009 805 1096 827 emo-

226 835 403 867 lumentum
420 857 430 874 ,
467 833 488 865 fi
513 843 590 875 quas
616 844 633 866 a
663 834 863 868 debitoribus
897 836 1097 869 hereditariis

908 947 1118 984 CAPUT
1168 945 1332 984 XIII.

224 1034 274 1069 De
299 1036 387 1069 vario
414 1040 504 1079 atque
530 1035 702 1070 incredibili
728 1033 888 1080 usurarum
915 1034 1028 1080 abzfic,
1056 1047 1123 1070 cum
1149 1036 1314 1084 mauifcsso
1337 1064 1346 1079 ‚
1381 1045 1447 1072 tum
1473 1041 1548 1074 teblo
1564 1066 1572 1081 ‚
1601 1041 1651 1085 qm·
1675 1042 1745 1076 olim
1764 1041 1856 1087 fuit:
1890 1041 1931 1083 &²
1955 1044 2010 1079 ad·
2045 1061 2046 1066 ¹

295 1084 384 1118 diaeta
418 1085 567 1118 notabilia
601 1086 756 1129 utriusque
792 1085 955 1130 exempla:
991 1085 1122 1130 itemque
1149 1087 1281 1119 remedia
1308 1086 1455 1132 adveifits
1479 1087 1616 1134 abusam.

290 1133 355 1177 pud
379 1133 563 1174 Horatium,
604 1132 736 1168 incerta
761 1134 793 1167 in
830 1131 1097 1177 Senarosconficlto

293 1179 514 1226 uatusconsulto
549 1182 784 1216 Macedoniam.
821 1192 932 1217 certus
965 1182 1071 1217 homo
1106 1183 1188 1228 apud
1221 1183 1400 1219 Ciceronem.

295 1236 401 1274 tatur,
429 1230 450 1265 l.
481 1233 535 1266 16.
566 1231 597 1265 C.
625 1231 660 1265 de
685 1229 806 1276 usuris,
833 1228 875 1269 ὅ)
899 1231 1095 1278 quorumdam
1121 1232 1251 1267 aliorum
1278 1232 1375 1278 Juris
1403 1234 1510 1269 Civilis
1535 1237 1682 1282 capitum.

221 1331 419 1408 Postquam
445 1332 577 1373 exposui
603 1333 762 1366 usurarum
783 1333 937 1373 modum,
969 1340 1095 1375 tempus

294 1376 378 1413 erit,
403 1377 443 1407 de
459 1384 566 1406 earum
585 1375 681 1406 abusu
706 1376 849 1416 quaedam
872 1376 997 1407 addere.
1030 1386 1095 1407 non

225 1416 310 1447 enim
328 1416 381 1447 ubi
400 1416 530 1454 debuit,
555 1416 688 1447 substitit
711 1417 860 1455 avaritia3
885 1416 936 1447 sed
956 1416 1035 1457 saepe
1060 1417 1096 1449 fi-

224 1467 299 1489 nem
320 1458 516 1497 modumque
535 1457 653 1498 egressa
670 1457 734 1490 est:
757 1457 1006 1489 foeneratoribus
1030 1468 1094 1490 non

224 1508 319 1530 unam
347 1498 567 1535 centesimam,
591 1499 713 1539 (quam
741 1498 796 1530 etsi
825 1509 955 1540 gravem
981 1509 1017 1530 ac
1034 1499 1096 1531 san-

223 1538 443 1581 guinolentam
461 1562 471 1578 ,
505 1547 611 1571 tamen
633 1539 681 1580 jus
706 1540 944 1581 permittebat)
975 1541 1027 1572 sed
1052 1542 1096 1572 bi-

220 1590 294 1619 nas,
318 1588 373 1611 aut
396 1588 521 1618 ternas,
545 1588 598 1611 aut
625 1590 794 1622 quaternas
811 1605 820 1620 ,
844 1582 940 1614 etiam
965 1586 1097 1622 quinas,

221 1621 456 1662 stipulantibus.
501 1621 564 1654 Res
580 1620 677 1654 fidem
694 1624 841 1655 excedit.
866 1622 918 1654 sed
942 1624 1098 1655 verissima

221 1662 283 1695 est:
308 1663 337 1694 δὲ
357 1663 387 1694 in
414 1664 535 1695 mundo
554 1663 622 1695 sunt
641 1665 694 1704 qui
713 1664 851 1705 probent
875 1664 982 1696 testes.
1006 1665 1092 1697 bina-

220 1714 291 1737 rum
309 1705 393 1736 enim
412 1704 655 1737 centesimarum
671 1707 818 1738 meminit
838 1704 955 1737 Cicero
974 1706 1093 1738 Verrin.

219 1756 249 1788 3.
275 1756 299 1778 c.
318 1755 367 1786 7¹·
394 1746 527 1786 triplicis
546 1745 641 1778 usurae
658 1771 668 1786 ,
693 1748 725 1779 id
749 1747 814 1786 est,
839 1755 936 1778 ternae
963 1747 1093 1780 centesi-

216 1797 296 1826 mae,
328 1787 487 1826 Juvenalis
513 1787 575 1819 Sat.
595 1797 624 1824 9.
648 1789 722 1825 verli
740 1798 768 1829 7.
796 1796 1017 1827 quaternarum
1044 1789 1096 1822 Ci-

220 1838 297 1861 cero
314 1829 362 1860 lib.
381 1839 411 1870 5.
438 1828 488 1860 Aa
505 1829 599 1861 Attio.
616 1828 710 1870 Epist.
729 1830 782 1861 ult.
802 1829 838 1864 &⁹
854 1829 902 1860 lib.
918 1833 948 1861 6.
971 1828 1048 1870 epist.
1066 1840 1094 1862 1.

218 1869 255 1905 ὅ)
273 1880 301 1902 2.
326 1870 356 1902 &
381 1872 545 1911 quinarum
563 1874 768 1910 mercedum,
789 1872 821 1903 id
837 1870 900 1910 est,
924 1871 1091 1911 quinarum

218 1911 479 1950 centesimarum,
511 1912 666 1945 Horatius
695 1912 744 1944 lib.
774 1924 798 1944 ι.
823 1912 951 1944 Sermon.
973 1915 1035 1953 sar.
1060 1923 1089 1945 2.

217 1954 290 1988 verfi
311 1963 356 1992 14.
382 1961 478 1995 atque
495 1955 535 1985 ad
557 1954 642 1985 hunc
667 1953 795 1985 abusum
815 1952 922 1985 nescio
947 1963 986 1985 an
1011 1964 1089 1995 prae-

218 2001 306 2026 terea
328 1994 464 2026 referam
484 1996 552 2026 haec
570 1995 689 2028 Volusii
715 1995 864 2026 Maeciani
891 1996 1006 2034 verba,
1032 1996 1089 2027 Dz'-

212 2034 387 2077 δΙὶὲνίῖηιῑὶοηε
404 2035 486 2076 offis,
509 2037 594 2078 (etsi
618 2037 732 2077 poffint
758 2045 888 2078 quoque
913 2036 1023 2068 referri
1051 2037 1090 2069 ad

219 2076 326 2109 foenus
344 2081 525 2117 nauticuin3
549 2079 637 2118 quod
655 2079 761 2118 plures
784 2077 969 2109 centesimas
994 2079 1091 2110 admi·

220 2117 312 2158 fisse,
344 2118 432 2160 supra
455 2121 566 2151 monui
597 2122 703 2159 capite
733 2121 818 2158 vn.)
848 2118 1006 2157 Cenzefima
1030 2130 1092 2161 quae

219 2161 357 2199 commodi
381 2167 435 2192 aut
453 2164 608 2197 usurarum
625 2163 738 2192 nomine
753 2162 790 2191 cul
800 2162 909 2201 sortem
934 2161 1090 2201 applicare-

219 2206 287 2240 tur,
304 2199 433 2238 sicilico,
456 2203 487 2233 id
504 2200 562 2242 est,
587 2203 612 2233 C
627 2203 778 2242 averso,eo
796 2203 912 2237 rzotarz';
935 2203 1010 2243 quod
1025 2213 1090 2234 cum

223 2242 249 2273 C
265 2248 380 2273 centum
396 2241 598 2283 fignificarec,
632 2245 850 2274 convertebatur
870 2244 907 2273 acl
929 2253 990 2274 eam
1014 2245 1090 2281 lum-

220 2293 315 2320 mam,
338 2284 422 2325 cujus
442 2282 592 2321 centesima
600 2284 710 2323 futura
728 2291 805 2316 erat:
824 2283 860 2318 &⁹
869 2283 933 2322 five
949 2294 1008 2315 una
1025 2296 1089 2317 con·

219 2332 356 2363 venerat,
379 2335 457 2356 unus
474 2323 622 2363 sicilicus,-
638 2324 705 2364 five
717 2326 814 2367 plures
830 2349 840 2365 ,
864 2324 1020 2363 zotficilz‘cl
1039 2334 1089 2368 po-

221 2368 376 2398 nebautur.

257 2407 321 2439 Sed
338 2409 439 2449 liquet
456 2408 577 2449 peffimi
594 2417 643 2441 res
667 2409 817 2449 exempli.
844 2408 885 2441 fic
908 2410 991 2442 enim
1016 2420 1092 2442 vere

220 2449 365 2481 dixerim.
391 2459 463 2482 nam
481 2449 503 2482 fi
522 2450 574 2491 qui
597 2451 636 2480 ad
654 2459 725 2481 eum
752 2450 883 2482 modum
901 2460 1091 2483 exercerent

220 2489 344 2529 foenus,
363 2490 396 2522 hi
414 2501 479 2523 non
497 2492 564 2523 duri
585 2499 639 2522 aut
656 2492 763 2523 acerbi
782 2491 1017 2531 foeueratores,
1038 2493 1090 2525 sed

218 2532 422 2571 impudentes
446 2541 542 2573 atque
566 2533 733 2572 improbi,
764 2533 974 2565 habebantur.
1008 2545 1092 2566 nem-

218 2581 280 2612 pe,
306 2574 378 2612 quia
402 2573 492 2605 causa
515 2582 576 2605 tam
599 2574 744 2606 immanis
761 2573 856 2605 usurae
876 2585 940 2606 non
965 2584 1092 2615 poterat

218 2611 300 2651 alia,
347 2623 441 2654 quam
476 2615 574 2655 turpis
592 2638 601 2653 ,
643 2615 715 2646 esse.
755 2615 970 2648 foeneratores
1006 2619 1090 2649 enirn

219 2663 412 2695 quamquam
441 2656 536 2695 duri,
568 2664 674 2690 tamen
699 2657 803 2694 boni,
839 2658 911 2697 quia
942 2660 1091 2698 pecunias

218 2695 285 2726 suas
308 2697 416 2736 (quod
434 2697 516 2727 libro
533 2697 656 2729 ostendi
681 2699 784 2738 primo
805 2708 832 2730 c.
854 2700 920 2737 xr.)
942 2709 1006 2730 non
1024 2701 1090 2732 aliis

218 2733 439 2776 foenerabant,
465 2747 558 2778 quam
582 2739 697 2779 quibus
726 2747 797 2771 tuto
833 2741 920 2771 credi
945 2740 1086 2780 possent,

217 2779 328 2819 (quos
344 2777 498 2809 Horatius
513 2781 631 2811 nomina
652 2786 729 2811 certa
755 2779 958 2821 sequentibus
982 2784 1087 2824 appel·

219 2820 262 2853 lat
281 2820 386 2851 verbis
411 2820 458 2851 lib.
480 2830 507 2851 2.
531 2819 608 2860 epist.
630 2830 654 2851 i.
680 2824 754 2858 verfi
776 2831 840 2863 103.

259 2860 358 2892 Romae
375 2861 457 2892 dulce
474 2863 525 2892 aia
534 2863 620 2900 fuit,
644 2861 680 2895 ὅ)
690 2863 806 2901 fhlerzne
821 2864 932 2903 recluso

256 2902 353 2934 Mane
367 2904 444 2933 domo
458 2902 600 2944 vigilare:
624 2902 721 2932 clienti
733 2910 859 2943 promere
869 2907 885 2946 j
889 2917 958 2937 ara:

262 2943 371 2976 Cautus
387 2944 570 2975 nominibus
588 2943 684 2974 certis
701 2947 855 2983 expendere
870 2948 1024 2987 nummos)

215 2984 304 3017 usura
327 2984 517 3024 centesima,
540 2984 604 3016 five
631 2984 790 3025 legitima,
814 2991 958 3019 contenti
984 2995 1084 3020 erant.

216 3035 330 3058 contra
346 3027 483 3067 improbi
501 3034 555 3058 aut
573 3026 674 3063 fatui;
698 3034 762 3065 quo
779 3026 885 3066 plures
902 3030 1087 3062 centesimas

216 3067 356 3108 stipulari
383 3068 526 3108 possent,
557 3067 707 3113 pecunias
729 3065 796 3098 suas
819 3067 888 3113 fere
913 3072 1087 3103 credebant

219 3109 400 3142 nominibus
423 3109 530 3148 malis,
560 3109 623 3141 five
647 3109 796 3146 incertiS,
827 3109 859 3140 id
881 3109 944 3148 cst,
974 3113 1085 3151 quibus

216 3158 283 3180 non
306 3151 491 3182 viderentur
507 3158 579 3182 tuto
603 3149 700 3182 credi.
724 3148 834 3190 finge,
860 3149 1006 3183 homines
1032 3155 1085 3192 qui

217 3190 290 3230 lege
315 3191 583 3229 prohiberentur,
606 3200 659 3222 aut
685 3200 743 3230 per
760 3199 1000 3231 paupertatem,
1031 3203 1081 3224 ne·

216 3230 410 3271 quitiamve,
433 3243 496 3266 non
514 3233 639 3274 possent
658 3231 777 3265 foenori
795 3233 951 3274 accipere.
983 3233 1081 3266 Tales

826 125 1410 165 GERARDINOODT
1845 140 1847 175 ς

1141 218 1335 258 perceperit.
1361 219 1460 251 debet
1476 219 1572 261 igitur
1587 220 1691 255 usuras
1707 230 1782 262 quas
1799 224 1864 265 ipse
1885 238 1901 260 a
1924 228 2010 264 debr*

1142 259 1264 290 toribus
1294 260 1450 302 collegit,
1481 260 1670 295 restituere:
1701 265 1795 304 pretii
1821 276 1925 301 autem
1946 272 2009 305 fru.

1143 299 1249 331 eruum
1267 310 1348 341 quos
1367 302 1641 341 vendidit,usuras
1662 305 1804 344 proestare
1820 317 1885 341 non
1902 312 2009 347 debera·

1183 341 1264 373 Haec
1284 344 1314 374 in
1333 344 1421 375 malae
1443 343 1518 376 fidei
1540 345 1722 385 poss'ess'ore.
1746 348 1822 388 quid
1845 350 1875 381 in
1897 361 1938 383 eo
1955 357 2008 394 qui

1142 382 1188 414 est
1203 383 1294 414 bonae
1312 383 1413 416 fidei?
1436 386 1522 417 idem
1544 387 1735 419 dicendum:
1759 389 1865 422 saltem
1883 393 1952 432 post
1975 395 2008 427 li.

1142 431 1208 456 tem
1228 425 1448 458 contestatam.
1471 430 1543 459 nam
1561 429 1678 460 exinde
1695 430 1782 461 malae
1800 430 1874 463 fidei
1893 434 2006 473 posses-

1139 465 1189 499 sor
1213 466 1371 499 habetur:
1395 475 1430 498 ut
1450 468 1538 508 supra
1556 470 1630 501 dixi.
1656 479 1807 503 caeterum
1829 481 1903 505 ante
1921 476 2006 510 litem

1140 506 1351 540 contestatam
1377 518 1442 540 non
1467 519 1617 550 perteque
1642 511 1726 543 idem
1759 514 1930 547 dicendum
1952 519 2006 551 est.

1143 556 1210 579 tum
1228 549 1313 580 enim
1329 558 1393 581 non
1412 557 1539 583 tenetur
1557 552 1676 584 frustus
1701 562 1754 585 aut
1772 564 1884 587 eorum
1909 562 2007 598 pretia

1141 588 1306 621 restituere
1323 600 1331 621 ε
1355 595 1415 622 nec
1430 592 1524 632 igitur
1543 603 1654 625 corum
1674 594 1776 627 usuras
1794 597 2008 638 praestare;ne‘

1141 632 1271 670 quidem
1299 641 1339 663 ex
1367 641 1513 672 tempore
1539 635 1723 666 contestatae
1751 637 1829 670 litis:
1853 638 1908 670 nisi
1924 640 2007 674 forte

1141 681 1180 703 ex
1197 671 1245 703 his
1268 673 1462 713 locupletior
1482 674 1583 708 faetus
1603 676 1649 708 fit.
1675 687 1739 718 quo
1763 678 1833 710 casu
1856 690 1929 712 cum
1946 682 2008 715 fru=

1141 713 1226 751 stus,
1251 713 1335 754 quasi
1351 724 1518 756 augmenta
1538 717 1740 758 hereditatis,
1768 721 1897 753 veniant
1914 722 1944 754 in
1961 733 2007 756 re·
2045 742 2047 760 ;

1140 754 1357 793 stitutionem,
1381 756 1579 797 consequens
1605 759 1668 797 est,
1693 768 1727 790 ut
1744 770 1854 793 eorum
1872 762 2011 805 fructus,

1140 796 1173 827 id
1197 795 1265 831 est,
1290 797 1417 836 usuras,
1450 807 1580 839 quoque
1612 800 1756 840 praestare
1785 803 1901 835 debeat
1924 805 1943 836 l.
1961 812 2010 845 40.
2045 809 2046 815 ¹

1139 836 1168 878 §.
1190 847 1218 869 1.
1243 837 1285 869 D.
1302 839 1335 869 cle
1356 839 1521 871 hereditatis
1533 842 1682 882 petitione.
1707 843 1727 874 l.
1751 853 1777 876 1.
1803 845 1836 877 C.
1853 846 1911 877 eod.
1929 847 1975 879 tic.
2007 858 2010 867 ·
2045 843 2047 868 s

1669 1090 1827 1126 Nomina
1852 1103 1943 1128 certa
1976 1105 2009 1137 αξ

1131 1134 1357 1169 Macedoniam
1391 1137 1473 1181 apud
1502 1138 1682 1182 Ulpianum.
1719 1140 1740 1174 l.
1773 1150 1800 1174 1.
1828 1142 1870 1175 D.
1898 1141 1932 1175 de
1957 1142 2010 1176 Se-·

1453 1184 1565 1231 Sensus
1590 1187 1609 1221 l.
1641 1190 1671 1224 8.
1702 1188 1734 1222 C.
1761 1190 1796 1224 Si
1820 1197 1935 1225 certum
1955 1200 2008 1236 pos

1138 1333 1230 1367 fuisi'e
1247 1336 1395 1368 videntur
1410 1336 1554 1378 Scaptius
1572 1338 1601 1370 dt
1625 1338 1812 1373 Mai-tinius:
1838 1343 1912 1382 qui,
1936 1352 2008 1378 cum

1138 1376 1299 1408 Salaminii
1330 1377 1468 1417 Romae,
1507 1388 1641 1420 propter
1672 1381 1778 1422 legem
1810 1381 1979 1418 Gabiniam
1998 1410 2008 1426 ,

1140 1427 1205 1449 non
1223 1418 1404 1451 invenirent
1422 1420 1519 1452 fidem
1533 1444 1542 1458 ,
1561 1422 1596 1452 iis
1614 1422 1826 1463 promiserunt
1842 1428 2008 1464 pecuniam

1139 1460 1214 1490 dare
1230 1465 1391 1499 quaternis
1415 1461 1610 1501 centesimis;
1634 1464 1733 1495 modo
1751 1464 1771 1495 si
1788 1474 1844 1505 per
1858 1467 2008 1502 Senatum
2044 1494 2045 1500 ,

1141 1499 1340 1534 solverentur
1364 1503 1444 1543 lege.
1470 1503 1510 1535 de
1536 1513 1577 1535 eo
1596 1503 1667 1536 sane
1691 1505 1824 1546 Scaptio
1840 1507 1881 1539 sic
1898 1511 2007 1550 opina-

1143 1548 1193 1572 tur
1212 1542 1330 1574 Cicero
1346 1545 1372 1574 d.
1391 1545 1439 1575 lib.
1461 1555 1492 1584 5.
1515 1543 1593 1586 epist.
1612 1547 1667 1577 ult.
1692 1547 1741 1578 Ad
1759 1547 1902 1580 Atticum.
1927 1550 2009 1584 Mihi

1141 1588 1237 1614 autem
1266 1584 1417 1625 impudens
1443 1587 1559 1629 magis,
1595 1597 1683 1626 quom
1708 1587 1820 1628 stultus
1844 1592 2008 1625 videbatur.
2043 1602 2044 1606 ¹

1142 1634 1211 1655 nam
1227 1630 1281 1655 aut
1297 1627 1364 1657 bono
1382 1629 1493 1657 nomine
1509 1628 1666 1666 centefimis
1684 1636 1834 1660 contentus
1851 1639 1931 1668 eram
1955 1641 2009 1666 aut

1137 1675 1194 1696 uon
1217 1666 1285 1697 bono
1303 1673 1461 1708 quaternas
1477 1668 1642 1706 centefimas
1656 1671 1797 1711 sperabat.
1821 1671 1874 1703 De
1892 1676 2014 1709 eodem>
2043 1672 2045 1680 ’

1136 1716 1256 1779 {encre
1279 1707 1340 1740 fuit
1364 1707 1523 1740 Fufidius:
1547 1711 1599 1750 qui
1629 1720 1662 1741 ut
1688 1713 1797 1752 quinas
1821 1717 2006 1757 mercedes,

1149 1758 1202 1779 ive
1223 1750 1455 1789 quintuplicem
1472 1751 1696 1792 centesimam,
1727 1752 1802 1784 sorti
1825 1754 2007 1799 exsecaret3

1138 1788 1314 1821 sectabatur
1338 1792 1485 1823 homines
1502 1793 1645 1832 perditos
1660 1816 1670 1831 ,
1694 1803 1748 1825 aut
1765 1793 2003 1839 filiosfamilias,

1139 1829 1169 1861 δί
1186 1830 1424 1872 adolescentes,
1448 1833 1625 1866 luxuriosos
1643 1844 1679 1865 ac
1696 1837 1865 1878 prodigos:
1889 1839 1920 1870 id
1940 1841 2003 1880 est,

1134 1872 1217 1903 mala
1233 1872 1262 1904 ἀ
1286 1873 1406 1905 incerta
1430 1875 1569 1907 nomina.
1613 1875 1783 1909 Horatium
1812 1880 1885 1911 audi
1907 1881 1955 1913 lib.
1976 1891 2002 1915 1.

1135 1913 1264 1944 Sermon.
1275 1914 1335 1953 sat.
1357 1925 1384 1946 2.
1405 1921 1470 1952 ver(
1496 1926 1544 1948 12.
2042 1924 2043 1933 ¹

1173 1952 1305 1994 Fufidius
1321 1963 1422 1997 vappae
1436 1958 1548 1994 f‘amam
1564 1959 1644 1990 timet
1659 1969 1693 1990 oc
1708 1961 1855 1992 nebulonis

1173 1994 1269 2027 Dives
1284 1999 1383 2038 agris,
1407 2000 1488 2029 dives
1500 1998 1598 2039 pofitis
1615 2002 1645 2030 z'rz
1655 2002 1769 2040 saenore
1788 2005 1924 2036 nummis.

1176 2035 1294 2078 lez'nas
1308 2039 1354 2069 bic
1371 2041 1461 2080 capiti
1477 2043 1614 2072 mercedes
1630 2048 1757 2082 exsecat,
1782 2050 1867 2086 atque

1175 2080 1297 2120 Quanto
1318 2082 1458 2120 perditior
1475 2083 1595 2123 quisque
1611 2081 1667 2122 esl,
1692 2090 1771 2115 tanto
1795 2088 1893 2117 acrius
1910 2094 2004 2130 urget.

1174 2121 1306 2152 Nomina
1319 2120 1468 2161 sebiatur,
1491 2126 1569 2154 modo
1580 2126 1698 2165 sumpta
1715 2124 1791 2166 veste
1811 2128 1912 2165 virili,

1174 2161 1234 2192 Sub
1248 2164 1379 2201 parribus
1398 2165 1479 2194 duris
1495 2166 1632 2196 tironum.
1658 2166 1886 2209 illummatus
1903 2180 1960 2201 non
1970 2195 1981 2211 ‚

1172 2202 1310 2243 Jupiter,
1333 2205 1494 2244 exclamat,
1511 2204 1600 2243 simul
1617 2214 1704 2249 atque
1721 2210 1864 2242 audivit?

1133 2243 1357 2284 Superioribus
1379 2247 1450 2278 addi
1468 2247 1573 2287 potest
1594 2247 1754 2288 Macedo,-
1779 2251 1803 2281 is
1828 2251 1880 2292 qui
1907 2252 2001 2284 Sena·

1134 2285 1334 2317 tusconsulto
1359 2286 1600 2319 Macedoniano
1626 2290 1655 2321 &
1679 2291 1800 2323 causam
1833 2294 1861 2324 ἃ
1885 2302 2000 2325 nomen
2039 2319 2040 2322 η

1135 2327 1282 2367 praebuit.
1306 2329 1403 2368 idque
1432 2331 1548 2370 opinor
1566 2329 1636 2369 ipsis
1662 2331 1825 2373 significari
1857 2334 2000 2367 Senatus-

1136 2367 1270 2400 consulti
1288 2370 1393 2401 verbis
1410 2380 1481 2411 quae
1498 2371 1627 2412 apposui
1646 2383 1686 2404 ex
1702 2375 1720 2404 l.
1742 2384 1767 2406 1.
1792 2374 1831 2405 D.
1859 2377 1892 2406 de
1913 2377 2000 2408 Sena-

1136 2410 1311 2449 tusconsulto
1333 2411 1564 2451 Macedoniam,
1592 2421 1624 2444 ut
1640 2415 1767 2454 aliquod
1792 2426 1832 2447 ex
1852 2417 1897 2448 his
1915 2418 2000 2449 inve·
2038 2441 2039 2447 η

1135 2451 1239 2482 nirent
1257 2452 1381 2485 lumen:
1407 2452 1475 2484 sunt
1493 2462 1599 2485 autem
1616 2455 1679 2486 ista.
1729 2457 1803 2488 Cum
1825 2459 1901 2489 iuter
1925 2465 2000 2490 caete-
2038 2454 2039 2462 ¹

1133 2492 1303 2530 rasſscelerz's
1318 2495 1418 2531 causas
1438 2495 1562 2526 Macedo
1578 2505 1651 2536 quos
1681 2497 1724 2527 illz'
1747 2506 1854 2530 natura
1877 2501 1999 2531 admini—
2038 2504 2040 2522 l

1129 2531 1264 2573 strabae,
1287 2537 1374 2566 etiam
1391 2536 1568 2567 festilianum
1584 2538 1771 2578 adhibuisset,
1797 2539 1833 2574 &⁹
1849 2541 1918 2581 sirpe
1942 2552 2000 2572 ma-

1136 2577 1238 2606 teriam
1250 2578 1389 2615 peccandi
1412 2577 1495 2608 malis
1521 2580 1646 2609 moribus
1663 2578 1829 2619 prostaret,
1843 2578 1905 2623 ‘qui
1916 2589 2000 2623 pecu·

1134 2618 1216 2646 uiam
1237 2617 1298 2656 (ue
1320 2619 1391 2658 quz'ci
1409 2618 1532 2658 amplius
1555 2620 1723 2661 diceretur)
1746 2623 1875 2653 incertis
1900 2625 2000 2655 norni-

1134 2658 1226 2689 nibus
1249 2660 1388 2690 crederet:
1408 2660 1537 2698 placere,
1554 2670 1589 2691 ne
1605 2663 1652 2691 cm·
1668 2663 1719 2702 qui
1728 2662 1923 2701 filiofamilias
1940 2674 2000 2696 mu⁴

1133 2704 1213 2730 tuam
1225 2701 1379 2740 pecuniam
1395 2700 1527 2740 dedisset,
1551 2704 1638 2733 etiam
1650 2701 1713 2743 post
1735 2712 1852 2735 mortem
1870 2708 1999 2746 parentis·
2036 2698 2038 2730 l

1132 2741 1213 2782 ejus,
1236 2741 1322 2779 cajus
1346 2744 1377 2772 in
1390 2740 1657 2783 poteslatefuiffiet,
1681 2744 1754 2776 aelio
1775 2748 1929 2788 petitioque
1950 2749 1999 2779 da-

1131 2788 1226 2813 retur:
1256 2788 1290 2813 ut
1313 2783 1417 2817 scirent
1441 2785 1492 2824 qui
1517 2783 1629 2824 peffimo
1660 2787 1784 2827 exemplo
1809 2789 1996 2828 foentrarent,
2036 2792 2037 2815 1

1131 2823 1328 2863 rzulliuspoffe
1344 2823 1535 2856 filiifamilias
1555 2826 1674 2858 bonurn
1698 2837 1816 2859 nomen
1840 2829 1997 2870 exspebiaza
2035 2848 2036 2852 =

1124 2865 1222 2906 patris
1245 2871 1332 2895 morte
1349 2864 1428 2904 fieri.
1470 2866 1603 2899 Senatus
1628 2876 1724 2899 vocat
1747 2872 1856 2901 incerta
1880 2873 1996 2902 nomina

1130 2915 1200 2946 quae
1217 2906 1285 2937 sunt
1302 2908 1398 2943 uuila,-
1422 2907 1451 2938 δι
1477 2917 1495 2939 e
1520 2908 1645 2939 diverso
1663 2911 1766 2941 bonum
1788 2922 1887 2942 nomen
1910 2912 1996 2952 quod

1129 2947 1269 2979 Horatio
1286 2949 1315 2978 d.
1338 2947 1385 2978 lib.
1412 2957 1438 2980 2.
1461 2947 1539 2989 epist.
1566 2959 1590 2981 1.
1613 2951 1686 2990 vers]
1710 2961 1773 2992 105.
1799 2953 1844 2984 est
1868 2960 1995 2991 certum,
2034 2958 2035 2982 l

1129 2988 1194 3020 sive
1214 2988 1287 3019 fidei
1307 2989 1434 3021 minime
1457 2990 1534 3022 levis
1558 2998 1611 3022 aut
1629 2992 1742 3023 dubiae.
1766 3002 1831 3033 quo
1857 2993 1941 3025 sensu
1965 2994 1994 3024 &
2034 2992 2035 2998 ¹

1132 3030 1248 3061 Cicero
1264 3031 1390 3061 videtur
1407 3032 1554 3071 accipere
1573 3033 1622 3063 lib.
1639 3043 1668 3073 5.
1695 3034 1745 3064 Aa
1760 3035 1894 3065 Atticum
1917 3032 1994 3074 epist.

1130 3071 1185 3102 ult.
1212 3071 1318 3103 verbis
1341 3070 1564 3112 sequentibus,
1589 3073 1629 3117 Q,
1656 3074 1823 3112 Volustam,
1847 3077 1892 3106 tui
1915 3075 1992 3106 'Iibe-
2033 3080 2051 3105 l‘

1129 3114 1168 3144 rii
1185 3122 1340 3153 generum,
1363 3122 1485 3145 certum
1505 3114 1689 3153 hominem,
1709 3117 1757 3153 led
1771 3114 1890 3153 mirifice
1906 3118 1992 3148 eciam

1128 3153 1334 3192 abstinentem,
1345 3153 1408 3192 misi
1422 3157 1453 3186 in
1464 3155 1600 3195 Cyprum.
1626 3155 1789 3196 Significat
1806 3166 1884 3187 vero
1900 3157 1993 3188 Sena-⁴

1128 3204 1197 3232 tus,
1222 3196 1309 3235 quod
1326 3195 1468 3227 Macedo
1490 3196 1663 3228 leuabatur
1679 3197 1805 3228 nomina
1822 3207 1886 3229 non
1906 3205 1991 3229 certa

1126 3237 1154 3268 «Sc
1179 3237 1288 3277 bona,
1318 3245 1415 3278 atque
1440 3237 1522 3270 adeo
1547 3236 1769 3277 centesimam,
1803 3237 1866 3272 sive
1889 3239 1990 3279 legiti-

1887 3288 1989 3318 mam,
