2036 3495
206 71 274 107 272

201 150 237 182 In
255 148 403 181 omnibus
421 141 644 177 codicibusita
660 138 843 172 constanter
859 138 977 180 legitur
991 138 1076 169 circa

199 191 343 227 initium,
368 185 496 224 Vereor,
519 193 555 215 rie
571 180 676 224 poffit:
698 187 800 221 eaque
824 180 921 211 verba
947 178 986 211 V.
1013 178 1075 212 CL.

199 230 385 263 Ludovicus
398 226 586 262 Russardus,
603 221 824 263 Marginalibus
843 218 953 259 Notis,
970 219 1012 252 fic
1026 229 1077 251 ac-

199 272 297 312 cipit,
322 267 405 309 quasi
423 275 519 308 neget
536 264 713 304 Ulpianus,
737 262 904 300 libertam,
920 268 1017 301 capto
1035 261 1076 293 ab

199 312 340 344 hostibus
357 315 495 350 patrono
512 306 564 338 cui
582 312 682 344 nupta
699 309 788 342 erat,
804 303 921 337 habere
933 303 982 344 jus
1000 311 1077 335 con·

200 353 289 385 nubii
307 359 379 382 curn
398 349 478 387 alio;
497 345 767 389 quemadmodum
784 343 939 382 haberet,
953 342 975 375 fi
991 352 1075 375 mor-

197 401 268 426 tuus
286 391 363 423 effec
383 397 547 429 patronus.
594 385 666 418 Nec
683 395 787 427 nego,
806 385 838 417 id
855 384 950 426 egisse
965 383 1075 425 Ulpia-

194 442 271 466 num
283 456 293 472 ,
310 432 398 473 quod
416 431 556 463 intendit
572 426 760 460 Ruffardus:
781 426 972 459 veriffimum
989 427 1075 458 enirn

196 475 240 507 est
251 485 291 506 eo
310 473 427 504 seculo.
456 471 507 504 sed
518 469 659 503 Ruffardi
678 468 978 508 interpretationem
997 476 1073 500 con-

166 531 175 536 *
195 516 306 547 venire
324 513 454 556 Ulpiani
479 512 585 545 verbis
606 519 713 552 nego3
738 505 778 548 fi,
794 517 828 541 ut
846 510 958 547 decet,
973 508 1073 540 serva-

161 564 164 567 ·
194 566 264 590 mus
279 557 453 589 verborum
469 554 711 595 proprietatem.
735 552 819 591 apud
836 549 969 581 Latinos
986 551 1070 582 enim

193 599 280 638 hoc,
305 597 430 635 Vereor,
453 606 488 627 rie
499 594 583 637 poffit
598 593 698 625 habere
717 592 852 630 liberta,
875 598 942 622 non
959 590 1070 631 sonat,

192 639 291 678 Puto,
313 649 372 670 non
392 639 491 669 habere
519 637 686 673 libertam3
707 633 795 674 quod
818 629 1006 664 existimass'e
1022 633 1069 663 vi-

193 680 287 712 detur
305 679 490 712 Russ'ardus:
513 677 586 715 sed,
612 675 709 714 Puto,
724 684 787 707 eam
803 674 903 706 habere
916 673 1001 714 poffe.
1025 673 1068 705 af-

194 719 300 754 firmat
316 722 432 764 igitur,
455 728 520 751 non
546 725 661 759 negat:
686 723 721 748 ut
738 716 768 748 in
786 715 843 748 illo
858 712 1069 757 Tryphonini

191 763 214 795 l.
229 767 279 804 67.
298 763 318 805 §
339 774 367 805 3.
389 761 429 793 D.
448 761 508 792 eod.
528 759 576 791 tit.
601 758 702 790 Finita
713 759 778 799 jam
796 756 904 795 tutela,
922 755 960 791 ὅ)
974 762 1069 798 nupta

189 805 289 846 puella
308 805 380 842 alii,
404 811 518 839 vereor,
546 806 580 831 rie
597 800 715 841 longum
725 797 766 837 fit
778 822 788 838 ,
812 798 992 839 adoptionem
1006 807 1068 829 ma-

193 845 245 878 riti
266 846 328 888 ejus
351 845 493 886 impedire.
537 840 775 884 Tryphoninus
798 842 861 880 ait,
882 847 994 881 putare
1018 838 1068 880 se,

802 51 1112 87 Germani
1160 46 1394 83 Nooui-

1117 138 1250 179 longum
1272 136 1335 169 effe
1352 159 1361 176 ,
1392 134 1603 174 adoptionem
1629 134 1732 167 mariti
1753 135 1907 178 impedire
1924 151 1933 160 ·
1960 140 1991 176 ii

1118 179 1234 220 puellae
1250 186 1357 217 tutor,
1381 175 1469 208 finita
1494 176 1613 215 tutela,
1636 176 1666 208 ὅ(
1683 177 1787 217 puella
1802 180 1852 216 alii
1867 166 1964 223 nup'ta
2031 189 2032 198 ²

1119 220 1198 252 velit
1220 219 1287 260 ejus
1311 219 1458 251 maritum
1481 217 1647 255 adoptare.
1689 217 1864 260 Quirigitur
1878 206 1985 256 eess'o’

1120 260 1282 301 corrigere
1305 259 1477 301 Ulpianum
1499 259 1527 290 d.
1543 258 1572 300 §.
1590 261 1621 289 6.
1639 257 1659 290 l.
1677 267 1728 299 45.
1752 257 1783 291 ἀ
1799 261 1927 303 legere?
1949 248 1985 297 S}

1118 302 1155 334 ab
1170 300 1295 345 hostibus
1331 309 1451 349 atronus
1468 305 1567 347 captus
1591 298 1642 340 effe
1651 305 1848 347 proponatur,
1867 311 1982 346 vereor,

1119 353 1160 375 ne
1177 353 1241 376 non
1252 308 1335 416 pltffit
1353 341 1408 383 ista
1423 342 1596 374 connubium
1611 341 1711 372 hahere
1728 342 1869 375 nubendo.
1907 344 1982 379 Sen-
2031 342 2033 371 ¹:

1118 383 1166 417 sus
1189 385 1255 416 veri
1282 393 1383 423 imus,
1407 384 1511 421 Puto,
1534 382 1699 421 libertam,
1722 380 1821 423 capto
1835 383 1875 415 ab
1891 384 1982 421 hosti-

1117 424 1178 458 bus
1201 434 1362 466 patrono,
1386 432 1450 457 non
1477 422 1565 465 posse
1581 423 1780 462 connubium
1796 423 1912 458 hahere
1925 436 1981 461 nu.

1117 467 1239 499 hendo.
1281 466 1324 498 Et
1349 466 1387 497 ad
1409 466 1494 497 hunc
1517 465 1650 497 modum
1667 463 1733 505 ipse
1748 463 1900 506 Ulpianus
1916 467 1936 500 1.
1949 477 1981 507 9.

1114 508 1144 550 §.
1164 518 1190 541 1.
1207 507 1249 540 D.
1275 509 1308 539 de
1318 508 1388 549 jure
1400 508 1529 547 dotium,
1553 505 1615 544 Et,
1640 506 1784 546 inquiet,
1804 514 1921 548 vereor,
1940 502 1981 543 ne

1113 558 1178 581 non
1200 546 1310 589 poffint‘
1324 549 1359 579 in
1391 549 1515 580 dominio
1546 548 1610 590 ejus
1631 544 1705 588 effici
1728 548 1779 578 cui
1803 548 1877 580 datoe
1895 545 1979 590 sunt.
2032 543 2034 557 ¹

1112 588 1246 628 Sensus,
1272 589 1355 621 Puto
1379 598 1443 621 non
1467 588 1555 630 poss'e
1578 589 1610 621 in
1636 589 1782 620 dominio
1799 589 1863 630 ejus
1886 589 1978 626 effici.
2032 620 2033 624 ,

1111 631 1232 663 Eadem
1249 630 1353 663 forma
1373 630 1485 662 Paulus
1501 630 1520 662 l.
1536 635 1586 667 48.
1625 653 1632 661 .
1649 638 1675 662 1.
1693 629 1737 662 D.
1759 630 1793 661 de
1806 631 1978 672 adquirendo
2032 629 2033 638 ³

1112 682 1208 704 rerum
1232 673 1364 704 donzinio.
1406 670 1514 704 Verba
1536 671 1598 702 Pau
1615 673 1634 703 i.
1679 670 1854 712 Pomponius
1879 682 1977 706 veren-

1111 715 1201 753 dum,
1225 723 1265 753 ne
1287 721 1353 745 non
1373 710 1415 749 sit
1436 714 1512 744 honae
1528 711 1604 753 fidei
1622 709 1752 753 peffeffor
1774 714 1909 754 quamvis
1928 724 1975 748 ca-

1107 757 1182 797 piat.
1227 755 1342 788 Paulus
1364 752 1520 796 significat
1539 776 1549 792 ‚
1588 751 1802 794 Pomponium
1822 754 1977 799 judicare,
2033 767 2034 775 ¹

1111 806 1178 829 non
1201 795 1264 829 ess'e
1286 797 1380 833 bonae
1401 793 1476 827 fidei
1499 794 1702 838 poffefforem
1719 818 1732 836 ,
1761 797 1906 838 quamvis
1930 805 1978 832 ca·
2033 797 2034 817 ³

1111 841 1188 880 piat.

894 950 1108 987 Carui-
1166 948 1263 986 vii.

392 1058 551 1111 ‚Quomodo
580 1053 703 1094 fiducia
725 1084 735 1102 ,

771 1057 894 1104 pigiius
911 1082 920 1099 ,
951 1050 993 1095 ἐξ
1019 1054 1234 1102 hypotheca,
1262 1051 1344 1101 apud
1368 1052 1492 1090 Veteres
1517 1049 1776 1101 distinguantur?

911 1103 1047 1151 Jfidoriis
1072 1105 1261 1139 emendatus.

189 1217 429 1298 Ambrofius,
454 1218 502 1250 De
527 1213 614 1265 'IJobia
635 1226 660 1262 ⁶.-
682 1224 726 1262 ¹.2·
750 1213 989 1261 hypothecam,
1013 1213 1059 1254 pi·
1103 1211 1192 1251 fieri,
1218 1209 1352 1244 Isidorus
1367 1211 1419 1242 ait.
1452 1209 1548 1243 Unde
1558 1213 1629 1252 poni
1644 1213 1673 1245 &
1689 1213 1790 1262 deponi
1803 1214 1971 1259 diciturpi‘.

277 1271 375 1303 gnuS,
400 1261 429 1292 ἃ
453 1259 603 1292 fiduciam
627 1256 809 1297 distinguit:
834 1264 906 1286 cum
923 1278 933 1294 ‚
958 1254 1058 1296 Hypo·
1099 1263 1196 1294 gnus,
1220 1253 1304 1294 apud
1330 1252 1457 1284 Paulum
1480 1253 1499 1284 l.
1515 1257 1565 1294 36.
1583 1254 1625 1286 D.
1650 1256 1683 1286 de
1699 1255 1969 1291 condztiz'oneinde-

191 1303 287 1334 thecas
302 1326 312 1342 ,
344 1302 468 1343 inquit,
485 1299 628 1342 flagitat,
646 1300 756 1340 pignus
777 1301 915 1337 usurpat,
932 1295 1061 1336 fiducias

185 1349 280 1376 vocat.
328 1343 390 1375 Sed
411 1343 581 1383 quomodo
596 1364 606 1379 ,
630 1341 804 1373 videamus.
830 1345 908 1378 puto
933 1345 1059 1376 autem,

184 1384 384 1427 Hypotheca
406 1385 536 1424 proprie
561 1382 678 1420 dicitur
693 1403 703 1417 .
743 1388 817 1411 curn
840 1377 968 1409 debitor
992 1388 1059 1410 rem

186 1426 340 1458 creditori
364 1425 487 1466 obligat
511 1424 598 1455 nudo
626 1421 721 1467 pacho
737 1443 748 1459 ‚
778 1427 969 1460 quamquam
992 1426 1058 1451 non

182 1467 421 1499 interveniente
455 1463 652 1506 posseffionis
686 1461 869 1493 traditione.
920 1460 1057 1501 Pignus,

180 1518 256 1540 cuin
282 1507 412 1538 debitor
435 1502 660 1547 poffeffionem
686 1502 842 1534 creditori
865 1501 962 1533 tradit
985 1501 1005 1534 l.
1025 1511 1054 1538 9.

179 1546 211 1622 ἓ.
229 1559 258 1581 2.
275 1546 318 1580 D.
336 1549 370 1578 de
384 1547 577 1588 pigneratitia
599 1544 729 1577 afflone.-
753 1541 796 1574 ita
822 1550 856 1573 ut
880 1541 984 1574 soluto
1002 1543 1056 1574 de-

204 1591 271 1628 ito,
294 1596 349 1620 aut
375 1597 448 1619 cum
472 1586 564 1619 aliter
590 1584 742 1618 creditori
767 1581 959 1616 satisfactum
978 1583 1056 1622 erit,

183 1630 296 1662 eadem
321 1628 468 1671 poffeffio
486 1628 541 1661 fibi
558 1627 752 1660 restituatur.
792 1623 927 1656 Fiducia
943 1646 954 1664 ,
982 1633 1056 1656 cum

178 1671 308 1704 debitor
325 1680 392 1703 rem
409 1670 562 1703 creditori
578 1678 644 1701 non
664 1668 767 1700 dicam
787 1667 904 1705 tradit,
927 1665 981 1705 sed
998 1675 1056 1706 per

179 1721 220 1745 aes
248 1713 278 1745 ἃ
304 1712 415 1744 libram
441 1711 623 1751 mancipat,
646 1709 700 1741 vel
723 1709 754 1740 in
776 1706 845 1748 jure
867 1707 973 1747 cedit;
995 1707 1056 1739 hac

177 1755 274 1796 lege,
300 1762 335 1785 ut
350 1753 464 1786 debito
482 1751 635 1785 creditori
659 1749 825 1792 persoluto
839 1772 849 1788 ,
875 1749 988 1780 eadem
1006 1758 1056 1780 res

176 1796 316 1828 debitori
340 1803 357 1827 a
380 1795 542 1827 creditore
566 1792 813 1832 remancipetur.
860 1786 939 1821 Eam
963 1787 1054 1822 diffe-

176 1838 312 1871 rentiam
335 1843 427 1869 n0tat
458 1835 593 1869 Ifidorus
624 1832 674 1866 lib.
699 1839 730 1873 5.
762 1829 924 1872 Originum
946 1840 972 1864 c.
1001 1840 1019 1863 2
1044 1856 1052 1864 .

171 1884 242 1921 pag.
268 1886 339 1920 932.
366 1878 415 1910 his
433 1877 550 1909 verbis.
586 1875 669 1909 Inter
680 1875 790 1916 pignus
806 1871 843 1908 δ’
855 1870 1000 1913 fiduciam

177 1921 364 1962 hypothecam
379 1919 428 1951 hoc
442 1916 569 1959 interest.
614 1917 728 1958 Pignus
743 1913 783 1954 eli
801 1915 877 1945 enim
892 1915 967 1956 quor}
980 1920 1049 1955 pro.

174 1967 241 2003 pter
262 1971 321 1994 rem
345 1962 482 1993 creditam
506 1961 665 2001 obligatur:
689 1954 774 1998 cujus
798 1956 840 1987 rei
861 1954 1053 1996 poffeffionem

169 2003 264 2044 solam
282 2004 320 2034 ad
335 2008 447 2042 tempus
464 2001 647 2042 consequitur
665 1999 792 2030 creditor.
817 2003 951 2028 caeterum
967 1998 1054 2028 domi-

178 2045 261 2076 nium
275 2050 362 2086 penes
377 2045 526 2076 debitorem
542 2040 591 2084 est.
636 2039 757 2072 Fiducia
780 2035 838 2079 est,
861 2047 924 2069 cum
939 2045 983 2068 res
999 2038 1052 2069 ali·

174 2095 233 2127 quo
248 2087 392 2124 sumendae
408 2089 517 2117 mutuae
529 2083 659 2125 pecuniae
669 2080 772 2122 gratia
785 2079 834 2110 vel
849 2080 1051 2120 mancipatur:

177 2127 224 2157 vel
242 2128 274 2158 in
285 2128 353 2169 jure
372 2128 495 2158 ceditur.
542 2122 715 2166 Hypotheca
729 2118 786 2162 est,
809 2130 875 2151 cum
892 2128 937 2151 res
951 2120 1051 2161 aliqua

174 2168 373 2199 commodatur
382 2167 447 2206 fine
461 2164 627 2207 depositione
637 2164 769 2206 pigrioris
781 2158 863 2203 patio
880 2161 926 2193 vel
941 2162 1050 2193 cautio-

173 2208 283 2248 nefhla
300 2210 515 2240 interveniente.
555 2207 608 2239 Sic
626 2206 742 2238 editur.
766 2202 818 2235 sed
835 2201 958 2242 scribo,
983 2202 1050 2244 HJ-

165 2250 288 2290 pgotbeca
305 2247 363 2291 est,
387 2259 452 2281 cum
465 2257 507 2280 rei·
527 2248 627 2289 aliqua
643 2246 803 2287 obligatur,
822 2244 873 2276 vel
891 2243 912 2276 si
928 2245 1049 2283 mavis,

174 2293 371 2329 connodotur,
388 2289 452 2329 fine
468 2287 634 2330 depofitz'orie
646 2286 793 2328 pignoris,
815 2284 899 2326 pasto
917 2286 965 2317 vel
981 2295 1048 2317 cau·

172 2333 248 2364 tione
258 2331 323 2372 sola
339 2332 559 2364 interveniente.
592 2328 682 2362 Nihil
699 2327 785 2360 enim
803 2336 974 2359 commune
992 2326 1049 2368 hy-

170 2375 322 2414 pothecoe
347 2382 420 2405 cum
436 2372 667 2405 commodato:
692 2378 797 2410 neque
818 2377 951 2408 usquam
970 2368 1047 2409 legi·

170 2423 260 2454 mus,
285 2424 319 2446 ut
339 2414 526 2457 hypotheca
544 2412 598 2451 fit,
620 2421 687 2444 rem
704 2410 767 2443 fine
783 2409 927 2451 pignoris
944 2410 1046 2450 depo-

170 2455 283 2488 fitione
301 2457 493 2495 commodari,
517 2454 611 2496 pasto
630 2452 682 2484 vel
698 2451 850 2484 cautione
865 2449 930 2482 sola
946 2451 1044 2483 iuter-

170 2498 341 2544 qeniente3
364 2497 417 2529 scd
441 2507 508 2530 rem
533 2495 749 2537 hypothecae,
773 2492 867 2534 pacto
893 2492 945 2524 vel
972 2501 1044 2523 cau-

170 2546 260 2570 tione
285 2539 522 2571 interveniente
543 2537 685 2579 obligari,
708 2534 795 2567 reste
819 2534 954 2566 dicimus
976 2533 996 2565 l.
1013 2543 1043 2572 4.

172 2576 217 2610 D.
246 2580 279 2610 de
298 2580 469 2622 pignoribus
493 2579 533 2614 ἐξ
551 2578 721 2619 hypothecis.
752 2575 934 2616 eodemque
957 2572 1043 2606 sensu

170 2618 262 2652 scribi
279 2620 401 2661 potest,
428 2622 458 2652 δι
475 2621 607 2661 propius
623 2628 639 2650 a
657 2624 786 2658 recepta
805 2616 964 2654 lectione,
978 2625 1044 2647 con-

167 2662 281 2693 nodari.
308 2669 387 2700 puto
404 2670 530 2701 autem,
554 2660 713 2692 connodare
740 2659 823 2697 dici,
845 2665 881 2690 ut
896 2656 1041 2689 connecte-

168 2712 217 2742 re,
240 2702 401 2745 conligare,
426 2704 618 2744 conjungere,
641 2699 779 2740 conficere
797 2722 807 2738 ,
836 2700 1041 2738 conadunare,

168 2744 198 2776 ἀ
216 2744 305 2785 plura
322 2743 391 2774 alia.
437 2743 511 2775 Hoc
529 2751 659 2785 quoque
684 2750 760 2773 vere
779 2741 867 2772 addit
887 2739 1042 2779 isidorus,

168 2786 257 2826 quod
277 2785 294 2814 h
324 2785 463 2823 potlieca
480 2784 523 2815 est
534 2807 544 2823 ,
566 2793 638 2815 cum
654 2792 704 2814 res
719 2782 812 2823 pacto
829 2781 990 2822 obligatur
998 2779 1041 2819 fi-

166 2836 202 2858 rie
217 2827 283 2866 clepo
296 2828 384 2857 itione
398 2825 537 2866 pignoris.
585 2824 618 2856 [d
635 2823 720 2855 enim
738 2823 843 2863 valet,
866 2822 930 2854 line
946 2823 1040 2854 tradi·

169 2868 259 2900 tione
285 2866 481 2910 possessionis
504 2866 545 2898 ad
569 2873 714 2905 tempus:
739 2872 833 2906 quain
852 2864 882 2897 in
906 2863 1042 2906 pignore

1103 1296 1175 1333 hit1'3
1198 1294 1228 1326 &
1251 1294 1299 1325 lib.
1325 1304 1353 1326 2.
1381 1293 1509 1325 Sentent.
1531 1297 1578 1326 tit.
1602 1307 1631 1336 5.
1648 1295 1677 1337 §.
1699 1305 1724 1328 1.
1742 1296 1772 1328 ἀ
1794 1297 1825 1330 in
1841 1298 1971 1333 Robrica

1103 1336 1162 1367 IV.
1186 1336 1312 1376 ejusdem
1336 1336 1419 1373 libri,
1444 1344 1514 1374 quae
1542 1335 1586 1367 est
1602 1360 1612 1376 ,
1636 1338 1684 1369 De
1708 1340 1880 1371 commodato
1895 1363 1905 1380 ,
1932 1341 1970 1377 δ’

1101 1375 1220 1423 deposito
1231 1379 1351 1418 pignore
1363 1375 1525 1416 fiduciave.
1568 1377 1630 1409 Sed
1654 1389 1690 1411 ea
1706 1375 1884 1420 depositio,
1900 1378 1970 1416 five

1102 1420 1232 1450 traditio
1243 1441 1253 1456 ,
1275 1418 1349 1458 quia
1365 1418 1449 1449 nulla
1466 1417 1635 1450 necessaria
1651 1419 1697 1451 est
1712 1421 1743 1452 in
1759 1420 1943 1462 hypotheca
1955 1434 1966 1443 ·

1101 1467 1136 1490 ut
1152 1467 1225 1490 ante
1241 1457 1453 1490 demonstravi
1471 1468 1512 1490 ex
1528 1460 1556 1490 d.
1574 1459 1594 1491 l.
1618 1471 1648 1497 9.
1666 1459 1694 1503 §.
1712 1472 1740 1493 2.
1757 1462 1800 1494 D.
1823 1464 1857 1494 de
1866 1448 1968 1506 pignl

1098 1500 1199 1531 ratitia
1221 1499 1360 1536 αὲἶίοηες
1382 1500 1505 1540 optime
1528 1496 1664 1535 isidorus
1689 1508 1757 1542 ait,
1787 1504 1970 1545 hypothecam
2015 1496 2036 1510 ’Ἰ

1100 1540 1181 1587 eise,
1204 1549 1277 1588 eum
1302 1550 1352 1573 res
1377 1541 1481 1581 aliqua
1508 1541 1667 1583 obligatur
1686 1543 1750 1576 fine
1766 1545 1967 1586 depositione

1099 1591 1242 1624 pignoris
1254 1605 1264 1621 ‚
1287 1582 1381 1622 pasto
1398 1583 1450 1614 vel
1467 1582 1617 1620 cautione
1636 1583 1698 1617 sola
1716 1586 1967 1621 interveniente.

1100 1623 1201 1666 Quod
1218 1623 1248 1654 &
1264 1622 1456 1663 Justinianus
1473 1624 1590 1663 probat
1614 1625 1643 1667 §.
1661 1635 1690 1667 7.
1708 1624 1780 1667 Irist-
1799 1628 1832 1659 de
1847 1628 1969 1662 actioni·

1098 1666 1162 1697 hus.
1204 1662 1489 1711 CaetuerurnQficut
1511 1665 1594 1697 inter
1617 1667 1730 1708 pignus
1757 1668 1786 1699 ἀ
1802 1668 1968 1711 hypothe-

1099 1715 1188 1753 cam,
1211 1705 1252 1737 fic
1270 1712 1353 1737 inter
1371 1713 1484 1746 pignus
1501 1705 1530 1737 δι
1545 1705 1695 1740 fiduciam
1710 1709 1849 1742 interest.
1879 1710 1966 1746 Nam

1098 1757 1129 1779 in
1155 1755 1289 1793 pignore
1313 1746 1397 1778 nulla
1421 1746 1458 1778 fit
1481 1744 1577 1779 ceffio
1602 1749 1654 1781 vel
1677 1751 1890 1792 mancipati03
1912 1752 1965 1787 sed

1098 1790 1182 1821 nuda
1197 1788 1346 1820 traditio:
1364 1788 1395 1820 in
1410 1786 1529 1820 fiducia
1546 1798 1625 1821 vero
1640 1797 1706 1823 non
1720 1790 1757 1823 fit
1771 1792 1854 1825 nuda
1871 1794 1965 1827 tradi-

1096 1830 1177 1876 εἰοςι
1188 1828 1240 1862 sed
1257 1828 1406 1862 solemnis
1422 1830 1616 1871 mancipatio
1628 1854 1638 1870 ‚
1656 1833 1706 1865 vel
1725 1833 1756 1864 in
1770 1833 1839 1873 jure
1856 1835 1963 1868 ceffio.

1095 1869 1131 1903 In
1146 1879 1280 1918 pignore
1303 1871 1400 1917 igitur
1423 1879 1488 1902 non
1505 1871 1682 1905 dominium
1694 1897 1704 1913 ,
1728 1872 1780 1905 sed
1799 1875 1962 1917 poisesfio,

1094 1913 1246 1944 creditori
1265 1914 1417 1951 traditur;
1440 1912 1545 1944 donec
1569 1915 1598 1945 ei
1617 1912 1757 1947 solvatur
1771 1915 1790 1948 l.
1807 1925 1858 1959 35.
1885 1917 1914 1960 §.
1934 1927 1962 1950 1.

1098 1954 1140 1985 D.
1159 1955 1192 1985 de
1202 1954 1395 1996 pigneratitia
1411 1952 1539 1986 actione.-
1555 1955 1585 1986 in
1603 1954 1718 1987 fiducia
1736 1966 1833 1997 vero,
1854 1958 1961 1992 donec

1096 1994 1252 2034 solvatur,
1275 1995 1426 2026 creditori
1447 2004 1512 2026 non
1529 1995 1694 2036 poffeffio,
1717 1996 1770 2030 sed
1784 1992 1969 2033 dominium*

1096 2037 1206 2083 datur-3
1222 2036 1252 2068 ἃ
1269 2036 1342 2082 ideo
1359 2034 1465 2077 potest
1480 2037 1631 2069 creditori
1647 2038 1760 2080 pignus
1776 2049 1792 2071 a
1809 2041 1958 2075 debitore

1096 2078 1210 2109 vendi:
1236 2080 1309 2116 quia
1327 2086 1358 2108 in
1376 2077 1520 2109 dominio
1536 2078 1689 2110 debitoris
1707 2089 1833 2120 maner,
1850 2082 1958 2115 aucto-

1094 2128 1128 2150 re
1144 2118 1399 2164 Tryphoninonl.
1425 2127 1469 2149 12.
1487 2117 1529 2150 D.
1545 2121 1578 2150 de
1592 2118 1772 2160 distractione
1782 2123 1959 2164 pignorum:

1093 2157 1208 2191 fiducia
1223 2160 1373 2191 creditori
1384 2169 1400 2190 a
1418 2159 1566 2191 debitore
1584 2162 1679 2193 vendi
1699 2171 1764 2194 non
1780 2164 1903 2202 potest:
1919 2173 1956 2197 ut

1092 2201 1207 2233 Paulus
1231 2200 1329 2232 refert
1352 2201 1400 2231 lib.
1426 2211 1455 2232 2.
1483 2200 1612 2233 Semem.
1635 2204 1680 2233 tit.
1711 2213 1755 2242 13.
1782 2203 1812 2246 §.
1830 2214 1860 2246 3.
1883 2206 1957 2247 quia

1092 2241 1152 2274 suae
1171 2243 1215 2274 rei
1231 2242 1355 2283 emptio
1373 2251 1437 2273 nou
1457 2242 1541 2274 valet
1564 2243 1582 2274 l.
1604 2247 1649 2274 16.
1667 2243 1708 2275 D.
1727 2243 1764 2279 ἐξ)
1778 2246 1798 2276 i.
1814 2256 1844 2284 4.
1865 2246 1899 2278 C.
1923 2248 1957 2279 de

1091 2285 1284 2316 contrahenda
1300 2283 1446 2324 emptione.
1471 2291 1624 2324 praeterea
1638 2284 1733 2316 servis
1741 2286 1809 2325 suis
1825 2287 1956 2329 legatis,

1091 2326 1199 2367 placet
1213 2324 1364 2366 quidem,
1376 2333 1468 2371 ‘quos
1488 2326 1557 2365 quis
1573 2326 1699 2367 pignori
1714 2327 1954 2369 hypothecaeve

1091 2367 1203 2406 dedit,
1224 2367 1382 2398 contineri
1407 2366 1426 2397 l.
1444 2375 1493 2406 73.
1518 2366 1546 2408 §.
1564 2377 1593 2399 2.
1613 2366 1655 2399 D.
1678 2368 1711 2398 de
1730 2368 1832 2410 legatis
1856 2370 1902 2402 lib.
1921 2377 1954 2413 3.
2008 2395 2009 2398 ¹
2034 2356 2035 2359 Ἰ

1091 2407 1143 2440 sed
1163 2417 1244 2449 quos
1262 2406 1387 2439 fiduciae
1404 2407 1512 2446 dedit,
1536 2417 1601 2439 non
1625 2409 1804 2450 contineri3
1828 2411 1965 2444 auclore-¹

1089 2449 1190 2482 Paulo
1214 2450 1263 2482 lio.
1287 2459 1318 2490 3.
1342 2449 1471 2480 Sentent.
1496 2450 1541 2480 iit.
1563 2451 1593 2481 6.
1610 2449 1639 2491 §.
1661 2454 1710 2486 69.
1737 2459 1834 2492 porro
1851 2452 1953 2484 soluto

1087 2491 1221 2530 debito,
1245 2490 1343 2528 debet
1367 2490 1496 2531 quidem
1516 2490 1658 2522 creditor
1675 2491 1816 2532 pignoris
1837 2488 1965 2534 posses!

1087 2531 1207 2564 sionem
1226 2541 1296 2572 quae
1318 2532 1492 2572 corporalis
1511 2532 1593 2571 apud
1612 2541 1684 2563 eum
1707 2533 1790 2574 fuit,
1814 2535 1952 2567 restitue-

1087 2583 1142 2612 re;
1165 2583 1226 2606 nec
1250 2573 1424 2614 quidquam
1448 2572 1581 2613 amplius
1606 2573 1752 2615 praestare
1780 2568 1951 2616 cogitur'i.

1086 2624 1136 2655 40.
1162 2614 1190 2657 §.
1217 2624 1246 2646 2.
1272 2614 1315 2646 D.
1339 2615 1373 2645 de
1392 2614 1583 2656 pigneraiitia
1609 2613 1728 2647 afflone.
1751 2624 1784 2648 at
1805 2616 1962 2653 fiduciam

1086 2666 1151 2688 non
1171 2656 1272 2688 modo
1289 2655 1431 2693 tradere,
1455 2654 1508 2686 sed
1525 2656 1739 2696 remancipare
1753 2659 1898 2700 cogitur:
1918 2654 1954 2689 ὑῒ

1085 2697 1198 2729 Paulus
1215 2697 1313 2728 docet
1329 2698 1357 2727 d.
1376 2697 1424 2727 lib.
1449 2706 1476 2727 2.
1497 2696 1625 2728 sentent.
1644 2699 1691 2729 tit.
1713 2708 1757 2738 1⁶3.
1776 2698 1804 2741 §.
1821 2709 1852 2740 3.
1878 2700 1954 2731 alte-

1084 2748 1117 2771 ra
1133 2739 1163 2770 in
1181 2737 1285 2778 specie
1306 2736 1444 2769 debitori
1461 2736 1545 2769 ostio
1562 2733 1783 2780 pigneranda,
1807 2741 1838 2772 in
1856 2740 1952 2772 altera

1086 2779 1127 2812 de
1150 2778 1286 2818 fiducia,
1310 2777 1457 2810 adversus
1482 2779 1677 2811 creditorem
1705 2780 1806 2813 datur.
1828 2783 1876 2813 dd.
1897 2781 1949 2811 loc.

1086 2822 1128 2852 ita
1146 2820 1198 2852 hic
1215 2820 1320 2853 omnis
1342 2818 1459 2852 fiducia
1480 2819 1525 2853 est
1547 2818 1682 2864 pignus;
1703 2819 1756 2855 sed
1777 2831 1843 2857 non
1857 2829 1953 2855 omne

1085 2862 1201 2904 pignus
1219 2861 1264 2894 est
1281 2859 1406 2896 fiducia.

1867 3186 1950 3221 CA-
