2036 3495
311 107 374 143 An
411 108 498 142 ΜΒ.
528 107 567 142 11.
602 105 701 142 ΤΠ.
730 103 773 139 11.
806 103 902 154 Quod
914 105 1132 152 quisqzaejuris
1149 106 1181 141 in
1202 105 1334 141 alterum
1349 105 1514 154 statuerit,
1542 105 1610 147 &a

46 197 149 233 stum:
172 208 213 230 ex
228 205 294 239 quo
309 196 354 229 est
371 205 501 238 quoque
519 197 548 228 d.
566 195 586 229 l.
607 203 636 237 7.
851 236 857 242 ⁸

60 266 63 268 ,
87 240 188 272 Porro
206 240 249 272 ait
271 240 408 278 Praetor,
424 237 659 283 Qgcingentorum
674 245 827 268 aureorum
839 237 920 278 judi-

47 278 124 315 e'ium
140 283 219 314 dabo.
245 281 364 314 Aureus
379 289 530 322 quantum
543 280 662 319 valeat,
681 278 733 310 ubi
752 279 782 309 in
801 277 921 309 Pande-

47 324 104 357 &is
120 322 156 354 fit
174 324 238 364 ejus
256 324 399 360 mentio,
420 322 586 353 consulant
608 321 721 361 quibus
749 320 812 350 hoc
829 320 918 352 cordi

50 364 115 404 est,
133 365 171 396 V.
198 364 257 397 Cr..
275 364 450 404 johannem
471 362 672 394 Fredericum
693 359 919 400 Gronovium,

50 407 99 439 De
112 414 212 447 pecun.
230 413 309 438 veter
328 406 376 436 lib.
396 413 423 438 2.
443 415 467 436 c,
480 415 507 443 5.
536 404 615 435 Meo
633 403 776 436 instituto
790 402 921 441 sufficit,

52 451 139 489 quod
158 450 225 480 liaec
241 448 323 480 actio
339 447 430 477 datur
446 448 482 477 ad
501 455 627 486 poenam
645 446 874 485 pecuniariam:
891 444 921 476 &

50 490 81 522 'in
107 500 164 521 eos
187 491 238 530 qui
263 489 370 528 inopia
386 488 546 524 laborant,
572 497 689 527 corpus
708 487 924 526 torquendum

51 531 133 569 esse,
152 530 305 572 Ulpianus
321 536 432 561 monet
448 529 466 558 l.
485 539 512 568 7.
531 527 558 570 §.
572 540 599 569 3.
618 528 658 559 D.
679 529 706 559 h.
727 533 747 559 t.
773 535 807 558 ut
824 529 853 558 in
872 527 924 559 dc-

50 573 131 605 liCtis
148 573 227 605 solet.
243 572 261 603 l.
279 580 302 603 ι.
324 570 352 612 §.
371 571 424 601 ult.
448 570 486 600 D.
506 571 539 600 de
552 571 653 610 poenis.
675 570 693 600 l.
710 569 763 600 ult.
786 568 825 600 D.
844 570 876 599 de
893 569 925 600 in

47 615 100 657 jus
116 617 252 646 vocando.
268 613 286 643 l.
305 615 358 643 ult.
380 611 418 642 D.
437 614 470 642 de
486 613 578 653 injur.
605 610 676 643 Nec
691 611 766 642 illud
786 611 924 649 praeteri-

54 650 113 688 bo:
139 656 225 697 quod
249 654 342 685 etiam
369 651 522 693 Ulpianus
538 654 565 684 d.
584 653 603 684 l.
623 663 649 693 7.
668 653 695 695 §.
719 662 744 684 1.
764 651 799 685 δ’
815 661 845 692 3.
871 650 928 685 ob-⁴

51 698 172 736 servat,
196 696 276 733 hanc
290 694 449 726 actionem
469 695 533 726 dari
551 696 582 727 in
602 693 728 726 servos:
747 703 784 724 ac
802 692 821 724 fi
839 701 854 722 a
871 693 925 738 do·

52 741 144 772 minis
163 747 226 770 non
253 735 486 774 defendantur,
511 746 621 768 eorum
639 745 756 775 corpus
773 742 927 774 torqueri.

54 780 96 813 sic
119 780 202 811 enim
226 786 357 820 apparet
373 800 383 816 ‚
415 778 501 817 quod
527 779 567 809 de
591 778 664 808 albo
685 784 840 822 corrupto
864 782 927 820 non

53 821 211 862 competit
226 822 256 852 in
277 820 353 853 ier-vi
374 819 539 852 dominum
558 819 681 850 noxalis
704 818 764 850 albi
784 823 927 862 corrupti

53 863 155 895 actio:
178 872 218 893 eo
246 862 334 902 quod
362 861 482 892 Praetor
505 861 535 891 in
563 859 678 892 Edicto
703 868 767 890 non
792 858 925 904 adim&

54 911 106 937 aut
122 913 204 935 noxae
220 904 336 934 dedere:
351 904 404 941 (ut
423 901 541 933 factum
560 902 589 932 in
611 901 725 934 Editio
742 901 781 931 de
798 898 926 938 dejectis

54 947 84 978 ἀ
111 944 216 977 effusis
243 945 260 976 l.
284 954 308 976 ι.
336 943 377 974 1.).
399 945 431 974 de
447 945 491 974 bis
506 944 557 984 qui
578 943 664 983 effud.
682 942 727 973 vel
743 941 849 981 dejec.)
875 939 926 985 secl

56 981 238 1028 simpliciter
255 986 353 1023 dixit,
369 986 521 1025 judicium
538 985 631 1017 dabo.
655 991 750 1023 atque
767 983 809 1028 ita
828 980 889 1028 est:
906 981 927 1011 11

55 1038 72 1061 a
90 1029 227 1060 dominis
247 1037 311 1058 non
331 1027 544 1058 defendantur
568 1025 663 1065 servi3
688 1027 824 1056 daturin
844 1020 927 1068 ipsos

56 1070 164 1102 servos
181 1069 262 1100 actio
277 1076 365 1099 extra
376 1067 528 1099 ordinem.
557 1067 585 1098 δι
603 1074 791 1106 quamquam
802 1065 928 1110 ordina-

56 1113 102 1144 ria
121 1111 204 1143 nulla
223 1110 266 1141 est
287 1110 315 1140 in
336 1108 455 1140 servum
468 1109 549 1140 aetio
566 1109 584 1140 l.
608 1117 673 1148 107.
692 1107 727 1138 D.
746 1108 778 1137 de
794 1115 850 1146 reg.
865 1113 929 1150 yur.

56 1154 76 1184 l.
95 1163 144 1191 44.
163 1151 191 1193 §.
214 1161 238 1183 1.
259 1150 299 1181 D.
317 1152 349 1180 de
362 1151 455 1191 judic.
482 1159 583 1182 tamen
603 1150 644 1181 nil
664 1155 770 1185 vetat,
794 1155 858 1187 quo
874 1154 929 1176 mi-

55 1204 114 1227 nus
132 1193 238 1233 (quod
255 1192 402 1224 observat
418 1191 676 1230 Cujaciuslz'b.21.
696 1190 814 1229 Obstrv.
825 1197 848 1233 ς.
859 1186 932 1226 40.)

58 1235 153 1278 poffit
170 1234 253 1265 aetio
271 1235 299 1264 in
317 1242 431 1273 corpus
451 1232 559 1262 servile
577 1233 640 1262 dari
661 1237 749 1262 extra
766 1229 929 1261 ordinem:

59 1286 95 1309 ur
112 1277 131 1307 l.
152 1285 178 1308 1.
198 1275 217 1317 §
243 1279 272 1308 8.
295 1273 331 1304 D.
356 1276 388 1303 de
413 1274 455 1303 his
476 1273 527 1313 qui
542 1271 631 1313 effud.
650 1272 697 1302 vel
712 1271 796 1312 dejec.
815 1270 834 1300 l.
853 1279 879 1310 3.
898 1268 930 1316 §3

55 1312 123 1360 pen.
153 1317 194 1348 D.
219 1316 253 1346 de
273 1314 408 1351 sepulcbr.
429 1315 528 1344 violat.
549 1314 585 1348 δ’
606 1313 625 1344 l.
644 1322 674 1351 4.
693 1312 722 1353 §.
736 1319 803 1353 pen.
824 1310 865 1342 D¹
887 1309 930 1341 Vz

59 1362 122 1390 bon.
141 1362 216 1397 rapt.
242 1354 286 1386 Ut
297 1364 331 1386 ut
350 1356 426 1387 erit:
444 1355 512 1385 haec
530 1355 613 1385 actio
632 1355 724 1386 datur
742 1354 781 1384 ad
800 1361 927 1393 poenam

58 1401 305 1440 quingentorum
326 1405 509 1428 aureorum:
527 1395 547 1427 fi
567 1405 644 1427 unus
656 1395 800 1435 corrupit
809 1394 926 1425 album.

59 1441 120 1472 Sed
138 1440 233 1479 quid,
257 1438 277 1469 fi
295 1447 372 1470 unus
394 1438 576 1476 mandavit,
600 1437 678 1470 alter
696 1437 855 1476 corrupit:
877 1442 930 1466 aut

58 1483 164 1524 plures
182 1480 268 1512 fimul
288 1478 524 1519 corruperunt?
547 1477 678 1518 quaestio
696 1477 758 1509 huc
777 1477 880 1515 redit3
895 1485 929 1507 u—

59 1531 143 1555 trum
160 1531 254 1552 unum
274 1520 309 1552 iit
326 1520 443 1552 factum
461 1521 624 1559 omnium,
641 1529 680 1551 an
697 1518 755 1551 fint
774 1519 862 1559 plura
872 1517 929 1549 fin-

60 1565 207 1606 gulorum
225 1562 329 1595 faeta?
346 1571 415 1592 nam
434 1571 527 1592 unum
544 1569 731 1602 corruptum
749 1561 794 1592 est
809 1560 932 1591 album:

63 1613 168 1637 tamen
187 1614 204 1635 a
220 1604 368 1642 pluribus.
401 1602 555 1641 Ulpianus
575 1605 602 1634 d.
622 1604 640 1634 ι.
660 1612 687 1643 7.
705 1603 733 1644 §.
753 1613 789 1643 ς,
813 1602 864 1640 Si,
887 1602 931 1632 in-

63 1647 151 1686 quit,
175 1646 249 1675 alius
268 1643 329 1675 fine
349 1644 426 1675 dolo
443 1645 527 1675 malo
543 1643 640 1682 fecit,
655 1644 732 1676 alius
749 1644 828 1675 dolo
847 1642 932 1674 malo

64 1687 247 1722 mandavit;
265 1687 315 1725 qui
330 1686 488 1716 mandavit
504 1686 675 1717 tenebitur.
693 1685 712 1716 fi
725 1693 860 1725 uterque
877 1685 934 1714 do·

65 1728 100 1762 lo
118 1728 201 1760 malo
212 1726 345 1764 feeerit,
363 1727 458 1758 ambo
476 1727 683 1758 tenebuntur:
702 1735 772 1758 nam
785 1726 814 1758 &
834 1725 851 1757 li
868 1725 933 1765 plu·

64 1779 116 1803 res
140 1768 299 1807 fecerint,
324 1768 373 1799 vel
393 1768 629 1806 mandaverint,
653 1777 765 1800 omnes
783 1767 935 1799 tenebun-

66 1819 129 1843 tur.
153 1810 181 1842 ἃ
208 1809 330 1849 subjicit
356 1807 453 1848 Gaius
474 1809 493 1839 l.
519 1813 547 1843 8.
571 1809 610 1841 D.
627 1809 654 1840 h.
675 1816 697 1840 t.
722 1818 834 1841 omnes
852 1809 934 1839 adeo

66 1853 189 1890 teneri;
206 1860 238 1881 ut
257 1860 320 1881 non
333 1849 481 1888 sufficiat,
500 1859 594 1881 unum
612 1860 724 1882 eorum
742 1859 868 1891 poenam
886 1850 932 1882 lu-

66 1903 130 1925 ere.
155 1894 184 1923 &
205 1891 247 1923 est
266 1893 363 1922 ratio:
388 1892 473 1924 Quod
492 1900 525 1922 ut
542 1891 648 1932 singuli
667 1893 874 1932 delinquunt,
891 1892 934 1922 ita

65 1944 106 1966 ex
124 1933 178 1964 suo
196 1934 329 1974 quisque
349 1932 435 1964 facto
454 1940 579 1964 tenetur
596 1932 650 1964 suo
666 1935 816 1966 nomine:
834 1942 935 1973 usque

65 1977 166 2013 adeo,
184 1983 216 2005 ut
233 1973 253 2006 fi
265 1983 342 2005 unus
360 1974 458 2005 solvat
472 1973 551 2004 suam
569 1984 715 2014 poenam,
730 1985 795 2007 non
812 1975 936 2014 idcirco

64 2017 181 2049 liberet
197 2016 289 2046 alium
309 2015 359 2054 qui
373 2016 409 2046 ad
427 2014 556 2047 fimilem
576 2025 702 2056 poenam
718 2027 759 2048 ex
777 2015 832 2048 suo
847 2014 934 2048 facto

63 2058 224 2098 obligatur
240 2057 258 2087 l.
282 2065 324 2088 ιι,
344 2056 371 2098 §.
392 2067 418 2090 2.
439 2055 477 2087 D.
499 2057 549 2088 Aa
564 2057 652 2098 legem
669 2059 829 2099 Aquiliam.

104 2098 183 2130 Inde
207 2097 367 2137 quaesitum
394 2098 438 2130 est
457 2121 465 2136 ,
488 2098 508 2130 fi
531 2097 649 2131 familia
673 2100 802 2141 aliquus
828 2099 936 2131 album

65 2141 263 2179 corruperit,
287 2139 317 2171 id
337 2138 400 2176 est,
423 2139 444 2172 fi
468 2139 592 2179 plures,
618 2141 668 2174 vel
687 2151 819 2180 omnes,
842 2141 938 2172 alicu·

65 2181 114 2222 jus
132 2181 210 2212 servi
227 2180 428 2220 corruperint
443 2181 569 2214 album:
593 2190 696 2215 utrum
715 2191 867 2223 oporteat
881 2183 938 2214 do—

67 2224 206 2263 minum,
230 2221 251 2254 fi
277 2222 355 2253 velit
377 2232 434 2254 eos
451 2221 644 2264 defendere,
667 2232 717 2257 tot
735 2223 855 2257 inferre
871 2232 939 2264 poe-

1805 118 1850 155 39

964 205 1038 235 naS,
1056 204 1136 238 quot
1156 196 1232 228 servi
1250 205 1381 237 operam
1401 197 1603 238 corruptioni
1617 196 1763 229 dedere?
1779 197 1845 230 Po-

964 245 1047 269 terat
1063 239 1198 270 dubitari
1217 246 1349 279 propter
1366 238 1601 272 similitudinem
1626 237 1749 270 Edisti:
1773 248 1839 279 quo

963 279 1085 311 Praetor
1102 282 1206 319 cavit,
1235 279 1266 311 Si
1285 279 1405 312 familia
1421 280 1542 313 furtum
1559 280 1658 320 fecit,
1677 289 1716 311 ne
1734 281 1764 312 in
1783 279 1840 313 fin-

963 321 1056 362 gulos
1083 322 1177 353 detur
1202 331 1304 362 poenae
1332 323 1531 361 persecutio:
1557 321 1609 354 sed
1636 330 1669 354 ut
1688 321 1840 361 sufficiat,

965 361 1122 402 praestari,
1149 371 1303 404 quantum
1321 363 1408 395 foret
1426 364 1655 405 praestandum,
1672 363 1692 395 ss
1710 373 1787 396 unus
1804 364 1841 396 li-

966 405 1023 434 ber
1040 403 1164 435 fecisset
1180 404 1310 436 furtum.
1348 405 1411 437 Sed
1428 408 1471 437 ait
1491 406 1603 439 Paulus
1619 405 1638 438 l.
1658 415 1687 442 9·
1709 405 1750 436 D.
1769 406 1796 437 h.
1815 410 1839 437 t.

967 445 1008 477 fic
1032 445 1205 477 Praetorem
1232 448 1361 486 quidem
1385 446 1540 486 edixiffe,
1566 447 1656 479 furto
1681 455 1697 477 a
1720 446 1843 480 familia

966 486 1113 518 admiffo:
1132 487 1183 519 sed
1202 486 1220 518 si
1241 487 1360 520 familia
1380 488 1485 520 album
1505 489 1706 529 corruperit3
1726 498 1789 520 non
1807 488 1845 520 si-

967 529 1083 561 militer
1101 529 1154 567 hic
1165 530 1304 560 edicere.
1329 530 1359 560 δι
1376 531 1461 561 addit
1479 530 1601 562 causam
1622 530 1752 562 Paulus:
1770 531 1847 571 quin

967 569 1035 601 laesa
1063 569 1212 601 Praetoris
1238 570 1380 610 majestas
1406 571 1602 602 vindicatur:
1626 572 1657 602 id
1681 571 1744 610 est,
1770 573 1847 613 quia

972 611 1050 643 utile
1068 611 1132 650 est,
1148 611 1295 644 Praetoris
1314 613 1500 653 dignitatem
1521 613 1689 644 severitate
1706 622 1810 654 poenae
1828 622 1847 644 a

971 660 1162 693 contemptu
1187 653 1349 684 vindicari.
1381 654 1468 686 addit
1493 654 1521 685 ἀ
1545 654 1676 685 alteram
1701 653 1845 688 causam:

972 695 1058 734 quod
1076 696 1162 734 plura
1178 693 1260 726 facta
1277 695 1512 736 intelliguntur:
1531 696 1560 726 id
1572 694 1634 734 est,
1651 696 1725 736 quia
1741 696 1849 736 placu-

971 737 1016 774 it,
1041 735 1127 775 plura
1145 736 1278 777 intelligi
1307 735 1408 775 facta3
1430 746 1470 767 eo
1487 737 1625 777 placuit,
1651 746 1687 767 ea
1702 737 1847 778 pluribus

971 778 1074 816 poenis
1090 778 1247 808 coerceri.
1273 776 1365 809 Hanc
1382 777 1567 809 sententiam
1586 778 1699 810 Paulus
1716 777 1850 819 sequen-

971 825 1003 847 te
1026 818 1114 856 juvat
1137 819 1313 860 exemplo:
1344 818 1647 861 Quemadmodum,
1679 821 1850 860 inquiens,

971 867 1043 889 cum
1063 859 1168 898 plures
1186 859 1264 889 iervi
1284 860 1424 900 injuriam
1446 860 1613 900 fecerunt,
1630 862 1681 892 vel
1697 862 1852 894 damnum

970 900 1136 930 dederunt.
1160 899 1188 930 Si
1209 909 1283 930 vere
1301 900 1383 939 hoc,
1404 910 1436 931 ut
1449 901 1573 941 potest,
1590 904 1766 943 accipiatur
1779 912 1847 935 non

970 941 1009 971 de
1020 940 1144 971 actione
1161 940 1360 979 injuriarum,
1380 942 1409 972 ὅ(
1423 943 1516 984 Legis
1528 943 1848 984 Aquiiiaefimu13sed

971 982 1011 1012 de
1031 981 1092 1012 sola·
1110 981 1291 1021 injuriarum
1317 983 1457 1020 actione,
1488 985 1576 1016 verbi
1595 986 1713 1026 gratia,
1737 986 1851 1027 injuria

971 1022 1123 1053 convicio
1150 1022 1250 1059 sacta,
1275 1031 1327 1053 aut
1346 1024 1456 1062 injuria
1475 1027 1663 1058 verberibus
1682 1028 1768 1059 illata
1787 1036 1850 1068 qua

972 1066 1068 1095 etiam
1088 1065 1236 1095 damnum
1249 1064 1356 1096 datum
1369 1064 1423 1096 fit:
1441 1067 1523 1097 nulla
1534 1067 1701 1100 difficultas
1713 1069 1768 1101 est.
1786 1069 1853 1101 cla·

974 1114 1008 1136 re
1029 1106 1112 1136 enirn
1131 1104 1172 1136 sic
1189 1104 1291 1144 Gajus
1310 1105 1327 1136 l.
1348 1116 1397 1146 34.
1417 1106 1457 1138 D.
1475 1108 1508 1138 de
1524 1109 1661 1149 injuriis,
1680 1109 1711 1141 Si
1727 1111 1854 1151 plures,

974 1147 1077 1186 inquit
1090 1169 1099 1185 ‚
1124 1145 1203 1177 servi
1218 1145 1304 1177 simul
1322 1147 1460 1188 aliquem
1477 1151 1679 1190 caeciderint‚
1705 1159 1758 1183 aut
1774 1161 1855 1183 con·

975 1188 1092 1218 vicium
1120 1187 1212 1218 alicui
1232 1187 1391 1221 fecerint:
1414 1189 1605 1229 singulorum
1626 1194 1790 1232 proprium
1807 1191 1854 1225 est

975 1228 1164 1261 maleficium
1176 1253 1184 1266 ,
1203 1229 1231 1260 &
1243 1237 1333 1261 tanto
1351 1230 1450 1270 major
1468 1231 1575 1271 injuria
1587 1255 1595 1270 ,
1614 1241 1734 1273 quanto
1749 1243 1765 1264 a
1783 1235 1854 1274 plu—

974 1271 1058 1303 ribus
1069 1270 1195 1302 admissa
1206 1270 1269 1302 est:
1285 1271 1351 1302 imo
1362 1274 1457 1303 etiam
1468 1273 1649 1314 totinjuriae
1660 1273 1746 1312 sunt,
1763 1275 1855 1316 quod

974 1313 1002 1344 &
1021 1311 1163 1352 persona:
1183 1313 1324 1352 injuriam
1343 1312 1541 1346 facientium.
1584 1314 1689 1346 Datur
1712 1316 1806 1357 igitur
1824 1326 1856 1348 a·

974 1355 1040 1385 ctio
1056 1354 1237 1394 injuriarum
1253 1354 1400 1386 adversus
1413 1353 1566 1396 fingulos:
1582 1358 1654 1397 quia
1672 1357 1701 1388 in
1719 1357 1854 1398 injuria,

972 1394 1037 1429 five
1054 1395 1091 1427 fit
1108 1395 1191 1433 sola,
1215 1404 1249 1426 ut
1268 1396 1298 1426 in
1317 1396 1488 1435 convicio,
1508 1397 1573 1429 five
1590 1398 1678 1430 simul
1697 1399 1752 1430 det
1769 1400 1856 1432 dam·

972 1446 1047 1468 num
1059 1461 1068 1476 ‚
1086 1446 1120 1468 ut
1137 1437 1231 1469 illatis
1252 1438 1454 1476 vulneribus,
1471 1439 1793 1481 plui-aintelliguntur
1807 1440 1857 1472 fa-

974 1478 1039 1510 tta:
1063 1488 1127 1509 non
1147 1488 1263 1515 unum.
1288 1486 1322 1510 ut
1340 1481 1370 1510 in
1390 1478 1489 1511 furto.
1535 1479 1612 1512 Hoc
1631 1481 1702 1513 sane
1718 1490 1792 1514 cum
1809 1481 1857 1514 est

974 1518 1088 1552 servile
1114 1521 1266 1559 probrum
1282 1544 1291 1558 ‚
1318 1520 1347 1552 &
1373 1522 1617 1560 quodammodo
1638 1522 1854 1555 domesticum

974 1562 1090 1593 malum
1104 1573 1111 1593 :
1127 1562 1182 1602 (ut
1202 1561 1324 1592 ostendi
1346 1561 1392 1592 lib.
1404 1561 1484 1604 fing.
1501 1563 1551 1594 Aa
1567 1563 1621 1603 leg.
1639 1563 1741 1604 Aquil.
1758 1574 1783 1596 c.
1801 1565 1856 1605 v.)

975 1613 992 1634 e
1011 1613 1044 1634 re
1063 1602 1139 1640 effe,
1158 1603 1294 1634 credidit
1312 1603 1455 1641 Praetor,
1472 1605 1502 1634 in
1519 1614 1559 1635 eo
1576 1605 1714 1636 dominis
1732 1604 1857 1636 succur-

975 1654 1062 1676 rere:
1081 1654 1120 1674 ne
1140 1643 1234 1676 facile
1252 1644 1303 1676 vel
1323 1654 1386 1675 uno
1404 1644 1530 1676 familiae
1547 1645 1636 1677 furto
1654 1646 1776 1678 domini
1796 1646 1858 1679 suis

977 1686 1071 1717 bonis
1087 1694 1321 1717 everterentur.
1344 1686 1405 1717 Sed
1417 1686 1562 1719 boccum
1580 1687 1733 1729 singulare
1743 1688 1774 1720 in
1791 1687 1860 1720 fur-

977 1735 1013 1759 to
1032 1728 1078 1768 jus
1096 1726 1149 1758 fit:
1173 1737 1238 1758 non
1257 1727 1302 1758 est
1320 1735 1442 1759 temere
1452 1729 1680 1770 porrigendum
1692 1731 1730 1761 ad
1750 1729 1860 1763 album

978 1779 995 1801 a
1012 1768 1129 1800 familia
1139 1776 1347 1808 corruptum:
1367 1770 1397 1800 in
1409 1778 1475 1810 quo
1485 1779 1549 1801 non
1560 1769 1702 1802 fimiliter
1713 1780 1728 1802 a
1741 1769 1860 1803 Praeto·

979 1820 1012 1842 re
1033 1811 1179 1842 edicitur.
1205 1809 1247 1841 Et
1264 1817 1370 1842 tamen
1380 1812 1406 1841 d.
1425 1811 1443 1841 l.
1462 1820 1491 1848 9.
1515 1812 1701 1851 aitPaulus‚
1719 1810 1860 1845 octave-

977 1861 1052 1883 num
1070 1851 1255 1890 credidisse,
1271 1851 1324 1882 hic
1344 1861 1495 1893 quoque,
1512 1853 1542 1884 id
1563 1852 1626 1891 est,
1650 1855 1680 1885 in
1700 1853 1765 1885 hoc
1779 1862 1861 1895 quo-

978 1902 1041 1934 que
1067 1892 1157 1931 calu,
1182 1891 1246 1925 five
1269 1894 1299 1924 in
1318 1893 1392 1924 albo
1411 1901 1567 1934 corrupto
1584 1895 1700 1935 etiarn,
1724 1894 1786 1927 effe
1803 1896 1862 1928 do·

978 1935 1065 1967 mino
1080 1935 1343 1972 succurrendum,
1367 1934 1387 1966 fi
1407 1934 1526 1967 familia
1542 1936 1647 1968 album
1665 1937 1859 1978 corruperit.

977 1976 1040 2008 Sed
1057 1975 1121 2016 ipse
1138 1976 1251 2008 Paulus
1280 1983 1388 2016 putat,
1414 1976 1479 2007 hoc
1503 1977 1590 2018 poffe
1608 1977 1690 2017 dici3
1714 1977 1736 2009 fi
1751 1979 1859 2019 plures

977 2017 1057 2049 servi
1076 2017 1154 2049 dolo
1172 2017 1256 2049 malo
1275 2018 1476 2057 curaverint3
1493 2026 1526 2050 ut
1543 2020 1582 2050 ab
1593 2019 1656 2051 alio
1672 2028 1862 2060 corrumpe-

978 2067 1066 2091 retur
1079 2059 1206 2091 album:
1233 2066 1403 2099 propterea
1420 2060 1506 2099 quod
1524 2068 1601 2091 tune
1616 2069 1713 2093 unum
1729 2060 1767 2092 fit
1782 2070 1862 2093 con·

979 2100 1100 2140 filium;
1123 2110 1188 2132 non
1209 2100 1297 2140 plura
1314 2099 1396 2131 facta
1413 2109 1578 2142 apparent.
1602 2103 1694 2134 aliter
1708 2110 1745 2133 ac
1760 2101 1781 2134 fi
1797 2101 1863 2144 ipsa

979 2142 1100 2174 familia
1124 2143 1322 2180 corruperit:
1347 2151 1419 2174 nam
1445 2150 1511 2174 tum
1533 2152 1597 2174 non
1622 2152 1719 2175 unum
1736 2142 1799 2175 effe
1815 2143 1862 2174 fa-

983 2183 1087 2222 &um3
1104 2182 1155 2215 sed
1175 2181 1236 2213 ess'e
1253 2183 1340 2223 plura
1354 2181 1455 2222 facta3
1472 2183 1502 2215 ἀ
1517 2183 1605 2216 reete
1623 2186 1729 2226 plures
1746 2185 1863 2225 puniri.

983 2225 1135 2266 idemque
1152 2224 1370 2265 Pomponium
1387 2225 1469 2257 libro
1488 2226 1618 2258 decimo
1636 2234 1762 2259 notare.

740 2308 1085 2345 T1TuLus
1141 2307 1192 2343 11.

371 2383 467 2432 Quod
483 2382 603 2428 quisque
614 2384 700 2429 juris
716 2384 748 2418 in
762 2383 1055 2432 alterumstatuerir
1067 2411 1077 2428 ‚
1105 2391 1139 2419 ut
1154 2382 1215 2431 ipfh
1233 2385 1332 2420 eodem
1343 2386 1420 2432 jure
1436 2393 1555 2428 utatur.

66 2469 277 2543 TRANsro
299 2471 338 2502 ad
356 2471 527 2503 secundum
547 2470 716 2504 Edictum:
735 2472 822 2514 quod
841 2472 886 2504 est
903 2474 942 2505 de

86 2538 90 2541 .
152 2514 340 2544 coercendo
356 2522 444 2544 novo
466 2514 684 2554 atqueiniquo
701 2514 780 2555 jure.
807 2514 874 2546 sunt
892 2525 942 2547 au-

75 2560 137 2585 tem
154 2553 237 2590 duo,
260 2563 332 2592 aut,
355 2553 375 2585 fi
393 2554 501 2592 malis,
526 2555 582 2585 tria
601 2555 691 2595 hujtis
707 2555 809 2587 Edicti
829 2558 942 2596 capita.

73 2595 210 2632 primum
227 2597 360 2626 coercet
382 2595 599 2636 Magistratum
617 2598 669 2636 qui
689 2606 809 2630 novum
824 2598 871 2638 jus
890 2598 944 2629 sta-

74 2637 145 2666 tuit.
162 2635 295 2667 alterum
312 2636 401 2675 punit
410 2646 482 2667 eum
502 2638 596 2675 quiid
608 2637 790 2678 postulavit.
815 2640 945 2671 tertium

74 2677 171 2707 habet
186 2685 423 2716 exceptionem.
449 2677 542 2709 Primi
554 2679 666 2718 capitis
685 2681 780 2712 verba
795 2680 866 2712 talia
878 2679 947 2712 sunt

76 2728 108 2749 in
125 2717 145 2747 l.
167 2716 235 2757 1.§.
257 2726 284 2749 1¹.
304 2716 344 2749 D.
364 2718 423 2748 lm.
447 2717 508 2761 Qui
524 2718 756 2761 Magistratum‚
770 2720 947 2762 potestatem-

76 2768 112 2790 ve
137 2758 266 2794 habehit,
283 2757 311 2793 fi
334 2760 402 2799 quid
418 2759 452 2789 in
475 2759 597 2800 aliquem
618 2763 688 2793 novi
701 2762 780 2804 juris
789 2761 948 2804 statuerit,

75 2807 131 2840 :pse
155 2800 512 2843 quandoque-adversarie
530 2800 692 2841 postulante
707 2806 801 2835 eodem
822 2805 890 2845 jure
905 2806 949 2835 uti

76 2842 166 2872 (zebet.
205 2840 341 2871 Secundi
357 2840 472 2879 capitis
489 2842 584 2872 verba
603 2844 632 2873 in
649 2844 677 2874 cl.
695 2843 723 2885 §.
746 2855 771 2876 1.
790 2845 807 2876 l.
830 2854 853 2876 1.
879 2846 948 2876 liaec

77 2882 159 2914 sunt.
183 2880 218 2911 Si
233 2882 297 2922 quis
313 2883 389 2919 apud
407 2891 469 2912 eum
484 2882 536 2922 qui
546 2881 756 2924 Magisiratum
771 2884 950 2927 potestatem-

78 2933 133 2965 que
146 2923 258 2953 habebit
270 2945 278 2958 ,
296 2922 406 2962 aliquid
423 2925 491 2953 novi
502 2923 578 2961 juris
595 2926 769 2965 obtinuerit,
782 2930 952 2968 quandoque

74 2962 170 3006 postea
196 2963 361 3002 adversario
386 2965 447 3005 ejus
463 2961 640 3004 postulante,
666 2968 756 2998 eodem
777 2969 834 2999 'ure
851 2970 952 3000 adver-

71 3010 127 3047 Jus
144 3015 206 3036 eum
222 3006 400 3035 decernetur.
432 3003 527 3036 Hisce
545 3006 648 3038 verbis
664 3008 695 3038 in
711 3009 739 3039 d.
781 3033 787 3039 .
810 3019 836 3041 1.
863 3010 952 3049 subji-

79 3050 165 3079 citur
185 3046 289 3077 versus
308 3045 457 3084 sequens:
475 3046 607 3083 Scilicet,
631 3054 663 3078 ut
680 3051 754 3088 quod
767 3051 823 3090 ipse
839 3053 903 3092 quis
919 3052 952 3081 in

78 3089 200 3120 alterius
220 3091 340 3128 persona
364 3097 475 3129 aequum
498 3087 548 3128 effe
570 3089 747 3129 credidiffet‚
771 3093 800 3121 id
815 3092 847 3122 in
863 3091 951 3130 ipfius

80 3136 314 3170 quoqueperwna
329 3129 425 3159 valere
438 3130 578 3168 patiatur.
604 3130 643 3161 At
656 3130 740 3161 liunc
752 3130 873 3164 versum
884 3142 949 3165 non

81 3170 143 3201 effe
158 3169 273 3209 Edisti,
293 3171 342 3202 vel
361 3181 411 3202 me
423 3179 569 3207 tacente,
588 3171 698 3212 liquet.
724 3180 829 3205 utrum
843 3182 949 3206 autem

79 3211 207 3252 Ulpiani
224 3211 277 3253 fit,
293 3221 331 3245 an
346 3211 532 3253 interpretis
548 3212 677 3254 alicujus
696 3212 843 3255 Veteris,
859 3215 948 3250 dubi-

987 2474 1045 2506 tari
1064 2474 1176 2514 poffit:
1200 2483 1388 2516 quamquam
1407 2474 1472 2505 hoc
1490 2473 1618 2506 malim:
1641 2475 1714 2515 quia
1731 2475 1775 2507 nil
1791 2476 1866 2507 atti-

986 2516 1102 2554 nebat,
1125 2515 1179 2546 hic
1204 2517 1307 2556 repeti
1331 2517 1371 2546 ab
1393 2514 1550 2556 Ulpiano,
1575 2517 1662 2556 quod
1680 2517 1805 2557 optime
1824 2517 1866 2548 ab

988 2567 1028 2588 eo
1045 2565 1111 2590 erat
1127 2557 1244 2588 dictum
1263 2557 1356 2588 initio
1372 2559 1401 2588 d.
1419 2557 1429 2587 l
1460 2565 1487 2589 1.
1510 2555 1615 2588 Tertii
1634 2559 1748 2599 capitis
1766 2558 1867 2589 verba

987 2598 1122 2630 servavit
1139 2599 1231 2629 nobis
1251 2597 1378 2638 Gajusl.
1393 2607 1423 2636 4.
1441 2597 1483 2629 D.
1493 2598 1521 2630 h.
1532 2605 1553 2629 t.
1576 2597 1645 2630 sunt
1661 2608 1768 2631 autem
1786 2600 1868 2631 haec.

991 2640 1190 2681 Praeterquam
1201 2638 1229 2677 fi
1244 2641 1309 2680 quis
1323 2649 1420 2671 eorum
1430 2646 1530 2671 contra
1545 2649 1609 2672 eum
1617 2641 1742 2682 fecerit,
1758 2643 1811 2684 qui
1826 2643 1868 2684 zp-

983 2681 1019 2721 se
1035 2691 1131 2711 eorum
1147 2682 1217 2721 quid
1228 2680 1352 2721 fectffet.

993 2722 1125 2754 Restitui
1152 2721 1311 2753 Edictum.
1336 2722 1433 2754 habet
1448 2729 1554 2755 autem
1578 2724 1634 2764 (ut
1653 2722 1809 2764 Ulpianus
1824 2721 1870 2752 ait

991 2764 1009 2794 ι.
1032 2772 1058 2794 1.
1079 2763 1119 2793 D.
1139 2763 1167 2793 h.
1186 2764 1230 2803 c.)
1253 2762 1400 2796 summam
1417 2765 1622 2805 aequitatem,
1646 2766 1675 2798 ὅ(
1691 2766 1756 2797 fine
1771 2763 1872 2808 quuq-

992 2813 1087 2845 quam
1110 2804 1329 2844 indignatione
1349 2805 1437 2846 justa.
1467 2807 1539 2846 quis
1561 2807 1647 2838 enim
1672 2803 1872 2848 adspernabi-

993 2853 1061 2883 tur,
1085 2845 1170 2884 (hoc
1194 2844 1257 2884 est,
1281 2848 1410 2887 negabit
1433 2848 1484 2880 vel
1509 2848 1683 2886 recusabit3
1707 2855 1740 2877 ut
1760 2845 1871 2884 Scipio

993 2886 1135 2918 Gentilis
1153 2889 1380 2928 interpretatur
1395 2889 1443 2921 lib.
1461 2898 1488 2921 1.
1506 2889 1627 2930 Parerg.
1648 2898 1672 2919 c.
1690 2887 1760 2927 30.)
1783 2885 1872 2931 ide-m

992 2929 1040 2968 jus
1056 2927 1110 2959 fibi
1128 2928 1190 2960 dici
1209 2929 1296 2969 quod
1312 2929 1378 2970 ipse
1395 2931 1462 2962 aliis
1480 2931 1581 2967 dixit,
1597 2929 1646 2960 vel
1666 2928 1727 2959 dici
1745 2925 1871 2958 effecit.

1034 2971 1088 3000 Ait
1105 2969 1241 3009 Praetor,
1259 2970 1322 3014 Qui
1337 2969 1550 3014 Magistratum
1566 2967 1770 3013 Potestatem‘ue
1787 2967 1873 3013 liabe-

995 3012 1044 3042 mr.
1078 3009 1175 3042 Usum
1195 3011 1242 3044 his
1258 3013 1362 3045 verbis
1379 3013 1471 3045 fuiffe
1490 3013 1680 3047 Praetorem‚
1704 3007 1871 3040 existimo:

995 3061 1182 3092 quamquam
1200 3054 1230 3084 in
1249 3053 1268 3084 l.
1283 3063 1308 3086 1.
1326 3054 1356 3097 §.
1377 3065 1404 3087 2.
1424 3055 1464 3086 D.
1484 3054 1510 3084 h.
1526 3058 1546 3083 t.
1564 3049 1686 3096 exstet,-
1703 3048 1876 3096 [qui—juris-

994 3092 1244 3136 diffloniproeest}
1269 3096 1406 3136 primum
1419 3096 1490 3134 quia
1502 3094 1565 3138 hoc
1582 3089 1668 3139 deest
1679 3094 1874 3138 inqeditione

994 3134 1142 3177 Hugonis
1160 3145 1177 3167 a
1195 3136 1309 3176 Porta,
1337 3139 1413 3169 item
1430 3135 1538 3175 jacobi
1557 3132 1747 3171 Vintimilii‚
1773 3134 1803 3164 &
1818 3133 1873 3165 ali-

994 3176 1034 3207 bi.
1059 3177 1178 3209 deinde
1194 3187 1258 3209 non
1277 3178 1323 3210 est
1339 3178 1476 3210 inlolens
1488 3173 1681 3214 Veteribus,
1699 3174 1802 3216 Leges
1820 3180 1875 3204 aut

992 3216 1104 3252 Edicta
1128 3219 1345 3259 exposituris,
1376 3225 1410 3250 ut
1444 3216 1502 3249 sint
1526 3216 1674 3248 contenti
1698 3217 1874 3287 verboirum

1812 3265 1867 3288 eu⁸
