2036 3495
410 91 472 126 An
498 89 586 124 Lm.
616 85 676 122 ΧΥ.
711 84 813 120 T1T.
842 82 906 120 Vl.
940 84 975 120 Si
990 83 1235 132 menfhrfalsum
1251 84 1370 121 modum
1390 56 1512 122 dixe-trit.

51 196 116 222 non
145 185 214 217 haec
237 180 394 219 formula,
416 178 572 223 Quod'in
594 184 629 206 ea
645 175 714 206 alea
731 173 829 220 lusum
852 174 932 221 erit,

54 229 127 270 quia
152 225 294 268 suggillat
319 223 434 255 famam
456 228 553 259 patris
571 225 623 249 aut
642 224 777 262 patroni.
801 217 894 248 datur
910 225 933 247 1-

53 270 137 312 gitur
156 269 185 301 in
204 267 321 299 facturn
343 262 425 295 utilis
444 261 506 294 fine
521 261 597 292 aleae
614 265 779 289 mentione
795 259 822 289 d.
842 257 861 288 l.
879 258 932 288 ult.

57 318 93 344 ut
111 311 140 342 ἂ
159 309 232 341 alibi
249 305 450 339 observatum
467 303 486 334 l.
508 311 555 333 11.
575 301 603 342 §.
622 307 647 331 1.
665 298 707 330 D.
725 299 759 329 de
774 299 833 329 dolo
849 299 930 345 wicilo.

101 352 202 384 Porro
227 349 248 381 fi
274 342 371 380 victus
394 345 458 384 ipse
485 352 548 375 non
567 348 694 381 repetat
710 341 797 380 quod
815 340 931 385 amisit:

57 392 253 435 permittitur
269 388 360 428 eiqui
380 387 488 423 volet,
505 391 662 427 repetere.
686 390 723 412 ac
739 380 759 412 si
771 382 930 427 nemolit,

57 435 112 474 qui
129 439 268 473 repetat,
289 427 454 468 repetendi
469 426 516 471 jus
534 424 579 471 est
591 422 776 472 Episcopo,
793 432 846 454 aut
864 422 928 468 filei

57 471 276 508 Procuratori:
293 479 352 502 nec
370 468 414 499 est
424 467 642 507 praescriptio,
658 464 929 505 nifiquinquagin·

59 525 92 549 ta
110 522 262 547 annorum
279 512 299 543 l.
322 520 346 542 1.
368 509 404 544 ὅ)
421 519 449 549 3.
471 508 504 538 C.
521 508 550 538 b.
571 512 593 538 t.

98 557 180 595 Sed,
202 562 298 596 pum,
321 557 469 592 apparet,
494 549 613 585 aleam,
639 555 799 588 tamquam
816 556 930 594 vanam

58 605 154 638 atque
171 596 312 628 inutilem
323 594 413 623 rebus
425 591 568 621 humanis
580 613 589 628 ‚
604 590 672 629 jure
691 589 798 620 nostro
815 598 931 628 impro-

58 640 146 677 bari,
169 637 189 669 ii
207 635 337 677 pecunia
356 634 496 665 ludatur:
520 640 591 662 nam
616 630 930 676 Senatusconsultum

58 681 114 721 (ut
132 679 240 711 Paulus
259 677 302 708 ait
319 676 337 706 l.
358 685 385 706 2.
406 673 434 716 §.
455 683 482 704 1.
499 673 526 704 h.
545 673 588 713 t.)
612 680 734 710 vetuit,
750 673 780 702 in
801 680 930 711 pecuni-

59 731 109 753 am
127 720 244 752 ludere.
263 719 354 758 plane
371 716 478 756 (quod
496 715 580 746 idem
599 713 697 744 refert
717 714 830 759 Paulus
846 713 864 744 l.
875 712 929 743 ult.

58 764 117 795 eod.
134 770 201 802 quae
219 758 263 792 est
279 757 499 797 conjungenda
516 757 624 787 cui-nd.
638 755 658 786 l.
677 755 741 799 ιδ.
758 765 782 787 1.
806 755 883 785 licut
898 762 931 798 o-

58 805 113 836 lim
138 811 210 833 cum
234 810 270 832 ea
294 799 441 831 coliaelit:
466 805 621 829 monente
647 804 809 836 utriusque
826 794 931 827 inscri-

58 843 191 886 ptione)
215 842 302 887 Quod
325 843 355 871 in
378 840 511 870 convivio
536 838 666 875 vescendi
685 839 770 879 causti
790 839 929 878 ponitur,

1791 98 1858 134 203

975 173 1056 204 alea:
1073 172 1246 207 Florentiae
1263 174 1478 216 est,familiae:
1494 174 1545 208 sed
1562 174 1650 207 nullo
1667 174 1764 207 sensu.
1784 176 1857 208 Am-

977 215 1057 256 plius
1075 215 1117 247 ait
1137 216 1249 248 Paulus
1267 218 1294 248 d.
1307 217 1327 248 l.
1347 228 1374 248 2.
1391 217 1419 258 §.
1442 226 1465 249 1.
1491 218 1578 258 quod
1591 216 1853 249 Senatusconsul-

978 265 1044 287 tum
1069 258 1171 288 vetuit
1187 280 1197 295 ‚
1220 258 1249 289 in
1274 258 1441 299 pecuniam
1469 259 1597 298 ludere3
1617 267 1805 301 praezerqzmm
1821 257 1852 296 fi

975 298 1039 338 quis
1057 305 1143 328 certet
1160 296 1241 338 hasta
1253 322 1262 337 ,
1278 301 1325 330 vel
1336 301 1393 339 pilo
1397 301 1531 342 jaciendo
1542 324 1550 338 ‚
1568 301 1614 331 vel
1630 302 1769 332 currendo
1780 324 1788 339 ‚
1805 303 1850 337 la-

974 338 1084 375 lz'endo,
1107 338 1260 378 laetando,
1282 344 1450 381 pugnando.
1477 343 1506 372 dt
1534 343 1615 373 hanc
1633 343 1738 374 adfert
1754 342 1852 374 ratio-

975 387 1048 411 nem
1067 379 1197 411 Paulus:
1219 383 1294 421 quod
1308 384 1429 412 virtutis
1446 383 1530 422 cazqsiz
1545 383 1613 424 fiat.

1012 420 1111 451 Addit
1139 421 1320 453 Marcianus
1335 422 1354 452 l.
1371 433 1399 463 3.
1417 424 1443 454 b.
1466 431 1486 454 t.
1512 426 1599 464 quod
1623 427 1653 457 in
1681 425 1729 456 his
1754 424 1849 457 rebus

973 471 1012 492 ex
1032 461 1118 501 Lege
1128 460 1219 494 Titia
1237 463 1266 494 δι
1281 462 1420 494 Publicia
1439 465 1468 495 δι
1485 464 1636 497 Cornelia
1652 468 1746 498 etiam
1759 466 1850 507 spon-

972 503 1091 535 iionem
1107 501 1216 534 facere
1232 505 1320 535 licet.
1347 504 1397 535 sed
1416 515 1454 536 ex
1474 507 1562 545 aliis,
1583 509 1634 540 ubi
1652 517 1711 549 pro
1729 511 1850 540 virtute

973 552 1136 575 certamen
1154 554 1218 576 non
1238 544 1292 582 fit,
1315 554 1380 576 non
1402 545 1488 577 licet.

1017 584 1178 617 Hactenus
1196 586 1235 617 de
1254 596 1329 617 vera
1350 587 1426 618 alea.
1444 587 1488 618 est
1504 588 1532 619 ἂ
1550 588 1632 627 quasi
1649 589 1727 620 alea.
1750 599 1786 621 ea
1805 596 1853 621 et-

972 626 994 660 fi
1011 636 1075 658 non
1100 626 1134 658 iit
1152 636 1168 658 a
1186 626 1329 667 periculo
1347 638 1465 666 vacua,
1482 637 1587 660 tamen
1605 639 1669 661 non
1687 631 1732 662 est
1749 631 1851 662 inanis

974 670 1004 700 ἃ
1020 677 1109 699 vana.
1133 677 1240 708 eoque
1254 669 1322 708 jure
1340 679 1405 701 non
1425 671 1642 710 improbatur:
1657 674 1728 710 quia
1745 672 1851 704 usibus

969 710 1118 749 ,humanis
1131 717 1312 749 opportuna
1323 710 1384 742 est:
1399 720 1472 742 cum
1489 711 1539 742 illa
1552 721 1624 742 vera
1644 720 1767 744 tantum
1784 713 1852 745 for-

974 760 1067 789 tuna,
1084 750 1169 782 nulla
1185 751 1272 781 civili
1289 751 1432 790 ratione,
1449 753 1594 790 constet3
1611 754 1639 785 dt
1653 755 1778 786 interim
1796 764 1852 795 pe-

974 791 1159 830 riculosam,
1176 792 1372 833 noxiamque
1383 794 1771 827 babeatobleetationem.
1789 804 1853 836 qua

974 835 1013 865 de
1031 843 1064 864 re
1081 832 1145 864 dixi
1162 834 1306 873 quaedam
1323 835 1371 866 lib.
1392 845 1422 869 2.
1443 835 1488 868 De
1498 835 1659 876 faenore&
1671 838 1768 877 usuris
1785 847 1808 868 c.
1822 847 1852 877 7.

58 888 90 919 in
104 895 166 918 eam
178 894 237 917 rem
253 885 315 916 alea
331 882 427 914 ludere
440 880 632 922 permittitur.
677 879 728 911 Sic
742 878 929 921 legendum,
968 883 1000 917 p.
1022 879 1092 908 218.
1111 874 1147 909 &³
1156 880 1217 917 seq.

710 962 1063 997 T1TuLus

1124 958 1197 995 VI.

666 1040 702 1075 Si
718 1035 833 1084 mensor
843 1035 966 1083 falsum
985 1035 1104 1070 modum
1124 1035 1249 1071 dixerit.

158 1134 187 1165 ic
202 1129 332 1164 Titulus
343 1128 437 1171 poffit
453 1128 559 1160 haberi
579 1137 637 1172 pro
647 1127 824 1169 appendice
840 1124 935 1157 Titu-

71 1168 75 1171 ’
166 1176 184 1206 li
195 1198 204 1213 ,
215 1174 340 1205 Finiuin
352 1172 563 1213 regundorum
574 1181 587 1215 ².
599 1179 629 1201 in
642 1179 706 1210 quo
718 1168 837 1200 solebat
847 1176 934 1212 men-

64 1217 116 1248 sor
139 1215 282 1247 adhiberi
310 1215 365 1246 lite
383 1217 422 1244 de
447 1212 562 1243 finibus
581 1220 663 1243 inter
679 1208 786 1242 affines
804 1217 885 1241 nata.
911 1217 934 1238 i-

63 1261 136 1291 dem
162 1256 258 1289 fiebat
284 1254 315 1287 in
340 1254 505 1295 emptione
528 1253 557 1284 δι
575 1252 782 1297 venditione,
803 1250 934 1295 volente

64 1307 212 1338 emptore
229 1298 258 1329 &
277 1297 445 1327 venditore
473 1294 549 1325 icire
572 1295 702 1325 niodum
720 1302 803 1333 agri,
828 1299 935 1335 pretio

64 1350 125 1382 pro
144 1340 293 1376 portione
311 1335 547 1368 constituendo.
570 1333 651 1365 Haec
668 1343 725 1375 pro
742 1332 830 1364 causa
849 1334 934 1379 ordi·

64 1383 113 1415 nis
129 1380 242 1411 Tituli.
278 1377 374 1410 Nunc
389 1376 534 1407 Edictum
555 1378 673 1416 accipe.
700 1376 731 1406 id
747 1374 787 1406 fic
804 1383 934 1405 concin-

63 1432 119 1456 no.
158 1422 192 1453 Si
208 1420 315 1460 menfhr
331 1420 396 1460 agri
405 1417 519 1458 fulsum
537 1418 651 1448 modum
668 1418 796 1454 dixerit,
819 1422 872 1446 aut
888 1425 935 1446 cu-

59 1465 112 1507 jus
126 1463 246 1494 alterius
269 1463 310 1492 rei
332 1466 490 1500 niensuram
511 1458 637 1496 falsam,
660 1459 720 1489 dolo
739 1459 811 1489 malo
829 1466 937 1488 remm-

65 1504 148 1546 ciaffe
166 1505 292 1541 dicetur,
317 1504 342 1533 ei
365 1502 450 1542 cujus
468 1501 598 1530 intererit
613 1501 643 1531 id
659 1509 715 1531 non
726 1499 813 1540 fieri,
837 1501 935 1530 adver-

59 1548 115 1589 sus
137 1555 200 1576 eum
220 1547 251 1575 in
261 1542 380 1584 fastum
403 1541 540 1573 astionem
558 1542 637 1573 dabo.
683 1541 715 1572 ln
737 1542 800 1572 hoc
819 1540 936 1572 Edicto

66 1586 188 1620 Praetor
212 1586 383 1625 pollicetur
407 1582 563 1614 actionem
592 1583 622 1613 in
648 1581 766 1614 fafiturn
791 1581 936 1626 adversus

67 1627 246 1661 mensorem
265 1626 328 1666 agri
345 1623 455 1655 falsum
473 1625 603 1655 modum
616 1647 625 1662 ,
641 1631 693 1655 aut
710 1624 796 1664 cujus
812 1624 937 1655 alterius

67 1670 116 1701 :rei
140 1667 245 1699 falsam
269 1665 460 1701 mensuram,
484 1665 561 1696 dolo
583 1666 666 1696 malo
686 1666 937 1697 renunciantem.

71 1710 179 1752 Quam
203 1709 246 1739 ob
275 1706 421 1739 causam?
446 1705 599 1745 Ulpianus
618 1707 636 1737 l.
655 1716 682 1738 1.
698 1707 724 1737 h.
743 1712 765 1739 t.
789 1707 851 1745 ait,
875 1715 939 1738 non

71 1759 224 1792 oportere
247 1759 306 1780 nos
331 1750 369 1780 ab
395 1757 435 1779 eo
456 1746 541 1779 falli:
565 1757 635 1779 nam
653 1747 799 1779 interesse
817 1748 940 1787 nostra,

69 1803 112 1825 ne
128 1791 274 1824 fallamur
289 1791 319 1821 in
332 1789 418 1821 modi
430 1789 685 1828 renunciatione,
704 1788 724 1821 fi
742 1789 829 1821 forte
847 1789 882 1821 fit
899 1790 939 1820 de

70 1833 187 1866 finibus
204 1832 395 1870 contentio3
420 1831 470 1862 vel
488 1839 614 1871 emptor
631 1831 681 1862 vel
699 1830 847 1862 venditor
862 1832 940 1863 velit

69 1870 168 1913 scire,
188 1872 363 1914 cujusmodi
379 1882 453 1913 ager
473 1873 588 1903 veniat.
610 1872 652 1903 ait
669 1881 746 1904 vero
767 1871 940 1913 Ulpianus,

70 1917 155 1948 hanc
172 1914 330 1947 actionem
349 1914 424 1945 ideo
441 1912 531 1945 fuiss'e
546 1912 766 1946 neccss'ariam:
782 1916 869 1954 quod
887 1915 940 1945 hu·

68 1957 207 1998 jusmodi
232 1955 356 1987 mensor
379 1964 442 1986 non
467 1963 534 1986 erat
558 1954 694 1986 civiliter
718 1956 875 1997 obligatus
899 1965 939 1987 ex

68 1998 181 2031 locato
200 2004 252 2028 aut
270 1996 449 2033 conducto,
473 1995 527 2027 etfi
553 1995 698 2037 promissa
714 1998 742 2028 ei
768 2007 826 2037 pro
843 2007 940 2038 opera

69 2047 158 2071 certa
174 2039 324 2080 pecunia:
339 2037 490 2077 exemplo
500 2046 684 2069 caeterarum
701 2039 812 2070 artium
830 2039 939 2070 libera-

69 2082 166 2119 lium,
185 2081 264 2111 intra
280 2087 371 2110 notas
388 2079 533 2110 &literas
551 2078 805 2111 consistentium:
822 2082 861 2111 de
873 2081 939 2121 qui-

69 2123 130 2154 bus
156 2122 219 2153 dixi
243 2119 324 2152 infra
348 2120 402 2151 sub
419 2118 535 2151 Titulo
554 2120 699 2152 Mandazi
712 2121 759 2152 vel
771 2128 884 2160 contra,
909 2122 940 2154 &

70 2162 125 2194 sub
137 2161 271 2200 Titulo‚
295 2162 398 2192 Locati
412 2160 551 2193 canduetz'.
573 2161 645 2193 *Ita
662 2162 724 2194 est:
748 2164 845 2202 olim,
867 2173 940 2195 cum

69 2204 227 2237 incideret
243 2203 373 2243 quaestio
397 2203 437 2233 de
454 2203 552 2234 modo
571 2202 652 2243 agri,
676 2204 819 2236 adibatur
835 2206 872 2237 ad
889 2205 940 2237 ali-

69 2255 167 2286 quem
192 2246 265 2276 artis
288 2244 372 2284 ejus,
396 2252 465 2283 quae
490 2244 625 2276 liberalis
642 2244 836 2285 habebatur,
860 2248 940 2286 peri-

69 2295 147 2319 tum.
161 2287 200 2317 ab
217 2295 257 2317 eo
274 2295 372 2325 opera
382 2287 477 2326 gratis
494 2285 649 2325 praestita,
665 2285 830 2318 videbatur
845 2288 941 2319 bene·

69 2327 133 2360 ficii
150 2329 224 2359 loco
242 2327 384 2367 praeberi.
400 2325 515 2366 quodfi
532 2326 649 2367 aliquid
669 2336 726 2368 pro
742 2338 778 2359 ea
795 2330 940 2368 daretur;

68 2370 102 2402 id
118 2369 287 2410 putabatur
304 2368 367 2399 dari
387 2368 424 2399 ad
443 2370 724 2400 remunerandum:
750 2378 846 2410 atque
866 2372 940 2411 inde

69 2421 137 2443 non
161 2419 305 2447 merces,
331 2409 382 2440 sed
406 2408 629 2449 honorarium,
653 2410 889 2450 appellabatur3
912 2412 942 2444 &

68 2452 202 2493 proprio
220 2452 351 2482 nomine
369 2450 609 2489 pulveraticum.
628 2459 719 2482 notat
730 2451 876 2492 Cujacius
891 2453 940 2484 lib.

71 2503 99 2532 4.
117 2493 235 2532 Observ.
252 2503 275 2523 c.
298 2497 342 2526 18-
360 2492 389 2523 ἃ
408 2491 544 2530 Jacobus
562 2491 790 2524 Gothofredus
808 2495 845 2524 ud
860 2494 879 2525 l.
895 2499 940 2526 16.

72 2534 140 2565 Cod.
160 2534 262 2564 Theoti.
279 2535 312 2564 de
328 2534 467 2564 tironibus
484 2533 531 2564 lib.
553 2543 579 2573 7.
596 2535 642 2564 tit.
669 2543 711 2575 ¹3·
743 2535 897 2575 proinde,
921 2535 942 2567 fi

71 2575 217 2614 imperite
233 2583 285 2605 aut
301 2573 497 2615 negligenter
508 2575 644 2606 versatus
661 2577 785 2607 dicatur
802 2576 944 2608 mensor:

72 2616 142 2647 vult
166 2614 317 2654 Ulpianus
335 2618 361 2646 d.
378 2616 397 2646 l.
421 2625 444 2646 1.
463 2615 491 2657 §.
512 2625 536 2646 1.
562 2625 634 2647 eum
662 2619 714 2657 qui
744 2619 838 2649 talem
858 2618 945 2649 adlii-

72 2656 143 2687 buit
158 2678 168 2694 ,
191 2655 244 2687 fibi
269 2657 422 2696 imputare
446 2658 591 2690 debere:
624 2658 759 2690 mensori
783 2658 943 2697 sufficere,

72 2697 161 2738 quod
177 2697 298 2736 potuit,
323 2696 416 2738 egisse
433 2697 517 2729 bona
534 2698 607 2730 fide.
630 2708 781 2731 caeterum
793 2723 802 2737 ,
817 2701 945 2740 decipe-

71 2748 107 2771 re
132 2740 267 2769 amicum
293 2737 394 2776 specie
420 2738 567 2770 beneficii
585 2750 650 2772 non
670 2741 831 2780 debuisse3
855 2741 944 2772 ideo-

73 2789 138 2820 que
155 2779 252 2810 visum
269 2778 350 2816 effe,
368 2778 435 2810 satis
453 2779 642 2821 abundeque
659 2783 803 2814 coerceri
821 2782 944 2813 menso-

71 2829 162 2858 rem,
187 2819 207 2851 fi
228 2820 319 2851 dolus
345 2820 442 2850 malus
469 2820 550 2852 solus
576 2824 787 2855 conveniatur
805 2824 869 2864 ejus
888 2823 944 2854 ho-

73 2861 166 2894 minis
182 2862 234 2898 qui
254 2859 390 2891 civiliter
409 2861 566 2901 obligatus
581 2872 645 2895 non
663 2865 741 2897 effet
755 2865 880 2897 afflone
898 2865 943 2896 lo-

75 2903 137 2934 cati
156 2909 208 2932 aut
226 2901 383 2932 conducti.

115 2943 272 2983 Proponit
296 2943 390 2982 igitur
413 2941 532 2973 Praetor
556 2942 585 2975 in
606 2944 670 2976 hoc
686 2946 821 2985 Edicto,
847 2947 943 2978 afflo-

73 2993 148 3016 nem
172 2986 202 3015 in
226 2983 362 3019 factum,
388 2982 407 3014 fi
434 2985 557 3015 mensor
579 2984 687 3018 falsum
708 2990 837 3020 modum
855 2987 945 3020 dixit.

76 3025 182 3057 Vocat
200 3034 303 3056 autern
322 3026 452 3056 modum
471 3027 557 3064 quod
574 3026 618 3057 est
634 3027 778 3067 spatium.
803 3031 946 3061 mensura

74 3067 191 3098 dicitur
207 3066 283 3105 l.40.
295 3065 335 3096 D.
355 3067 387 3095 de
403 3066 528 3097 control).
546 3072 628 3107 empt.
653 3068 727 3101 Non
746 3079 850 3102 tamen
868 3070 946 3101 sern-

73 3117 132 3149 per
148 3108 268 3140 Praetor
284 3107 365 3138 hanc
382 3107 538 3138 actionem
560 3110 629 3146 dat,
652 3108 673 3141 fi
691 3112 815 3142 mensor
834 3111 946 3143 falsum

73 3150 206 3180 modum
224 3149 442 3186 renunciavit3
466 3148 517 3180 sed
536 3148 555 3180 fi
576 3158 647 3181 eum
669 3153 871 3183 renunciavit
888 3153 945 3183 do-

74 3190 107 3221 lo
116 3190 365 3264 {nalafiulpam
381 3187 504 3222 Praetor
521 3199 586 3223 non
603 3192 741 3233 attingit.
766 3193 862 3234 igitur
879 3195 944 3227 cul-

141 3241 194 3263 om.
261 3254 267 3262 .

978 1132 1027 1163 pae
1052 1123 1184 1155 nomine
1215 1134 1280 1156 non
1304 1132 1432 1158 tenetur
1455 1127 1581 1160 mensor
1600 1153 1610 1168 ‚
1640 1136 1855 1171 praeterquam

978 1167 1067 1198 latae:
1082 1167 1156 1206 quia
1173 1166 1242 1197 haec
1257 1167 1350 1206 plane
1361 1169 1439 1199 dolo
1456 1172 1758 1211 comparatur3s1ve
1774 1181 1856 1203 mer-

978 1209 1092 1238 cedem
1105 1215 1163 1246 pro
1179 1217 1276 1248 opera
1295 1208 1421 1249 accepit
1439 1211 1564 1243 mensor
1576 1236 1584 1250 ,
1601 1212 1665 1245 five
1684 1223 1748 1245 non
1766 1222 1858 1244 acce-

978 1249 1042 1289 pit:
1059 1257 1150 1286 nam,
1167 1257 1199 1280 ut
1209 1249 1347 1289 dissum,
1364 1252 1460 1292 magis
1471 1252 1674 1286 honorarium
1687 1254 1857 1294 est‚quam

978 1299 1118 1328 merces3
1134 1299 1240 1331 eoque
1260 1300 1326 1323 non
1345 1292 1467 1324 locatio
1487 1303 1614 1335 operae,
1632 1295 1684 1328 sed
1702 1297 1858 1338 donatio,

979 1332 1114 1363 habetur
1129 1333 1156 1362 d.
1172 1332 1191 1362 l.
1211 1341 1236 1364 1.
1256 1332 1283 1374 §.
1305 1342 1330 1364 1.

1019 1371 1166 1404 Tenetur
1191 1373 1287 1415 igitur
1313 1374 1372 1405 hac
1392 1375 1518 1408 astione
1534 1376 1659 1411 mensor
1675 1381 1727 1421 qui
1744 1380 1859 1413 falsum

979 1415 1112 1446 modum
1129 1416 1328 1447 renunciavit
1343 1417 1420 1447 dolo
1438 1419 1531 1450 malo.
1557 1419 1766 1453 Renunciaffe
1778 1432 1858 1454 vero
1888 1452 1891 1454 ,

979 1457 1126 1496 accipere
1149 1456 1303 1489 debemus
1324 1466 1398 1489 eum
1423 1460 1476 1498 qui
1501 1461 1603 1500 perse
1620 1463 1725 1495 verbis
1742 1474 1859 1496 renun-

980 1498 1096 1536 ciavit,
1120 1498 1216 1529 etiam
1246 1498 1298 1538 qui
1328 1508 1384 1538 per
1407 1501 1502 1532 alium
1521 1504 1722 1536 renunciavit
1740 1507 1768 1537 ci.
1786 1506 1807 1537 l.
1829 1515 1859 1538 ι-

980 1538 1009 1580 §.
1028 1549 1055 1570 2.
1080 1539 1130 1571 vel
1150 1548 1205 1580 per
1222 1539 1325 1571 literas
1341 1539 1360 1570 l.
1379 1550 1407 1572 2.
1425 1544 1453 1572 h.
1471 1549 1493 1572 t.
1510 1552 1574 1574 non
1594 1546 1678 1577 enim
1695 1545 1862 1588 distinguit

981 1582 1114 1612 Praetor.
1149 1580 1201 1612 De
1219 1591 1260 1612 eo
1279 1580 1443 1621 quaefitum
1463 1582 1545 1623 fuit,
1567 1584 1587 1617 fi
1606 1595 1667 1627 ego
1684 1588 1759 1626 tibi,
1783 1598 1861 1623 cum

982 1621 1058 1653 effes
1074 1622 1218 1661 mensor,
1243 1624 1480 1663 mandaverim,
1505 1633 1538 1656 ut
1555 1635 1665 1665 ageres
1684 1629 1861 1662 mensuram

982 1667 1045 1704 agri
1062 1663 1318 1704 (haclocutione
1337 1665 1434 1697 utitur
1452 1667 1546 1697 etiam
1560 1666 1861 1711 Pliniuslib.2.Hil}.

982 1711 1044 1736 nat.
1062 1715 1086 1736 c.
1106 1705 1152 1746 1.)
1176 1705 1206 1736 &
1225 1713 1257 1736 tu
1275 1706 1307 1737 id
1322 1704 1416 1738 Titio
1431 1708 1627 1749 delegaveris
1639 1733 1648 1749 ,
1665 1711 1695 1743 ἃ
1712 1712 1764 1743 ille
1781 1713 1862 1745 dolo

982 1747 1067 1780 malo
1085 1747 1159 1786 quid
1178 1747 1207 1778 in
1223 1756 1264 1778 ‘ea
1288 1757 1322 1778 re
1338 1747 1474 1788 fecerit,
1498 1759 1536 1781 an
1554 1758 1586 1781 tu
1605 1761 1645 1782 eo
1664 1754 1794 1785 nomine
1812 1761 1860 1785 te-

983 1788 1110 1820 nearis?
1134 1787 1231 1820 Paulo
1256 1789 1275 1821 l.
1295 1799 1323 1820 2.
1351 1788 1379 1831 §.
1402 1799 1428 1823 1.
1444 1791 1472 1822 b.
1490 1797 1513 1823 t.
1539 1792 1661 1833 placet,
1687 1802 1718 1826 te
1739 1796 1839 1827 teneri
1850 1806 1867 1835 t,

983 1832 1056 1870 quia
1073 1839 1107 1861 es
1124 1831 1201 1861 dolo
1215 1831 1298 1862 malo
1316 1830 1455 1864 versatus
1472 1834 1524 1871 qui
1543 1835 1596 1865 tali
1615 1834 1738 1868 homini
1757 1835 1862 1870 credi-

984 1872 1064 1903 disti.
1087 1870 1224 1903 Obtinet
1240 1872 1333 1913 igitur
1352 1873 1459 1905 haecin
1477 1873 1596 1907 factum
1614 1876 1718 1916 afti03
1733 1878 1753 1910 fi
1771 1888 1861 1911 men—

984 1913 1034 1944 sor
1051 1912 1163 1945 falsum
1181 1917 1313 1945 modum
1332 1915 1409 1946 dolo
1428 1916 1510 1947 malo
1529 1920 1737 1951 renunciavit.
1764 1921 1861 1961 quid,

982 1954 1004 1986 fi
1031 1964 1094 1986 non
1120 1956 1352 1987 renunciaverit
1377 1956 1488 1988 falsum
1512 1959 1662 1992 modum:
1687 1960 1738 1993 sed
1763 1970 1862 2003 magis

984 1996 1116 2027 traxerit
1132 1997 1406 2028 renunciationem
1418 2021 1427 2036 ,
1451 1999 1479 2030 ἃ
1499 1999 1543 2030 ob
1560 2000 1624 2031 hoc
1641 2005 1809 2042 evenerit;
1826 2011 1863 2035 ut

983 2037 1134 2070 venditor
1153 2038 1337 2070 laederetur:
1360 2039 1421 2079 (sic
1436 2040 1574 2080 postulat
1589 2041 1710 2082 sensus,
1727 2043 1864 2077 Floren-

983 2080 1034 2110 tiae
1051 2080 1177 2118 editur,
1193 2080 1346 2111 liberetur:
1369 2080 1423 2112 sed
1441 2082 1592 2114 [cederetur
1607 2084 1646 2115 ab
1664 2085 1797 2126 ingenio
1813 2096 1863 2118 re-

982 2118 1298 2163 stituitZoannetus‚
1317 2122 1346 2152 &
1366 2122 1447 2153 hanc
1465 2124 1681 2164 conjecturam
1700 2127 1810 2167 postea
1825 2137 1863 2159 o-

985 2172 1026 2203 pe
1042 2162 1245 2194 Basilicorum
1265 2161 1468 2195 confirmavit
1485 2165 1622 2204 Jacobus
1645 2167 1791 2209 Cujacius
1808 2170 1859 2201 lib.

984 2214 1010 2244 7.
1031 2204 1151 2244 Observ.
1172 2214 1196 2234 c.
1214 2205 1286 2244 35.)
1309 2203 1348 2243 fi,
1372 2206 1520 2246 inquam,
1545 2208 1589 2238 ob
1613 2209 1678 2239 hoc
1695 2211 1861 2250 evenerit,

984 2253 1019 2276 ut
1034 2245 1183 2276 venditor
1201 2246 1368 2277 laederetur
1379 2249 1431 2288 qui
1443 2247 1673 2289 adfignaturum
1687 2250 1715 2282 se
1727 2253 1860 2284 modum

984 2287 1066 2318 intra
1081 2295 1204 2318 certum
1223 2295 1348 2326 tempus
1372 2289 1524 2329 promisit.
1549 2291 1603 2328 (ut
1623 2290 1668 2322 est
1686 2292 1754 2324 talis
1775 2293 1863 2325 casus

985 2328 1003 2358 l.
1022 2338 1071 2366 40.
1090 2327 1131 2358 D.
1149 2329 1182 2359 de
1197 2330 1323 2360 conirah.
1342 2331 1446 2370 empt.)
1470 2331 1512 2361 ait
1535 2330 1690 2370 Ulpianus
1715 2334 1733 2365 l.
1760 2346 1789 2375 5.
1817 2335 1861 2367 D.

985 2370 1011 2400 h.
1028 2376 1049 2400 t.
1072 2368 1189 2400 ceffare
1208 2370 1288 2401 hanc
1305 2370 1484 2403 actionem:
1502 2372 1530 2403 δι
1550 2373 1655 2412 addit,
1673 2384 1734 2406 nec
1750 2377 1861 2409 utilem

985 2412 1049 2442 dari
1068 2411 1187 2443 debere
1205 2421 1245 2442 ex
1262 2410 1415 2443 sententia
1435 2412 1615 2453 Pomponii.
1640 2416 1730 2456 quia,
1749 2426 1783 2448 ut
1801 2426 1862 2449 tra-

985 2453 1068 2483 xerit
1092 2453 1179 2483 modi
1206 2453 1500 2492 renunciationem,
1524 2462 1628 2488 tamen
1654 2467 1762 2490 verum
1781 2458 1864 2491 dixit

985 2495 1138 2526 modum:
1156 2503 1227 2525 Cum
1246 2494 1367 2525 Praetor
1384 2495 1424 2525 de
1442 2494 1521 2527 falso
1541 2497 1700 2535 loquatur.
1720 2500 1798 2540 quid
1815 2511 1865 2531 er-

985 2544 1028 2574 go
1046 2535 1115 2566 est?
1136 2536 1179 2566 ait
1198 2533 1350 2575 Ulpianus
1362 2558 1371 2573 ‚
1388 2545 1428 2566 eo
1447 2538 1533 2577 quod
1551 2537 1700 2571 diffimilis
1716 2541 1795 2574 estis
1811 2551 1863 2573 ca-

987 2580 1055 2613 ius,
1079 2575 1152 2607 fore
1169 2577 1404 2608 decurrendum
1420 2579 1458 2608 ad
1476 2578 1632 2612 actionem
1652 2583 1692 2612 de
1710 2583 1798 2614 dolo.

1031 2617 1192 2649 Caeterum
1213 2616 1301 2648 latius
1320 2619 1463 2657 porrexit
1481 2619 1544 2652 hoc
1557 2621 1710 2661 judicium
1730 2624 1862 2657 Praetor.

989 2668 1080 2696 nam,
1105 2668 1139 2689 ut
1165 2657 1312 2689 observat
1334 2659 1486 2698 Ulpianus
1504 2661 1521 2692 l.
1540 2672 1567 2698 5.
1587 2662 1614 2704 §.
1633 2674 1659 2695 2.
1679 2666 1705 2695 h.
1723 2671 1744 2696 t.
1767 2667 1863 2697 etiam

988 2699 1008 2731 fi
1027 2700 1114 2739 cujus
1133 2700 1261 2730 alterius
1277 2699 1321 2731 rei
1339 2700 1512 2734 mensuram
1531 2701 1638 2737 fallam
1658 2707 1727 2746 quis
1746 2717 1861 2738 renun-

988 2739 1113 2772 ciavisse
1137 2740 1280 2779 dicetur,
1305 2742 1373 2772 haec
1398 2742 1481 2774 actio
1499 2748 1666 2786 competit.
1712 2747 1862 2779 Mensura

987 2789 1092 2813 autem
1115 2782 1170 2822 (ut
1194 2783 1381 2823 intelligitur
1403 2793 1443 2815 ex
1462 2784 1563 2818 Variis
1580 2789 1788 2827 Auctoribus,
1814 2788 1863 2818 Dc

987 2822 1146 2863 mensuris)
1161 2823 1204 2853 est
1215 2845 1224 2860 ,
1239 2823 1391 2864 quidquid
1404 2827 1546 2864 pondere
1557 2852 1566 2866 ,
1584 2829 1778 2868 capacitate,
1795 2830 1862 2859 lon-

987 2865 1133 2904 gitudine
1144 2887 1154 2902 ,
1171 2864 1547 2906 latitudine‚altitudine,
1561 2870 1731 2908 animoque
1741 2869 1860 2901 finitur.

988 2906 1127 2936 Proinde
1143 2904 1337 2938 mensor&fi
1349 2908 1379 2939 in
1389 2907 1513 2940 aedificii
1525 2910 1664 2941 mensura
1680 2910 1862 2950 (Mensoris

989 2944 1196 2978 aeaificiorum
1222 2950 1373 2980 memoria
1397 2951 1480 2990 apud
1500 2949 1675 2981 Reinefium
1701 2950 1786 2989 Claff.
1808 2962 1860 2984 rx.

990 2987 1080 3027 Inscr.
1091 2989 1160 3028 85.)
1176 2987 1314 3028 fefellit,
1330 2991 1379 3021 vel
1396 2991 1426 3022 in
1444 2991 1614 3028 frumenti,
1633 2991 1682 3022 vel
1698 2991 1780 3030 vini,
1795 2993 1862 3024 five

989 3028 1156 3060 deitineris
1169 3030 1335 3062 latitudine
1346 3055 1355 3070 ,
1365 3031 1427 3063 five
1442 3033 1481 3062 de
1493 3032 1643 3062 servitute
1654 3033 1860 3073 immittendi,

989 3070 1239 3111 projiciendique
1249 3081 1422 3112 quietatur,
1439 3072 1501 3103 sive
1512 3081 1614 3102 aream
1626 3095 1634 3111 ‚
1653 3074 1703 3105 vel
1722 3075 1863 3115 tignum,

989 3111 1038 3142 vel
1056 3110 1191 3151 l'apidem
1208 3115 1372 3145 metiendo
1389 3114 1541 3144 mentitus
1559 3113 1675 3152 fuerit,
1701 3117 1752 3148 vel
1773 3119 1862 3155 cuius

987 3152 1113 3184 alterius
1131 3154 1194 3185 rei:
1219 3156 1389 3186 tenebitur.
1414 3153 1453 3183 Et
1470 3152 1490 3184 fi
1510 3154 1635 3184 mensor
1651 3156 1860 3189 machinarius

985 3194 1045 3235 (de
1063 3193 1127 3225 hoc
1143 3195 1207 3226 late
1224 3196 1378 3234 Budaeus,
1395 3195 1503 3229 Annoc.
1522 3197 1559 3227 acl
1577 3195 1669 3228 Pand.
1683 3205 1715 3238 p.
1733 3208 1801 3239 232.
1822 3199 1859 3233 ἐξ

1096 3236 1121 3266 C
1133 3245 1148 3266 c
1171 3245 1188 3266 2
1797 3241 1858 3285 μσς,
