2036 3495
470 113 536 150 De
577 113 781 149 PAch's
821 123 880 149 ar
920 111 1462 152 TRANOAcrrourntrs.

73 206 165 236 nem:
188 202 241 235 sed
257 210 322 244 quo
345 202 444 235 modo
462 212 500 235 ea
519 204 685 244 contingat
701 211 795 241 quam
813 204 948 242 pruden-

73 245 204 278 tiffime:
222 246 252 277 id
268 245 330 283 est,
346 245 408 283 ita,
425 252 460 276 ut
476 246 507 276 in
523 253 653 276 omnem
670 252 819 275 eventum
832 245 946 283 plenIs·

72 285 148 318 fime
166 287 290 318 securus
306 285 342 317 sit
358 286 531 326 legatarius.
554 286 585 318 id
603 293 681 316 vero
698 286 870 316 commode
889 284 943 316 fie-

71 328 98 359 ri
116 337 173 368 per
192 328 489 367 acceptilationem:
514 327 586 368 quia
606 336 662 367 per
680 326 760 356 hanc
786 326 852 366 ipso
873 327 942 367 jure

75 369 201 401 tollitur
210 368 374 410 obligatio.
401 368 551 400 caeterum
568 367 659 408 paCto
676 376 739 398 non
754 377 845 407 aeque
857 377 941 399 com-

75 411 174 443 mode
190 409 277 441 fieri:
293 418 364 440 nam
381 408 504 440 afflone
521 408 587 449 ipso
601 409 669 447 jure
686 409 940 441 contraaltcrum

76 453 229 490 durante,
251 450 345 481 facile
360 450 509 488 evenire,
532 459 565 481 ut
580 450 659 481 alter
675 450 839 490 exigatur,
862 451 943 482 alter

75 494 280 534 inquietetur.
303 490 338 522 ln
356 491 439 522 hunc
456 491 524 523 fere
541 490 658 523 sensum
674 490 865 522 Bachovius.
889 501 942 522 cu-

75 526 123 576 {us
146 532 303 575 responsio
324 531 344 563 si
364 533 487 572 placet,
511 540 544 563 ut
567 533 741 573 probabilis
756 533 883 564 videtur
899 532 941 565 D.

80 576 215 612 Vinnio,
239 574 285 605 De
296 573 390 613 patris
405 583 429 604 c.
451 578 498 605 16.
516 584 546 605 n.
564 585 594 615 5.
612 582 758 615 apparet,
782 583 945 615 argumen-

76 625 145 649 tum
169 616 255 658 quod
272 624 309 646 ea
331 614 496 647 difficultas
521 615 632 647 facita
649 616 876 655 consequentia
900 625 945 647 ra-

78 659 194 696 tionis,
217 656 292 688 nihil
311 656 432 687 directo
450 657 479 688 ἃ
498 658 599 696 palam
616 658 819 689 concludere.

115 698 231 731 Similis
257 697 388 737 quaesiio
411 697 472 729 est:
496 698 534 730 'an
558 698 682 740 pastum
700 700 791 730 unius
809 708 849 730 ex
867 700 945 731 duo-

74 734 133 773 bus
150 739 333 781 argentariis
344 762 354 778 ,
370 748 423 770 aut
436 739 560 771 duobus
576 741 694 772 correis
709 740 874 779 stipulandi
885 765 894 779 ,
905 741 946 772 al—

76 780 291 814 teri‘noceat‘?
310 789 377 811 eam
391 781 596 821 quaestionem
615 780 724 813 definit
741 782 881 814 Paulusl.
894 792 944 821 27.

76 824 122 856 D.
139 824 171 854 cle
182 821 293 862 pariis,
317 820 364 854 his
381 823 495 854 verbis.
525 823 558 854 Si
575 831 651 854 tinus
667 833 703 854 ex
718 824 891 864 argentariis
898 827 947 863 Jo-

78 866 130 897 ciis
144 874 209 895 cum
224 865 344 894 debitore
356 863 456 904 pastus
466 862 525 901 sit:
540 865 675 895 arretium
690 865 774 895 alteri
786 870 884 895 noceat
899 873 946 894 ex-

77 906 166 947 ceptio
183 906 200 936 ?
223 904 388 942 Neratius,
412 905 589 944 Atilicinus,
615 906 777 945 Proculus,
799 915 849 936 nec
863 903 891 943 fi
915 907 947 935 in

75 953 133 980 rem
148 945 250 988 parius
259 945 321 984 fit,
343 947 427 977 alteri
451 956 570 978 nocere:
590 953 705 978 tamum
721 949 795 978 enim
811 945 946 987 constitu-

78 994 160 1027 tum,
178 994 210 1019 ut
218 988 343 1026 solidum
357 990 429 1019 alter
440 994 531 1028 petere
542 987 633 1029 poffit.
658 990 731 1019 idem
748 988 841 1019 Labeo
855 998 863 1018 :
880 996 949 1018 nam

78 1040 130 1061 nec
145 1038 253 1060 novare
268 1029 355 1060 alium
368 1028 461 1070 poste,
483 1032 615 1071 quamvis
637 1030 662 1059 ei
678 1028 948 1073 rebiesolvatur2†

79 1072 128 1102 Sic
143 1072 219 1102 enim
234 1070 269 1105 {5⁹
287 1071 330 1100 his
344 1072 393 1110 qui
411 1080 441 1101 tn
458 1070 552 1111 nostra
563 1069 798 1112 potestatesurit,
820 1069 948 1109 refiesol-

80 1114 132 1149 vi,
157 1113 231 1153 quod
252 1112 443 1150 crediderint,
464 1113 528 1143 licet
543 1122 648 1143 novare
666 1121 722 1143 non
732 1110 852 1152 pofflnt:
875 1111 950 1152 quod

83 1152 122 1194 est
132 1163 243 1184 verum.
267 1152 287 1192 †
305 1152 436 1194 Idemque
450 1155 481 1185 in
495 1153 601 1184 ditobus
616 1153 671 1184 reis
678 1152 842 1193 stipulandi
856 1153 949 1182 dicen-

81 1200 150 1226 clum
165 1193 214 1234 est.
253 1193 305 1225 Sic
324 1193 456 1233 Paulus,
482 1194 553 1225 satis
572 1194 715 1225 obscure.
741 1194 875 1234 primum
895 1201 948 1223 ne-

79 1244 151 1276 gat,
172 1235 297 1276 pat‘ltum
313 1236 402 1266 unius
420 1245 459 1266 ex
476 1236 657 1276 argentariis
671 1234 787 1279 saelum
804 1243 875 1265 cum
893 1234 946 1279 de-

84 1278 209 1314 bitere,
225 1277 314 1308 alteri
332 1285 467 1314 Ποσει-ες
484 1276 504 1308 fi
521 1285 585 1307 non
602 1275 660 1307 sint
675 1276 760 1307 socii.
784 1275 850 1307 hoc
864 1283 949 1306 enim

79 1319 180 1351 modo
197 1318 273 1349 milii
291 1318 502 1357 concipienda
518 1318 643 1348 videtur
659 1316 743 1347 Pauli
763 1315 902 1357 speeies:
919 1316 949 1347 &

80 1358 143 1390 esse
161 1359 329 1400 legendum
355 1358 445 1389 initio
461 1359 555 1399 legis,
578 1358 612 1389 Si
629 1367 707 1389 unus
725 1367 760 1389 ex
774 1359 950 1404 argentariis

81 1410 145 1431 cum
161 1401 282 1431 debitore
292 1399 397 1440 pasius
407 1398 466 1437 fit3
490 1400 563 1437 vel,
587 1399 620 1430 Si
636 1409 711 1430 wius
725 1409 761 1430 ex
777 1400 951 1439 argentariis

81 1443 189 1473 duobus
203 1451 269 1472 cum
285 1442 405 1471 debitore
416 1440 520 1481 pastus
529 1440 579 1479 fit.
617 1441 669 1472 Sic
686 1441 843 1481 conjicio3
867 1441 897 1472 &
915 1439 951 1471 fi-

81 1484 153 1515 dem
165 1482 354 1523 conjecture
364 1481 441 1513 facit
457 1481 526 1514 finis
543 1482 680 1522 ejusdem
700 1483 794 1523 legis:
809 1483 862 1521 qui
880 1482 951 1513 finis

84 1526 147 1556 ait:
163 1524 297 1564 Idemque
313 1525 345 1554 in
361 1525 468 1555 duobus
488 1526 541 1554 reis
549 1523 714 1564 Jtipulrzndi
724 1525 876 1555 dicendum
893 1520 952 1564 esi:

81 1566 294 1605 necJociorzmz
308 1565 452 1596 meminit
472 1566 535 1597 ullo
553 1567 663 1596 modo.
707 1564 781 1596 Huc
796 1566 891 1606 igitur
907 1574 953 1596 re-

83 1608 131 1639 dit
152 1606 234 1638 Pauli
252 1605 437 1645 disputatio:
454 1614 487 1637 ot
505 1613 671 1646 putemus,
685 1605 706 1638 fi
722 1615 800 1638 unus
818 1616 857 1638 ex
875 1607 954 1637 duo-

84 1649 143 1680 bus
168 1647 373 1688 argentariiS,
397 1654 450 1678 aut
473 1657 550 1678 unus
573 1657 613 1678 ex
638 1648 762 1678 duobus
785 1647 954 1686 stipulandi

83 1690 163 1728 reis,
179 1689 231 1729 qui
250 1697 312 1719 non
330 1687 388 1719 sint
404 1688 497 1726 socii,
519 1695 591 1720 cum
606 1688 753 1720 debitore
770 1688 879 1729 paetus
897 1687 953 1727 sit,

86 1732 153 1771 ejus
165 1730 344 1770 pactionem
361 1730 448 1760 alteri
466 1738 635 1769 numquam
652 1739 790 1769 nocere3
807 1739 868 1761 nec
883 1729 904 1761 fi
922 1730 954 1761 in

84 1781 152 1804 rem
170 1771 278 1810 pastus
294 1769 345 1801 sit:
362 1771 390 1801 ὅ(
402 1780 461 1811 pro
476 1774 599 1802 ratione
612 1771 700 1802 addit
716 1770 848 1802 Paulus:
866 1772 954 1812 quod

84 1818 207 1845 tantum
230 1810 436 1843 constitutum
460 1811 524 1851 est3
547 1820 581 1843 ut
604 1813 683 1843 alter
702 1812 795 1853 poffit
818 1812 954 1844 solidum

84 1862 213 1896 petere3
230 1854 372 1891 itemque
383 1861 414 1883 ut
426 1853 519 1893 poffit
534 1855 561 1884 ei
579 1852 711 1885 solidum
728 1853 815 1885 solvi.
836 1853 954 1885 dehinc

88 1895 256 1927 contrariis
280 1894 422 1925 occurrit
448 1894 559 1925 Paulus
581 1894 664 1935 quasi
689 1904 746 1935 per
767 1895 954 1935 occupatio-

85 1940 160 1969 nem
176 1936 223 1967 his
235 1934 351 1966 verbis.
370 1935 453 1966 Nam
469 1944 518 1966 nec
533 1945 639 1967 novare
648 1936 738 1967 olium
750 1936 841 1977 poffe‚
857 1946 957 1978 quam-

87 1980 151 2016 vis,
168 1978 193 2007 ei
207 1976 280 2007 retia
290 1977 436 2015 solvatur.
459 1976 571 2009 Sensus
587 1977 652 2016 est,
671 1977 792 2017 Aliquis
808 1978 956 2018 objiciat:

85 2020 107 2052 fi
124 2018 227 2059 potest
243 2018 294 2048 uni
311 2027 350 2047 ex
367 2018 549 2059 argentariis
564 2018 661 2050 solvi:
679 2019 753 2059 quid
771 2019 800 2050 ni
819 2023 870 2050 uni
887 2028 956 2059 per·

86 2060 231 2093 mittatur
248 2057 385 2100 pacisci?
409 2068 472 2089 non
489 2060 573 2090 enim
591 2059 736 2091 absimilis
748 2059 792 2092 est
807 2059 957 2091 solutioni

86 2102 204 2143 pastio.
224 2109 294 2132 nam
314 2108 348 2130 ut
366 2099 501 2139 solutior,
517 2099 558 2132 fic
574 2101 677 2141 patrio
694 2102 820 2142 perimit
837 2101 957 2142 obliga-

89 2143 230 2175 tionem:
246 2141 301 2172 etsi
315 2150 379 2172 nou
398 2141 464 2182 ipso
479 2143 568 2182 jure:
585 2143 694 2183 utique
711 2152 774 2184 ope
791 2150 956 2183 exceptio-

91 2186 150 2216 nis.
170 2182 395 2222 haecobjcffio.
421 2183 462 2213 At
478 2182 635 2223 responfio
647 2184 715 2216 talis
731 2183 786 2215 est.
806 2193 870 2215 non
883 2184 957 2215 sem-

91 2234 151 2266 per
173 2225 320 2264 procedit
344 2224 443 2255 illatio
461 2233 477 2254 a
493 2223 651 2256 solutione
675 2226 712 2257 ad
729 2226 956 2258 novationem:

90 2273 125 2298 ut
152 2265 288 2297 maxime
306 2265 438 2295 novatio
461 2265 691 2306 obligationem
718 2267 849 2307 perinde
865 2268 958 2299 tollat

92 2306 162 2348 ipso
176 2307 263 2347 jure,
279 2314 315 2336 ac
331 2305 444 2336 solutio
458 2305 477 2336 l.
493 2315 537 2338 io.
549 2306 589 2337 D.
606 2309 639 2338 de
654 2308 864 2339 novationibus.
882 2308 959 2340 mul-

93 2353 130 2380 to
149 2349 243 2390 igitur
259 2347 361 2378 minus
377 2347 460 2377 valet
479 2357 697 2389 argumentum
714 2359 730 2379 a
747 2348 905 2381 solutione
921 2349 960 2382 ad

94 2389 237 2431 pactum:
261 2397 331 2420 cum
349 2388 504 2429 obligatio
527 2389 619 2429 paCto
636 2399 700 2422 non
716 2390 783 2431 ipso
797 2391 884 2431 jure,
908 2390 960 2435 sed

94 2440 152 2471 per
169 2430 393 2468 exceptionem
411 2430 550 2463 tollatur.
595 2430 623 2462 Is
642 2431 728 2463 Pauli
746 2432 848 2463 sensus
866 2435 897 2464 in
914 2432 962 2464 his

97 2471 203 2503 verbis
215 2495 223 2510 ,
239 2471 323 2502 Nom
338 2480 389 2501 nec
404 2481 511 2502 novare
525 2472 615 2503 alium
631 2480 664 2513 po
689 2483 720 2512 e,
735 2475 869 2514 quamvis
882 2475 907 2504 ei
921 2483 963 2505 re-

100 2511 292 2552 &esolvatun
324 2511 387 2543 Ubi
403 2513 487 2544 enim
503 2513 595 2545 alium
612 2515 710 2553 dicit;
733 2524 796 2546 non
816 2516 965 2557 intelligit

101 2552 194 2583 alium
209 2554 414 2593 argentarium
431 2562 484 2585 aut
501 2556 594 2586 alium
613 2563 780 2595 correu'm3
796 2556 860 2594 (uti
879 2557 964 2588 vide-

101 2600 153 2624 tur
169 2594 265 2632 prima
280 2594 380 2634 facie)
397 2594 447 2627 sed
464 2596 612 2637 intelligit
629 2597 719 2628 alium
734 2597 773 2628 ab
788 2599 964 2638 argentario

104 2641 157 2664 aut
173 2642 285 2665 correo
296 2635 469 2667 diversum:
485 2639 534 2668 cui
552 2638 637 2669 recte
653 2638 783 2678 quidem
795 2638 873 2671 solvi
892 2643 965 2680 pos-

103 2673 160 2712 fit3
174 2674 220 2714 jus
237 2684 313 2717 vero
326 2677 460 2707 novandi
478 2687 541 2710 non
556 2679 601 2710 sit.
618 2679 643 2710 is
660 2689 790 2720 quoque
800 2689 839 2711 ne
856 2680 966 2711 obscu-

103 2724 156 2747 rus
182 2714 275 2746 esset:
297 2717 388 2755 ponit
411 2716 521 2750 Paulus
537 2721 717 2761 exemplum
736 2722 766 2752 in
785 2721 967 2753 filiofamili-

107 2765 156 2788 as:
180 2756 228 2786 cul
247 2755 351 2795 potest
374 2755 452 2801 solvi
470 2761 556 2797 quod
571 2762 760 2800 crediderit3
783 2770 814 2793 at
830 2764 894 2803 ejus
911 2773 969 2794 no·

104 2797 194 2831 vatio
212 2805 276 2828 non
293 2796 347 2835 est.
369 2797 420 2828 Sic
438 2797 566 2839 Paulus,
585 2803 679 2834 etiam
696 2803 804 2835 Celsus
820 2805 838 2835 l.
857 2814 904 2842 25.
928 2804 968 2836 D.

106 2839 140 2871 de
157 2838 376 2871 novationibus:
393 2837 497 2872 Verba
513 2840 603 2875 Celfi.
635 2843 707 2875 Non
722 2846 782 2876 ideo
799 2854 906 2877 novare
921 2855 970 2877 ve-

850 2967 876 2999 F
917 2968 931 3000 Ι

903 3253 942 3286 M
960 3265 988 3287 m
1007 3265 1034 3288 m
1058 3267 1078 3298 3

1798 116 1864 164 451

992 209 1077 234 terem
1091 203 1292 244 obligationem
1306 205 1460 247 quisquam
1475 204 1548 238 resse
1562 199 1670 248 potest,
1686 207 1760 249 quod
1774 208 1862 240 inter-

990 245 1059 275 dum
1076 244 1149 275 reste
1166 246 1191 275 ei
1203 245 1340 283 solvitur.
1363 257 1431 278 nain
1448 246 1487 282 δ’
1501 248 1546 279 his
1582 250 1614 279 ui
1628 250 1658 279 in
1673 247 1769 289 nostra
1783 256 1859 290 pote-

980 283 1058 326 state
1069 288 1157 325 sunt,
1180 288 1256 327 quod
1270 289 1305 318 ab
1320 287 1364 318 his
1380 290 1520 320 creditum
1538 290 1566 330 eJ
1592 312 1602 327 ‚
1625 288 1697 321 reste
1712 292 1857 323 interdum

976 327 1127 367 solvitur:
1144 337 1207 358 cum
1223 337 1300 359 nemo
1316 337 1412 359 eorum
1421 337 1475 369 per
1484 331 1518 369 se
1532 338 1643 362 novare
1652 333 1780 372 priorem
1791 334 1857 364 obii-

980 368 1203 407 gatz'onemjure
1213 368 1305 410 pofflt.
1324 368 1486 402 Hactenus
1496 369 1622 404 Celsus:
1641 372 1784 413 visusque
1801 375 1857 407 mi-

984 409 1015 440 hi
1033 417 1074 440 eo
1090 409 1263 441 notabilior
1285 410 1347 441 esse
1371 411 1423 442 hic
1439 412 1548 444 locus:
1572 412 1645 453 quia
1662 412 1707 444 est
1725 424 1765 446 ex
1784 413 1855 452 Celsi

985 451 1032 481 lib.
1054 459 1080 482 1.
1105 449 1307 491 Digestormn:
1330 461 1395 493 quo
1419 461 1492 484 eum
1517 455 1557 484 de
1573 454 1671 494 pactis
1690 454 1856 496 scripsisse,

985 492 1124 531 conjicio
1142 501 1180 523 ex
1197 493 1215 523 l.
1235 502 1263 529 9.
1282 493 1323 524 D.
1348 495 1382 524 de
1402 495 1632 535 probationibus,
1654 495 1692 530 ἐπ”
1707 496 1725 527 l.
1745 506 1795 538 33.
1812 497 1856 529 D.

986 535 1020 565 de
1031 532 1136 573 patris.
1168 542 1228 565 nec
1245 534 1445 567 inverisimile
1463 536 1539 566 mihi
1557 535 1611 574 fit,
1637 537 1762 570 Celsum
1779 541 1810 570 iu
1827 539 1857 570 d.

986 575 1007 607 l,
1026 584 1074 614 25.
1091 576 1236 607 eamdem
1254 575 1395 607 tractasse
1410 576 1615 617 quaestionem
1626 580 1666 608 de
1682 579 1775 618 pasto
1791 581 1859 611 uni-

989 625 1024 647 us
1045 625 1086 647 ex
1111 616 1236 648 duobus
1260 619 1399 650 correis:
1422 619 1516 659 eique
1539 617 1723 659 praesentem
1742 618 1860 661 aptasse

989 656 1254 697 disputationem,
1277 659 1377 690 modo
1401 660 1440 691 ab
1461 669 1498 691 ea
1514 668 1584 700 quae
1600 660 1688 692 Pauli
1705 661 1770 700 est,
1792 671 1859 694 non

988 698 1125 730 diverso.
1151 706 1326 740 utcumque
1349 702 1427 733 erit:
1452 701 1543 733 estin
1559 703 1587 733 d.
1606 702 1626 733 l.
1646 711 1695 741 27.
1719 703 1751 733 de
1764 702 1858 742 pactis

988 741 1088 772 clarus
1104 740 1190 771 Pauli
1208 741 1326 780 sensus,
1346 742 1473 774 Pactum
1489 743 1528 774 ab
1544 753 1608 775 uno
1621 752 1661 775 ex
1672 743 1798 775 duobus
1813 752 1859 775 ar-

989 782 1158 822 gentariis.
1183 789 1235 812 aut
1254 792 1317 814 uno
1334 793 1374 815 ex
1397 785 1522 816 duobus
1550 784 1670 817 correis
1691 784 1859 826 stipulandi

991 823 1044 863 qui
1059 830 1120 852 non
1138 820 1196 853 siut
1213 822 1310 862 socii,
1330 825 1449 857 fastum
1464 835 1538 858 cum
1555 826 1717 858 communi
1734 827 1860 858 debito·

991 873 1043 898 re,
1065 862 1154 893 alteri
1172 872 1237 895 non
1254 874 1392 903 nocere;
1415 867 1490 898 licet
1505 869 1537 898 in
1556 877 1620 899 rem
1637 867 1746 908 paftus
1766 867 1819 906 sit,
1841 875 1859 898 a

990 904 1138 935 debitore
1149 913 1217 948 *non
1235 906 1311 945 peti.
1331 906 1466 938 scilicet:
1481 910 1552 949 quia
1563 919 1603 940 eo
1613 909 1707 950 patfto
1724 909 1859 940 nontol-

989 945 1064 976 litur
1090 943 1265 985 obligati03
1289 946 1317 978 ἀ
1336 955 1369 977 ut
1387 948 1411 979 is
1430 950 1481 989 qui
1499 949 1606 989 pactus
1622 950 1677 990 fit,
1699 960 1797 991 agens
1812 960 1860 983 re-

991 986 1125 1027 pellatur
1149 985 1229 1026 pacti
1254 988 1465 1027 exceptione:
1489 992 1531 1022 nil
1557 999 1663 1024 tamen
1680 991 1779 1023 causae
1796 992 1860 1030 est,

991 1036 1057 1067 quo
1075 1027 1177 1058 minus
1193 1027 1272 1058 alter
1286 1031 1469 1068 experiatur
1486 1041 1557 1064 cum
1575 1033 1733 1065 debitore.
1764 1033 1863 1064 habet

992 1069 1077 1100 enim
1089 1076 1162 1099 eum
1178 1068 1353 1110 obligatum
1371 1071 1472 1103 subtili
1487 1072 1581 1113 Jure3
1596 1084 1656 1105 nec
1673 1075 1718 1106 est
1733 1084 1805 1107 cum
1821 1083 1861 1106 eo

991 1109 1121 1150 pastus,
1137 1118 1177 1140 ne
1195 1117 1307 1150 petat;
1329 1120 1426 1151 porro
1445 1115 1533 1154 quod
1551 1116 1652 1155 petit,
1672 1125 1777 1156 neque
1792 1125 1865 1148 cor·

991 1151 1037 1182 rei
1057 1151 1206 1190 nornine,
1229 1160 1336 1192 neque
1353 1153 1392 1184 ad
1409 1154 1473 1194 ejus
1490 1156 1659 1187 utilitatem
1683 1158 1787 1197 petit3
1810 1157 1863 1188 sed

990 1191 1044 1222 suo
1061 1192 1217 1231 nornine,
1240 1192 1270 1224 &
1294 1194 1331 1226 ad
1358 1193 1442 1226 suam
1467 1196 1654 1229 utilitatem:
1679 1199 1778 1229 modo
1797 1207 1865 1230 non

990 1232 1048 1264 sint
1065 1231 1151 1264 socii.
1176 1234 1316 1275 alioquin
1336 1235 1437 1275 palam
1455 1238 1583 1276 quidem
1600 1238 1682 1278 petit
1698 1237 1770 1271 fibi:
1786 1245 1817 1270 at
1831 1239 1864 1270 vi

991 1273 1055 1314 ipsa
1073 1275 1169 1305 etiam
1187 1275 1274 1307 socio
1298 1277 1397 1319 petit:
1420 1279 1581 1319 obligatus
1600 1279 1724 1310 afflone
1742 1289 1801 1320 pro
1817 1278 1863 1310 so-

991 1317 1044 1346 cio
1060 1315 1148 1356 quod
1168 1317 1322 1357 accipiat,
1346 1327 1418 1350 cum
1438 1319 1524 1351 socio
1543 1320 1791 1353 communicare.
1825 1330 1865 1353 eo

991 1357 1086 1397 igitur
1107 1356 1178 1387 casu
1194 1358 1284 1390 alteri
1302 1368 1401 1391 nocet
1418 1361 1510 1392 unius
1526 1362 1669 1402 pastum,
1693 1362 1774 1394 ficut
1792 1371 1865 1403 pro-

994 1398 1072 1430 dest.
1096 1397 1172 1429 Hoc
1187 1398 1300 1432 Paulus
1317 1403 1346 1433 d.
1366 1401 1387 1434 l.
1403 1411 1452 1443 27.
1477 1402 1587 1443 idem,
1611 1403 1666 1435 nisi
1682 1403 1796 1443 fallor,
1821 1406 1866 1437 in-

994 1440 1150 1480 telligitur
1167 1448 1297 1481 quoque
1314 1451 1355 1473 ex
1370 1443 1389 1474 l.
1408 1453 1457 1485 34.
1480 1444 1521 1475 D.
1546 1446 1579 1476 de
1593 1446 1709 1485 receptis
1725 1446 1776 1486 qui
1790 1446 1866 1477 arbi-

995 1482 1083 1512 trium
1098 1488 1261 1521 receperzmt
1275 1486 1346 1523 qua:
1361 1483 1405 1515 est
1415 1486 1555 1525 ejusdem
1567 1486 1664 1518 Pauli.
1681 1487 1778 1518 verba
1794 1489 1867 1519 talia

995 1521 1074 1553 sunt.
1117 1523 1150 1553 Si
1167 1524 1222 1553 duo
1244 1526 1285 1555 rei
1289 1524 1385 1564 sunt,
1409 1532 1461 1557 aut
1482 1528 1631 1565 credendi,
1653 1534 1706 1558 aut
1729 1529 1865 1567 debendi,

994 1562 1033 1598 ὅ)
1054 1572 1131 1594 unus
1154 1566 1389 1606 corinJromiseriffi
1412 1568 1492 1608 isque
1509 1569 1618 1598 vetitus
1626 1566 1668 1606 fit
1680 1574 1774 1608 petere
1782 1591 1792 1607 ,
1814 1575 1867 1601 aut

995 1614 1031 1636 ne
1053 1606 1088 1636 ab
1111 1614 1139 1635 eo
1152 1611 1289 1645 petatur.-
1312 1609 1469 1639 videndum
1485 1607 1544 1650 esi,
1567 1618 1623 1647 an,
1639 1608 1669 1647 fi
1682 1609 1758 1641 alius
1767 1616 1866 1652 petat,

995 1647 1042 1677 vel
1057 1647 1093 1678 ab
1107 1646 1163 1678 alio
1174 1653 1309 1688 petatur,
1327 1655 1414 1689 poena
1429 1652 1633 1682 committatur.
1658 1650 1738 1682 Idem
1753 1652 1785 1682 in
1798 1653 1867 1684 duo·

995 1690 1048 1719 bus
1065 1689 1258 1729 argentariis,
1273 1699 1395 1731 quorum
1412 1693 1530 1723 nomina
1540 1691 1630 1730 fimus
1644 1698 1723 1723 eunt.
1748 1692 1790 1724 Ei
1802 1694 1866 1737 for-

997 1728 1065 1769 taffe
1085 1731 1245 1770 poterimus
1260 1733 1302 1762 ita
1322 1730 1534 1774 fidejufforibus
1550 1734 1740 1775 conjungere,
1755 1733 1868 1776 fisocr‘c'

987 1774 1074 1811 sunt.
1090 1771 1163 1802 alias
1177 1781 1227 1802 nec
1242 1781 1260 1802 a
1275 1779 1301 1803 te
1313 1775 1441 1813 petitur,
1458 1784 1509 1806 nec
1524 1785 1537 1805 e
1559 1785 1572 1805 ο
1582 1781 1645 1816 peto
1655 1798 1664 1813 ,
1680 1784 1731 1806 nec
1746 1785 1803 1808 meo
1820 1786 1869 1808 no-

996 1812 1070 1843 mine
1084 1813 1211 1852 petitur,
1225 1812 1290 1844 licet
1306 1824 1324 1845 a
1341 1819 1506 1856 repetatur.
1551 1826 1570 1848 n
1586 1817 1645 1848 hac
1663 1816 1733 1857 lege
1749 1827 1868 1860 propo-

997 1854 1045 1885 nit
1062 1852 1176 1884 Paulus
1195 1855 1276 1885 duos
1301 1864 1374 1887 reos
1391 1858 1542 1889 credendi
1559 1865 1613 1888 aut
1631 1858 1790 1898 debendi,
1813 1868 1867 1893 aut

998 1894 1079 1926 duos
1095 1896 1288 1936 argentarios
1302 1905 1437 1937 quorum
1453 1899 1582 1930 nomina
1596 1898 1684 1931 simul
1705 1908 1798 1932 eunt:
1816 1910 1870 1941 pa-

999 1937 1024 1967 ri
1041 1936 1192 1975 loquendi
1208 1936 1313 1969 forma
1328 1947 1386 1979 qua
1397 1939 1439 1970 ait
1456 1939 1671 1982 Quintilianus
1686 1940 1733 1972 lib.
1747 1951 1774 1973 1.
1792 1941 1866 1983 Infl.

998 1982 1070 2008 orat.
1087 1987 1112 2008 c.
1136 1987 1162 2009 1.
1179 1984 1246 2019 pag.
1268 1988 1313 2019 17·
1348 1980 1422 2011 Non
1438 1980 1519 2022 longe
1533 1982 1632 2022 itaque
1647 1981 1867 2024 Latinasubse-

998 2018 1050 2059 qui
1075 2019 1170 2057 debet,
1195 2020 1231 2054 ὅ*
1248 2022 1301 2051 cito
1318 2023 1428 2061 pariter
1443 2024 1493 2055 ire.
1539 2021 1619 2053 Vult
1638 2032 1714 2054 vero
1732 2023 1866 2066 Paulus,

1000 2063 1135 2091 duorum
1147 2062 1394 2101 argentariorum
1405 2064 1533 2095 nomina
1549 2063 1708 2096 fimulire:
1726 2074 1799 2096 curn
1816 2067 1871 2106 (ut

1000 2101 1117 2132 dicitur
1133 2101 1163 2132 in
1180 2105 1199 2132 ι.
1216 2111 1246 2138 9.
1263 2101 1305 2133 D.
1324 2104 1357 2133 de
1370 2102 1483 2145 pastis)
1507 2114 1619 2136 eorum
1636 2106 1764 2138 nomina
1783 2107 1871 2140 simul

998 2141 1080 2173 saeta
1098 2141 1176 2174 sunt.
1203 2144 1283 2174 adeo
1299 2142 1358 2175 sint
1374 2145 1518 2185 (veniam
1534 2147 1618 2178 enim
1636 2147 1673 2177 ad
1689 2147 1777 2189 rem)
1794 2149 1871 2182 tales

1000 2183 1064 2214 duo
1090 2184 1212 2222 correi,
1234 2192 1288 2215 aut
1311 2186 1375 2216 duo
1403 2188 1581 2228 argentarii.
1613 2197 1652 2219 ex
1677 2187 1725 2221 liis
1743 2199 1821 2221 unus
1841 2192 1871 2222 in

999 2225 1150 2256 arbitrum
1168 2224 1342 2265 consensit,
1358 2228 1580 2268 compromissa
1597 2238 1712 2269 poena,
1730 2232 1758 2261 ni
1777 2230 1874 2264 stetur

1000 2266 1108 2297 arbitri
1124 2265 1298 2299 sententiae.
1322 2268 1347 2298 is
1358 2269 1397 2299 ab
1408 2270 1526 2301 arbitro
1543 2271 1734 2311 prohibetur
1750 2280 1871 2311 petere.

1002 2307 1118 2338 deinde
1141 2308 1221 2347 petit
1244 2309 1309 2348 ejus
1333 2318 1464 2342 correus
1481 2312 1533 2351 qui
1553 2321 1617 2343 non
1641 2314 1871 2353 compromisit.

1002 2358 1042 2379 an
1060 2348 1221 2380 commiss'a
1237 2350 1281 2381 est
1295 2359 1390 2391 poena
1406 2352 1553 2384 adversus
1571 2361 1644 2384 eum
1663 2354 1715 2393 qui
1735 2354 1876 2394 prohibi-

1005 2398 1053 2421 tus
1071 2389 1115 2421 est
1131 2390 1268 2430 petere?
1290 2400 1386 2433 negat
1401 2392 1525 2425 Paulus.
1543 2394 1571 2424 ἃ
1588 2394 1692 2426 recte:
1709 2400 1774 2427 no'n
1792 2398 1877 2429 enim

1004 2430 1068 2471 ipse
1086 2432 1187 2472 petit,
1212 2441 1317 2473 neque
1333 2443 1389 2474 per
1406 2434 1457 2474 se,
1476 2443 1586 2475 »neque
1606 2444 1663 2475 per
1684 2436 1795 2469 alium:
1822 2438 1875 2470 sed

1007 2472 1072 2512 ejus
1097 2482 1225 2505 correus
1249 2477 1340 2514 petit.
1366 2475 1420 2506 hic
1442 2485 1520 2507 vcro
1544 2485 1607 2507 non
1625 2476 1669 2507 est
1696 2478 1877 2518 prohibitus

1006 2521 1128 2554 petere.
1158 2517 1302 2554 accedit,
1325 2517 1411 2556 quod
1433 2517 1458 2548 is
1481 2517 1563 2557 petit
1588 2516 1661 2556 suc,
1684 2529 1749 2551 non
1772 2523 1877 2553 correi

1007 2556 1148 2587 nomine.
1171 2557 1214 2587 ita
1231 2556 1358 2589 Paulus:
1383 2557 1403 2589 fi
1420 2567 1484 2589 non
1504 2558 1562 2590 sint
1582 2558 1666 2591 socii.
1689 2568 1720 2591 at
1738 2562 1834 2602 quid,
1857 2563 1878 2595 fi

1007 2596 1090 2628 fint‘?
1107 2605 1219 2628 contra
1235 2606 1342 2636 putat,
1359 2598 1420 2630 csse
1436 2599 1629 2631 commissam
1645 2610 1789 2641 poenam:
1807 2614 1880 2644 pro-

1009 2646 1139 2678 pterea,
1156 2640 1244 2679 quod
1256 2646 1290 2670 ut
1306 2649 1369 2671 non
1386 2640 1506 2672 directo
1522 2648 1628 2681 petat,
1645 2647 1748 2676 tamen
1768 2646 1797 2676 vi
1815 2645 1877 2686 ipsa

1009 2682 1108 2719 petit:
1133 2690 1172 2710 eo
1187 2681 1274 2720 quod
1290 2681 1415 2713 afflone
1432 2692 1490 2723 pro
1509 2682 1596 2723 socio
1612 2683 1657 2715 est
1675 2693 1827 2718 venturus
1845 2688 1874 2718 in

1010 2729 1132 2761 partem
1149 2721 1234 2752 socii.
1251 2730 1376 2754 tenetur
1390 2723 1484 2764 igitur
1498 2723 1642 2765 praestare
1653 2725 1727 2758 socii
1739 2727 1875 2759 facium:

1010 2770 1050 2792 ne
1068 2763 1177 2803 (quod
1195 2762 1278 2794 idem
1296 2763 1407 2796 Paulus
1423 2765 1465 2796 ait
1482 2765 1502 2796 l.
1517 2776 1547 2804 5.
1565 2765 1608 2797 D.
1640 2767 1673 2798 Si
1687 2770 1752 2808 quis
1769 2769 1876 2800 cautio-

1009 2804 1121 2843 nibus)
1137 2803 1228 2835 dolus
1244 2806 1273 2836 ei
1291 2805 1386 2845 prosit
1402 2814 1535 2846 propter
1550 2806 1752 2841 societatem:
1772 2811 1801 2840 id
1814 2809 1876 2846 est,

1010 2853 1051 2875 ne
1068 2843 1201 2876 societas
1217 2847 1355 2886 praebeat
1371 2848 1570 2882 occasionem
1583 2849 1719 2890 improbi
1737 2850 1878 2890 quaestus.

973 2961 1130 3001 NIS'.
