2052 3487
209 151 254 185 62

209 235 390 269 amiss‘orum
422 230 617 274 dispendium
643 229 681 261 ad
707 230 772 270 ejus
797 229 974 269 periculum
998 238 1063 260 non

209 280 362 319 pertinet.
394 274 463 306 sane
478 298 487 310 ‚
519 272 538 304 fi
563 271 673 303 eadem
693 279 845 316 pignora,
869 278 902 300 ut
927 278 960 300 tu
982 269 1065 301 adse-

210 329 321 357 veras,
352 317 390 348 ab
416 325 456 345 eo
484 313 621 345 fimulata
656 311 817 342 amrffione
851 310 1064 350 poffidentur,

810 140 1118 176 GERARDI
1169 138 1398 175 Noonr

1106 227 1159 260 sed
1177 228 1249 268 quia
1264 229 1302 260 ad
1316 228 1389 260 fatti
1401 226 1535 268 speciem
1548 250 1558 267 ,
1574 226 1648 261 inde
1657 228 1697 260 ad
1705 229 1853 270 generate
1864 228 1968 262 &cer-

1107 278 1174 301 tum
1194 269 1242 309 jus
1266 279 1331 302 non
1346 268 1479 301 infertur
1497 269 1592 301 reete.
1614 271 1727 302 Similis
1750 271 1908 311 responsio
1931 272 1968 304 sit

1107 311 1145 341 ad
1164 311 1183 341 l.
1202 321 1232 351 5.
1253 311 1286 342 C.
1304 314 1362 342 eod.
1381 312 1427 342 tit.
1448 320 1542 350 quam
1563 312 1637 343 mihi
1654 311 1792 344 fimiiiter
1807 313 1903 345 video
1914 313 1968 345 ob-

210 360 355 392 adversus
373 365 445 388 eum
462 355 597 394 experiri
614 360 719 395 potes.
744 351 1064 393 HaecImperatores:
1104 352 1170 392 jici.
1194 352 1316 385 Caetera
1330 351 1478 385 ‘refutare
1497 353 1595 393 piget.

915 471 1127 507 CAPUT
1176 470 1262 508 IV.

209 572 307 620 Cey‘us
332 582 371 605 ex
397 570 567 616 conjel‘ltira
594 567 771 603 emendatus
790 569 893 614 priore
913 574 1004 613 parte
1038 568 1058 603 l.
1084 569 1141 605 ult.
1177 569 1220 604 D.
1248 569 1282 603 de
1306 568 1487 604 condittione
1512 569 1602 616 caqsa
1627 570 1701 606 data
1724 568 1817 615 causa
1842 581 1900 605 non
1916 569 1970 617 fi·-

258 628 364 667 qtiuta.

207 724 357 803 Celsus
376 725 394 756 l.
411 724 465 756 ult.
486 723 526 755 D.
551 723 584 754 de
600 720 773 754 candiatone
791 723 877 760 causa
893 723 962 755 data
979 723 1066 764 catistz

302 777 359 798 non
394 771 509 796 cauta.

246 809 326 842 Dedi
344 771 397 838 tilrli
408 776 578 847 animiam,
594 810 627 835 ut
637 804 707 835 mihi
717 804 847 836 Stichum
855 805 945 837 dares.
965 812 1066 837 utrum

264 851 295 880 id
311 847 473 880 contractus
486 855 578 887 gentis
594 853 642 885 pro
658 847 786 885 portione
794 849 940 886 emptionis
950 847 985 882 &³
998 857 1063 878 vcn-

264 890 382 921 ditionis
397 886 461 929 est?
477 897 515 918 an
534 887 615 918 nulla
633 888 678 917 bic
695 888 752 918 alia
768 887 899 929 obligatio
907 887 964 929 est,
979 898 1066 929 quam

265 932 299 962 ob
325 940 384 961 rem
399 930 462 960 dati
485 938 515 959 re
536 938 593 958 non
608 928 756 970 sequuta?
779 927 816 959 ln
841 935 915 970 quod
926 931 1065 970 proclivi-

264 981 296 1003 or
304 971 385 1010 sum.
408 969 445 1005 ἐξ·
462 971 521 1001 ideo
535 968 559 1006 fi
576 976 705 1000 mortuus
729 967 766 1009 est
784 969 919 1009 Stichus,
949 979 1067 1011 repetere

259 1012 390 1054 postiam,
412 1013 487 1053 quod
513 1012 573 1041 ideo
598 1012 650 1042 tibi
682 1012 763 1049 dedi,
779 1017 811 1041 ut
842 1013 912 1043 mihi
935 1013 1066 1043 Stichum

265 1054 359 1086 dares.
381 1051 471 1094 Finge
488 1052 614 1083 alienum
630 1050 681 1092 effe
697 1052 845 1090 Stichum,
865 1054 912 1088 sed
925 1060 951 1084 te
967 1060 1062 1084 tamen

267 1104 332 1126 eum
356 1092 525 1133 tratlidiffe:
548 1099 669 1133 repetere
694 1103 713 1124 α
736 1099 762 1123 te
781 1096 933 1134 pecuniam
951 1100 1063 1135 potero,

288 1137 336 1166 uia
353 1136 489 1166 hominem
506 1135 673 1175 accipientis
686 1143 744 1165 non
751 1135 865 1173 feceris.
892 1134 928 1170 ἐξ*
944 1143 1064 1174 rursus,

257 1145 287 1215 ἦ
310 1183 379 1208 tuus
404 1173 442 1217 est
472 1176 608 1213 Stichus,
633 1175 668 1209 &2⁹
684 1182 736 1215 pro
759 1175 897 1207 wintone
918 1178 980 1219 ejus
998 1186 1064 1218 pro-

263 1219 375 1249 mittere
392 1227 449 1248 non
467 1219 531 1254 vis,
555 1227 613 1247 non
633 1216 811 1256 liberaberis,
834 1227 888 1258 quo
902 1219 998 1249 minus
1011 1225 1066 1250 ate

259 1261 415 1299 pecuniam
431 1264 552 1298 repetere
570 1255 677 1298 poffim.

203 1298 313 1341 Digna
331 1310 380 1331 res
402 1298 670 1331 animadvertisne
698 1298 762 1338 est,
786 1308 841 1330 cnr
864 1297 991 1338 Celsus,
1015 1300 1066 1332 da-

205 1349 237 1373 ta
255 1341 409 1382 pecunia,
433 1350 466 1371 ut
487 1340 612 1372 Stichus
631 1341 776 1379 daretur,
800 1341 907 1381 potius
933 1340 1064 1380 scribac,

205 1381 267 1414 esse
283 1382 479 1413 contractum
501 1382 544 1412 ob
563 1391 628 1413 rem
644 1382 728 1420 dati,
753 1391 845 1422 quam
867 1384 1064 1422 emptionem

205 1423 238 1454 ἃ
275 1424 515 1455 venditionem:
546 1432 617 1453 nain
651 1431 763 1453 contra
796 1423 925 1454 testatur
956 1423 1066 1456 Paulus

203 1464 229 1496 fi
248 1465 414 1505 pecuniam
436 1465 527 1500 dem,
551 1471 585 1494 ut
603 1472 670 1495 rem
680 1465 851 1503 accipiam,
868 1465 1066 1503 emptionem

206 1506 237 1536 &
262 1505 480 1537 venditionem
504 1503 592 1535 esse:
623 1505 664 1535 sin
690 1514 755 1536 rem
780 1506 841 1543 do,
867 1514 899 1536 ut
926 1515 991 1537 rem
1018 1516 1065 1537 ac·

204 1547 337 1586 cimam,
360 1555 463 1577 rerum
483 1546 749 1585 permutationem
768 1546 846 1584 ess'e,
872 1556 936 1577 non
953 1548 1065 1587 empti-

203 1597 300 1618 onem
319 1587 349 1618 δι
367 1587 585 1618 venditionem
613 1587 632 1618 l.
649 1596 678 1626 5.
702 1586 730 1627 §.
754 1596 778 1618 1.
806 1587 847 1617 D.
869 1590 901 1618 de
918 1589 1064 1629 praescrip-

202 1631 241 1659 tis
258 1629 362 1659 verbis.
381 1629 476 1666 Scio,
493 1627 641 1659 Accurfio
663 1626 765 1665 sedet,
782 1629 948 1668 pecuniam
969 1639 1064 1670 quan-

201 1669 316 1707 titate,
352 1676 406 1700 aut
436 1678 594 1708 corpore,
629 1668 788 1700 aestimari:
826 1670 855 1701 <St
889 1672 1064 1710 quantitate

201 1711 349 1750 quidem,
380 1719 452 1741 cum
476 1717 639 1741 numerata
664 1711 773 1742 datur:
798 1719 937 1752 corpore
964 1721 1063 1751 vero,

201 1760 277 1782 cum
295 1751 370 1782 loco
388 1750 518 1782 definita
539 1753 646 1786 datur3
671 1760 706 1781 ut
725 1761 760 1782 ea
781 1760 849 1792 quae
867 1753 896 1783 in
914 1762 985 1783 arca
1003 1752 1063 1784 est:

199 1801 487 1833 argumentumque
508 1791 570 1823 effe
586 1796 615 1823 in
634 1792 652 1822 l.
666 1797 731 1826 108.
748 1792 774 1833 §v
791 1802 835 1824 10.
852 1793 870 1823 l.
881 1803 930 1834 30.
955 1793 983 1834 §.
998 1801 1063 1834 pen.

199 1833 220 1864 l.
238 1842 290 1874 51.
313 1832 355 1864 D.
380 1835 413 1864 de
431 1834 532 1873 legatis
553 1833 600 1864 lib.
622 1842 645 1864 1.
672 1833 807 1872 proinde
823 1833 944 1865 referre
961 1857 971 1873 ,
1003 1844 1063 1875 qua

199 1882 330 1913 mente,
354 1883 478 1915 quaque
502 1873 606 1905 forma
629 1875 763 1914 pecunia
791 1875 902 1906 detur:
933 1884 1003 1907 nam
1025 1875 1062 1914 fi,

199 1923 237 1946 ut
260 1916 438 1955 quantitas,
463 1916 574 1953 datur,
605 1916 803 1955 emptionem
829 1916 996 1947 contrahi:
1020 1916 1061 1948 fin

199 1964 236 1987 ut
261 1966 377 1997 corpus
395 1980 404 1994 ‚
438 1966 501 1988 non
533 1956 623 1988 aliam
647 1956 778 1995 intelligi
809 1957 1062 1998 obligationem,

200 2006 296 2037 qnam
314 1999 357 2028 ob
374 2007 439 2029 rem
457 1997 520 2029 dati
539 2007 571 2029 re
591 2007 654 2030 non
675 1996 820 2036 sequuta:
837 2000 970 2029 aiterum
984 1998 1060 2030 Pau-

202 2039 265 2070 lum
289 2040 318 2070 ci.
346 2039 366 2070 l.
386 2050 415 2078 5.
441 2038 468 2080 §.
490 2048 514 2070 1.
538 2039 671 2070 alterum
701 2037 826 2070 Celsum
852 2041 880 2070 d.
903 2039 922 2070 l.
941 2040 993 2070 ult.
1017 2041 1060 2071 in-

201 2080 345 2120 digitare.
390 2079 464 2111 Hoc
484 2079 654 2111 Accurfius.
671 2080 755 2112 idem
772 2081 861 2111 multi
877 2081 949 2111 clari
966 2088 1062 2121 atque

201 2122 315 2153 eruditi
349 2121 494 2152 homines
527 2123 707 2161 opinantur.
758 2120 821 2152 Sed
852 2124 927 2153 mihi
959 2123 1061 2162 diipli-

201 2171 270 2192 cet:
303 2164 375 2202 quia
394 2162 504 2193 Paulus
526 2162 545 2193 l.
569 2173 589 2193 ι.
616 2162 656 2193 D.
682 2164 716 2192 tle
733 2163 926 2194 contrahenda
947 2165 1061 2202 emptio·

199 2213 235 2233 ne
251 2202 342 2241 infit,
367 2204 554 2243 pecuniam,
579 2204 744 2243 postquam
768 2204 905 2244 percussa
929 2204 974 2236 est
996 2204 1061 2235 for-

200 2252 251 2274 nia
295 2245 396 2275 tiblica
414 2267 423 2282 ‚
461 2243 546 2276 usum
576 2245 619 2276 sui
642 2247 883 2285 dominiumque
907 2255 970 2277 non
998 2254 1061 2277 tam

201 2290 251 2316 εκ·
277 2285 429 2316 abstantia
449 2308 459 2323 ,
490 2294 584 2326 quarn
610 2295 649 2316 ex
672 2286 868 2325 quantitate,
901 2287 1061 2326 praebere:

198 2335 261 2357 nec
278 2327 357 2358 ultra
381 2334 550 2366 utrumque
573 2336 711 2359 mercem
731 2350 740 2364 ,
772 2326 824 2358 sed
844 2328 976 2359 alterum
995 2337 1061 2368 pre-

199 2368 299 2406 tium,
323 2367 482 2407 appellari.
507 2369 536 2398 id
558 2378 636 2399 vero
654 2367 674 2399 fi
692 2368 756 2399 est:
781 2371 906 2408 quaeio,
934 2379 971 2400 an
991 2379 1061 2400 cau-

199 2407 230 2438 sa
245 2407 300 2447 fit,
324 2417 379 2440 cur
396 2417 524 2449 pntetur
547 2408 674 2448 Celsus,
691 2412 816 2450 pecnnia
834 2411 923 2447 data,
952 2417 987 2441 ut
1004 2412 1060 2441 Sti-

200 2450 269 2480 chus
288 2451 426 2489 daretur,
449 2451 613 2490 pecuniam
633 2452 730 2491 magis
750 2460 807 2490 pro
826 2460 949 2490 merce,
968 2461 1061 2491 quam

197 2499 261 2530 pro
281 2493 385 2530 pretio
413 2491 591 2532 accepisse,
624 2493 653 2523 dt
679 2494 717 2523 ad
736 2492 867 2532 primam
893 2501 929 2523 ac
952 2495 1062 2524 rudem

199 2540 305 2563 rerum
326 2533 481 2572 originem
508 2542 523 2563 a
544 2533 632 2573 plana
650 2542 687 2564 ac
709 2542 836 2571 recepta
862 2533 1062 2566 distinctione

198 2571 354 2603 rediisse?
386 2573 448 2604 ded
479 2583 542 2604 non
571 2583 675 2614 puto,
707 2574 793 2605 effe:
824 2576 960 2606 maxime
989 2585 1062 2607 cnm

198 2611 314 2660 scribat
336 2612 485 2654 Ulpianus
509 2615 527 2660 l:
544 2624 570 2654 7.
595 2616 672 2657 §.i
695 2614 736 2647 D.
755 2617 788 2646 de
803 2618 995 2647 contrahenda
1009 2627 1061 2648 em-

193 2660 316 2695 paone,
346 2662 495 2695 tanquam
520 2665 550 2686 in
575 2666 607 2687 re
635 2664 720 2688 certa
749 2665 845 2697 atque
871 2658 1060 2697 explorata,

199 2695 379 2737 Httjzumotiz‘
394 2698 574 2737 emptionem,
597 2700 701 2738 quami
717 2704 748 2728 tu
762 2708 825 2728 eum
841 2697 947 2738 emisti,
969 2709 1060 2740 quan—

198 2741 263 2767 tum
273 2738 362 2777 pretii
378 2739 410 2767 in
429 2748 499 2768 circa
515 2738 597 2768 haheo
608 2763 616 2776 ,
640 2740 752 2776 valere,
775 2748 826 2769 nec
841 2741 982 2770 incertum
996 2748 1060 2780 pre-

198 2778 272 2808 tium
290 2777 358 2819 effe,
377 2786 436 2809 tam
449 2780 577 2810 evidenti
590 2781 763 2811 venditione,
807 2779 1008 2821 Quamquam
1025 2781 1060 2813 fit

197 2818 262 2857 ita,
285 2820 331 2850 uti
350 2820 463 2851 volunt
481 2820 537 2851 viri
561 2821 702 2858 eruditi,
734 2824 868 2861 pecunia
894 2822 966 2854 data
989 2832 1060 2863 quae

198 2860 231 2891 in
256 2869 328 2891 arca
350 2859 395 2892 est
412 2884 422 2899 ,
454 2861 550 2901 magis
575 2871 691 2902 corpus
715 2862 820 2893 datum
846 2862 929 2901 effe,
966 2873 1060 2904 quam

197 2902 351 2946 pretium:
383 2902 459 2942 quid
485 2902 518 2933 id
541 2902 579 2933 acl
603 2902 726 2934 Celsum
741 2902 758 2934 ‘3
781 2912 851 2934 nam
878 2904 1061 2945 simpliciter

195 2951 225 2972 18
242 2965 251 2980 ,
285 2942 364 2973 Decii
383 2945 436 2974 tihi
451 2966 461 2982 ,
491 2944 594 2982 inquit
612 2967 621 2982 ‚
649 2946 825 2983 pecuniam,
854 2952 888 2975 ut
914 2946 984 2976 mihi
1001 2946 1061 2976 Sti·

197 2983 282 3014 chum
299 2985 401 3019 darem
423 2985 556 3024 perinde
579 2993 613 3016 ut
638 2984 749 3016 Paulus
773 2986 791 3016 l.
809 2996 837 3025 5.
863 2986 891 3027 §.
913 2995 938 3016 1.
963 2986 1003 3018 D.
1027 2989 1061 3018 de

191 3027 365 3065 praescripti's
380 3026 474 3057 verbis
497 3026 557 3063 ait,
581 3026 726 3067 Siquidem
742 3028 893 3065 pecuniam
914 3029 995 3065 dem,
1028 3033 1061 3058 ut

198 3073 258 3094 rem
277 3068 433 3107 accipiam:
456 3076 519 3097 non
536 3075 639 3098 autem
660 3068 786 3098 videtur
807 3068 953 3107 cuiquam
977 3069 1059 3108 apud

196 3103 328 3136 Panium
354 3108 423 3138 data
444 3107 577 3149 pecunia
603 3117 672 3149 quae
687 3109 717 3138 in
741 3116 811 3138 arca
828 3107 871 3138 est
890 3118 899 3146 ;
931 3117 995 3139 non
1013 3116 1058 3139 et-

1108 732 1203 765 quem
1227 722 1382 755 sermonis
1397 733 1453 765 pai·
1473 731 1526 756 aut
1548 723 1630 756 idem
1649 721 1766 755 tenor?

1150 766 1295 805 lnquies‚
1326 775 1397 805 quia
1421 766 1553 806 pecunia
1578 765 1769 806 proponitur
1796 763 1867 794 data
1886 761 1970 801 effe,

1109 813 1143 837 ut
1169 807 1244 838 mihi
1270 807 1415 838 otichum
1453 807 1566 844 dares,
1599 808 1631 838 id
1663 804 1733 844 est,
1766 811 1801 836 ut
1825 805 1970 836 stichum

1108 857 1215 879 meum
1241 847 1390 880 faceres:
1423 857 1489 879 non
1515 857 1591 878 vero
1615 847 1813 887 consequens
1840 845 1883 875 est
1904 855 1971 876 cm-

1109 889 1210 929 ptioni
1230 889 1258 920 dt
1282 889 1459 921 venditioni
1475 912 1484 928 ,
1516 897 1550 920 ut
1568 890 1714 919 venditor
1733 896 1798 918 rem
1815 887 1973 926 emptoris

1107 928 1229 961 faciat:
1262 929 1313 961 sed
1335 931 1418 961 utei
1447 939 1577 961 vacuam
1601 931 1645 961 rei
1665 927 1884 969 poffeffionem
1912 936 1972 958 tra-

1109 973 1188 1010 dat,
1220 971 1250 1002 &
1274 980 1425 1012 praeterea
1450 979 1561 1002 caveat
1576 993 1585 1008 ‚
1616 980 1685 1002 eam
1703 970 1766 1001 fine
1790 970 1973 1009 interpella-

1109 1014 1199 1043 tione
1217 1013 1333 1043 habere
1354 1013 1384 1043 <St
1399 1012 1544 1042 obtinere
1563 1013 1658 1042 licere
1675 1035 1685 1050 ‚
1716 1011 1890 1051 dolumque
1909 1019 1973 1041 ma-

1108 1054 1171 1084 lum
1192 1053 1295 1085 abess'e
1315 1052 1561 1092 abfuturumque
1583 1051 1644 1083 esse
1668 1053 1687 1084 l.
1710 1061 1756 1084 11.
1780 1051 1807 1093 §.
1834 1061 1859 1083 1.
1887 1050 1922 1085 &³
1938 1061 1969 1082 2.

1106 1094 1126 1126 l.
1147 1104 1195 1135 30>
1222 1094 1251 1136 §.
1274 1103 1298 1126 1.
1330 1094 1350 1125 l.
1374 1102 1419 1134 13.
1445 1093 1474 1135 §.
1494 1103 1542 1125 21.
1581 1092 1609 1123 t)
1646 1094 1679 1123 de
1703 1092 1861 1124 aetionibus
1886 1093 1972 1132 empti

1107 1135 1144 1170 δ’
1167 1137 1289 1166 venditi.
1310 1136 1328 1165 l.
1351 1145 1399 1175 25.
1424 1135 1453 1176 §.
1477 1145 1501 1166 1.
1528 1134 1569 1165 D.
1595 1135 1628 1165 de
1647 1136 1840 1165 contrahenda
1857 1136 1970 1173 emptio-

1107 1186 1152 1208 ne.
1194 1177 1256 1208 Sed
1274 1176 1304 1208 &
1321 1175 1391 1207 haec
1408 1177 1520 1216 opinio
1545 1184 1665 1206 tantum
1684 1174 1771 1206 abest
1790 1198 1800 1213 ‚
1832 1181 1868 1204 ut
1892 1174 1970 1205 mihi

1107 1218 1280 1259 probetur,
1305 1226 1338 1248 ut
1358 1219 1410 1248 vix
1429 1218 1572 1248 videatur
1593 1217 1709 1247 habere
1726 1216 1871 1247 colorem
1892 1216 1972 1246 ianae

1109 1259 1337 1300 disputationis.
1383 1259 1507 1289 Arridet
1529 1267 1634 1289 tamen
1657 1258 1687 1289 ὅ(
1712 1257 1775 1298 ipsa
1799 1257 1970 1294 Accuriio,

1108 1302 1202 1332 etiam
1221 1301 1287 1331 aliis
1305 1323 1314 1338 ‚
1349 1299 1378 1330 &
1402 1299 1449 1330 his
1475 1300 1596 1341 magnis
1623 1299 1710 1329 viris.
1753 1299 1796 1329 At
1813 1298 1831 1329 fi
1860 1307 1971 1329 verum

1108 1342 1151 1373 est
1175 1343 1261 1382 quod
1291 1342 1334 1373 illi
1353 1349 1464 1380 putant
1480 1364 1490 1380 ‚
1523 1342 1605 1371 lianc
1627 1340 1880 1371 conventionem
1898 1363 1907 1378 ‚
1937 1343 1972 1369 ut

1107 1384 1190 1414 detur
1205 1407 1215 1421 ,
1239 1383 1320 1423 apud
1336 1382 1462 1413 Celsum
1483 1383 1654 1413 excludere
1672 1381 1886 1421 conjetffizumm
1913 1381 1971 1411 ini-

1109 1433 1148 1455 tae
1178 1424 1349 1464 emptionis
1379 1423 1409 1454 ἃ
1442 1424 1657 1454 venditionis:
1693 1422 1842 1462 profecto
1872 1423 1971 1461 longe

1109 1466 1169 1503 est,
1205 1475 1237 1497 ut
1256 1467 1299 1496 ob
1324 1474 1392 1496 enm
1417 1466 1608 1504 permutatio
1636 1472 1765 1504 quoque
1791 1464 1873 1502 apud
1899 1463 1971 1493 Cel-

1109 1506 1174 1538 sum
1196 1506 1276 1538 satta
1296 1507 1392 1538 videri
1418 1507 1535 1545 poffit:
1568 1515 1638 1536 nam
1656 1528 1665 1543 ,
1697 1506 1784 1545 quod
1806 1506 1845 1536 ad
1869 1505 1972 1535 datio-

1108 1558 1182 1579 nem
1202 1549 1338 1586 attinet,
1361 1549 1471 1579 eadem
1489 1547 1533 1578 est
1557 1556 1636 1578 ratio
1663 1549 1824 1585 utriusque
1844 1554 1970 1576 contra-

1108 1589 1194 1621 ctus:
1218 1599 1322 1629 neque
1342 1590 1440 1629 magis
1463 1596 1594 1628 oportet
1615 1597 1681 1619 rem
1709 1588 1894 1626 accipientis
1913 1585 1971 1617 fie-

1109 1631 1134 1661 ri
1151 1640 1191 1662 ex
1210 1630 1297 1662 causa
1321 1637 1561 1671 permutationis
1583 1652 1592 1668 ,
1625 1638 1716 1669 quam
1735 1638 1774 1659 ex
1792 1627 1881 1659 causa
1905 1636 1972 1660 em.-

1108 1672 1228 1711 ptionis
1246 1672 1275 1703 ἃ
1301 1672 1519 1703 venditionis:
1551 1679 1585 1701 ut
1609 1669 1721 1702 Paulus
1747 1669 1877 1701 testatur
1904 1668 1922 1699 l.
1943 1677 1970 1699 1.

1099 1719 1149 1752 pr.
1175 1712 1215 1743 D.
1240 1715 1273 1743 de
1289 1723 1383 1744 rerum
1396 1713 1622 1752 perrizutatione3
1658 1720 1828 1751 utrumque
1845 1718 1972 1741 contra-

1106 1753 1188 1785 ctum
1205 1753 1258 1785 fibi
1276 1755 1412 1785 invicem
1436 1755 1494 1784 hac
1510 1762 1540 1784 in
1560 1762 1649 1792 parte
1665 1761 1863 1792 comparans.
1890 1751 1969 1790 quin

1106 1804 1211 1835 neque
1231 1796 1306 1826 illud
1322 1805 1432 1826 verum
1456 1794 1519 1831 est,
1545 1795 1630 1834 quod
1645 1794 1689 1825 illi
1708 1792 1846 1824 statuunt
1862 1815 1871 1831 ,
1895 1801 1971 1823 ven-

1107 1836 1245 1867 ditorem
1261 1844 1432 1874 numquam
1453 1835 1585 1875 obligari
1603 1836 1642 1865 ad
1661 1835 1808 1865 dandum.
1833 1843 1903 1865 nam
1921 1841 1967 1864 et·

1106 1875 1128 1907 fi
1148 1875 1245 1908 fatear
1258 1900 1268 1916 ‚
1293 1886 1326 1908 re
1345 1876 1528 1916 simpliciter
1552 1876 1700 1911 vendita,
1725 1884 1847 1906 tantum
1865 1874 1970 1905 actum

1105 1918 1226 1957 videri,
1251 1925 1285 1949 ut
1302 1919 1439 1957 emptori
1458 1918 1553 1948 liceat
1570 1926 1638 1948 rem
1653 1916 1771 1948 habere
1790 1916 1851 1948 fine
1874 1917 1971 1947 inter-

1106 1959 1299 1998 pellatione,
1324 1968 1429 1999 eoque
1447 1960 1576 1989 nornine
1593 1958 1636 1990 illi
1655 1959 1694 1988 de
1718 1957 1879 1989 eviffione
1895 1966 1967 1988 cau·

1106 2006 1173 2030 tum
1190 1999 1250 2030 fit:
1285 2007 1389 2031 tamen
1414 2008 1486 2030 cum
1505 2000 1605 2039 palam
1632 1999 1734 2030 actum
1759 1998 1804 2030 est
1820 2022 1830 2038 ‚
1861 2007 1894 2030 ut
1918 2008 1968 2029 res

1104 2042 1239 2081 emptori
1260 2041 1370 2080 detur,
1394 2040 1424 2071 in
1440 2049 1577 2081 eumque
1594 2040 1659 2079 ejus
1676 2040 1851 2071 dominium
1868 2047 1968 2071 trans-

1104 2089 1155 2112 eat
1173 2091 1212 2112 ex
1234 2082 1300 2120 jure
1317 2081 1508 2123 Quiritium;
1532 2081 1576 2113 nil
1593 2080 1689 2111 causae
1714 2081 1871 2112 venditori
1896 2080 1941 2112 est
1955 2103 1967 2119 ‚

1104 2131 1160 2153 cur
1186 2124 1286 2155 minus
1315 2124 1343 2154 <St
1369 2124 1399 2154 id
1424 2122 1550 2162 praestet
1567 2145 1576 2160 ,
1608 2121 1639 2152 ὃ(
1666 2122 1706 2153 de
1729 2122 1892 2154 evictione
1915 2131 1968 2152 ca-

1106 2172 1186 2194 veat.
1233 2164 1294 2195 Sed
1322 2164 1384 2194 hoc
1407 2164 1467 2203 jam
1492 2163 1615 2204 pridem
1639 2162 1762 2194 ostendi
1786 2162 1876 2204 supra
1894 2162 1965 2194 libro

1105 2215 1131 2236 2.
1158 2213 1217 2245 cap.
1239 2205 1291 2236 ult.
1316 2205 1427 2244 ltaque
1451 2212 1610 2244 apparet,
1641 2204 1766 2244 paetum
1789 2205 1829 2236 de
1859 2204 1966 2235 dando

1105 2255 1209 2287 neque
1231 2246 1383 2278 adversari
1409 2254 1527 2276 naturae
1555 2247 1726 2285 emptionis
1753 2245 1782 2276 ἀ
1807 2246 1968 2277 venditio·

1107 2288 1172 2325 nis,
1196 2297 1300 2328 neque
1319 2287 1381 2319 effe
1401 2288 1651 2327 impedimento,
1675 2296 1741 2326 quo
1760 2287 1863 2318 minus
1878 2309 1888 2325 ‚
1912 2295 1966 2326 pe-

1105 2330 1197 2359 cunia
1216 2330 1306 2365 data,
1330 2337 1363 2360 ut
1382 2328 1508 2360 Stichus
1526 2329 1618 2358 detur
1634 2350 1644 2366 ‚
1671 2328 1796 2367 emptio
1821 2328 1965 2359 venditio

1105 2371 1237 2401 dicatur.
1281 2370 1384 2410 Negat
1404 2377 1508 2400 tamen
1529 2369 1637 2401 Cetius
1653 2392 1662 2407 ,
1694 2379 1730 2399 ea
1754 2373 1784 2400 in
1811 2368 1914 2410 specie
1936 2377 1967 2399 a·

1105 2411 1175 2442 liam
1202 2410 1263 2442 esse
1281 2412 1510 2452 obligationem
1529 2433 1538 2448 ‚
1571 2419 1663 2451 quam
1690 2410 1733 2440 ob
1756 2419 1822 2440 rem
1843 2410 1906 2440 dati
1929 2419 1965 2440 re

1105 2461 1171 2483 non
1191 2452 1328 2491 sequuta.
1371 2451 1447 2483 Non
1463 2450 1607 2490 inficior,
1630 2451 1662 2482 id
1678 2459 1729 2481 me
1744 2451 1797 2481 diu
1814 2451 1962 2482 multum-

1106 2502 1167 2533 que
1195 2492 1394 2531 exercuiss‘e3
1428 2494 1480 2524 sed
1513 2494 1639 2523 tandem
1665 2492 1777 2523 acceffi
1802 2491 1965 2522 sententiae

1104 2534 1342 2574 conjicientium
1359 2557 1369 2572 ,
1391 2534 1556 2575 pecuniam
1577 2543 1634 2573 pro
1652 2542 1759 2564 merce
1774 2532 1863 2564 fuiffe
1879 2533 1964 2572 apud

1106 2574 1231 2607 Cetium
1257 2577 1286 2606 in
1306 2577 1333 2606 d.
1351 2576 1377 2606 l.
1397 2576 1448 2606 ult.
1474 2575 1505 2606 id
1532 2584 1610 2605 vero
1635 2583 1698 2605 non
1723 2575 1796 2605 ideo
1819 2577 1847 2606 ei
1871 2572 1964 2605 fniss‘e

1104 2616 1220 2654 visum,
1243 2617 1329 2657 quod
1345 2617 1478 2656 pecunia
1496 2625 1564 2656 quae
1583 2617 1612 2646 in
1635 2624 1706 2646 arca
1723 2622 1790 2646 erat
1805 2638 1815 2654 ‚
1849 2625 1906 2655 pro
1928 2624 1964 2646 re

1104 2658 1177 2689 data
1199 2656 1301 2697 esset3
1333 2658 1384 2689 sed
1409 2658 1482 2697 quia
1505 2658 1669 2697 peregrina
1696 2657 1830 2696 pecunia
1848 2665 1905 2696 pro
1927 2665 1963 2687 re

1103 2698 1181 2730 effet
1204 2700 1284 2730 data.
1316 2699 1403 2739 quod
1430 2701 1513 2729 enim
1533 2698 1665 2736 pecunia
1683 2697 1769 2727 usum
1792 2696 1836 2728 sui
1860 2697 1963 2728 domi-

1103 2743 1254 2780 niumque
1273 2749 1336 2772 non
1360 2749 1422 2772 tam
1449 2749 1487 2770 ex
1506 2738 1672 2769 substantia
1694 2737 1834 2777 praebet,
1868 2747 1964 2778 quain

1103 2790 1143 2812 ex
1160 2782 1356 2822 quantitate,
1379 2781 1441 2812 hoc
1458 2780 1570 2812 Paulus
1590 2780 1608 2811 l.
1632 2788 1657 2810 1.
1683 2780 1725 2810 D.
1749 2781 1782 2810 de
1796 2780 1962 2810 contraben-

1104 2824 1140 2853 da
1163 2824 1299 2863 emptione
1322 2831 1387 2854 tum
1412 2823 1546 2863 probat,
1576 2830 1647 2852 cum
1664 2820 1805 2860 percussa
1830 2819 1874 2851 est
1895 2820 1961 2852 for-

1103 2873 1152 2895 ma
1169 2864 1315 2904 publica:
1338 2867 1350 2903 (
1367 2872 1431 2904 quo
1455 2862 1541 2894 sensu
1559 2863 1640 2902 apud
1658 2862 1869 2903 Qintilianum
1885 2861 1961 2902 legi-

1104 2912 1153 2935 tur
1174 2905 1223 2938 lt'b.
1254 2914 1279 2935 1.
1310 2903 1381 2944 [nst.
1410 2910 1481 2935 orat.
1507 2914 1531 2934 c.
1549 2907 1578 2934 6.
1627 2902 1775 2934 Utendum
1798 2903 1884 2943 plane
1895 2907 1960 2941 Jer—

1102 2955 1198 2984 mone‚
1223 2951 1256 2976 ut
1269 2955 1384 2976 nummo
1405 2947 1452 2976 cuz'
1467 2945 1581 2986 publica
1595 2944 1697 2984 farina
1715 2943 1764 2984 est.
1807 2943 1848 2974 Et
1864 2943 1960 2974 Sene-

1103 2995 1139 3017 ca
1159 2988 1207 3018 lib:
1225 2997 1253 3027 5.
1276 2985 1323 3017 De
1337 2985 1476 3025 beneficiis
1499 2996 1520 3017 c.
1549 2995 1592 3025 14.
1617 2985 1673 3016 AEs
1691 3008 1700 3024 ‚
1734 2985 1860 3024 inquit,
1891 2983 1959 3014 alie·

1102 3037 1172 3058 num
1193 3028 1292 3059 babere
1321 3028 1429 3058 dicitur
1462 3026 1498 3061 &⁹
1518 3029 1567 3068 qui
1589 3036 1688 3058 aureos
1717 3027 1792 3056 debet
1811 3047 1819 3062 ‚
1852 3024 1888 3058 ὅ)
1909 3026 1961 3066 qni

1102 3070 1211 3100 corium
1226 3070 1326 3108 forma
1342 3069 1456 3109 publica
1467 3067 1645 3109 percuffttm,
1668 3067 1751 3108 quale
1772 3067 1849 3106 apud
1869 3066 1959 3096 Lace·

1102 3111 1247 3141 daemonios
1258 3110 1323 3151 fuit
1338 3133 1348 3148 ‚
1377 3111 1451 3150 quod
1470 3109 1553 3149 usum
1579 3114 1731 3140 izumeratae
1742 3109 1959 3153 pecuniaeprae·

197 3144 258 3175 iarn
297 3147 425 3180 dubium
457 3150 604 3188 cuiquam
637 3149 705 3187 est,
742 3150 817 3188 quin
848 3149 890 3179 ibi
922 3150 1057 3189 pecunia
1092 3149 1182 3190 ficit)
1205 3159 1235 3182 at
1250 3151 1291 3197 'in
1316 3151 1478 3192 peregrina
1505 3151 1639 3191 pecunia
1657 3148 1769 3181 Paulus
1793 3158 1854 3178 non
1874 3155 1960 3179 idem

198 3195 258 3225 pro
275 3188 379 3231 pretio
397 3189 450 3228 fit,
475 3190 504 3220 ἃ
523 3199 644 3230 emptio
669 3190 813 3221 venditio
832 3191 1055 3221 contrahatur:

199 3235 255 3260 cur
280 3229 375 3268 igitur
397 3230 480 3263 aliud
500 3230 647 3273 fingimus
677 3231 761 3273 apud
789 3230 940 3271 Celsum3
972 3232 1054 3272 apud

1099 3192 1224 3231 probat.
1248 3201 1314 3223 imo
1331 3192 1370 3224 de
1389 3201 1519 3223 nummo
1538 3190 1705 3221 victoriato
1721 3188 1760 3219 fic
1780 3189 1884 3218 iciwbit
1903 3189 1959 3219 i‘ii-

1097 3232 1167 3265 nius
1194 3233 1242 3264 lib.
1270 3242 1318 3274 33.
1360 3231 1496 3273 Htstortae
1521 3232 1665 3263 naturalis
1694 3241 1718 3262 c.
1733 3241 1762 3271 3.
1795 3230 1859 3274 ‚Qui
1880 3238 1959 3276 nunt·

1912 3278 1956 3300 vi-
