2052 3487
386 171 468 211 DE
517 172 827 209 FonNoRE
877 177 946 207 nr

55 276 122 302 zion
149 266 194 301 est
219 265 325 298 verbis
347 274 438 306 opus.
462 270 529 294 rem
551 260 650 302 signat
673 259 828 300 Ulpianus
847 261 874 291 d.
901 259 920 292 l.

60 319 106 343 10.
131 310 160 352 δ.
179 319 210 351 3.
232 311 274 340 ait
303 307 387 339 enim
409 329 419 344 ‚
447 303 469 336 fi
493 310 684 348 procurator
713 312 802 334 meus
826 311 921 346 pecu-

57 355 141 384 niam
168 358 270 382 meam
295 347 414 380 foenori
438 346 526 377 dedit
543 368 552 383 ‚
575 344 746 384 uiui-asque
770 344 920 374 consecu-

59 403 108 426 tus
127 392 188 424 est:
219 390 337 423 debere
357 397 429 420 eum
456 385 599 427 praestare
625 393 921 425 quantumcumque

59 435 312 467 emolumenturn
332 429 442 462 sensit:
467 437 527 459 nec
550 426 690 465 referre,
714 425 780 464 five
797 428 822 456 ei
838 435 920 456 man-

58 477 148 513 davi,
171 473 236 512 five
258 482 323 504 non.
347 472 378 502 id
405 479 481 501 vero
504 469 579 508 quid
600 469 667 499 vult
684 491 694 507 ‚
728 466 782 498 nisi
806 476 921 507 procu·

60 525 198 549 ratorem
220 514 259 546 ad
283 512 438 544 usurarum
456 509 688 541 restitucionem
714 511 836 547 teneri3
859 507 922 539 five

58 557 232 599 periculum
257 555 294 586 ad
318 562 390 584 eum
410 551 548 592 spectet3
575 550 637 582 five
665 549 757 581 non?
781 551 854 590 quia
870 572 878 587 ‚
902 549 921 580 si

59 598 180 631 domini
205 596 370 638 pecuniam
395 593 457 625 fine
485 594 550 632 ejus
578 593 728 623 mandatu
761 590 922 629 foeneret,

61 648 182 671 certum
210 637 255 669 est
275 659 284 674 ,
314 645 382 667 eam
407 643 470 666 non
496 634 638 671 domini,
664 632 716 664 sed
740 632 815 671 suo,
841 634 922 673 peri-

61 682 135 712 culo
156 680 313 710 foenerare
330 677 348 708 l.
365 680 414 708 62.
440 675 482 707 D.
502 677 535 706 de
553 676 595 704 rei
617 675 823 705 vindicatione.
867 672 923 705 Ul-

59 723 169 763 pianus
188 728 291 751 tamen
308 717 412 750 obstat
435 718 462 747 d.
487 715 506 748 l.
529 726 574 748 10.
600 716 628 756 §.
648 720 675 750 8.
702 716 797 746 verba
813 714 921 753 Ulpia-

59 763 91 796 ni
110 785 119 801 ‚
152 761 297 804 Quamvis
313 758 341 798 fi
359 758 486 800 periculo
504 759 562 798 suo
592 756 749 797 credidiffet
766 778 776 795 ‚
807 756 922 796 ceffaret

60 806 175 844 (inquit
193 802 306 839 Labeo)
327 802 358 832 in
380 801 475 840 usuris
493 798 566 830 attio
585 799 727 830 mandati.
770 797 832 828 Sed
857 805 922 827 non

59 845 101 878 fic
120 853 191 876 eum
209 843 340 883 intelligi
360 849 511 882 oportet,
535 840 618 880 quaii
636 840 712 869 velit
727 861 737 876 ‚
771 846 922 883 procura—

60 894 163 918 torem
184 885 305 923 statim,
329 893 365 914 ac
381 882 525 924 periculo
550 881 604 912 suo
626 881 798 911 crediderit
823 879 923 924 domi:

62 929 94 960 ni
112 928 294 967 pecuniam,
317 934 358 956 ex
381 933 418 955 ea
441 923 543 954 usuras
565 922 704 954 retinere
725 930 733 950 :
766 920 817 952 sed
841 920 924 965 quan

65 970 170 1007 velit,
202 967 357 999 foenerata
389 965 510 997 domini
541 964 677 1005 pecunia
707 968 924 1003 procuratoris

66 1010 229 1051 periculo,
248 1017 287 1039 ex
304 1007 463 1038 Labeonis
482 1005 634 1037 sententia
651 1006 680 1035 in
699 1004 794 1035 usuris
811 1002 925 1034 cessare

65 1051 203 1084 mandati
221 1050 399 1085 aaronem
418 1047 439 1079 fi
458 1048 603 1079 dominus
616 1044 753 1086 jusserit,
777 1052 924 1085 procura-

66 1101 169 1124 torem
189 1091 274 1122 suuin
291 1097 409 1121 certam
420 1089 585 1128 pecuniam
598 1088 733 1124 sumere,
746 1087 774 1117 ἂ
789 1085 924 1116 foenera-

67 1143 102 1165 re
120 1133 262 1173 periculo
273 1131 344 1170 suo,
357 1131 408 1161 vel
420 1130 619 1169 simpliciter,
631 1129 681 1160 vel
696 1128 739 1159 ita
750 1151 759 1166 ‚
773 1134 808 1157 ut
818 1133 923 1172 certas

68 1174 171 1206 usuras
188 1173 318 1204 domino
338 1173 492 1212 penderet
516 1172 704 1201 dumtaxat:
729 1177 765 1199 ac
789 1167 923 1213 finpluris

71 1215 229 1247 foencrare
246 1213 414 1254 potuiffet,
431 1211 494 1252 ipse
512 1211 691 1242 lucraretur.
714 1209 754 1240 fic
770 1218 853 1240 enim
870 1209 922 1239 alr·

71 1257 197 1297 quando
214 1255 376 1286 conveniri
394 1253 537 1290 solitum,
552 1252 634 1283 idem
647 1249 801 1288 Ulpianus
819 1250 923 1281 osten-

68 1298 115 1328 dit
136 1297 155 1328 l.
174 1301 203 1327 6.
227 1296 254 1336 §.
278 1299 306 1326 6.
329 1294 372 1325 D.
396 1295 452 1325 eod.
475 1295 521 1324 tit.
549 1301 609 1323 nec
633 1293 775 1332 iniquum
805 1291 923 1328 fuerit,

67 1338 177 1369 utilem
198 1335 394 1376 procuratori
416 1334 477 1365 effe
501 1335 668 1374 pecuniam
688 1344 697 1372 ς
730 1342 804 1365 cum
824 1333 924 1364 domi-

65 1387 124 1410 nus
143 1378 206 1408 hoc
224 1378 360 1417 patitur,
376 1383 472 1416 atque
489 1375 583 1407 etiam
602 1374 776 1415 periculum
795 1374 833 1405 ad
851 1383 923 1405 eum

63 1419 224 1460 pertinere
242 1418 338 1449 ubet.
381 1416 443 1448 Sed
467 1416 498 1447 δε
524 1416 667 1448 Scaevola
686 1416 703 1446 l.
715 1426 764 1456 47.
788 1415 815 1457 §.
830 1425 859 1455 4.
878 1418 920 1446 l).

66 1462 99 1492 de
120 1428 364 1500 administratione
393 1464 520 1489 tutorum
537 1481 546 1496 ‚
581 1467 655 1489 cum
683 1456 855 1488 Praefectus
884 1457 926 1488 le-

67 1502 168 1543 gionis
186 1502 228 1532 ita
252 1499 439 1532 testamento
463 1498 591 1530 caviffet
607 1523 616 1537 ,
649 1499 720 1529 Volo
738 1522 748 1537 ,
778 1505 810 1529 ut
828 1497 869 1536 fit
893 1499 926 1529 in

67 1544 185 1574 arbitrio
204 1549 331 1573 tutorum
340 1540 402 1581 filii
423 1542 476 1571 mei
496 1564 505 1579 ‚
529 1539 558 1578 fi
575 1540 720 1571 <nutrierint
746 1540 832 1581 hujus
843 1540 924 1578 sum-

65 1594 116 1614 nzae
136 1584 236 1614 uncias
253 1583 359 1621 inferre
377 1582 530 1620 usurarum
546 1583 676 1620 nomine,
706 1582 749 1611 ita
760 1605 768 1619 ,
792 1591 826 1611 ne
843 1591 927 1612 num·

67 1627 108 1656 mi
123 1626 343 1665 dispergrarztztm
368 1624 397 1654 δι
420 1623 581 1664 quaesitum
608 1622 703 1661 estet,
737 1621 758 1654 fi
777 1631 927 1663 apparue-

68 1667 107 1697 rit
129 1667 262 1707 pecunia
285 1664 441 1696 foenerata
465 1674 481 1695 a
499 1664 675 1702 tutoribus,
707 1664 827 1704 judicio
847 1671 927 1695 tute-

64 1707 101 1739 ]ae
119 1731 128 1745 ,
158 1707 264 1738 uncias
290 1706 392 1737 usuras
409 1729 418 1744 ,
448 1715 487 1737 an
512 1715 590 1737 vero
617 1715 669 1736 eas
694 1714 770 1746 quas
791 1705 927 1745 stipulati

64 1748 147 1787 rint,
179 1748 323 1788 praestare
347 1747 511 1778 debeant:
543 1746 706 1787 respondit
722 1770 732 1785 ‚
768 1746 789 1777 fi
819 1747 926 1777 secun-

65 1790 139 1821 dum
170 1789 368 1820 voluntatem
399 1787 540 1819 defuncti
572 1787 735 1828 elegiss'ent
768 1788 927 1819 usurarum

66 1829 300 1871 praestationem
317 1852 327 1868 ,
356 1837 461 1867 neque
481 1828 589 1868 pupilli
614 1829 745 1860 nomine
771 1829 802 1860 in
821 1828 927 1860 foenus

70 1870 244 1943 dedissent,
267 1870 301 1901 id
324 1869 468 1911 praestare
483 1870 601 1902 debere
617 1870 705 1911 quod
723 1869 854 1901 testator
871 1879 927 1901 vo-

68 1912 180 1944 luil‘et.

110 1952 256 1993 Superest
270 1976 279 1991 ‚
313 1958 348 1983 ut
367 1951 495 1983 Paulum
524 1952 719 1992 explicemus
743 1952 762 1983 l.
781 1956 831 1992 67.
854 1952 883 1993 §.
903 1960 929 1983 1.

69 1994 111 2026 D.
135 1995 191 2026 Pro
203 1995 291 2034 chz'o.
316 1993 412 2024 verba
433 1993 501 2024 haec
518 1992 588 2025 sunt
605 2017 615 2033 ,
646 1994 678 2025 Si
697 2003 775 2025 unus
798 2003 834 2025 ex
843 1995 931 2031 sociis

70 2037 121 2076 qai
138 2046 194 2066 non
219 2041 341 2065 totorum
370 2035 505 2065 honorum
518 2035 594 2073 chii
616 2040 726 2072 erant,
756 2043 932 2065 communem

63 2079 219 2119 pecuniam
236 2076 455 2117 semera-verit,
489 2076 651 2117 usurasque
669 2077 854 2117 perceperit,
889 2077 932 2107 ita

1310 165 1481 207 L113.13

964 261 1077 291 demum
1101 260 1205 299 usuras
1227 259 1338 301 partiri
1368 261 1446 292 debet
1463 282 1473 299 ‚
1488 257 1527 299 fi
1547 257 1695 299 sticietatis
1715 258 1830 290 nomine

996 167 1258 207 Usums.
1754 167 1825 215 '163‘

957 303 1169 341 foeneraverit.-
1192 312 1259 333 nam
1270 300 1363 342 fisuo
1378 303 1508 340 nomine,
1532 299 1765 343 qzconiamsbrtis
1783 307 1830 341 pe·

964 344 1092 374 riczilam
1114 345 1151 375 ad
1174 353 1238 374 eum
1250 345 1445 384 pertinuerit,
1467 344 1570 382 usuras
1595 342 1686 383 ipsum
1708 342 1830 373 retinere

964 390 1079 425 oportet.
1125 385 1321 426 Proponitur
1345 385 1525 416 communis
1551 385 1687 425 pecunia
1710 383 1749 414 ab
1766 391 1832 414 uno

964 435 1005 456 ex
1028 426 1170 466 pluribus
1194 426 1284 458 sociis
1311 425 1366 457 sub
1393 425 1488 458 usuris
1508 426 1638 457 credita.
1664 425 1834 466 quaeritur,

965 477 1003 498 an
1027 467 1133 499 usuras
1158 477 1199 499 ex
1227 477 1264 498 ea
1291 474 1461 508 perceptas
1487 476 1560 498 cum
1587 467 1717 507 reliquis
1745 475 1834 498 com-

966 510 1127 540 municare
1146 509 1272 540 debeat.
1301 508 1462 549 distinguit
1479 507 1610 546 Paulus,
1633 516 1736 539 utrum
1761 507 1831 539 fue-

966 552 1028 581 rint
1057 558 1199 581 totorum
1226 550 1386 581 bonorum
1408 549 1503 588 socii,
1527 559 1565 581 an
1588 559 1672 580 non:
1698 549 1728 580 <Sc
1745 550 1833 590 prio-

966 601 999 622 re
1027 591 1098 622 casu
1122 599 1211 632 putat
1228 615 1237 630 ,
1269 600 1455 623 communes
1478 590 1583 621 usuras
1613 590 1676 621 csse
1699 598 1833 631 oporte·

966 642 1019 670 re,
1043 632 1107 664 sive
1124 643 1192 664 eam
1209 633 1377 673 pecuniam
1396 632 1471 670 suo,
1491 631 1555 663 five
1574 631 1752 671 societatis,
1775 641 1834 663 no·

967 676 1052 705 mine
1068 672 1295 706 foeneraverit:
1318 674 1390 714 quia
1407 673 1462 704 vix
1479 672 1583 714 potest
1600 674 1760 713 propriam
1780 674 1834 704 ha-

966 715 1041 745 bere
1075 716 1242 756 pecuniam
1261 739 1270 754 ‚
1308 715 1471 746 contraCta
1500 721 1645 745 totorum
1671 715 1834 750 bonorum

966 756 1119 787 iocietate
1139 767 1145 787 :
1180 756 1232 788 sed
1255 766 1360 797 neque
1384 754 1489 796 potest
1516 765 1565 786 res
1589 764 1777 787 communes
1800 757 1834 788 in

966 797 1098 828 solidum
1124 798 1262 829 alienare
1278 821 1287 835 ‚
1319 807 1383 829 non
1411 797 1685 828 consentientibus
1709 797 1834 828 caeteris

966 836 1084 876 sociis;
1117 839 1246 870 auam-e
1275 838 1415 878 Nicaeo,
1446 837 1561 876 Bafilic.
1586 838 1633 869 lib.
1652 848 1691 879 23
1733 839 1780 869 tit.
1802 846 1830 869 1.

966 886 1032 909 zoin.
1053 889 1081 919 3.
1104 886 1172 920 pag.
1196 889 1267 920 272.
1299 879 1335 914 ὅ)
1351 881 1414 922 fiq·
1438 881 1475 911 ad
1504 881 1523 911 l.
1550 883 1597 911 16.
1627 878 1669 911 D.
1694 880 1727 910 de
1750 880 1834 911 rebus

967 922 1090 963 creditu.
1116 921 1159 951 lit.
1185 921 1213 951 L
1265 921 1341 960 Sic,
1373 921 1393 953 fi
1418 920 1539 952 fuerint
1564 928 1708 952 totorum
1731 921 1837 952 bono-

967 970 1035 991 rum
1058 961 1143 992 (ocii.
1170 962 1265 1001 quid,
1289 962 1310 993 fi
1327 972 1392 994 non
1414 962 1559 994 fuerint?
1588 963 1631 993 ait
1654 962 1789 1001 Paulus,
1813 961 1835 994 si

968 1003 1097 1042 quidem
1129 1002 1230 1036 socius
1261 1013 1465 1035 communem
1496 1005 1663 1045 pecuniam
1694 1003 1835 1035 foenera-

968 1044 1051 1088 verit
1068 1043 1230 1088 societatis
1250 1046 1402 1084 nomine,
1418 1045 1536 1077 debere
1555 1055 1626 1076 eum
1642 1044 1748 1076 usuras
1765 1054 1838 1086 par-

969 1092 1040 1123 tiri3
1064 1086 1083 1116 fi
1101 1095 1178 1116 vero
1195 1085 1250 1116 suo
1276 1087 1407 1117 nomine
1424 1095 1493 1118 eam
1516 1085 1744 1126 foeneraverit,
1770 1085 1839 1117 usu-

968 1135 1016 1158 ras
1041 1125 1141 1166 ipsum
1157 1127 1296 1158 retinere
1313 1135 1485 1168 oportere:
1511 1128 1541 1159 ἃ
1562 1128 1649 1159 addit
1665 1128 1836 1160 rationem.

968 1177 1004 1198 ea
1027 1168 1108 1198 ratio
1132 1168 1196 1206 est,
1221 1169 1371 1208 quoniam
1392 1169 1483 1200 sortis
1508 1169 1684 1208 periculum
1703 1171 1742 1201 ad
1762 1179 1839 1201 eum

968 1209 1168 1248 pertinuerit.
1196 1208 1228 1240 id
1248 1219 1325 1241 vero
1351 1209 1436 1240 hunc
1453 1209 1572 1241 sensum
1598 1210 1713 1247 habet;
1746 1210 1838 1251 quod

967 1249 988 1281 fi
1005 1259 1068 1281 non
1087 1258 1232 1281 totorum
1250 1250 1410 1282 bonorum
1430 1249 1532 1282 socius
1550 1260 1757 1284 communem
1783 1261 1838 1292 pe-

968 1291 1093 1322 cuniam
1116 1290 1392 1323 consentientibus
1415 1291 1507 1323 sociis
1529 1291 1756 1325 foeneraverit:
1780 1293 1839 1334 (a-

967 1333 1039 1363 liter
1064 1334 1149 1363 enim
1178 1342 1242 1364 non
1263 1334 1389 1373 potest,
1422 1334 1496 1374 quia
1516 1341 1640 1365 tantum
1659 1332 1719 1364 suae
1740 1334 1838 1374 partis

967 1374 1194 1405 alienationem
1219 1374 1315 1405 habet
1344 1375 1365 1406 l.
1391 1378 1438 1406 16.
1469 1374 1511 1406 D.
1536 1375 1569 1405 de
1589 1376 1672 1406 rebus
1694 1375 1837 1416 creditis)

968 1423 1096 1446 tenetur
1113 1424 1186 1447 cum
1206 1414 1298 1447 sociis
1321 1416 1562 1448 commun1care
1584 1424 1754 1457 perceptas
1770 1416 1839 1448 usu-

967 1466 1035 1495 ras;
1059 1457 1130 1497 quia
1154 1466 1267 1488 eorum
1291 1459 1428 1498 pecunia
1444 1456 1508 1497 est;
1533 1458 1688 1498 amplius,
1720 1458 1765 1490 est
1783 1467 1841 1489 eo-

968 1508 1036 1530 rum
1056 1496 1208 1529 consensu
1224 1499 1253 1529 &
1271 1500 1417 1538 periculo
1433 1499 1564 1530 credita.
1588 1499 1641 1531 sed
1659 1498 1680 1531 fi
1696 1509 1737 1531 ex
1752 1508 1842 1531 com-

969 1540 1055 1571 muni
1071 1540 1208 1580 pecunia
1225 1548 1349 1580 partem
1366 1539 1449 1572 suam
1473 1539 1607 1580 (Paulus
1629 1541 1656 1571 d.
1680 1541 1699 1571 l.
1722 1545 1770 1572 16.
1795 1541 1842 1572 di-

969 1581 1032 1619 cit,
1061 1582 1207 1621 prepi-iam
1228 1583 1409 1622 pecuniarii)
1432 1588 1573 1613 mutuam
1597 1581 1721 1612 dederit
1743 1591 1838 1622 quam

969 1630 1092 1653 certum
1117 1621 1161 1653 est
1185 1631 1258 1654 eum
1281 1623 1434 1655 creditam
1464 1622 1571 1654 facere
1595 1621 1707 1662 posse,
1742 1623 1841 1656 etiarn

971 1663 1223 1695 dissentientibus
1252 1664 1402 1696 caeteris:
1433 1671 1468 1695 ut
1491 1664 1577 1695 idem
1602 1663 1716 1696 Paulus
1742 1664 1787 1695 ait
1809 1665 1840 1696 d.

969 1705 1022 1736 loc.
1047 1708 1142 1745 magis
1167 1705 1232 1743 est,
1265 1714 1299 1736 ut
1318 1715 1370 1736 eas
1396 1704 1499 1737 usuras
1525 1704 1580 1737 fibi
1605 1706 1744 1737 retinere
1770 1714 1845 1747 pos-

970 1746 1024 1778 fit:
1049 1749 1122 1787 quia
1140 1745 1230 1778 sortis
1249 1747 1427 1787 periculum
1445 1747 1483 1778 ad
1504 1756 1575 1778 eum
1595 1747 1746 1787 pertinet.
1787 1748 1844 1778 At-

971 1788 1045 1828 qui,
1070 1787 1091 1818 fi
1109 1796 1316 1819 communem
1341 1789 1510 1829 pecuniam
1537 1789 1569 1820 in
1591 1787 1661 1820 usus
1678 1787 1748 1820 suos
1763 1797 1841 1819 con-

972 1835 1070 1859 vertit
1089 1851 1098 1866 ,
1130 1827 1235 1859 usuras
1261 1838 1333 1859 eum
1361 1829 1507 1867 praestare
1531 1836 1662 1870 oportet
1683 1829 1703 1860 l.
1722 1833 1772 1861 60.
1796 1828 1842 1862 D.

973 1869 1032 1900 Pro
1047 1870 1133 1906 socia.
1178 1869 1240 1901 Sed
1261 1870 1323 1909 jam
1343 1869 1450 1901 Graeci
1469 1869 1698 1909 observarunt,
1722 1869 1840 1909 Bafiiz'c.

973 1911 1021 1941 lib.
1043 1919 1088 1941 12.
1112 1911 1159 1941 tit.
1184 1919 1208 1941 1.
1233 1917 1299 1943 tom.
1320 1921 1347 1942 2.
1372 1919 1440 1953 pag.
1459 1915 1509 1952 38.
1540 1913 1573 1943 in
1595 1912 1783 1952 explicatione
1813 1913 1843 1944 d.

973 1952 993 1983 l.
1011 1954 1060 1992 67.
1083 1951 1111 1993 §.
1133 1961 1158 1982 1.
1184 1951 1227 1982 lit.
1251 1951 1292 1983 X.
1316 1955 1484 1992 pecuniam
1506 1962 1713 1985 communem
1735 1953 1841 1985 foene-

973 2002 1042 2024 rare
1057 2016 1067 2032 ‚
1101 2002 1165 2023 non
1191 1992 1253 2024 esse
1276 2002 1346 2025 eam
1369 2002 1561 2026 convertere
1585 1996 1616 2026 in
1642 1995 1791 2035 proprios
1806 2003 1842 2026 u.-

974 2033 1031 2066 sus.
1056 2034 1153 2075 itique
1178 2034 1208 2067 &
1235 2034 1367 2075 Cujacio
1392 2034 1492 2069 visum
1513 2036 1561 2068 lib.
1579 2045 1629 2077 23.
1667 2035 1788 2077 Ohfi’rv.
1816 2045 1845 2069 c.

973 2085 1023 2116 27.

777 2201 991 2239 CAPUT
1044 2201 1127 2238 IX.

460 2301 580 2337 Senecae
596 2298 753 2347 sententia
778 2308 884 2336 contra
902 2300 1012 2346 soeniis
1037 2302 1219 2336 examinata
1245 2300 1287 2344 ἐξ
1312 2304 1341 2339 di
1357 2316 1390 2338 cu
1419 2314 1450 2338 a.

75 2405 168 2480 Sed
193 2413 226 2438 ut
253 2407 308 2439 illo
325 2415 490 2448 revertar,
520 2410 605 2442 unde
621 2410 757 2449 disceffi,
782 2413 933 2453 apparet,

148 2457 251 2488 neque
278 2449 456 2489 Naturam,
496 2460 601 2492 neque
627 2451 782 2484 Gentium
811 2455 861 2493 jus
878 2477 887 2491 ,
918 2463 934 2484 a

74 2488 202 2520 foenore
226 2489 388 2530 usurisque
412 2491 594 2524 abhorrere.
628 2503 688 2525 nec
713 2502 818 2526 tamen
846 2496 934 2535 igno-

75 2539 132 2568 ro,
155 2529 309 2563 Senecam
329 2532 377 2563 lib.
398 2542 427 2573 7.
451 2533 497 2564 De
519 2534 660 2574 beneficiis
683 2545 706 2566 c.
727 2545 773 2567 10·
798 2536 839 2567 fic
863 2536 934 2566 scri·

76 2570 179 2618 bere,
211 2572 302 2603 Video
327 2571 390 2614 istic
411 2574 588 2614 diplomata,
621 2575 657 2610 &³
669 2576 874 2618 syngraphas,
899 2576 936 2611 δέ)
961 2593 964 2597 ’

80 2618 242 2652 cautiones,
265 2624 360 2645 vacua
376 2615 497 2647 habendi
504 2615 683 2654 fimzilaclmz
694 2642 703 2656 ,
721 2621 836 2650 umbras
851 2629 935 2660 quas-

82 2653 146 2682 dam
171 2656 301 2685 avaritiae
324 2655 479 2687 laborantis
496 2680 505 2695 ‚
530 2664 583 2698 per
609 2669 682 2699 quas
707 2661 850 2700 decipiant
873 2660 936 2690 ani-

83 2701 159 2723 mum
171 2717 180 2730 ‚
202 2697 334 2727 inanium
349 2699 478 2737 opinione
492 2700 673 2739 gaudentem.
699 2702 771 2741 qnid
790 2703 865 2732 enim
881 2699 936 2740 ista

77 2732 174 2771 funt?
196 2738 264 2774 quid
278 2738 373 2773 foenzts
396 2738 431 2773 δέ)
450 2738 660 2772 Kalendariuin
674 2764 683 2779 ‚
706 2741 742 2776 ὅ)
762 2743 869 2782 usura,
893 2742 937 2772 ni-

80 2771 257 2819 fipumanae
285 2780 450 2817 cupiditatis
474 2788 557 2812 extra
581 2789 719 2813 naturam
747 2782 865 2824 quaefita
888 2792 937 2814 no·

86 2823 163 2844 mina
177 2814 193 2845 ‘2
221 2816 326 2856 poffum
346 2821 379 2849 de
400 2830 494 2852 rerum
517 2829 628 2855 natura
652 2826 733 2865 queri
748 2847 757 2861 ‚
789 2825 865 2865 quod
885 2834 938 2855 au-

85 2864 151 2884 rum
169 2864 380 2904 *argentumque
403 2871 459 2893 non
483 2864 604 2895 interius
631 2865 830 2905 absconderit,
864 2866 939 2906 quod

85 2905 142 2941 ⁷.²⁰.⁷³
164 2896 220 2942 illis
237 2907 328 2944 maius
344 2923 355 2938 ,
377 2911 462 2942 quam
478 2906 551 2944 quod
571 2907 684 2937 detrahi
694 2906 781 2947 poffet
795 2930 805 2944 ‚
825 2908 940 2948 pondus

85 2942 225 2985 injecerit.
249 2941 320 2979 quid
335 2943 409 2979 Junt
430 2941 487 2983 istae
507 2947 609 2977 tabulae
625 2970 634 2985 ,
664 2949 733 2988 quid
756 2948 940 2989 computatio-

84 2987 133 3007 nes
147 3000 156 3014 ‚
181 2977 217 3011 ἐς)
238 2980 338 3028 venale
360 2989 490 3023 tempus,
524 2986 559 3020 ὅ)
575 2989 807 3028 sanguinolentae
829 2987 940 3026 centefi-

85 3027 135 3048 711oe
143 3018 164 3066 3
182 3019 351 3069 volicntaria
369 3024 464 3070 mala,
496 3035 531 3057 ex
548 3028 745 3067 constitutione
761 3028 858 3070 nostra
869 3036 940 3070 pen-

85 3060 200 3107 dentia,
224 3071 255 3091 in
271 3064 374 3102 quibus
389 3065 460 3096 nzhil
478 3065 515 3106 est
533 3071 606 3107 quod
612 3070 722 3111 subjici
736 3073 844 3110 ocutis,
868 3072 942 3112 quod

86 3106 175 3131 teneri
199 3111 289 3153 many
306 3103 390 3144 poffit
405 3128 415 3144 ‚
448 3107 544 3138 inanis
565 3112 696 3142 avaritiae
711 3112 837 3152 samnia.
879 3113 942 3144 Pri-

84 3150 170 3188 mum
193 3151 235 3188 ait
253 3145 395 3184 Seneca,
427 3149 515 3186 quod
538 3148 643 3183 foenus
660 3152 704 3184 est
731 3153 874 3185 humanae
890 3163 943 3185 cu·

86 3183 226 3222 prditatis
247 3195 335 3217 extra
357 3195 498 3220 naturam
524 3192 684 3228 Quaeiitum
710 3203 838 3226 nomen.
880 3196 943 3227 Ve-

87 3233 130 3253 re.
154 3224 198 3255 est
213 3235 296 3258 enim
308 3250 318 3266 ,
341 3236 376 3259 ut
391 3229 575 3262 Aristotele⁶
592 3256 601 3270 ‚
634 3232 680 3264 De
696 3236 839 3275 republica
855 3236 900 3268 lili.
917 3246 942 3269 r.

86 3267 264 3339 σᾶᾒοῆιεῐὶ,
295 3269 326 3301 in
352 3268 479 3303 foenore
503 3276 638 3313 pecunia
659 3277 802 3316 pecuniae
826 3287 942 3319 partus,

977 2411 1039 2443 Sed
1061 2421 1126 2443 non
1143 2411 1266 2444 idcirco
1291 2413 1529 2454 negligendum.
1553 2418 1664 2444 natura
1683 2411 1767 2444 enim
1787 2410 1844 2445 etsi

977 2463 1042 2484 non
1061 2455 1185 2484 invenit
1202 2453 1309 2485 foenus
1329 2477 1338 2492 ‚
1368 2462 1474 2485 tamen
1494 2463 1554 2485 nec
1579 2454 1692 2486 vetuit.
1716 2454 1793 2495 quid
1809 2455 1845 2486 ni

976 2495 1070 2535 igitur
1092 2495 1190 2535 recipi
1214 2495 1307 2535 poffit
1326 2495 1365 2526 ad
1386 2495 1557 2527 humanum
1578 2494 1683 2533 usum,
1707 2494 1729 2527 fi
1746 2504 1846 2537 quem

979 2535 1093 2567 habeat
1114 2558 1123 2573 ,
1154 2545 1220 2567 non
1245 2544 1443 2576 repugnante
1467 2536 1602 2568 natura?
1634 2535 1690 2568 nifi
1712 2536 1846 2568 servitu-

979 2585 1043 2608 tem
1068 2577 1285 2617 improbamus
1312 2585 1503 2618 propterea‚
1535 2578 1624 2618 quod
1648 2587 1717 2609 eam
1734 2585 1846 2609 natura

978 2620 1104 2659 ignorat
1121 2640 1130 2656 ‚
1162 2617 1347 2650 hominibus
1370 2620 1462 2651 initio
1491 2619 1599 2651 liberis
1621 2619 1714 2651 natis.
1757 2619 1849 2659 atqui

978 2660 1189 2697 servitutem,
1221 2659 1388 2692 hominum
1418 2661 1651 2693 constitutione
1679 2661 1848 2692 inventam

978 2709 1092 2732 contra
1109 2708 1273 2740 naturam,
1304 2702 1460 2743 approbat
1479 2703 1527 2743 jus
1548 2701 1705 2734 Gentium
1728 2702 1748 2735 l.
1766 2712 1796 2742 4.
1815 2701 1845 2743 §-

983 2752 1011 2774 1.
1035 2741 1078 2773 D.
1103 2743 1136 2772 de
1153 2740 1239 2782 stata
1264 2743 1426 2782 hominum,
1456 2744 1476 2775 l.
1492 2753 1522 2784 4.
1548 2743 1591 2776 D.
1619 2745 1652 2775 de
1667 2742 1788 2785 justitia
1809 2742 1848 2776 &²

975 2784 1054 2825 jure.
1079 2792 1182 2814 rerum
1205 2793 1335 2824 quoque
1361 2786 1500 2817 dominia
1532 2795 1598 2818 non
1623 2794 1735 2817 natura
1758 2793 1848 2816 com-

981 2832 1090 2856 menta
1109 2824 1154 2856 est
1170 2847 1179 2862 ‚
1211 2825 1263 2857 sed
1287 2826 1424 2858 humana
1442 2827 1546 2868 pactio
1571 2828 1752 2859 introduxit
1769 2833 1846 2856 con-

983 2873 1029 2897 tra
1052 2867 1232 2898 naturalem>
1254 2870 1530 2901 communionem.
1563 2869 1705 2900 dominia
1738 2873 1846 2898 tamen

983 2907 1022 2938 ab
1040 2906 1221 2940 hominibus
1236 2908 1378 2941 distincta
1394 2911 1441 2950 J'us
1462 2909 1618 2943 Gentium
1636 2909 1755 2946 servat,
1778 2905 1844 2937 sua-

983 2949 1080 2980 dente
1097 2949 1232 2980 utilitate
1251 2950 1270 2981 i.
1281 2961 1311 2991 5.
1331 2951 1372 2982 D.
1391 2953 1450 2983 eod.
1467 2953 1514 2984 tit.
1540 2951 1658 2983 Divina
1675 2955 1783 2981 natura
1799 2949 1847 2978 de-

983 2991 1025 3020 dit
1039 2999 1140 3031 agros,
1165 3001 1212 3022 ars
1233 2991 1362 3024 humana
1379 2993 1538 3033 (edificavit
1561 2994 1660 3024 nrbes:
1681 2997 1718 3021 ut
1739 2988 1845 3021 Varro

983 3032 1026 3062 ait
1044 3054 1054 3070 ‚
1085 3030 1132 3062 De
1164 3032 1326 3073 ressrustica
1347 3035 1385 3066 lib
1411 3045 1441 3075 3.
1465 3044 1527 3066 nec
1551 3041 1656 3064 tamen
1680 3031 1846 3072 quisquam

985 3072 1078 3104 urbes
1103 3073 1288 3114 vituperat:
1320 3077 1394 3116 quia
1417 3085 1469 3108 eas
1495 3075 1547 3116 Jus
1571 3072 1727 3105 Gentium
1758 3073 1847 3104 inve-

985 3117 1033 3145 nit
1052 3124 1061 3153 ;
1092 3122 1204 3146 natura
1226 3116 1354 3156 ignorat
1376 3118 1404 3147 d.
1429 3118 1448 3147 t.
1465 3126 1495 3156 5.
1520 3119 1585 3147 imo
1601 3114 1776 3146 commode
1794 3112 1847 3153 Ju-

985 3155 1103 3229 gegalis
1116 3159 1179 3197 Jat.
1198 3167 1252 3189 xv.
1274 3160 1348 3199 vers
1372 3167 1439 3197 149.
1470 3156 1577 3188 scribit
1593 3179 1604 3195 ,
1635 3157 1723 3197 quod
1753 3154 1847 3188 Deus

1007 3206 1024 3228 e
1051 3204 1074 3228 rt

1023 3256 1077 3262 ——
1098 3255 1151 3261 ——
1175 3238 1268 3270 Nobis
1286 3240 1415 3270 animum
1431 3247 1561 3279 qaoque,
1583 3244 1701 3271 mutuus
1717 3244 1750 3270 ut
1767 3249 1819 3272 nos

982 3295 985 3297 ·
1025 3278 1161 3321 Affistus
1173 3287 1267 3320 petere
1285 3281 1446 3351 ατη-ι’ἰίῑιυχζ,
1471 3279 1508 3315 &³
1521 3280 1657 3324 proeftare
1667 3281 1782 3322 juberet
1789 3304 1822 3355 ‚D

1316 3329 1325 3336 *
1402 3338 1416 3352 A
1459 3334 1475 3355 2
1825 3323 1851 3359 a}
