2036 3495
454 65 523 99 De
565 65 765 99 PACTIS
807 73 868 98 ET
909 61 1457 99 TRANsiicTioNinus.

58 158 127 190 iste:
151 164 222 187 nam
251 155 339 196 pacta
358 154 377 186 si
400 163 468 195 quae
489 153 566 185 fiant
589 159 735 193 tempore
753 153 863 195 dandae
882 152 933 183 vel

58 199 210 240 augendae
231 198 314 229 dotis
328 198 367 228 de
383 206 418 227 ea
436 196 540 227 soluto
556 195 761 226 matrimonio
780 194 933 233 praeiente

57 242 109 271 die
124 238 333 277 restituenda,
359 237 498 269 formant
527 237 610 267 dotis
635 235 803 267 aaronem.
829 234 933 274 potest

57 289 163 312 autem
184 281 242 311 dos
269 281 298 310 dt
324 280 386 310 dari
404 279 432 311 ὅ(
451 279 556 319 augeri
574 285 636 308 tam
655 276 744 317 post,
769 286 860 315 quain
879 286 931 307 an-

59 330 90 354 te
108 345 118 361 ,
149 321 349 353 conti-:icium
374 319 620 352 matrimonium.
662 317 732 359 post
757 318 930 349 divortium

58 365 118 395 dos
143 372 247 403 neque
265 364 372 399 datur,
396 370 500 402 neque
518 368 660 399 augetur.
686 360 782 405 igitur
799 358 869 405 post
886 359 931 390 di-

58 402 197 436 vortium
231 403 311 434 facta
337 403 440 442 pactio
465 404 504 433 de
528 402 604 432 dote
623 401 775 440 praelente
794 401 846 431 die
864 401 931 431 red-

58 447 163 478 denua
188 454 252 482 non
282 444 409 483 prodest
434 444 470 474 ad
497 442 654 473 actionem
677 454 683 474 ε
703 442 773 482 quia
802 450 866 473 non
889 451 930 472 cx

58 486 241 518 continenti
257 482 357 523 facta,
375 484 425 515 sed
436 494 474 515 eit
492 483 669 514 intervallo.
688 483 752 513 lioc
763 491 858 514 unum
876 481 930 514 Ul-

58 529 142 569 piani
161 527 353 565 exemplum.
395 525 448 556 Est
465 526 494 555 ὅ(
512 525 644 556 alterum
665 525 694 555 in
714 524 761 555 his
780 525 884 555 verbis
899 525 927 555 d.

60 571 80 600 Ι.
98 579 125 609 7.
142 569 171 609 §.
188 579 219 609 5.
245 568 323 599 Idem
343 566 624 605 iliarcellusJCribit.
650 564 724 602 &si
740 567 771 596 in
789 566 883 596 tutelce
900 575 929 596 cz·

59 610 149 641 &tione
166 610 316 646 convenit,
339 614 372 638 nt
393 608 530 648 majores,
553 605 871 648 quoinftai‘utsesiint,
896 617 928 637 u-

49 655 129 691 Jurae
142 649 331 690 praestcntur:
346 649 438 679 locum
456 658 512 679 non
530 649 657 679 habehit.-
676 658 711 679 ne
728 658 763 679 ex
777 648 860 688 pasto
878 659 928 679 mir

57 693 154 730 statur
170 691 253 722 attio.
296 689 408 721 Sensus
431 689 554 730 Ulpiani
579 689 641 727 est,
667 690 848 730 pafflonem
866 699 930 720 non

58 732 257 775 profuturam
281 733 318 763 ad
344 732 519 769 athonem,
543 730 564 762 fi
587 732 660 762 duni
684 732 786 772 agitur
803 731 930 768 tutelae,

58 776 91 807 id
108 774 170 812 est,
185 772 205 804 fi
222 773 308 804 finita
326 773 423 803 tutela
439 774 529 812 (nam
547 781 613 803 tum
630 773 732 812 agitur
749 773 856 803 tutelae
869 772 886 803 l.
900 782 930 810 4.

58 816 104 849 D.
122 816 155 846 de
173 815 266 846 tutelae
284 814 319 848 &³
335 816 469 845 rationib.
487 811 695 854 distrahendis)
712 815 932 853 interponatur

59 857 184 898 pastio,
212 864 246 886 ut
274 856 407 896 majores
433 856 617 896 praestentur
640 854 755 892 usurae‚
779 864 872 894 quam
899 855 930 885 iri

59 899 169 930 tutelae
195 898 382 937 caeterisque
408 897 502 928 bonae
519 896 591 928 fidei
606 896 731 935 judiciis
751 895 930 933 Principum

60 939 350 972 constitutionibus
366 939 405 969 de
422 939 535 979 quibus
553 937 720 982 sci-ipsililt.
735 947 761 968 2.
784 936 828 967 De
838 937 932 982 foeno-

59 991 89 1012 re
105 980 141 1015 ἐξ
156 981 267 1018 uliiri's,
287 979 426 1011 definitae
445 978 524 1010 sunt.
549 979 578 1009 dt
597 980 721 1009 additui·
737 978 775 1009 ab
793 977 933 1017 Ulpiano

58 1024 141 1054 ratio
162 1030 257 1062 quain
272 1022 332 1061 jam
358 1021 469 1061 saepius
495 1021 674 1060 attigimus,
697 1019 744 1050 Ea
758 1021 832 1050 enim
844 1017 932 1059 pasta

62 1065 162 1101 insunt
180 1073 241 1104 quae
258 1063 344 1103 legem
362 1061 524 1093 contrastni
540 1064 630 1099 ciant,
647 1062 677 1091 id
692 1058 749 1101 eft,
764 1070 826 1101 quie
843 1062 872 1091 in
889 1061 932 1090 in-

57 1104 154 1147 greffzi
178 1104 341 1135 contractus
359 1103 443 1141 fabia
461 1106 540 1139 sunt.
583 1101 731 1133 Tertium
749 1102 933 1147 exemplum

62 1147 155 1188 ponit
176 1144 328 1185 Ulpianus
351 1146 378 1176 d.
396 1145 416 1176 l.
435 1154 462 1184 7.
488 1144 517 1185 ἓ.
538 1154 566 1184 5.
596 1144 627 1174 in
646 1144 812 1183 emptione
828 1143 934 1187 yendi·

62 1189 170 1219 tione:
187 1188 216 1217 in
234 1196 294 1227 qua
311 1186 489 1226 distinguit,
515 1194 618 1215 utrum
635 1184 759 1224 pactum
779 1193 820 1215 ex
837 1191 933 1230 inter-

60 1230 146 1260 vallo
165 1236 253 1260 extra
271 1236 410 1259 naturam
428 1226 610 1257 contractus
622 1248 631 1263 ‚
647 1235 684 1256 an
705 1226 744 1255 de
759 1234 795 1255 ea
811 1226 934 1264 adjicia-

60 1278 131 1302 tur:
156 1270 184 1300 δι
202 1277 312 1300 movet
331 1266 502 1307 Ulpianum
519 1267 687 1298 auctoritas
703 1266 884 1306 Papiniani,
903 1266 933 1297 in

61 1312 80 1342 l.
98 1320 146 1351 72.
166 1310 207 1341 D.
231 1311 262 1340 de
286 1309 477 1340 contrahendo.
503 1309 657 1348 emptione,
683 1307 725 1338 ita
750 1306 932 1345 scribentis,

64 1352 158 1385 Ραξία
181 1357 323 1382 conventa
344 1360 405 1392 qtcae
422 1347 518 1390 posteo
534 1348 620 1387 sabia
644 1347 799 1379 detrahunt
822 1348 933 1389 aliquid

62 1393 195 1434 emptioni
212 1394 351 1423 contineri
366 1391 515 1422 contraitis
533 1392 688 1428 vitientur,
704 1399 766 1431 quae
777 1398 842 1420 vero
859 1391 933 1430 adji-

63 1436 163 1472 ciunt,
181 1434 317 1464 credimus
335 1432 422 1474 [hoc]
442 1442 499 1463 non
516 1431 607 1472 ineffe.
640 1430 728 1474 Quod
743 1431 833 1462 locum
850 1431 932 1462 babet

62 1478 96 1507 in
119 1476 181 1514 his,
205 1485 267 1516 qnae
292 1474 468 1505 adminicula
484 1473 552 1511 sunt
573 1473 741 1513 emptionis:
762 1472 875 1507 velati,
899 1481 933 1503 ne

63 1518 157 1549 cautio
174 1517 264 1557 duplae
276 1513 443 1557 prestetum
468 1521 520 1545 ont
532 1538 541 1553 ‚
565 1521 597 1546 ut
614 1524 678 1545 cum
686 1513 850 1555 ficlejuffore
866 1523 932 1544 εαυ-

62 1559 102 1590 tio
117 1558 208 1597 tluplae
219 1554 378 1598 praestetur.
405 1557 459 1587 Sed
473 1566 527 1597 quo
543 1556 609 1595 casti
625 1561 726 1596 agente
740 1561 860 1595 emptore
875 1565 933 1586 non

61 1600 139 1631 valet
149 1597 269 1640 pastum
280 1622 289 1636 ,
304 1599 377 1629 idem
393 1599 467 1629 vires
485 1598 595 1628 habebit
608 1597 674 1636 jure
690 1598 860 1637 exceptionis
870 1620 879 1634 ‚
902 1607 931 1627 a-

60 1647 146 1682 gente
162 1642 317 1671 venditore.
337 1639 387 1670 An
404 1640 476 1669 idem
490 1639 548 1669 dici
561 1637 643 1678 poffit
655 1661 664 1675 ,
680 1637 763 1668 αῑιὲἶο
777 1635 871 1678 postea
888 1637 934 1668 vel

63 1683 205 1713 diminuto
217 1683 327 1722 pretio,
342 1690 399 1711 non
414 1681 552 1711 immerito
568 1678 715 1720 qusefitzim
727 1677 784 1720 est3
800 1681 934 1719 quoniam

63 1724 212 1763 emptionis
227 1720 396 1762 substantia
412 1720 535 1760 constitit
553 1729 589 1752 ex
600 1722 704 1761 pretio.
750 1720 864 1751 Paulus
884 1730 934 1751 no-

65 1770 130 1795 tat:
147 1762 176 1801 fi
192 1765 319 1794 omnihus
335 1764 454 1803 integris
471 1763 670 1800 manentibus,
693 1762 726 1792 cie
742 1763 872 1803 cingendo
889 1761 935 1793 vel

64 1805 247 1836 diminuendo
284 1805 353 1835 retio
370 1804 486 1843 rursum
501 1803 636 1834 convenit
649 1826 657 1839 ‚
671 1802 803 1843 receffnm
817 1813 835 1834 α
841 1805 935 1844 priore

65 1845 236 1884 contractu,
253 1810 288 1879 ἐξ
305 1855 382 1876 nova
398 1845 499 1884 emptio
517 1843 693 1884 interceffiffe
710 1845 837 1875 videtur.
859 1845 936 1876 Sub·

64 1887 174 1919 stantia
191 1887 365 1926 Papiniano
375 1886 419 1917 est
436 1885 500 1917 fine
516 1895 576 1927 qua
591 1885 772 1917 contractus
784 1895 848 1917 non
866 1886 934 1917 sub-

63 1927 155 1966 fistit,
179 1928 232 1960 etsi
258 1928 358 1959 velint
380 1927 620 1960 contrahentes.
650 1936 687 1958 ca
709 1926 875 1958 substantia
896 1927 935 1958 ab

65 1969 206 2010 Ulpiano
218 1970 245 2000 d.
264 1968 293 2010 §.
310 1979 338 2008 5.
354 1969 374 1999 l.
384 1978 412 2008 7.
427 1976 535 2000 natura
552 1968 745 2008 appellatur:
762 1976 844 2000 utex
862 1970 936 2000 utri-

63 2020 164 2052 usque
180 2011 241 2042 loci
260 2010 435 2042 collatione
453 2010 649 2050 intelligitur.
674 2009 810 2041 Proinde
827 2010 847 2041 si
864 2019 935 2050 quae

63 2051 122 2084 fint
138 2060 226 2083 extra
244 2060 386 2083 naturam
405 2050 587 2083 contractus
604 2051 778 2090 internam,
803 2051 864 2091 (sic
881 2061 935 2091 pu-

65 2096 120 2134 to)
136 2102 200 2125 non
217 2093 380 2133 pertinent
396 2093 434 2124 ad
453 2091 651 2124 substantiam
668 2092 867 2125 contractus:
891 2103 934 2124 at-

65 2143 127 2175 que
145 2144 180 2165 ea
195 2144 211 2165 a
229 2133 401 2174 Papiniano
417 2134 444 2165 d.
462 2134 481 2166 l.
498 2143 546 2174 72.
563 2134 751 2164 adminicula
766 2135 933 2173 dicuntur3

65 2175 296 2216 quasijuvantia
306 2175 522 2214 contractum,
540 2184 729 2215 quamquam
745 2176 884 2216 alioquin
897 2177 935 2207 ad

65 2226 136 2248 eum
164 2226 228 2248 non
253 2216 311 2248 sint
335 2216 522 2249 necess'aria:
546 2217 702 2256 denique,
725 2225 797 2248 cum
820 2218 936 2256 possint

64 2257 167 2288 abesse
183 2267 200 2288 a
215 2258 396 2296 contractu,
420 2266 526 2289 tamen
546 2257 609 2288 fine
626 2258 674 2289 his
693 2267 756 2289 non
773 2257 867 2289 facile
885 2268 935 2290 ce-

64 2299 202 2330 lebratus
223 2298 308 2330 ess‘et.
353 2299 441 2340 Quid
456 2308 532 2339 ergo
550 2298 619 2330 est?
643 2298 665 2330 si
681 2300 720 2330 de
740 2299 785 2331 his
802 2301 934 2331 admini-

65 2340 161 2378 culis,
178 2341 208 2370 id
220 2340 282 2378 eli,
300 2340 338 2371 de
355 2340 401 2372 his
418 2349 487 2380 quae
505 2340 573 2371 sunt
590 2348 680 2371 extra
698 2348 839 2372 naturam
859 2351 935 2372 con-

68 2381 182 2412 :ratius
199 2384 353 2413 internam
365 2404 374 2420 ,
389 2382 420 2412 in
438 2381 619 2412 continenti
636 2383 866 2421 conveniatur3
891 2383 935 2414 di-

66 2430 194 2461 cemus,
218 2423 359 2463 pactum,
382 2422 453 2462 quia
478 2423 531 2454 dat
558 2423 734 2454 contractui
761 2424 884 2464 legem,
906 2424 934 2455 ei

69 2463 161 2494 iness'e
176 2465 272 2494 etiam
290 2465 330 2495 ad
345 2463 521 2503 astionem,
540 2473 604 2495 non
624 2472 744 2495 tantum
762 2467 800 2495 ad
818 2475 934 2505 excep-

69 2503 207 2535 tionem:
223 2504 264 2536 fin
283 2514 321 2535 ex
338 2505 506 2536 intervallo
525 2505 746 2544 subsequatur,
761 2507 789 2537 ei
809 2516 872 2538 non
890 2508 934 2538 in-

71 2543 151 2583 efl'e,
172 2545 225 2576 nifi
248 2547 315 2585 jure
334 2547 551 2586 exceptionis:
575 2554 608 2577 ut
626 2545 815 2587 Papinianus
836 2549 936 2587 loqui-

73 2590 131 2614 tur.
165 2594 296 2626 nempe,
314 2588 459 2627 quiajam
479 2597 543 2619 non
561 2589 664 2628 legem
686 2589 739 2619 dat
756 2589 933 2620 contractui

71 2623 101 2653 in
123 2625 187 2663 eius
211 2626 359 2667 ingressu:
384 2629 435 2659 sed
459 2638 532 2660 curn
550 2629 714 2669 perfectus
739 2630 783 2661 cst
806 2639 932 2662 contra-

74 2664 158 2701 ἕως,
174 2667 298 2698 demum
315 2678 354 2700 ex
371 2669 541 2701 intervallo
556 2671 680 2701 accedit
696 2680 785 2702 extra
803 2672 867 2712 ejus
883 2681 934 2702 na-

71 2713 172 2750 turam
192 2707 219 2736 &
235 2706 440 2741 substantiam.
480 2712 587 2750 itaque
603 2720 667 2742 non
684 2713 790 2752 potest
806 2714 915 2744 haberi
927 2736 936 2751 ‚

71 2746 126 2777 nisi
146 2747 271 2778 nudum.
314 2749 389 2780 Hoc
405 2751 480 2781 mihi
499 2751 605 2782 sedet:
628 2751 699 2790 sed,
722 2761 755 2784 ut
779 2755 900 2786 recedit
919 2764 935 2785 a

73 2787 196 2827 Jacobo
213 2786 341 2827 Cujacio
358 2791 406 2821 lib.
426 2799 469 2829 14.
490 2792 610 2830 Observ.
627 2803 651 2824 c.
669 2799 724 2831 28,
740 2795 769 2825 ὅ(
785 2796 850 2826 aliis
866 2804 938 2827 eru-

70 2828 224 2860 ditiffimis
249 2829 447 2869 hominibus,
471 2832 610 2871 plui-ibus
631 2835 884 2868 confirmandum
903 2846 934 2867 e-

71 2871 124 2901 rit.
149 2868 195 2915 ’ῦς
211 2870 305 2915 igitur
324 2870 445 2910 statuti,
469 2873 593 2910 pastum
611 2876 787 2908 contractui
808 2878 847 2909 de
871 2879 935 2917 ejus

70 2912 270 2942 adminiculis
285 2920 322 2941 ex
341 2913 508 2944 intervallo
523 2914 675 2954 adjectum
688 2938 697 2952 ‚
713 2918 740 2947 ei
756 2927 819 2949 non
841 2918 935 2949 inesse

71 2955 110 2983 ad
126 2951 300 2982 astionem:
317 2953 424 2983 valere
435 2960 556 2992 tamen,
573 2955 706 2986 &ineffe
722 2958 759 2988 ad
770 2961 937 2997 exceptio-

70 3002 163 3025 nem:
176 2993 204 3022 id
216 2992 279 3029 est,
295 2994 492 3024 contractum
503 2996 733 3036 perimereipso
746 3000 824 3038 jure.
843 3009 937 3039 quam

73 3036 117 3066 ob
133 3042 197 3064 rem
208 3033 224 3064 ἱ)
239 3034 385 3066 nimirum
396 3045 434 3065 ex
445 3035 536 3075 patto
552 3037 642 3067 datur
658 3041 826 3079 exceptio:
842 3050 938 3080 atque

71 3086 106 3107 ea
124 3075 360 3114 qualiscumque
384 3076 438 3113 iit,
462 3076 539 3107 inest
554 3077 646 3109 bonae
666 3077 738 3109 fidei
754 3081 883 3118 judicio,
914 3073 955 3113 if

70 3118 154 3157 gitur
176 3115 318 3155 pastum,
343 3118 487 3156 quamvis
511 3117 545 3149 iit
563 3128 603 3149 ex
629 3121 796 3151 intervallo
819 3121 936 3155 factum

70 3162 111 3190 de
126 3158 339 3197 adminiculis,
350 3159 526 3191 contractui
545 3159 622 3192 inest
634 3183 642 3199 ,
654 3161 683 3192 <St
695 3171 766 3194 eum
785 3163 851 3204 ipso
866 3164 935 3204 jure

1781 75 1846 109 421

979 150 1129 182 dissolvit.
1166 150 1271 192 Atque
1288 151 1352 183 lioc
1368 153 1513 195 indigitat
1533 153 1718 194 Papinianus
1736 155 1765 185 in
1783 156 1809 185 d.
1828 155 1848 186 l.

976 200 1024 231 72.
1044 191 1154 229 Pacta,
1178 193 1343 233 inquiens,
1360 203 1500 226 conventa
1517 206 1578 237 qziae
1590 194 1782 236 poliecifofia
1799 198 1845 226 de-

976 233 1096 264 trahunt
1120 234 1231 275 aliquid
1247 236 1402 276 emptioni,
1427 238 1566 268 contineri
1581 238 1731 269 contracto
1747 239 1848 267 viden-

976 279 1047 305 tur:
1068 283 1130 315 quce
1151 285 1217 306 vero
1240 277 1401 317 adjiciunt,
1427 281 1566 310 credimus
1589 280 1646 310 [Ἀει-
1669 289 1725 310 non
1749 278 1844 318 ineffe.

973 314 1066 346 Scio:
1090 316 1132 346 ait
1150 316 1313 356 Cujacius‚
1333 320 1487 359 emptioni
1506 320 1648 359 detrahi,
1666 322 1717 352 ubi
1737 321 1775 352 de
1794 329 1847 352 iia-

975 364 1042 387 tura
1060 358 1232 397 emptionis
1250 363 1457 398 convenitur,
1482 371 1673 402 quamquam
1702 363 1844 401 alioquin

974 399 1002 428 ei
1021 398 1199 443 adjiciatur:
1224 400 1252 431 ἂ
1271 403 1426 440 emptioni
1444 403 1555 443 adjici,
1578 413 1650 435 cum
1668 403 1702 435 fic
1719 403 1846 444 patrum

973 439 1013 469 de
1026 440 1245 484 adminiculis,
1270 442 1346 473 licet
1361 443 1500 484 alioquin
1518 445 1546 475 ei
1565 445 1756 477 detrahatur.
1782 445 1845 476 Sed

974 479 1136 526 (jojacium
1149 504 1157 519 ‚
1175 482 1260 521 quod
1276 492 1348 515 cum
1367 484 1451 516 bona
1468 486 1533 525 ejus
1550 488 1643 517 venia
1661 487 1783 525 (licam,
1800 496 1847 518 rc-

972 520 1054 552 iutat
1074 522 1270 561 Papinianus.
1287 525 1330 555 ait
1347 526 1448 564 enim,
1466 526 1547 558 hanc
1563 527 1797 560 distinctionem
1814 529 1847 560 in

973 561 1019 593 liis
1036 572 1104 608 qua:
1121 564 1160 594 de
1176 566 1374 597 adminiculis
1392 566 1459 598 sunt
1474 568 1642 600 obtinere:
1660 571 1690 600 in
1703 570 1760 601 illis
1777 579 1847 610 quae

975 605 1015 633 de
1032 604 1198 635 lubstantia
1215 605 1305 645 sunt,
1329 617 1393 639 non
1412 609 1569 641 obtinere.
1600 609 1641 641 sic
1659 612 1767 651 utique
1784 612 1846 649 ait,

975 644 1063 687 Quod
1080 646 1170 676 locum
1187 647 1268 677 habet
1284 650 1314 679 in
1324 649 1367 679 his
1382 659 1443 689 quie
1459 651 1637 681 adiiziniculci
1648 656 1714 686 lunt
1729 654 1845 692 emptio-

973 695 1037 716 nis.-
1052 696 1087 732 ac
1104 697 1143 717 ne
1163 687 1320 720 dubitatio
1337 689 1413 721 cli‘et
1431 692 1581 723 alterutra
1601 693 1631 723 in
1650 692 1774 732 specie,
1791 695 1846 724 eti-

975 736 1024 758 am
1036 729 1142 766 adjicit
1158 730 1320 770 utriusque
1330 734 1512 774 exemplum
1524 745 1531 765 :
1545 733 1663 772 Veluti,
1679 735 1844 774 inquiens,

974 778 1009 798 ne
1031 771 1125 799 cautio
1155 771 1246 809 duplce
1265 771 1443 811 praestant,-
1473 780 1526 805 aut
1550 780 1584 805 ut
1611 785 1676 806 cum
1697 775 1846 817 fidejuffii-

973 818 1003 839 re
1026 811 1120 855 cantio
1141 811 1235 855 ,dzaeplce
1254 813 1410 854 prestetur.
1455 814 1637 857 Utrumque
1662 818 1847 858 exemplum

974 850 1017 895 de
1030 850 1245 898 adminiculis:
1272 853 1349 885 solet
1366 856 1450 887 enini
1473 858 1575 896 duplae
1600 861 1708 889 cautio
1732 859 1761 890 in
1781 869 1847 890 em-

973 899 1085 936 ptione
1103 892 1238 931 praessarl
1255 898 1335 926 nuda
1356 899 1595 936 repromissione
1612 899 1674 931 fine
1688 899 1847 940 fidejussb-

975 932 1059 963 ribus
1078 933 1096 962 ι.
1117 937 1167 972 56.
1194 933 1236 978 D.⁴
1253 936 1285 964 de
1302 936 1499 970 evitiionz'bus.
1543 941 1638 981 igitur
1653 940 1674 972 fi
1691 951 1730 972 ex
1750 943 1848 973 inter·

977 974 1061 1018 yallo
1098 983 1329 1014 conveniatur,
1353 987 1393 1009 ne
1416 982 1523 1012 cautio
1542 983 1646 1022 duplae
1662 982 1847 1024 praestetur,

976 1017 1007 1045 id
1031 1014 1153 1060 pastum
1173 1038 1182 1052 ,
1206 1018 1278 1062 quia
1305 1021 1460 1058 emptioni
1488 1023 1626 1054 detraliit
1643 1047 1653 1062 ,
1683 1025 1850 1064 emptione

976 1064 1152 1102 contineri,
1170 1056 1354 1096 Papinianus
1364 1061 1416 1092 ait.
1430 1065 1517 1101 quod
1534 1063 1553 1094 si
1570 1065 1712 1104 placeat,
1731 1074 1850 1097 utcum

976 1096 1155 1141 fidejussore
1178 1099 1342 1138 praestetur
1366 1103 1470 1143 duplae
1494 1107 1620 1137 cautio:
1644 1115 1738 1148 negat
1755 1108 1849 1147 Papi·

977 1147 1107 1184 mainus,
1132 1139 1194 1169 hoc
1210 1140 1336 1187 pactum
1349 1165 1358 1180 ,
1376 1147 1447 1183 quia
1466 1147 1622 1185 emptioni
1641 1149 1762 1188 adjicit,
1783 1159 1849 1180 em-

976 1187 1079 1224 ption-i
1098 1179 1204 1225 in-cffe.
1236 1191 1299 1213 non
1318 1185 1414 1224 igitur
1432 1186 1557 1224 pactum
1570 1211 1579 1225 ,
1603 1197 1676 1220 cum
1695 1191 1734 1220 de
1752 1191 1851 1222 admi-

977 1221 1089 1252 niculis
1113 1222 1148 1251 iit
1174 1231 1215 1253 ex
1239 1224 1430 1264 intervallo,
1454 1227 1483 1258 δι
1506 1236 1601 1268 auget
1626 1231 1847 1271 conti-atium,

976 1262 1063 1308 valet
1080 1271 1120 1293 ex
1136 1272 1228 1303 parte
1243 1265 1375 1297 actoris:
1400 1269 1471 1308 quia
1490 1278 1553 1300 non
1570 1270 1701 1309 prodest
1717 1273 1743 1302 ei
1761 1274 1799 1303 ad
1817 1282 1848 1303 a·

975 1303 1132 1350 §ii-onem:
1156 1304 1201 1336 est
1219 1307 1303 1338 enim
1326 1310 1466 1348 nudum3
1489 1320 1529 1341 ex
1546 1321 1653 1351 eoque
1671 1313 1753 1343 nulla
1772 1314 1851 1345 civi·

975 1346 994 1376 li
1012 1354 1080 1391 Jure
1099 1344 1235 1377 nascitur
1253 1348 1346 1381 astio.
1370 1351 1461 1382 aliter
1477 1361 1514 1382 ac
1531 1351 1551 1383 si
1565 1353 1710 1385 detrahat
1727 1363 1851 1386 contra-

977 1387 1056 1418 ctui:
1080 1394 1147 1418 tum
1167 1389 1251 1420 enim
1269 1390 1348 1421 inest
1369 1392 1411 1423 illi
1428 1402 1467 1423 ex
1487 1402 1576 1431 parte
1593 1395 1656 1426 rei:
1681 1396 1751 1435 quia
1770 1405 1852 1436 parit

977 1431 1233 1474 exceptionem3
1263 1440 1332 1471 qua:
1361 1434 1456 1464 bonae
1480 1434 1552 1466 fidei
1577 1436 1701 1476 judicio
1726 1436 1849 1478 semper

976 1477 1173 1516 continetur.
1219 1471 1306 1504 Idem
1337 1474 1444 1505 censet
1469 1475 1679 1515 Papinianus,
1703 1487 1775 1510 cum
1796 1489 1849 1520 pa-

976 1512 1060 1543 tium
1076 1513 1183 1551 adjicit
1203 1516 1379 1552 emptioni:
1403 1525 1474 1548 nam
1493 1516 1556 1548 huc
1575 1518 1717 1557 spectant
1733 1520 1802 1550 lioec
1819 1531 1851 1553 e·

973 1553 1022 1593 jus
1043 1552 1157 1591 verba,
1182 1554 1236 1585 Sed
1253 1564 1306 1596 quo
1331 1557 1398 1596 casii
1424 1565 1525 1599 agente
1550 1565 1671 1599 emptore
1699 1570 1756 1591 non
1773 1562 1853 1593 ‘volet

970 1593 1109 1636 pastum,
1133 1596 1205 1626 idem
1227 1599 1305 1627 vires
1330 1598 1441 1630 habebit
1456 1600 1525 1639 jure
1550 1601 1741 1640 exceptionis,
1764 1612 1853 1643 agen-

977 1643 1003 1667 te
1028 1637 1185 1668 venditore.
1232 1636 1309 1670 Non
1337 1648 1387 1671 me
1411 1643 1573 1679 praeterit,
1598 1643 1685 1681 quod
1711 1642 1851 1682 Jacobus

980 1678 1125 1718 Cujacius
1141 1680 1168 1709 d.
1188 1689 1211 1710 c.
1230 1684 1279 1714 28.
1312 1680 1376 1712 hoc
1401 1687 1502 1724 agente
1526 1684 1689 1722 venditore,
1712 1684 1754 1716 fic
1770 1687 1854 1717 acci-

978 1721 1046 1761 pit,
1070 1719 1154 1760 quati
1181 1720 1266 1752 dicat
1289 1721 1477 1763 Papinianus
1495 1747 1504 1762 ,
1534 1725 1702 1764 defendente
1724 1728 1855 1758 vendito-

977 1771 1026 1798 re,·
1053 1762 1220 1801 quomodo
1248 1764 1293 1794 ait
1316 1765 1348 1796 id
1370 1765 1503 1796 verbum
1520 1765 1657 1807 usurpari
1675 1775 1706 1798 in
1723 1767 1742 1798 l.
1764 1777 1789 1799 1.
1808 1768 1853 1802 D.

978 1805 1012 1835 de
1028 1804 1149 1834 edendo.-
1174 1812 1238 1834 non
1258 1805 1371 1845 ignoro
1390 1816 1538 1848 quoque,
1555 1809 1642 1847 quod
1659 1808 1756 1849 illud,
1773 1809 1853 1841 Idem

978 1845 1058 1875 vires
1082 1844 1193 1875 habebit
1210 1845 1280 1887 jure
1303 1849 1478 1888 exceptionis
1496 1872 1505 1887 ‚
1529 1848 1571 1880 fic
1594 1851 1744 1889 exaudit,
1767 1851 1854 1891 quasi

979 1884 1134 1927 significet
1151 1885 1361 1928 Papinianus,
1378 1889 1468 1929 paeta
1484 1891 1524 1921 de
1541 1891 1760 1931 adminiculis,
1776 1901 1853 1926 cum.

979 1938 1020 1959 ex
1045 1927 1213 1959 intervallo
1231 1930 1387 1970 emptioni
1406 1931 1613 1971 adjiciuntur,
1637 1942 1674 1964 ea
1690 1943 1755 1965 non
1772 1943 1853 1967 con-

979 1970 1091 2008 tineri3
1116 1969 1146 2001 &
1162 1970 1237 2002 ideo
1254 1972 1351 2013 magis
1369 1973 1407 2003 ad
1421 1974 1670 2013 exceptionem,
1694 1984 1786 2014 quam
1803 1976 1852 2016 ip-

978 2011 1011 2041 so
1027 2011 1115 2050 jure,
1139 2011 1296 2051 prodeffe.
1337 2013 1400 2045 Sed
1423 2022 1569 2046 nentrum
1590 2015 1667 2047 mihi
1685 2016 1851 2056 probatur.

978 2053 1113 2093 primum
1139 2061 1237 2093 puto,
1263 2054 1423 2095 Papiniani
1451 2055 1547 2087 verba
1572 2064 1694 2088 tantum
1720 2058 1759 2088 ad
1779 2067 1850 2089 eain

978 2094 1140 2134 pertinere
1166 2094 1304 2135 speciem
1323 2119 1332 2134 ‚
1363 2097 1393 2127 in
1417 2106 1478 2137 qua
1504 2099 1662 2137 emptioni
1693 2099 1851 2138 adjicitur.

979 2136 1095 2167 deinde
1111 2136 1211 2176 exigit
1228 2137 1451 2175 interpretatio
1469 2139 1562 2169 bonae
1579 2137 1671 2177 fidei,
1687 2148 1721 2170 ut
1736 2150 1853 2180 excep-

980 2178 1026 2208 tio
1043 2185 1132 2217 aeque
1149 2177 1259 2209 hocin
1279 2178 1348 2209 casu
1366 2178 1435 2210 infit
1452 2179 1568 2211 astioni
1585 2180 1679 2211 bonae
1695 2180 1788 2220 fidei,
1806 2192 1852 2213 at-

979 2228 1041 2253 que
1059 2220 1089 2249 in
1109 2218 1285 2258 superiore:
1310 2220 1386 2250 licet
1411 2221 1537 2260 pastum
1561 2231 1627 2253 non
1645 2223 1748 2254 valeat
1767 2225 1805 2255 ad
1821 2234 1854 2255 a·

978 2260 1127 2290 filonem.
1171 2259 1277 2292 Pone:
1301 2262 1385 2293 inter
1400 2269 1580 2303 emptorem
1599 2263 1628 2294 ἃ
1646 2265 1850 2297 venditorem

978 2311 1017 2331 ex
1035 2301 1204 2332 intervallo
1225 2303 1378 2333 convenit
1394 2326 1403 2341 ‚
1419 2311 1454 2334 ut
1471 2305 1621 2336 venditor
1636 2305 1676 2335 de
1690 2306 1785 2345 dupla
1802 2316 1852 2337 ca-

978 2351 1070 2372 veret
1094 2342 1174 2373 datis
1201 2341 1455 2384 fidejiiss'oribus:
1485 2355 1550 2377 non
1575 2347 1696 2386 poterit
1722 2355 1851 2387 emptor

978 2392 1070 2423 agere
1088 2393 1128 2413 eo
1147 2385 1294 2416 nomine:
1318 2385 1390 2426 quia
1415 2386 1478 2417 hoc
1499 2386 1622 2426 pastum
1639 2387 1759 2427 aliquid
1776 2390 1852 2430 adji-

978 2428 1023 2455 cit
1038 2432 1127 2455 extra
1141 2433 1280 2457 naturam
1299 2426 1455 2458 internam
1475 2427 1674 2460 contractus:
1698 2429 1727 2459 <St
1744 2438 1851 2462 tamen

977 2465 997 2497 fi
1026 2466 1175 2497 venditor
1201 2470 1339 2507 pretium
1370 2476 1460 2508 petat
1485 2468 1610 2500 afflone
1634 2479 1674 2500 cx
1696 2472 1850 2511 vendito,

979 2506 1274 2547 proficietemptori
1285 2509 1411 2549 pactum
1423 2533 1432 2547 ‚
1449 2518 1563 2551 agente
1575 2511 1760 2545 venditore:
1778 2523 1849 2545 nam

979 2547 1084 2587 potest
1099 2557 1227 2589 emptor
1244 2551 1290 2581 uti
1307 2551 1521 2591 exceptione,
1538 2551 1635 2582 Extra
1652 2562 1745 2591 quam
1762 2554 1782 2586 fi
1799 2565 1852 2596 pa-

979 2590 1063 2620 tium
1087 2598 1284 2622 conventum
1309 2591 1344 2622 iit
1357 2615 1367 2630 ,
1391 2592 1431 2623 de
1449 2593 1542 2632 dupla
1560 2595 1663 2625 caveri
1682 2604 1754 2626 cum
1773 2595 1850 2627 fide-

975 2630 1101 2670 jussore.
1133 2641 1169 2662 ea
1196 2642 1274 2663 vero
1299 2633 1454 2673 exceptio
1476 2634 1554 2665 inest
1568 2635 1688 2674 iudicio
1706 2637 1800 2668 bonae
1817 2639 1853 2670 fi-

978 2672 1049 2711 dei,
1072 2671 1135 2703 sive
1152 2672 1298 2713 opposita
1324 2675 1352 2705 in
1373 2675 1441 2714 jure
1466 2676 1548 2716 apud
1569 2675 1762 2718 Praetorem,
1787 2678 1851 2712 sive

979 2714 1042 2744 illic
1059 2713 1184 2749 omiffa,
1203 2715 1302 2745 modo
1316 2716 1399 2755 apud
1415 2715 1559 2756 Judiccin
1576 2718 1749 2760 allegetur3
1765 2721 1852 2752 ideo·

979 2764 1041 2799 que
1059 2755 1125 2794 ejus
1142 2754 1253 2786 officio
1271 2757 1464 2789 continetur.
1496 2757 1636 2799 Exposui
1656 2760 1774 2792 sensum
1792 2763 1850 2794 Pa-

980 2796 1095 2835 piniani
1112 2796 1141 2825 in
1159 2798 1188 2826 d.
1206 2797 1225 2826 l.
1244 2806 1291 2838 72.
1317 2799 1369 2838 qui
1389 2798 1409 2830 fi
1427 2799 1549 2840 placet;
1574 2801 1668 2833 etiam
1687 2803 1848 2843 expofitus

980 2836 1024 2881 cst
1043 2837 1096 2867 ille
1114 2835 1262 2877 Ulpiani,
1279 2839 1308 2870 in
1325 2841 1353 2871 d.
1372 2840 1392 2871 l.
1413 2849 1440 2880 7.
1460 2840 1488 2883 §.
1504 2852 1534 2881 5.
1551 2842 1624 2881 verfi
1648 2843 1726 2874 Idem
1741 2845 1848 2884 respon-

970 2877 1118 2923 sum-scio
1142 2888 1160 2909 a
1187 2879 1366 2920 Papiniano.-
1389 2883 1462 2922 quia
1480 2884 1624 2915 eamdem
1650 2884 1848 2924 persequitur

981 2918 1054 2966 facti
1073 2918 1227 2959 speciem,
1252 2922 1280 2952 ἁ
1297 2923 1377 2954 hanc
1393 2932 1434 2955 ex
1453 2924 1618 2964 Principiis
1637 2925 1807 2963 Papiniani.

1019 2958 1041 2989 ‘1
1055 2968 1161 2992 autum
1190 2962 1229 2993 de
1253 2963 1350 3002 patris
1368 2965 1406 2996 ad
1422 2967 1643 2997 contractuum
1660 2966 1850 2998 adminicula

981 3000 1198 3040 spectantibus.
1223 3003 1393 3045 sequuntur
1409 3016 1479 3047 quae
1498 3010 1534 3038 ad
1552 3008 1707 3038 internam
1724 3015 1849 3039 contra-

982 3042 1085 3073 ctuum
1105 3052 1263 3083 naturam,
1289 3045 1352 3077 five
1370 3048 1408 3079 ad
1426 3057 1537 3079 eoi-um
1560 3046 1758 3078 substantiam
1778 3058 1849 3089 pcr-

981 3084 1093 3115 tinent.
1116 3083 1168 3115 hic
1183 3094 1287 3118 autem
1307 3089 1432 3128 placet,
1450 3090 1638 3128 reintegra,
1657 3087 1733 3119 nibil
1751 3089 1848 3122 inter·

980 3123 1058 3164 elie,
1075 3133 1176 3157 utrum
1192 3127 1230 3158 ab
1247 3129 1338 3160 initio
1356 3128 1410 3161 fiat
1426 3129 1568 3169 pactum,
1585 3137 1621 3159 an
1640 3137 1680 3159 ex
1696 3131 1846 3164 interval-

977 3165 1028 3198 lo.-
1050 3174 1220 3207 praeterea‚
1247 3178 1350 3204 utrum
1376 3171 1519 3209 adjiciat,
1543 3179 1580 3202 an
1604 3169 1748 3204 detrahat
1766 3182 1844 3205 con-

1099 3206 1240 3250 Gega
1787 3222 1846 3246 tra-
