2036 3495
459 140 522 176 An
548 139 640 173 L113.
668 133 744 170 XII.
780 133 875 171 Τιτ.
903 131 968 169 VI.
1003 132 1054 169 De
1070 132 1250 169 conditum
1264 132 1398 168 indebiti.

36 230 226 270 con'dletio?
250 231 311 265 Sed
329 231 511 268 videamus3
533 237 574 259 ne
600 231 751 272 oporteat
776 233 843 256 eam
865 235 910 271 re·

37 279 140 321 gulam
162 277 201 308 lie
231 275 355 313 accipi3
386 271 467 312 quali
499 269 594 307 velit,
614 269 688 312 lm'ls.
711 276 851 297 errorem
880 276 910 297 in

41 319 149 352 medio
179 327 244 349 reni
273 315 473 353 relinquere,
497 319 605 357 eoque·
623 307 753 348 perinde
770 308 909 346 habere,

39 370 76 392 ac
94 359 112 391 si
130 368 192 390 non
219 356 294 388 effet
322 362 474 386 erratum:
497 354 537 383 lic
556 359 639 381 enim
666 356 910 394 nequetnoceb

42 410 148 439 neque
165 397 301 439 prodest.
326 397 367 427 ita
386 394 548 434 CuJacius‚
572 400 668 430 atque
685 390 844 435 ingeniole
861 391 909 434 lib.

66 466 72 473 .
92 442 210 472 Olilerv.
231 449 252 469 c.
272 447 319 478 39.
346 435 476 476 proinde
503 442 566 464 non
595 431 639 478 est
664 431 812 477 dubium,
836 439 912 469 quin

44 483 220 516 indebitum
240 479 363 510 solvens
380 486 434 517 per
457 482 595 506 errorem
613 482 706 510 JuriS,
732 471 827 502 faeiat
846 480 911 515 qui-

44 525 116 556 dem
141 523 306 557 damnum,
341 528 371 549 at
394 527 456 549 non
490 514 533 545 ob
557 515 632 554 juris
660 522 828 551 errorem3
862 512 913 542 led

44 571 176 606 propter
194 562 400 593 solutionem:
424 557 493 598 quia
519 555 649 595 perinde
668 554 734 592 cst,
759 553 833 599 zie-li,
848 562 912 584 non

45 605 121 636 esset
139 611 289 634 erratum:
314 601 344 631 id
368 599 429 635 est,
452 607 488 628 ac
507 597 526 628 fi
555 597 733 627 indebitum
760 605 775 626 a
796 596 912 625 {ciente

44 646 120 678 css'et
138 644 279 675 solutum.
327 640 365 671 Et
385 642 472 680 quod
488 637 531 669 est
551 638 643 669 valde
659 636 888 667 observandum
901 656 909 672 ‚

45 685 149 727 potest
168 685 228 715 linc
245 682 352 714 referti
373 683 458 721 quod
477 682 506 711 in
525 679 543 710 l.
560 679 670 723 penult.
692 677 719 719 §.
744 677 796 708 till.
822 676 859 722 D:
878 675 910 706 cle

38 729 99 770 jur.
118 723 234 763 &fast
254 725 345 764 ignor.
368 732 385 753 a
414 722 510 754 Paulo
534 721 668 755 dicitur,
694 720 909 760 Ignorantiam

44 769 137 805 stiffi,
161 775 222 796 non
238 765 311 805 juris
330 763 491 803 prodesse:
517 770 576 792 nec
601 761 699 792 stultis
724 760 823 791 solere
847 760 908 789 iuc-

44 810 142 843 curri,
168 807 218 837 sed
236 806 422 837 cri-antibus.

86 848 247 881 Postremo
273 846 425 877 deiiderat
449 844 582 875 indebiti
608 842 771 874 condictio
791 865 800 880 ,
832 839 911 872 solu-

44 898 109 923 tum
127 889 188 921 effe
206 889 381 919 indebitum
414 887 478 917 hoc
496 895 572 916 vero
592 885 730 924 pluribus
748 882 850 914 modis
861 890 909 912 ac-

43 933 130 964 cidit.
156 931 287 970 primum
305 929 349 960 est
365 928 539 959 indebitum
567 927 654 957 nullo
672 927 738 965 jure
758 924 911 968 debitum.

45 975 84 1005 de
102 982 168 1012 quo
198 971 272 1002 nibil
296 971 409 1001 attinet
437 969 516 1000 dici:
540 968 611 1007 quia
635 966 679 997 est
705 975 778 996 vere
794 964 911 995 indebi-

45 1024 130 1052 tum,
157 1013 242 1052 quod
260 1019 373 1042 neutro
388 1011 455 1050 jure
471 1010 613 1053 debetur.
646 1008 663 1038 l.
682 1012 728 1039 26.
752 1006 780 1048 §i
801 1016 828 1046 3.
846 1005 872 1035 h.
893 1010 913 1035 c.

45 1065 148 1097 ptine:
179 1054 261 1084 nulla
285 1053 455 1083 intervenit
479 1049 632 1090 obligatio
661 1058 701 1080 ex
730 1046 913 1093 contraditi,

47 1097 128 1128 nulla
146 1105 184 1125 ex
202 1095 334 1130 delicto,
361 1103 437 1124 vero
463 1092 513 1123 vel
532 1090 624 1130 quasi.
650 1099 751 1130 pone,
777 1096 914 1119 interve·

48 1137 125 1169 niss'e
140 1135 242 1167 causas
258 1136 487 1175 obligationum
501 1157 509 1170 ‚
534 1132 585 1163 sed
609 1141 676 1168 quae
693 1133 759 1170 jure
781 1139 844 1160 non
863 1137 912 1159 va-

47 1179 182 1213 luerint;
206 1185 239 1206 ut
264 1176 329 1206 sunt
354 1176 459 1207 inultm
484 1174 560 1205 tales
585 1173 636 1203 sub
653 1171 766 1202 Titulo
788 1168 858 1210 Inst.
881 1170 914 1200 de

48 1217 239 1257 iizuz.slipul.
266 1217 293 1247 ὅ(
312 1217 395 1247 alibi.
421 1216 514 1255 quid,
538 1213 559 1246 fi
585 1214 769 1258 viluerunt,
793 1211 843 1242 sed
867 1213 912 1251 ju-

47 1271 82 1292 re
100 1269 162 1290 non
182 1259 354 1289 babuerunt
370 1256 544 1288 effe-Cium?
569 1255 643 1286 niliil
662 1262 761 1285 mutat
780 1252 797 1282 l.
814 1262 862 1296 5¹4.
885 1253 914 1281 h.

50 1309 69 1332 t.
94 1301 123 1332 ἃ
140 1301 181 1330 eil
198 1299 303 1329 casus:
326 1298 344 1329 il
372 1299 447 1337 quid
476 1305 541 1327 erat
562 1295 703 1327 debitum
724 1295 793 1334 jure
809 1292 913 1338 civili,

48 1343 101 1374 sed
125 1348 250 1382 poterat
269 1349 322 1379 per
341 1346 567 1378 exceptionem
588 1335 746 1367 infirmari.
769 1334 813 1365 est
830 1343 913 1364 enim

49 1383 113 1422 ejus
139 1381 262 1412 exactio
287 1381 405 1411 i'uinmo
428 1380 521 1419 Jure:
550 1380 622 1418 quia
647 1375 912 1421 producit-actio-

48 1432 136 1456 nem:
161 1422 210 1453 sed
230 1420 364 1452 instituta
384 1420 485 1461 potest
507 1420 574 1459 jure
593 1419 744 1450 Praetori'o
769 1418 840 1447 elidi
860 1425 915 1455 per

48 1464 282 1498 exceptionem.
316 1472 379 1501 quo
403 1461 509 1497 facto,
534 1460 610 1491 niliil
635 1458 782 1496 interest3
809 1466 914 1488 utrum

50 1506 89 1537 ab
105 1506 195 1536 initio
217 1504 298 1534 nulla
324 1504 417 1534 fuerit
435 1503 535 1538 actio,
560 1511 595 1531 an
616 1511 671 1541 pei·
688 1508 913 1540 exceptionem

50 1547 220 1578 elideretur
236 1545 253 1575 l.
274 1553 339 1575 112.
360 1546 404 1574 1).
419 1545 451 1573 de
467 1553 515 1583 reg
541 1543 601 1585 jur.
636 1542 708 1572 Hoc
731 1550 836 1572 tamen
859 1539 912 1571 Ul-

50 1588 145 1628 piano
166 1588 192 1616 cl.
216 1587 285 1616 l.26
316 1585 343 1626 §
361 1595 388 1624 3.
418 1587 542 1615 demum
569 1584 690 1623 placet,
717 1583 736 1613 si
763 1591 914 1621 perpetua

50 1628 86 1660 fit
105 1628 262 1665 exceptio
289 1625 400 1657 Recte:
425 1634 493 1655 iiam
520 1624 539 1655 ss
564 1624 746 1664 temporalis
763 1623 816 1662 {313
840 1632 901 1654 con

53 1677 99 1700 tra
115 1668 166 1699 est
194 1666 348 1707 fingezest
365 1666 478 1705 aliquid
496 1666 674 1706 promissum
694 1667 723 1696 in
743 1665 844 1696 diem:
861 1664 916 1695 sta-

53 1710 108 1742 tim
134 1709 286 1747 (lebetur3
309 1707 362 1738 etli
387 1716 450 1738 non
477 1706 580 1746 potest
605 1707 708 1748 exigi,
731 1714 803 1737 ante
821 1715 914 1746 quam

52 1751 142 1781 venit
161 1750 235 1781 dies.
262 1749 354 1789 igitur
372 1749 504 1779 solutum
521 1756 593 1779 ante
609 1749 784 1786 diem,n0n
803 1748 914 1787 repeti>

53 1799 104 1822 tui·
120 1791 138 1822 l.
161 1800 205 1822 10.
228 1790 267 1821 J).
285 1791 310 1821 h.
329 1796 349 1819 t.
376 1791 448 1829 quia
477 1789 576 1820 statim
596 1789 681 1820 ceffit
699 1789 785 1826 dies,
811 1797 914 1828 quam-

53 1833 101 1863 vis
118 1833 258 1862 nondum
277 1832 364 1862 vcnit
381 1832 398 1861 l.
415 1840 483 1871 213.
502 1832 549 1861 A).
564 1831 595 1860 cle
609 1832 686 1861 verb.
701 1830 782 1871 oblig.
822 1829 913 1862 Hoc:

53 1874 74 1906 fi
93 1874 232 1904 debitum
251 1872 286 1904 fit
309 1873 338 1903 in
367 1873 449 1903 diem
466 1879 599 1903 certum.
627 1871 677 1902 De
693 1872 816 1903 incerto
840 1871 912 1903 deli-

52 1915 208 1946 heremus.
233 1912 276 1944 est
295 1914 318 1943 is
342 1921 394 1944 aut
409 1913 539 1943 omnino
556 1915 692 1944 incertus
705 1936 713 1951 ‚
735 1921 786 1943 aut
805 1914 914 1952 utique

51 1964 225 1986 venturus:
251 1954 314 1985 hoc
334 1955 403 1985 cal‘u
421 1963 478 1994 pro
495 1962 586 1985 certo
605 1954 668 1992 est,
694 1954 748 1985 illo
772 1953 916 1985 conditio

50 1996 204 2028 habetur:
223 1995 331 2032 estque
350 1996 414 2035 ejus
433 1996 592 2035 proprium
606 2019 613 2032 ‚
638 2004 672 2026 ut
689 1996 836 2035 quamdiu
854 2005 915 2027 non

51 2037 175 2075 existit,
199 2036 234 2068 iit
250 2037 377 2077 quidem
397 2038 463 2075 lpes
483 2037 623 2068 debitum
643 2038 699 2076 iri,
725 2037 774 2068 sed
792 2036 913 2069 interim

52 2079 120 2110 <lies
143 2087 247 2117 neque
273 2077 406 2115 venisse,
431 2087 535 2116 neque
565 2077 681 2109 ceffiss'e
707 2079 826 2109 dicatur
848 2081 874 2109 ci.
896 2079 915 2109 l.

52 2128 120 2160 213.
146 2129 251 2159 eoque
274 2119 408 2150 inlutum
434 2127 592 2159 tamquam
613 2120 807 2158 indebitum,
832 2121 914 2159 opti·

51 2170 106 2192 nio
123 2161 189 2199 iure
207 2160 376 2199 repetitur:
401 2161 474 2191 licet
492 2161 631 2192 debitum
659 2160 711 2191 sub
729 2160 915 2193 conditione

53 2202 240 2233 omnimodo
256 2201 408 2234 exstatura
424 2201 557 2232 solutum
576 2203 674 2241 repeti
693 2203 856 2242 nequeatl.
873 2207 916 2233 16.

54 2252 99 2281 17.
120 2246 162 2276 18·
185 2242 221 2271 D.
240 2243 267 2274 b.
284 2248 303 2272 t.
327 2242 514 2273 observante
530 2241 670 2283 Ulpiano
692 2244 709 2273 l.
735 2253 762 2280 9.
781 2243 800 2285 §
833 2253 856 2275 1.
878 2243 918 2274 D.

49 2286 87 2314 ‘de
101 2289 199 2313 novat.
223 2293 293 2314 eum
312 2284 363 2321 qui
384 2282 436 2313 l'ub
453 2285 641 2315 conditione
658 2284 836 2323 stipulatur,
849 2294 917 2324 quae

51 2325 239 2355 omnimodo
263 2323 418 2355 exstatura
443 2324 505 2361 est,
539 2326 636 2356 videri
662 2334 739 2365 pure
771 2325 916 2366 stipulari.

52 2365 159 2407 Quid,
178 2365 195 2396 ii
214 2366 393 2404 dubitetur,
413 2375 449 2395 an
467 2368 603 2396 extitura
621 2366 654 2397 sit
675 2366 819 2397 conditio
833 2367 849 2398 ἵ)
867 2366 917 2397 Pa·

51 2408 193 2447 pinianus
217 2407 233 2438 l.
253 2411 301 2446 56.
319 2407 345 2437 b.
367 2413 387 2437 ι.
410 2406 521 2438 sufficit
538 2431 547 2446 ‚
576 2406 703 2447 inquit,
735 2409 773 2439 ad
797 2407 917 2439 causam

52 2448 203 2484 indebiti,
228 2448 382 2478 incertum
408 2448 487 2486 eil-e,
511 2451 720 2489 temporaria,
744 2458 780 2480 an
805 2458 903 2489 perpe

51 2495 119 2521 tua,
144 2487 176 2519 (it
193 2490 392 2528 exceptionis
410 2488 562 2521 defensio.

92 2529 136 2559 Sit
154 2531 244 2569 igitur
260 2530 365 2570 regula
388 2532 477 2570 (nain
497 2532 635 2571 regulam
654 2531 769 2562 indicat
786 2530 903 2572 Inscrip

54 2569 100 2599 tio
119 2569 138 2599 l.
156 2579 205 2607 40.
227 2571 270 2601 D.
294 2574 320 2602 b.
338 2577 348 2601 ι
363 2572 379 2611 )
404 2571 467 2616 Qgiz'
483 2575 672 2610 exceptionem
681 2579 849 2613 perpetuam
865 2574 901 2603 ha

54 2611 121 2646 bet,
152 2611 275 2641 trebicum
302 2619 351 2650 per
374 2622 494 2643 errorem
522 2614 646 2647 solutum
673 2621 793 2654 repetere
817 2613 914 2654 potest.

50 2651 94 2682 At
112 2659 171 2680 nec
189 2651 255 2680 haec
276 2654 378 2691 regula
404 2653 447 2684 est
468 2653 530 2685 fine
556 2655 768 2695 exceptione3
791 2655 810 2685 si
833 2656 917 2686 audi-

52 2700 119 2723 mus
139 2691 332 2722 Mart-iamim
355 2695 381 2723 d.
399 2694 415 2723 l.
435 2697 600 2727 arbitratur
620 2699 663 2734 is,
687 2698 781 2727 talem
801 2705 914 2736 excep

53 2734 174 2777 tionem
197 2741 247 2761 aut
264 2733 329 2776 ejus
347 2733 433 2777 causa
452 2744 521 2767 cum
540 2746 605 2777 quo
622 2739 742 2778 agitur,
767 2739 849 2775 dari;
866 2744 918 2767 aut

51 2775 81 2804 in
99 2774 206 2803 odium
225 2776 400 2805 creditoris.
426 2778 530 2813 priore
545 2779 615 2809 casu
629 2787 693 2815 ait,
720 2778 854 2810 solutum
873 2788 918 2808 re-

52 2816 141 2854 pcti3
166 2814 260 2850 idque
283 2815 428 2846 accidere
455 2817 482 2846 in
506 2817 786 2850 senatusconsulto
809 2821 848 2850 de
872 2820 916 2849 in·

50 2854 307 2891 tei·ceffionibus;
331 2855 360 2886 id
378 2855 421 2886 est
441 2856 721 2892 Senatusconsulto
739 2860 916 2900 Vellejano.

50 2895 226 2940 posteriore
248 2904 354 2935 putat,
380 2905 541 2940 perperam
559 2899 693 2933 solutum
712 2912 774 2932 non
796 2903 916 2940 i·epeti;

50 2938 170 2973 veluti,
193 2935 213 2966 ss
232 2936 445 2968 filiusfamilias
472 2948 583 2970 contra
601 2941 916 2974 Senatusconi'ultum

47 2977 318 3009 Macedonianum
339 2987 478 3010 mutuam
498 2989 661 3018 pecuniam
681 2993 859 3022 acceperit,
887 2983 915 3013 δι

47 3018 272 3060 paterfamilias
290 3018 389 3050 faetus
407 3020 554 3051 iolverit:
578 3024 720 3054 nimirum
733 3048 742 3061 ‚
759 3026 831 3062 quia
850 3033 917 3064 per.

46 3069 142 3101 petua
166 3068 317 3099 exceptio
342 3061 442 3091 altero
471 3060 500 3091 in
527 3062 596 3093 casu
622 3065 714 3095 etiam
744 3067 917 3096 naturalem

46 3101 275 3139 obligationem
297 3102 397 3132 tollit:
421 3102 450 3132 in
475 3103 576 3133 altero
601 3112 719 3136 tantum
743 3105 869 3136 civilem
896 3106 916 3136 l.

47 3151 76 3178 9.
99 3141 126 3182 §.
143 3142 194 3171 ult.
211 3141 247 3175 &³
273 3143 292 3172 l.
317 3151 360 3174 ιο.
385 3143 421 3173 Ι).
449 3144 481 3173 de
503 3144 652 3177 Senazzisc.
674 3148 910 3178 lislacedonz'ano:

45 3185 123 3214 utin
141 3183 213 3212 loco
232 3184 505 3215 demonstrabitur.
865 3186 868 3188 ’

81 3222 162 3295 ζιιῖιὶυά
181 3225 292 3299 ιῆειίε,
316 3227 402 3266 quod
418 3227 450 3259 in
466 3228 664 3269 exceptione
684 3228 910 3271 competentiae

124 3274 160 3296 m-
219 3286 229 3298 ι

1759 143 1826 179 233

955 231 1014 262 qua
1036 222 1163 254 maritus
1180 222 1219 254 de
1235 223 1313 254 dote
1331 228 1510 254 conventus
1527 221 1608 254 ultra
1626 229 1719 261 quam
1742 219 1828 253 face-

954 274 987 294 re
1006 265 1117 303 pellit,
1143 263 1171 294 ie
1188 272 1310 303 tuetur,
1334 264 1377 295 est
1400 273 1414 294 a
1437 264 1532 297 l'aolo
1555 264 1574 293 l.
1592 268 1610 298 8
1637 265 1664 294 h.
1683 271 1704 294 t.
1730 265 1822 294 iradi-

954 313 1019 334 tum
1051 306 1134 335 bunc
1158 306 1187 335 in
1214 307 1365 337 modum:
1398 305 1481 347 Quod
1501 307 1613 336 mittiue
1636 306 1752 341 marici,
1776 304 1827 345 qui

945 345 1083 385 solvendo
1100 356 1156 376 vion
1166 344 1224 383 fit,
1249 347 1323 377 alius
1340 348 1453 377 iiiuizcrz'
1465 346 1590 386 svlvzffel
1601 369 1610 383 ‚
1634 353 1752 386 repetere
1767 355 1825 376 non

949 384 1059 426 polest:
1082 390 1147 416 adeo
1171 389 1296 417 debitum
1323 387 1387 426 effe!
1418 387 1541 417 mulieri.
1594 387 1673 418 Mihi
1699 389 1824 417 ridetur

955 436 991 457 ea
1015 427 1165 465 exceptio
1185 435 1254 457 tota
1279 426 1340 458 esse
1365 429 1585 460 humanitatis:
1610 429 1716 466 itaque
1736 428 1827 459 mari-

956 475 1004 498 tus
1028 478 1064 497 ea
1092 477 1155 498 non
1179 476 1241 499 tarn
1264 469 1385 499 liberari
1411 469 1607 510 obligatione
1624 471 1825 500 restituendae

956 508 1062 539 solidae
1084 510 1187 540 dotis:
1213 518 1306 548 quam
1333 511 1363 540 in
1389 516 1553 549 praeientia
1576 515 1712 541 excuiari
1730 521 1744 541 a
1773 521 1826 541 ne-

956 549 1097 580 cestitate
1117 549 1285 580 solvendae.
1313 551 1541 591 Argumentum
1563 553 1638 581 milii
1657 553 1730 583 illud
1751 551 1827 582 Pau-

958 592 997 627 li,
1026 591 1104 621 Auel)
1124 593 1249 621 debitum
1273 590 1336 630 effcc
1357 591 1485 622 mulieri:
1510 599 1574 622 tum
1603 601 1709 622 cautio
1732 602 1827 632 quam

955 632 1142 671 justinianus
1167 632 1184 661 l.
1205 633 1282 662 unic.
1309 632 1328 674 ᾗ
1354 642 1380 671 7.
1407 634 1438 663 C.
1460 635 1493 663 cle
1516 635 1654 663 reiuxor.
1679 633 1723 664 ιιὲἶ
1760 636 1828 664 volt

953 676 991 704 ab
1020 682 1060 704 eo
1086 673 1247 712 interponi
1273 675 1311 703 de
1346 674 1468 712 reliquo
1491 673 1574 705 (lotis
1601 674 1774 712 solvendo,
1805 674 1827 705 si

954 714 1144 755 quandoque
1162 717 1199 745 ad
1218 716 1383 746 meliorem
1401 715 1561 746 fortunam
1579 724 1764 745 revertatur.

992 755 1159 795 Superest,
1184 764 1217 786 ut
1241 756 1434 795 disputemus
1459 758 1498 786 de
1517 757 1628 787 debito
1648 756 1715 796 jure
1740 764 1828 786 natu-

953 797 1028 834 rali,
1048 796 1117 836 jure
1143 796 1226 827 civili
1252 797 1404 829 indebito.
1455 798 1574 837 Aliquis
1596 797 1728 828 haereat:
1754 796 1826 837 quia

956 838 1016 868 tale
1034 837 1175 868 debitum
1193 862 1200 873 ,
1226 847 1258 868 ut
1285 838 1422 870 maxime
1443 840 1559 869 nitatur
1584 839 1733 876 aequitate
1751 839 1827 877 juris

954 879 1114 920 gentium,
1140 880 1328 909 auctoritate
1347 880 1422 919 juris
1440 881 1542 911 civilic
1569 880 1755 911 destituitur.
1784 880 1828 910 ita

956 928 1039 950 caret
1059 920 1202 956 actione,
1228 929 1286 950 nec
1307 922 1408 960 potest
1425 922 1464 951 ab
1489 922 1590 952 invito
1608 923 1683 960 peti.
1731 923 1761 952 Si
1782 929 1830 951 ta·

957 970 1028 992 men
1049 962 1132 992 ulti-0
1159 960 1193 991 fit
1216 960 1368 999 solutum,
1394 972 1456 993 non
1484 963 1587 1001 potest
1613 962 1730 1000 repeti:
1754 963 1829 999 quia

959 1011 1067 1032 vei-um
1093 1002 1236 1033 debitum
1262 1001 1306 1034 est
1330 1004 1397 1043 jure
1415 1013 1532 1034 naturae
1568 1003 1701 1034 indebiti
1720 1011 1828 1034 alitem

959 1042 1050 1073 soluti
1071 1044 1233 1074 condictio
1255 1044 1403 1075 naturalis
1428 1045 1498 1075 estl
1531 1054 1575 1084 15.
1592 1045 1643 1075 lat
1678 1055 1717 1075 ex
1733 1053 1827 1083 aeqtio

959 1084 988 1115 ἃ
1009 1086 1096 1115 bono
1114 1085 1238 1115 inducia
1251 1086 1269 1115 l.
1285 1089 1336 1117 66.
1353 1088 1379 1116 d.
1397 1093 1415 1116 ti
1445 1096 1483 1116 ne
1508 1090 1584 1116 alter
1608 1096 1678 1116 cum
1699 1088 1828 1115 aliti-itis

958 1126 1151 1156 detrimento
1171 1125 1223 1156 fiat
1245 1126 1437 1165 locupletior
1461 1128 1477 1158 l.
1500 1137 1542 1163 1⁴·
1568 1129 1592 1157 d.
1611 1133 1630 1157 t.
1657 1131 1742 1165 quod
1769 1127 1829 1157 liae

958 1167 986 1197 in
1006 1166 1108 1206 specie
1126 1176 1187 1198 non
1206 1167 1260 1198 est.
1286 1167 1337 1199 Est
1354 1168 1447 1208 igitur
1465 1170 1563 1199 debiti
1582 1169 1630 1199 iel
1658 1178 1720 1198 non
1740 1168 1829 1199 debi-

958 1209 979 1238 ti
998 1217 1078 1238 ratio
1095 1208 1124 1239 in
1150 1208 1355 1240 condictione
1380 1210 1562 1240 naturaliter
1579 1210 1783 1249 intelligenda
1807 1209 1828 1240 l.

956 1254 1006 1287 64.
1031 1251 1057 1279 d.
1081 1256 1100 1279 τ.
1145 1249 1186 1280 Et
1210 1251 1371 1291 eleganter
1398 1251 1537 1281 Paulusl
1571 1260 1606 1282 10
1640 1250 1677 1280 I).
1694 1254 1725 1280 de
1744 1251 1826 1291 olilig.

957 1290 994 1324 ὃ)
1011 1290 1065 1320 u&-
1089 1290 1270 1327 Naturales.
1295 1290 1414 1329 inquit,
1438 1292 1620 1332 obligationes
1639 1301 1696 1322 non
1722 1301 1749 1320 eo
1780 1292 1828 1321 lulo

957 1330 1152 1371 (usitatarum,
1169 1331 1198 1370 fi
1218 1332 1290 1363 aftio
1312 1333 1411 1374 aliqua
1431 1343 1527 1363 earum
1546 1335 1657 1362 noiiiz've
1681 1334 1829 1370 cumperti:

957 1382 1056 1403 verum
1071 1375 1156 1404 eiiam
1173 1383 1202 1404 eo
1213 1398 1222 1411 ‚
1238 1372 1266 1411 fi
1281 1374 1372 1410 soluta
1395 1377 1516 1413 pecunia
1533 1376 1621 1414 repeti
1637 1383 1694 1404 vion
1717 1372 1809 1413 poffit.

1000 1414 1096 1445 Plane
1111 1414 1155 1446 est
1175 1415 1223 1445 vel
1241 1417 1270 1446 in
1290 1417 1419 1447 naturali
1447 1416 1647 1455 obligatione
1669 1415 1773 1453 aliqua
1795 1424 1832 1445 o-

959 1465 1016 1496 pus
1045 1457 1204 1486 cautione.
1228 1459 1298 1496 quia
1327 1466 1390 1487 non
1417 1457 1460 1487 est
1483 1467 1560 1487 unus
1584 1457 1647 1496 ejus
1673 1455 1762 1493 finis,
1786 1463 1832 1486 at-

959 1506 1021 1537 que
1044 1495 1196 1528 effecius:
1219 1498 1292 1538 quin
1315 1498 1373 1528 alia
1395 1499 1516 1528 caulam
1542 1499 1639 1529 debet
1667 1507 1757 1528 mero
1774 1497 1832 1527 be-

957 1536 1092 1575 neficio,
1117 1548 1176 1569 nec
1201 1540 1349 1580 procedit
1376 1540 1452 1569 ultra
1480 1538 1646 1569 officium:
1677 1538 1731 1569 alia
1757 1545 1831 1568 nata

958 1578 1040 1619 quali
1063 1589 1100 1609 ex
1126 1583 1258 1620 negotio
1281 1579 1369 1622 gesto
1400 1589 1602 1617 comparatur
1627 1580 1663 1610 ad
1689 1579 1834 1619 obligan-

959 1622 1042 1652 dum.
1067 1630 1180 1660 prioris
1212 1623 1393 1660 exemplum
1417 1621 1461 1651 est
1489 1622 1517 1651 in
1544 1622 1736 1651 donatario:
1775 1619 1831 1659 qui

959 1662 1106 1693 donatori
1138 1672 1251 1693 enetur
1268 1666 1306 1694 ad
1327 1663 1608 1698 remunerandum
1634 1662 1684 1692 sed
1707 1661 1833 1700 pudore

959 1712 1066 1741 mero,
1092 1705 1172 1733 nulla
1188 1704 1262 1744 juris
1280 1704 1472 1736 necestitate.
1497 1713 1592 1741 quare
1617 1711 1676 1734 nec
1694 1701 1833 1742 impedi·

958 1744 1195 1776 condictionem
1223 1745 1385 1776 solutionis
1412 1755 1466 1785 per
1483 1753 1622 1775 eri-orem
1641 1742 1748 1774 faetae:
1773 1752 1831 1782 pu-

959 1786 1096 1817 tantibus
1131 1786 1301 1818 Veterbus
1321 1810 1329 1825 ,
1361 1796 1423 1816 non
1455 1788 1502 1826 agi
1530 1787 1604 1816 dato
1627 1792 1832 1824 acceptoque

959 1827 1138 1865 beneficio,
1164 1837 1195 1859 ut
1225 1828 1261 1860 fit
1287 1829 1467 1866 creditum3
1493 1827 1621 1858 auem-e
1638 1827 1758 1857 Seneca
1781 1825 1831 1856 lib.

956 1879 985 1910 3.
1006 1871 1054 1899 De
1069 1869 1184 1909 benefic.
1201 1879 1223 1900 c.
1242 1880 1268 1909 7.
1288 1869 1444 1908 posterior
1462 1869 1549 1909 hujus
1565 1869 1629 1900 loci
1646 1866 1701 1899 est.
1721 1875 1832 1899 exem-

958 1913 1008 1951 pla
1025 1919 1197 1942 occurrunt
1217 1911 1333 1951 passim.

1001 1952 1162 1984 Hactenus
1178 1951 1516 1992 apparet‚indebitum
1536 1954 1565 1984 in
1583 1951 1734 1993 prael'ente
1752 1959 1831 1982 con-

960 1994 1101 2026 dictione
1127 1995 1259 2036 intelligi
1287 1993 1362 2026 nulli
1388 1994 1531 2025 debitum
1568 2003 1665 2034 porro
1696 1993 1833 2036 addam,

959 2038 1042 2067 idem
1054 2037 1165 2074 videri,
1177 2036 1196 2068 fi
1207 2038 1360 2068 debeatur
1370 2036 1499 2074 quidem
1513 2059 1521 2074 ,
1533 2035 1582 2066 sed
1593 2035 1655 2073 alii,
1667 2034 1696 2065 &
1713 2034 1762 2064 alii
1773 2033 1833 2063 iol-

960 2078 1201 2109 vaturzautfiab
1211 2080 1272 2108 alio
1285 2079 1426 2109 debitum
1444 2077 1519 2108 alitis
1537 2076 1634 2107 solvat
1647 2074 1748 2113 ‚quafi
1769 2072 1834 2114 ipse

958 2120 1072 2150 debeat
1090 2122 1143 2150 luo
1162 2121 1291 2150 nomine
1309 2120 1325 2149 ί.
1336 2123 1386 2158 65.
1404 2118 1433 2159 §.
1453 2119 1505 2148 ult.
1520 2123 1546 2149 h.
1561 2124 1581 2149 t.
1607 2126 1678 2149 nam
1698 2117 1746 2146 vel
1766 2124 1835 2147 tum

959 2162 1059 2200 repeti
1089 2160 1223 2192 solutum
1251 2163 1390 2200 eiusdem
1407 2160 1565 2198 aequiratis
1583 2159 1644 2190 est:
1670 2159 1743 2195 quia
1767 2165 1835 2188 non

960 2202 1063 2242 potest
1082 2203 1215 2233 solutum
1228 2204 1326 2233 Videri
1337 2201 1480 2232 debitum
1493 2203 1578 2240 quod
1590 2210 1647 2231 nec
1658 2209 1673 2230 a
1684 2199 1834 2229 debitore

960 2244 1116 2285 ipso,nec
1133 2244 1199 2283 ejus
1216 2242 1419 2281 nomine‚est
1440 2242 1573 2273 solutum
1590 2242 1609 2272 l.
1631 2250 1666 2277 19
1692 2239 1710 2280 §
1737 2248 1758 2270 l.
1772 2240 1832 2270 ἀλ.

961 2286 1253 2317 contradicendum
1266 2284 1471 2322 ‚sidebitori's
1482 2283 1611 2314 nomine
1629 2282 1664 2312 sit
1682 2280 1833 2318 solutum,

962 2329 1017 2366 (ut
1034 2326 1140 2366 potest
1155 2336 1195 2357 eo
1213 2327 1315 2357 invito
1335 2326 1386 2356 vel
1401 2326 1565 2365 ignorante
1578 2323 1662 2354 lieril
1686 2321 1776 2361 521)
1798 2323 1832 2352 de

959 2369 1062 2408 solut.)
1088 2367 1203 2399 ceffare
1225 2367 1469 2407 repetitionem:
1487 2365 1627 2404 quiajam
1648 2364 1731 2394 suum
1746 2371 1834 2394 rece-

960 2412 1006 2449 pit
1024 2410 1186 2447 creditor3
1210 2417 1242 2439 ut
1260 2408 1302 2438 est
1322 2410 1350 2438 in
1368 2407 1386 2437 l.
1402 2417 1451 2445 44.
1475 2406 1501 2435 1)
1530 2407 1556 2436 h.
1578 2413 1597 2436 t.
1616 2405 1642 2436 δε
1664 2405 1760 2436 debet
1782 2413 1834 2435 ac·

961 2451 1021 2491 cipi
1040 2451 1050 2480 l
1078 2461 1107 2490 5.
1133 2450 1164 2480 C.
1185 2452 1216 2480 de
1230 2451 1303 2489 petit
1332 2451 1413 2478 hereti
1450 2447 1546 2479 Forte
1564 2448 1627 2477 boc
1646 2445 1775 2487 frigebit
1796 2444 1833 2476 ti-

961 2493 991 2524 bi
1012 2492 1201 2523 existimanti
1215 2515 1223 2526 ,
1248 2490 1288 2521 (ic
1304 2490 1419 2520 nullam
1439 2488 1500 2519 eli'e
1518 2488 1679 2519 dubitandi
1697 2487 1831 2518 caul'tim.

960 2534 1022 2564 Sed
1040 2534 1099 2563 erit
1114 2533 1235 2571 aliqua:
1259 2531 1278 2562 fi
1297 2532 1419 2561 soluens
1437 2531 1564 2561 alterius
1587 2529 1734 2565 nomine,
1759 2537 1834 2559 euin

961 2575 1139 2606 debitorem
1163 2573 1248 2603 suum
1268 2572 1329 2602 effe
1347 2580 1457 2611 putet3
1482 2572 1510 2602 &
1527 2581 1590 2602 non
1608 2569 1659 2601 est.
1684 2571 1723 2600 ita
1747 2570 1834 2600 enim

961 2617 1062 2647 neutri
1082 2615 1176 2645 debet
1189 2624 1195 2644 :
1209 2615 1236 2644 ot
1250 2614 1325 2644 ideo
1344 2621 1487 2651 repetet,
1511 2622 1573 2643 non
1590 2613 1717 2652 quidem
1735 2611 1774 2641 ab
1791 2620 1833 2641 eo

961 2659 1011 2687 cui
1031 2656 1142 2693 solvit,
1169 2664 1278 2686 verum
1297 2664 1312 2684 a
1330 2653 1476 2685 debitore
1497 2663 1553 2693 pro
1572 2663 1635 2694 quo
1653 2652 1744 2683 solvit
1762 2653 1780 2682 l.
1797 2662 1830 2692 5.

960 2698 978 2739 §
1005 2709 1034 2737 5.
1058 2698 1101 2727 l).
1122 2699 1154 2727 tie
1172 2702 1278 2735 except.
1295 2695 1340 2726 dol
1367 2695 1425 2726 mal
1453 2697 1471 2726 l.
1493 2704 1536 2726 12.
1559 2695 1602 2725 I).
1617 2696 1653 2727 Ae
1669 2700 1767 2725 novat.

1001 2739 1087 2777 Age,
1113 2746 1196 2768 nunc
1216 2738 1397 2774 videamus,
1421 2736 1471 2767 cui
1488 2739 1580 2767 detur
1604 2735 1736 2766 indebiti
1756 2742 1833 2764 con—

961 2780 1068 2810 (Ιίξὲιο4
1098 2778 1210 2809 Paulus
1227 2778 1279 2808 dat
1298 2779 1325 2808 ei
1352 2779 1402 2817 qui
1431 2778 1539 2811 solvit.
1563 2779 1590 2808 ἂ
1608 2777 1627 2808 ii
1645 2775 1830 2811 decefferit‚

961 2829 1129 2860 antequam
1148 2827 1288 2858 repetat,
1314 2818 1422 2849 heredi
1440 2820 1513 2858 ejus.
1547 2818 1597 2850 Sic
1616 2818 1725 2849 l’auius
1743 2816 1753 2844 l
1785 2824 1830 2860 ¹²:

960 2863 987 2892 h.
1007 2868 1025 2892 t.
1050 2870 1088 2891 eit
1110 2868 1214 2890 natura
1232 2859 1360 2892 aetionis
1386 2860 1414 2891 in
1440 2859 1622 2900 personam,
1649 2866 1726 2887 natae
1745 2855 1832 2893 quau

961 2912 999 2933 ex
1030 2902 1196 2932 contractu
1222 2901 1249 2942 §.
1268 2905 1296 2931 6.
1334 2899 1402 2941 [nst.
1429 2903 1462 2932 de
1486 2903 1569 2941 oblig.
1597 2909 1657 2940 quse
1675 2900 1760 2943 quas..
1792 2905 1830 2927 ex

960 2950 1042 2973 contr
1071 2952 1143 2975 παίε-
1171 2942 1311 2981 ideoque
1328 2942 1426 2974 solitae
1451 2949 1636 2982 competere
1655 2948 1680 2968 el
1703 2946 1830 2983 ‘ll-¹199·

962 2983 1019 3014 test
1041 2984 1165 3021 dicere,
1189 2984 1397 3015 adierl‘arium
1422 2983 1474 3015 sibi
1504 2980 1602 3013 teneri
1621 2979 1724 3024 aliqua
1748 2978 1831 3009 obli-

960 3025 1089 3065 gatione
1110 3024 1136 3066 §.
1157 3032 1179 3055 1.
1206 3023 1273 3064 [ππ-[ἰ.
1292 3028 1324 3056 de
1339 3025 1443 3056 afflati.
1472 3023 1504 3054 Id
1530 3030 1631 3052 tamen
1658 3020 1830 3065 aliquando

961 3066 1058 3097 fallit:
1082 3076 1144 3097 non
1167 3066 1268 3097 subtili
1295 3067 1422 3103 quidem
1446 3066 1531 3104 jure3
1556 3062 1604 3093 fed
1630 3061 1831 3107 beriigpitate

962 3107 1137 3148 Principali.
1163 3106 1353 3148 Exemplum
1371 3108 1389 3137 l.
1411 3117 1427 3137 2
1459 3105 1477 3146 §
1502 3114 1526 3134 1.
1543 3103 1572 3148 h..
1590 3109 1609 3133 t.
1636 3102 1757 3141 Aliquis
1775 3102 1832 3133 be-

952 3158 999 3179 res
1018 3148 1167 3188 scriptus,
1194 3150 1276 3180 adita
1296 3149 1472 3179 hereditate
1497 3145 1589 3175 lolvit
1606 3143 1707 3183 legata
1724 3152 1763 3173 ex
1783 3151 1832 3188 te-

952 3189 1105 3221 stamento
1125 3191 1211 3229 quod
1238 3190 1367 3229 putabat
1390 3186 1451 3218 ess'e
1476 3194 1586 3216 verum
1612 3184 1640 3215 t&
1660 3193 1771 3216 ratum.
1796 3184 1831 3215 id

953 3232 1175 3304 tellancifntum
1192 3232 1311 3272 judicis
1334 3228 1485 3261 sententia
1508 3226 1703 3261 declaratum
1720 3225 1831 3297 poste-3

1083 3281 1105 3313 g
1784 3274 1800 3297 e
