2036 3495
447 92 514 128 ΑΒ
538 91 627 128 Lm.
654 83 719 128 vi.
755 84 856 125 Tri.
884 89 928 126 Π.
963 83 1014 127 De
1031 88 1261 129 Publicianam
1278 96 1343 129 ram
1357 82 1484 131 acirone.

72 186 159 217 cium
183 184 330 226 adversar·
341 177 513 227 paffeffiiwm
533 179 726 223 promisisse,
750 176 780 210 ἁ
799 182 885 218 causa
900 186 945 228 cq-

69 228 176 269 gnita:
199 227 392 259 monstrante
418 224 591 266 Papiniano
611 222 630 254 l.
646 229 695 263 57.
714 219 757 251 D.
784 221 941 268 Mandaei.

72 269 236 301 Postrema
256 267 437 299 observatio
457 265 534 297 erit:
549 263 637 304 quod
655 262 735 302 Imp.
753 260 942 308 Justinianus

71 310 100 352 ᾖ.
114 319 165 351 31-
182 308 254 350 Inft.
270 312 303 341 de
318 309 448 341 afflonib.
474 306 689 339 Publicianam
707 302 866 349 achonem
879 314 940 349 *vo-

71 361 146 383 cans
167 351 375 388 arbitrariam,
390 347 562 391 significat,
585 346 760 392 Praetorem
778 353 808 375 in
827 344 940 392 Edicto

69 392 181 425 fecifl'e
205 393 401 424 mentionem
426 388 651 426 restituuonis,
673 386 804 417 arbitrio
821 385 940 426 judicis

69 434 236 466 faciendae.
279 432 415 464 Audebo
439 431 533 472 igitur
550 428 700 460 Edi'Ctum
719 428 756 459 ad
774 428 859 474 hunc
875 427 939 460 for-

71 485 157 507 mare
174 475 321 508 modum:
335 474 369 505 Si
385 473 449 514 quis
465 473 495 503 id
510 471 585 512 quod
601 472 729 500 traditur
739 490 749 508 ‚
767 473 834 499 emit
850 477 907 500 non
921 479 940 500 a

70 519 181 548 domino
204 519 276 547 bona
284 515 361 555 fide,
387 515 423 548 δ’)
437 515 564 544 nonaum
580 512 752 552 usucaptam
765 516 861 551 peter,
884 508 940 559 nisi

70 559 186 589 arbitrio
206 558 325 598 Jadicis
357 557 384 586 ei
416 552 585 595 restituatur
600 575 610 591 ‚
641 555 780 591 adversus
802 561 865 582 eum
888 561 939 593 qut

66 598 201 640 poffidere
216 600 344 634 dicetur,
367 601 453 630 causa
464 596 578 636 cognita
588 595 736 636 judicium
751 595 833 640 flabo.
872 593 938 625 Da—

70 648 157 672 tui-us
179 640 300 672 Praetor
323 638 536 669 Publicianam
559 636 590 667 in
608 644 674 667 rem
699 636 856 666 actionem
873 636 937 666 duo

71 681 243 713 desiderat:
267 680 399 720 primum
420 679 450 710 id
471 679 559 718 quod
577 678 713 718 petitur,
731 677 871 722 nondum
891 685 937 707 es-

67 722 99 754 se
116 722 306 761 usucaptum.
329 721 446 752 deinde
463 720 548 750 bona
564 719 628 750 fide
645 726 740 762 quem
758 717 883 756 emrfle,
908 717 938 748 δε

67 771 134 796 rem
152 771 289 803 emptam
307 772 347 793 eo
365 762 496 793 nomine
515 761 542 791 ei
560 759 620 791 effe
638 761 794 791 traditam.
818 767 938 790 utrum-

68 814 131 846 que
147 802 331 835 continetur
355 803 402 835 his
417 802 521 834 Editti
541 802 663 833 verbis:
688 802 720 831 Si
734 802 800 848 qais
818 801 849 830 id
866 800 940 841 quod

67 846 213 884 traditur,
236 846 303 875 emir
321 855 378 876 non
401 855 418 876 a
444 846 555 875 domino
573 845 645 874 bona
655 841 734 882 fide,
760 841 938 887 &floridum

66 887 235 926 usucaptum
251 891 338 928 peret.
386 886 462 918 Hoc
479 884 739 926 praemonendum
758 883 829 914 fuit.
855 890 938 913 nunc

65 927 181 969 singula
199 936 347 968 exequar.
378 926 502 959 Merito
521 927 645 958 Praetoi·
660 928 721 956 ait:
745 924 887 956 Nondum
902 932 936 954 u·

60 970 227 1011 Jitcaptum.
259 979 330 1001 nam
354 968 375 1000 ii
401 970 585 1008 usucaptum
610 966 673 1005 est,
697 966 794 997 habet
811 972 938 1005 emptor

65 1011 160 1042 bonae
179 1009 252 1042 fidei
278 1011 404 1042 civilem
426 1010 604 1047 actionem,
625 1017 687 1039 nec
711 1006 938 1053 defiderat‘li'o-

66 1053 223 1084 norariam
240 1053 257 1084 l.
272 1052 436 1093 1.§.1.h.r.
460 1052 613 1082 videlicet
629 1049 728 1080 fastus
749 1048 940 1094 usucapione

68 1095 228 1125 dominus.
252 1102 326 1125 ante
342 1103 406 1124 non
425 1092 470 1124 est
487 1092 653 1130 dominus,
670 1100 729 1122 nec
747 1090 841 1121 habet
858 1090 940 1134 dire-

69 1135 149 1167 {tam
169 1137 199 1166 in
211 1145 277 1166 rem
293 1135 467 1166 aaronem:
484 1134 601 1178 quippe
614 1141 685 1163 cum
705 1131 772 1162 haec
783 1134 825 1176 ita
837 1132 941 1176 prodi-

67 1185 99 1207 ta
116 1176 151 1208 sit
166 1177 235 1216 jure
252 1176 358 1213 civili,
375 1185 409 1206 ut
424 1176 493 1216 quis
505 1176 679 1206 dominium
692 1172 777 1203 suum
790 1173 938 1217 Vindicet.

66 1216 120 1248 sed
133 1218 204 1258 quia
225 1217 295 1248 sane
312 1219 423 1249 durum
439 1224 521 1254 erat,
540 1226 580 1247 eo
598 1215 668 1246 calu
686 1213 826 1245 deficere
842 1213 938 1244 atnoe

65 1268 159 1296 nem,
183 1258 351 1299 praesertim
372 1258 518 1289 adversus
535 1257 622 1288 malae
642 1256 716 1287 fidei
735 1253 936 1295 poffefforem

65 1301 153 1340 cujus
170 1309 230 1331 nec
243 1300 308 1340 jus,
327 1308 387 1330 nec
403 1300 522 1338 species
534 1299 628 1338 juris,
645 1304 731 1328 erat:
746 1298 877 1342 inventa
892 1295 936 1326 est

66 1350 83 1372 a
100 1342 238 1372 Praetore
257 1341 325 1372 liaec
341 1341 439 1372 attio:
454 1341 484 1371 in
502 1349 563 1378 qua
579 1347 619 1370 ne
637 1339 783 1369 videatur
799 1336 866 1382 fieri
883 1337 935 1378 adf

64 1382 169 1414 versus
181 1382 299 1423 Leges,
317 1383 342 1413 is
358 1383 411 1422 qui
426 1380 646 1422 pofl'effionem
656 1378 776 1425 amifit,
791 1379 889 1417 dicit,
905 1377 937 1409 se

64 1423 145 1464 quafi
172 1423 342 1464 usucepiffe
367 1423 454 1462 quod
479 1431 543 1454 non
571 1420 731 1465 tisuc'epit:
754 1419 809 1451 sub
831 1428 937 1459 eoque

65 1465 176 1497 colore
199 1466 258 1505 (de
278 1474 344 1506 quo
362 1464 527 1505 complura
537 1464 583 1494 lib.
603 1472 632 1504 3.
653 1462 796 1493 Probabit.
816 1471 841 1492 c.
858 1462 936 1506 uia)

63 1516 129 1538 rem
147 1507 298 1543 alienam,
322 1505 403 1546 quafi
421 1504 503 1537 suain
521 1504 581 1536 effe
600 1503 756 1535 vindicat:
787 1503 937 1549 quamdiu

65 1557 160 1578 verus
177 1548 340 1588 ignoratur
357 1547 504 1578 domiuus
516 1570 524 1585 ‚
547 1546 576 1577 &
594 1545 659 1585 ipse
679 1554 752 1576 cum
769 1545 832 1576 alio
849 1553 937 1576 com-

65 1597 191 1629 paratur
206 1588 234 1630 §.
251 1599 280 1629 3.
298 1588 334 1623 &⁴
350 1598 378 1628 4.
396 1587 468 1628 Ian.
486 1590 519 1618 de
535 1587 667 1618 antonio.
711 1585 762 1617 Sic
785 1592 935 1632 apparet,

66 1630 173 1670 (quod
192 1629 304 1661 Paulus
321 1631 363 1661 ait
380 1629 397 1660 l.
414 1639 462 1670 35.
482 1628 523 1660 D.
542 1630 574 1659 de
591 1628 672 1669 obizg.
687 1626 724 1662 ὅ)
739 1627 821 1673 αὲῖ.)
833 1627 937 1658 Publi-

67 1673 187 1702 cianam
206 1671 270 1702 dai-i
289 1671 328 1702 ad
349 1671 532 1711 exemplum
551 1670 595 1701 rei
614 1669 848 1701 vindicationis.
881 1668 936 1701 Ul-

66 1714 176 1753 pianus
194 1712 212 1742 l.·
228 1721 255 1753 7.
271 1712 298 1754 §.
313 1716 342 1743 6.
362 1710 403 1744 D.
421 1712 448 1742 b.
465 1717 484 1743 t.
506 1711 603 1750 dicit,
626 1711 665 1742 ad
682 1710 775 1742 instar
793 1712 936 1756 proprie-

67 1755 140 1785 tatis
153 1777 162 1791 ‚
179 1763 242 1785 non
261 1755 299 1785 ad
317 1752 408 1784 instar
419 1750 805 1794 poffeflionis,i·espicere.
829 1761 863 1783 ut
880 1752 936 1793 igi-

68 1803 119 1826 tur
130 1795 274 1826 obtineat
285 1790 468 1827 Publiciana
484 1795 514 1825 in
532 1803 599 1825 rem
615 1792 757 1831 action&
777 1794 844 1825 vult
856 1793 936 1824 Prae-

68 1842 120 1868 tor
138 1837 170 1867 id
186 1837 272 1873 quod
298 1837 418 1876 petitur
431 1859 440 1874 ‚
464 1834 525 1866 effe
544 1836 575 1867 in
591 1833 779 1879 conditione
794 1835 934 1880 usucapi-

68 1879 161 1916 endi,
186 1877 237 1908 sed
254 1878 396 1909 nondum
412 1876 606 1918 usucap-tum.
631 1875 712 1908 Haec
730 1886 815 1919 prior
833 1877 934 1917 Ulpia-

67 1921 99 1951 ni
117 1917 307 1950 observatio.
367 1928 414 1949 uae
428 1918 551 1950 altera?
567 1917 617 1949 illa
633 1918 751 1949 debere
768 1926 934 1963 concurre:

67 1970 121 1999 re,
142 1968 177 1991 ut
194 1960 223 1991 ὅ(
240 1961 324 1991 bona
364 1962 403 1991 de
420 1961 488 2000 quis
509 1958 640 1997 emerit,
665 1959 693 1990 u
717 1969 765 1991 res
781 1968 887 2000 empta
908 1969 937 1990 ei

68 2011 111 2032 eo
129 2000 259 2032 nomine
275 2001 311 2032 fit
328 2000 450 2032 tradita.
473 2000 526 2032 Sic
538 2001 686 2031 observat
705 1999 857 2046 Ulpianus
873 2002 890 2032 l.
908 2011 937 2042 7.

66 2042 94 2085 ᾗ.
121 2046 167 2074 16.
191 2043 217 2073 h.
239 2047 260 2073 t.
297 2042 434 2074 Primum
453 2050 586 2082 oportet
608 2051 674 2073 rem
691 2041 752 2073 efle
775 2044 938 2074 traditam:

66 2083 210 2125 quamvis
225 2084 309 2115 enim
324 2083 446 2115 Praetor
462 2082 559 2121 nolit,
576 2084 738 2123 impletam
756 2083 817 2114 effe
833 2083 938 2116 usuca-

67 2126 218 2166 pionem:
244 2126 346 2156 voluit
372 2124 576 2157 nihilominus
594 2147 603 2163 ‚
629 2124 850 2166 poffeffionem
877 2125 939 2157 esse

65 2166 213 2198 traditam
230 2176 271 2198 ex
287 2166 376 2198 eausa
392 2165 585 2206 emptioni33
601 2174 707 2207 eoque
727 2176 791 2198 rem
807 2167 940 2208 politam

67 2208 100 2240 in
113 2207 302 2239 conditione
312 2207 522 2248 usucapiendi.
546 2209 632 2248 quod
649 2216 723 2239 ante
735 2208 940 2241 traditionem

66 2248 265 2290 poffeffionis
281 2258 347 2280 non
364 2247 416 2280 fit:
431 2249 447 2280 l.
459 2258 508 2289 25⁴·
521 2248 561 2280 D.
571 2251 604 2280 de
615 2248 758 2290 usurp&
773 2254 851 2288 usuc.
870 2250 938 2282 sub-

67 2290 180 2323 stantia
198 2290 403 2331 obligationis
421 2291 452 2322 in
478 2299 518 2321 eo
537 2298 658 2322 tantum
676 2291 884 2330 consistente,
905 2296 940 2323 ue

66 2331 235 2373 personam
258 2331 428 2374 adstringat
451 2333 490 2363 ad
506 2332 624 2372 aliquid
644 2333 799 2371 dandum,
824 2334 877 2364 v'el
893 2333 941 2364 faa

69 2374 215 2405 ciendum
230 2373 248 2404 l.
265 2383 291 2414 3,
313 2373 355 2405 D.
372 2377 406 2404 ae
422 2373 504 2415 oblig.
520 2372 556 2408 &³
571 2373 627 2404 aei.
650 2373 721 2405 Hac
735 2375 831 2414 igitur
847 2376 940 2406 ratio-

69 2424 110 2446 ne
122 2413 276 2455 Ulpianus
288 2415 316 2446 d.
331 2415 348 2447 l.
360 2424 386 2454 7.
397 2415 423 2457 §.
438 2419 483 2446 16.
500 2422 571 2446 ante
582 2438 591 2453 ,
609 2414 723 2456 inquit,
736 2415 939 2448 traditionem

70 2457 212 2496 quamvis
233 2456 327 2487 bonae
349 2456 422 2487 fidei
447 2458 516 2497 quis
533 2465 661 2497 emptor
678 2456 733 2496 fit,
759 2457 940 2490 Publiciana

72 2498 208 2537 experiri
227 2507 291 2528 non
309 2500 440 2537 poterit.
487 2497 584 2529 Plane
601 2497 713 2529 tradita
732 2498 940 2539 poffeffione,

72 2546 135 2568 non
153 2539 263 2576 quaerit
285 2539 426 2578 Praetor,
450 2539 600 2580 quamdiu
617 2539 746 2579 poffeffa
762 2550 811 2572 res
829 2540 886 2581 sit;
909 2542 940 2572 &

72 2579 115 2609 ait
139 2579 250 2611 Paulus
275 2580 293 2610 l.
311 2589 355 2611 12.
378 2580 405 2621 §.
422 2591 449 2620 7.
473 2581 515 2613 D.
530 2581 556 2612 h.
573 2587 596 2612 t.
618 2580 780 2620 sufficere,
804 2582 855 2613 vel
870 2592 939 2614 mo-

70 2628 201 2658 mento,
222 2621 254 2651 id
278 2620 339 2658 est,
363 2622 480 2662 exiguo
499 2631 665 2663 tempore,
689 2622 852 2665 p'offeffam
869 2622 938 2656 effe.

69 2661 112 2692 fic
125 2660 212 2692 sonat
229 2667 415 2693 momentum:
434 2671 468 2693 ut
483 2666 566 2703 apud
584 2663 710 2695 Livium
726 2666 832 2696 libat.
850 2675 873 2696 c.
890 2675 939 2705 44.

72 2701 150 2734 Non
168 2702 263 2742 magis
278 2701 382 2744 refert
396 2703 560 2747 Praetoris,
586 2713 689 2736 utrum
713 2715 785 2736 vera
803 2708 940 2737 interve-

71 2744 154 2776 nerit
174 2742 320 2781 traditio,
338 2752 406 2783 quae
421 2754 451 2776 in
462 2746 556 2777 rebus
572 2746 744 2778 mobilibus
761 2746 805 2779 est
823 2749 863 2779 de
879 2756 941 2779 ma·

71 2795 114 2816 nu
139 2787 168 2815 in
193 2793 317 2815 manum
342 2786 446 2824 dati0,
468 2786 499 2817 in
520 2788 734 2820 immobilibus
750 2789 892 2820 inductio
909 2798 940 2820 in

71 2834 205 2857 vacuam
216 2824 456 2865 poffeffionem:
473 2836 510 2858 an
526 2828 695 2868 impropria
707 2829 854 2868 traditio,
872 2839 940 2869 quae

73 2867 109 2898 fit
124 2877 181 2907 per
199 2867 328 2897 brevem
345 2876 488 2904 manum,
507 2875 561 2899 aut
574 2870 663 2900 aliam
674 2868 749 2909 juris
766 2870 940 2902 fictionem.

73 2918 176 2949 pone:
198 2909 305 2948 (quod
322 2907 366 2939 est
377 2909 557 2947 exemplum
573 2911 591 2940 l.
606 2920 633 2947 9.
644 2910 671 2951 §.
686 2920 710 2942 1.
726 2913 753 2942 h.
768 2913 808 2952 t.)
832 2912 942 2953 aliquis

72 2959 140 2981 rem
152 2949 234 2980 suam
251 2951 334 2989 apud
351 2959 401 2981 me
418 2949 582 2990 deposuit,
599 2952 648 2982 vel
666 2952 740 2983 mibi
758 2957 940 2985 commoda·

71 2991 136 3028 vit,
160 2998 213 3022 aut
228 2991 352 3031 pignori
376 2992 479 3022 dedit:
504 3001 580 3023 mox
604 3000 671 3023 eam
688 2993 763 3024 mihi
780 2995 942 3034 vendidit3

71 3033 103 3064 &
117 3032 235 3074 paffus,
258 3041 326 3063 eam
342 3035 424 3071 apud
445 3041 496 3064 me
517 3042 680 3065 remanere
701 3044 742 3066 ex
764 3037 854 3067 caiisa
879 3046 943 3068 em-

71 3075 190 3115 ptionis
204 3086 212 3106 :
228 3072 284 3105 etfi
295 3075 380 3105 nulla
397 3074 571 3112 corporalis
584 3075 711 3106 traditio
722 3086 761 3107 ex
779 3078 838 3107 hac
854 3077 944 3108 causa

73 3116 283 3154 interveniat3
308 3116 369 3146 erit
384 3123 488 3146 tamen
507 3125 555 3147 res
574 3126 631 3156 pro
648 3118 780 3150 tradita:
797 3128 837 3149 eo
856 3119 944 3159 quod

71 3165 156 3188 nova
167 3157 296 3189 traditio
314 3159 378 3196 rei,
394 3158 448 3188 sub
458 3157 598 3190 custodia
614 3167 682 3190 mea
697 3159 819 3190 domini
831 3161 942 3190 volun-

73 3206 138 3231 tate
163 3197 362 3240 constitutae,
384 3198 462 3236 mihi
476 3207 542 3234 uon
556 3201 627 3242 plus
643 3200 824 3243 concedet,
848 3206 943 3244 qaam

1801 93 1868 141 isa

985 181 1047 222 jain
1068 182 1172 215 habeo
1188 183 1216 225 §.
1233 193 1281 225 44.
1296 182 1368 225 Inst.
1383 186 1417 216 cle
1430 185 1486 217 rer.
1498 183 1589 226 -dz'v'tss
1657 226 1659 228 q
1769 220 1783 227 ,Ἴ

1027 223 1150 256 Volens
1168 226 1263 266 igitur
1278 226 1419 266 Praemr,
1435 226 1610 268 petitorem
1627 231 1789 267 tamquam
1806 221 1863 273 dq-

983 265 1105 309 minum
1123 266 1331 306 considerari,
1355 277 1427 300 cum
1444 278 1509 300 non
1527 268 1582 307 fit,
1605 269 1752 301 meminit
1769 267 1866 300 tradi·

985 305 1079 336 tionis
1097 307 1127 337 &
1152 307 1371 348 usucapionis3
1396 309 1447 342 sed
1466 310 1574 342 harum
1597 317 1732 342 tantum.
1754 315 1866 351 quam-

983 351 1078 387 quam
1097 348 1152 388 (ut
1169 347 1324 390 Ulpianus
1342 351 1491 382 observat
1509 352 1527 383 l.
1548 361 1572 383 1.
1590 351 1617 393 ᾗ.
1634 361 1661 383 2.
1681 353 1707 383 h.
1726 352 1767 392 t.)
1790 349 1862 382 satis

982 389 1109 426 multae,
1127 388 1158 420 id
1174 389 1239 429 est,
1257 391 1380 430 plures,
1402 400 1516 432 praeter
1530 402 1601 432 eas,
1624 394 1683 425 [int
1697 394 1773 434 juris
1792 393 1861 436 par?

982 436 1031 460 tes
1048 429 1163 469 quibus
1189 430 1364 462 dominium
1388 434 1456 472 quis
1479 433 1731 468 nancisceretur:
1754 442 1790 466 ut
1805 438 1862 476 pu*

982 478 1030 508 ta,
1053 471 1203 511 legatum.
1245 472 1361 504 Paulus
1379 473 1397 503 l.
1415 484 1442 505 2.
1460 474 1547 506 addit
1563 477 1675 507 mortis
1693 475 1785 508 causa
1801 478 1861 507 doz

981 510 1146 543 nationes:
1170 513 1198 543 &
1215 510 1257 544 fic
1274 513 1443 553 praefatur,
1466 516 1551 546 Nam
1566 516 1665 557 amiffa
1677 517 1860 558 poffeffioii'e,

981 555 1110 593 competit
1128 553 1320 594 Publiciana,
1335 558 1405 596 quia
1415 557 1454 587 ad
1462 558 1623 598 exemplum
1637 558 1795 599 legatorum
1811 566 1859 589 ca-

974 595 1110 635 piuntur.
1132 594 1263 627 Sensus:
1280 595 1311 627 Si
1323 606 1371 628 res
1388 597 1489 639 legata
1499 605 1553 629 aut
1571 601 1682 631 mortis
1697 599 1786 631 'causa
1798 600 1861 641 d07

979 643 1052 667 nata
1069 636 1131 667 sita
1148 637 1301 676 domino,
1318 639 1370 679 qui
1388 638 1523 670 amiserit
1538 640 1604 680 ejus
1621 639 1862 681 poffeffionem:

981 678 1140 718 competit
1163 679 1337 719 legatario,
1361 680 1491 720 ejusque
1516 681 1669 723 exemplo
1687 681 1782 713 etiam
1800 682 1864 713 do-

981 720 1123 758 natari0,
1150 719 1269 751 directa
1293 722 1336 751 rei
1363 722 1556 761 vindicatio3
1582 722 1638 754 etfi
1661 723 1746 755 nulla
1765 725 1864 755 intet÷

983 759 1107 791 venerit
1130 759 1275 792 def-unffi
1297 769 1351 793 aut
1375 763 1500 795 heredis
1518 760 1660 797 traditio.
1684 765 1819 806 proinde
1838 758 1865 796 st

982 802 1057 841 quid
1077 802 1213 841 legatum
1231 810 1285 833 aut
1301 806 1414 835 mortis
1430 804 1519 836 causa
1537 806 1690 838 donatum
1707 805 1743 837 sit
1758 816 1774 837 a
1793 814 1864 838 non

981 841 1133 881 domino,
1150 843 1179 874 ὅ(
1196 843 1234 874 ab
1252 853 1293 875 eo
1311 844 1381 876 casu
1393 846 1506 877 abierit
1522 844 1687 888 poffefflo;
1711 849 1803 879 datur
1817 847 1866 878 le-

979 883 1123 928 gatario,
1141 885 1273 924 eiusque
1282 887 1434 927 exemplo
1451 888 1618 920 donatario
1630 912 1639 927 ,
1656 888 1863 927 Publi'ciana3

979 926 1057 957 licet
1081 935 1111 956 ei
1136 934 1153 956 a
1176 924 1333 958 defuncto
1349 950 1359 965 ‚
1382 929 1489 968 ejusve
1511 929 1632 962 herede
1653 931 1768 963 tradita
1793 936 1863 969 non.

982 965 1079 997 fuerit
1091 966 1245 1007 poffeffio.
1263 967 1540 1012 Subji'citurinl.3.
1552 980 1591 1003 ex
1603 970 1763 1013 Ulpiano:
1782 972 1863 1003 Sunt

982 1007 1019 1042 ἐξ)
1036 1007 1102 1038 aliae
1120 1009 1269 1050 pleraeque.
1310 1009 1503 1052 Exemplum
1530 1013 1559 1044 in
1585 1013 1649 1045 hoc
1669 1013 1753 1045 Pauli
1771 1014 1789 1044 l.
1808 1022 1860 1045 122

982 1049 1009 1090 ᾗ.
1022 1058 1048 1080 1.
1061 1049 1119 1080 Μ.
1139 1049 1169 1080 Is
1185 1052 1233 1082 cui
1246 1060 1283 1082 ex
1302 1048 1475 1084 Trebelliano
1493 1054 1638 1086 hereditas
1653 1053 1785 1096 restituta
1802 1049 1853 1094 est*

981 1091 1068 1121 eiiam
1083 1087 1113 1129 fi
1135 1100 1192 1122 non
1207 1092 1304 1131 fuerit
1324 1093 1450 1125 orantius
1470 1094 1680 1136 paffefflonem,
1704 1098 1750 1128 uti
1768 1102 1834 1134 pote

982 1132 1165 1164 Publiciana.
1204 1132 1362 1166 Nimirum
1380 1135 1556 1174 restitui-tur
1572 1133 1864 1170 fideicommiisan'a

981 1172 1141 1204 hereditas
1158 1184 1196 1206 ex
1207 1174 1476 1209 Senatusconsulo
1486 1176 1698 1211 Trebelliano
1714 1189 1779 1211 non
1793 1186 1862 1211 tau-

981 1222 1049 1246 tum
1065 1224 1099 1246 re
1116 1214 1200 1256 ipsa,
1225 1215 1276 1248 sed
1299 1217 1401 1249 verbo
1426 1226 1575 1259 quoque:
1599 1229 1737 1261 utroque
1753 1229 1862 1260 autem

980 1256 1080 1287 inodo
1099 1261 1148 1288 res
1166 1256 1268 1301 statim
1285 1258 1443 1299 incipiunt
1463 1260 1525 1292 effe
1546 1260 1577 1302 i'n
1605 1260 1698 1293 bonis
1722 1263 1787 1303 ejus
1806 1263 1862 1294 cui

980 1296 1063 1328 fasta
1078 1297 1123 1329 est
1140 1298 1316 1339 restituti03
1334 1300 1409 1332 licet
1425 1303 1568 1334 nondum
1587 1303 1716 1336 nanetus
1732 1304 1767 1335 fit
1786 1313 1863 1343 pos-

980 1338 1143 1383 seffionem
1159 1340 1178 1370 l:
1196 1350 1243 1381 537.
1263 1341 1300 1376 ἐξ
1316 1341 1334 1373 l.
1351 1346 1403 1383 63.
1432 1343 1474 1375 D.
1499 1344 1549 1375 Ad
1573 1344 1720 1376 Senarusc.
1743 1343 1862 1377 Trebelli

980 1379 1068 1422 Quid
1085 1391 1162 1426 ergo
1175 1381 1246 1427 estf?
1266 1382 1386 1415 Pr‘aetor
1402 1383 1505 1416 Editti
1519 1385 1623 1419 verbis
1639 1386 1789 1426 exprimit
1808 1387 1863 1418 ad-

980 1424 1124 1462 quirendi
1142 1423 1276 1455 dominii
1293 1426 1409 1457 modos
1421 1427 1585 1459 dumtaxat
1602 1429 1699 1460 duos:
1717 1429 1863 1460 traditio-

979 1473 1052 1494 nem
1073 1464 1102 1495 &
1119 1465 1361 1506 usucapionem:
1384 1467 1507 1500 idcirco
1523 1469 1609 1509 quod
1624 1469 1653 1500 in
1671 1470 1861 1509 emptione,

980 1514 1073 1545 quam
1093 1505 1187 1538 solam
1206 1507 1335 1549 attingit
1353 1507 1496 1549 causam,
1517 1511 1692 1543 dominium
1713 1510 1782 1542 fere
1802 1520 1864 1549 tra-

980 1547 1102 1578 ditione
1118 1556 1172 1578 aut
1190 1546 1385 1589 usucapione
1405 1551 1603 1583 transfertur.
1621 1559 1773 1584 caeterum
1791 1552 1863 1584 reli*

979 1593 1060 1629 quos
1078 1589 1265 1628 adquirendi
1285 1590 1418 1622 dominii
1433 1594 1567 1631 modos,
1587 1595 1639 1631 qui
1657 1601 1747 1625 extra
1765 1594 1860 1625 tradi¹÷

980 1632 1101 1661 tionem
1113 1631 1142 1662 ὃ(
1154 1631 1379 1672 usucapionem
1391 1632 1448 1665 sint
1458 1657 1468 1672 ‚
1485 1640 1548 1666 non
1567 1634 1720 1667 excludit.
1746 1628 1862 1668 Itane?

979 1670 1020 1703 fic
1038 1672 1194 1703 convenit
1210 1671 1403 1712 similitudini
1419 1676 1573 1715 rationis3
1591 1676 1619 1707 ἂ
1634 1676 1742 1708 suadet
1753 1676 1863 1718 Ulpia·

979 1721 1036 1754 nus
1055 1714 1082 1744 d.
1099 1714 1117 1744 l.
1137 1722 1163 1744 1.
1184 1713 1256 1755 §.72
1275 1713 1301 1746 h.
1320 1720 1338 1746 t.
1364 1722 1435 1748 nam
1453 1722 1526 1749 'curn
1545 1719 1693 1757 miratur,
1710 1728 1726 1749 a
1744 1717 1864 1750 Prteto-

978 1764 1013 1786 re
1031 1755 1146 1786 modos
1163 1756 1330 1787 dumtaxat
1346 1757 1423 1797 poni
1443 1759 1542 1798 duos;
1559 1758 1719 1791 &fatetur
1755 1757 1865 1801 plnres

978 1794 1058 1835 cffe3
1075 1805 1135 1827 nec
1151 1806 1219 1828 eain
1238 1797 1333 1829 solvit
1342 1796 1580 1832 difficultatem:
1596 1783 1776 1833 credentias
1786 1798 1832 1839 est
1846 1812 1860 1842 ‚¹

978 1839 1078 1868 tacite
1102 1838 1247 1878 supplere
1272 1840 1360 1877 quod
1387 1841 1488 1881 palam
1514 1842 1600 1873 deest
1625 1841 1716 1883 ipsius
1735 1842 1858 1875 verbis:

979 1879 1063 1919 quasi
1082 1878 1136 1910 sub
1153 1879 1304 1920 expreffis
1323 1891 1436 1915 omues
1455 1883 1520 1923 ejus
1539 1883 1695 1915 sententia
1713 1884 1860 1917 contine·-

979 1928 1081 1951 antur.
1106 1921 1286 1960 Antequam
1302 1922 1341 1954 ab
1358 1923 1417 1954 liac
1435 1923 1594 1957 discedam
1607 1925 1716 1965 parte,
1733 1924 1798 1958 non
1809 1927 1865 1958 d'e‘-

980 1963 1044 1993 beo
1062 1964 1327 2003 praetermittere,
1353 1964 1546 2004 Praetorem,
1570 1974 1642 1998 cum
1664 1965 1863 2008 vurtpoiies‘-

982 2003 1101 2036 sionem
1118 2005 1163 2035 rei
1176 2014 1246 2044 quae
1264 2004 1444 2038 Publiciana
1455 2006 1596 2048 petitur,
1614 2007 1675 2040 effe
1693 2008 1861 2048 traditam,

982 2046 1185 2085 corporalem
1210 2055 1275 2077 rem
1302 2046 1480 2089 designare:
1503 2058 1574 2081 nam
1600 2048 1664 2081 sola
1685 2048 1862 2091 corporalis¹

983 2089 1117 2118 traditur
1134 2087 1162 2119 δι
1188 2087 1379 2127 poffidetur:
1403 2091 1631 2130 incorporalis,
1657 2091 1861 2131 inservitus,

985 2130 1116 2169 proprie
1134 2138 1238 2168 neque
1257 2131 1408 2169 traditur,
1432 2140 1539 2172 neque
1559 2133 1750 2173 poffitletur:
1774 2133 1864 2165 ideo·
1881 2156 1885 2158 v

985 2179 1047 2211 que
1064 2180 1103 2201 ex
1115 2170 1216 2201 Ediffl
1234 2172 1337 2203 verbis
1350 2173 1433 2204 nulla
1444 2173 1573 2214 petitur.
1588 2174 1618 2205 δε
1634 2183 1738 2206 tamen
1752 2199 1759 2211 .
1778 2173 1865 2215 post-

985 2221 1079 2252 quam
1097 2212 1207 2243 nancta
1224 2211 1268 2244 est
1278 2214 1372 2245 etiam
1389 2212 1429 2245 sui
1446 2217 1571 2256 generis
1588 2216 1793 2248 traditionem
1804 2215 1863 2257 per

982 2252 1069 2284 usum
1087 2253 1274 2293 accipientis
1294 2254 1322 2285 dt
1342 2257 1526 2296 patientiam
1545 2258 1697 2288 tradentis
1713 2259 1731 2288 l.
1749 2258 1802 2288 ult.
1819 2257 1864 2289 D.

983 2296 1016 2326 de
1030 2295 1196 2330 fiirvitutib.
1212 2295 1230 2327 l.
1247 2305 1277 2337 3.
1295 2295 1337 2327 D.
1353 2297 1386 2328 de
1401 2297 1545 2337 usufruti.
1566 2297 1684 2337 placuit
1695 2321 1704 2337 ‚
1721 2299 1773 2331 vel
1791 2307 1864 2336 earn

984 2344 1024 2367 ex
1041 2335 1145 2368 Editti
1163 2345 1272 2368 mente
1290 2338 1445 2370 vindicari
1459 2338 1527 2370 utili
1545 2338 1737 2371 Publiciana.
1786 2339 1863 2373 Hoc'

984 2377 1070 2409 sensu
1090 2376 1246 2417 Ulpianus
1263 2376 1283 2409 l.
1305 2382 1350 2410 ii.
1370 2379 1396 2419 §.
1417 2388 1441 2411 1.
1460 2379 1518 2410 h.t.
1539 2379 1590 2418 Si,
1606 2379 1730 2421 inquit,
1745 2382 1778 2412 de
1793 2391 1813 2413 u
1828 2390 1864 2413 zt-

976 2418 1086 2460 frusta
1098 2421 1320 2460 agaturtradito
1330 2443 1339 2458 ,
1358 2420 1531 2452 Publiciana
1546 2422 1643 2452 datar.
1668 2422 1863 2465 itemqueflff'r-

982 2462 1130 2492 vitutibus
1153 2462 1329 2492 urbanorum
1341 2463 1514 2507 praediorum
1531 2461 1585 2502 pei·
1601 2464 1781 2495 traditionem
1797 2468 1863 2497 con-³

977 2501 1111 2543 stitutis,
1135 2502 1181 2533 vel
1200 2509 1253 2543 per
1267 2501 1457 2543 patientiam.-
1471 2503 1552 2542 forte
1562 2501 1592 2541 fi
1599 2511 1653 2545 per
1668 2507 1781 2537 domum
1797 2506 1863 2548 qais

978 2543 1066 2584 fitam
1076 2542 1177 2584 paffus
1192 2541 1231 2583 est
1241 2553 1322 2585 aqua
1339 2541 1458 2574 datiam
1474 2546 1635 2577 transduci.
1660 2547 1726 2578 item
1741 2547 1862 2587 rustico-

985 2585 1062 2615 rum.
1084 2594 1152 2615 nam
1168 2584 1205 2619 &5'
1221 2585 1267 2615 hic
1281 2586 1465 2616 traditionem
1483 2584 1519 2620 &⁹
1530 2588 1705 2627 parientiam
1722 2591 1862 2621 mendam

983 2624 1104 2665 conflat.
1131 2625 1225 2657 Hunc
1242 2624 1282 2657 Ul
1309 2626 1368 2657 iani
1387 2626 1514 2666 locum,
1531 2637 1565 2659 ut
1584 2632 1742 2669 meretur,
1760 2640 1865 2671 expo·

984 2666 1026 2698 sui
1044 2667 1090 2697 lib.
1113 2676 1130 2697 2
1156 2666 1202 2697 De
1217 2670 1269 2706 usu
1286 2666 1372 2698 ructu
1389 2677 1412 2698 c.
1434 2677 1460 2699 2.
1478 2677 1538 2700 nec
1550 2665 1612 2709 jam
1629 2669 1773 2711 repetam
1791 2678 1862 2712 quae

984 2707 1049 2739 illic
1074 2707 1201 2749 pofl'unt
1225 2709 1333 2754 videri.
1364 2716 1487 2741 tanturn
1506 2710 1603 2750 finas,
1629 2711 1751 2752 quaeso;
1774 2706 1863 2754 quoti

984 2750 1026 2780 ibi
1044 2747 1133 2780 omisi
1153 2752 1344 2780 verecundia
1361 2749 1570 2791 emendandi,
1594 2763 1655 2785 nec
1677 2753 1801 2785 interim
1821 2753 1862 2786 ab

985 2790 1051 2821 aliis
1073 2798 1250 2829 tentatum,
1276 2800 1327 2822 me
1350 2797 1434 2823 nunc
1453 2802 1637 2835 expungere
1655 2795 1726 2826 haec
1743 2797 1859 2827 verba:

986 2830 1068 2862 Forte
1079 2830 1108 2868 fi
1119 2838 1170 2871 per
1185 2832 1297 2863 domum
1313 2834 1379 2874 quis
1388 2838 1469 2867 luam
1480 2834 1580 2876 paffus
1594 2833 1634 2877 est
1649 2846 1731 2875 aquae
1740 2833 1860 2876 dubium

987 2875 1145 2903 transduci.
1170 2871 1247 2904 Non
1265 2875 1348 2906 enim
1361 2873 1430 2906 sunt
1448 2873 1592 2918 Ulpiani,
1609 2877 1659 2908 sed
1672 2877 1862 2916 interpretis

987 2913 1133 2951 Veteris,
1158 2914 1341 2956 exemplum
1366 2914 1524 2949 servitutis*
1547 2918 1656 2949 urbani
1674 2917 1782 2958 praedii
1801 2916 1861 2959 irn-

987 2955 1162 2994 prudeiiter
1181 2957 1320 2996 petentis
1338 2955 1403 2990 non
1420 2968 1437 2989 a
1461 2961 1646 2991 dominante
1664 2958 1799 2998 praedio,
1825 2964 1862 3001 ut:

988 2994 1090 3027 solent
1116 2995 1267 3037 Veteres3
1293 2998 1343 3039 sed
1367 3009 1385 3031 a
1408 3000 1588 3032 serviente:
1620 3001 1706 3039 qudd
1736 2998 1776 3030 ab
1797 2998 1862 3041 illis

988 3041 1157 3077 numquam
1176 3037 1220 3070 est
1236 3038 1372 3081 fastum,
1388 3040 1495 3083 neque
1511 3041 1580 3073 sinit
1599 3042 1680 3071 ratio
1697 3040 1773 3080 juris
1791 3046 1863 3074 cer⁵

988 3080 1010 3109 ti
1030 3079 1060 3110 dt
1077 3080 1254 3112 indubitati.

1027 3118 1139 3152 Voluit
1156 3121 1252 3164 igitur
1269 3119 1391 3156 P'raetor
1409 3147 1419 3162 ‚
1443 3124 1474 3154 id
1491 3123 1578 3163 quod
1596 3121 1778 3156 Publiciana
1794 3122 1864 3158 vin-

986 3161 1125 3202 dicatur,
1148 3172 1214 3205 quo
1233 3165 1265 3196 in
1291 3166 1481 3196 conditione
1505 3162 1707 3206 usucapiendi
1728 3165 1758 3198 ἀ
1775 3161 1863 3207 quast

985 3203 1107 3240 domini
1124 3203 1181 3247 fit,
1202 3204 1266 3241 effe
1283 3207 1450 3241 traditum:
1474 3209 1585 3243 verum
1601 3214 1643 3240 ex
1656 3204 1736 3248 justa
1751 3205 1863 3250 caula,-
