2036 3495
121 76 204 138 ³⁶⁴

137 366 139 370 ’
182 362 253 398 tum
273 356 403 402 intelligi
419 353 647 402 usumfruliium
666 363 799 395 verum,
824 363 883 387 non
901 349 998 397 quast.

136 450 141 455 ’
215 451 326 496 agnita
344 450 618 493 Senatusconsulti
635 449 741 483 forma
756 472 768 489 ‚
790 458 893 490 pauca
910 448 1026 481 addam

138 499 141 504 ’
230 498 271 530 de
286 495 382 528 rebus
399 495 432 527 in
457 493 573 537 quibus
600 491 813 524 constituatur
836 489 921 531 quasi
939 489 1025 522 usus-

140 539 281 576 fruetus:
296 546 370 569 cum
388 535 484 578 poffit
499 535 635 575 ambigi,
650 574 652 576 Ι
677 534 731 565 uid
747 533 779 564 in
797 532 817 564 l.
839 541 866 564 1.
882 531 925 563 D.
943 533 977 563 de
993 542 1027 564 u·

132 579 281 624 sufructu
294 579 405 612 *earum
425 587 521 609 rerum
544 577 623 609 velit
673 574 817 616 lpianus:
834 575 888 614 qui
909 573 962 605 ubi
980 574 1026 606 di-

139 624 209 662 xit‚
224 622 378 654 Senatum
394 617 546 652 censuifl‘e
556 641 567 657 ,
587 616 633 648 Ut
649 617 778 648 omnium
792 624 890 646 rerum
905 624 978 657 quas
994 616 1027 646 in

143 662 286 707 cujusque
293 662 469 705 patrimonio
484 659 535 701 effe
552 656 694 699 constaret
704 681 714 697 ,
729 655 918 696 ususfructus
935 656 1028 695 legari

138 704 243 750 poffit:
258 714 336 737 mox
352 703 497 742 subjicit,
519 700 588 746 Quo
603 698 859 745 Senatusconsulto
874 697 1028 730 indubium

142 749 260 781 videtur
274 769 285 785 ,
315 752 351 778 ut
372 754 472 777 earum
494 751 592 774 rerum
633 751 676 773 uae
708 740 763 772 uiu
794 739 953 772 tolluntur
976 739 1029 771 vel

143 789 355 827 minuuntur,
375 784 461 828 poffit
486 784 609 824 ususfru
640 793 673 815 us
694 782 801 829 legari..
839 780 920 824 Quo
943 781 1030 813 enim

143 831 288 874 pertinet
303 829 356 868 id,
379 837 443 870 quae
459 825 515 866 usu
539 825 682 857 tolluntur
698 824 746 855 vel
759 822 967 855 minuuntur?
991 832 1030 854 an

146 899 147 902 ,
171 873 218 905 uis
234 870 352 910 nescit,
370 868 458 911 quod
476 867 633 899 veriffime
648 865 798 898 observat
814 864 953 903 Cicero,
972 864 1030 896 Pro

191 913 292 946 arcella
308 918 371 952 cap.
395 921 426 951 4.
454 909 545 942 Nihil
560 907 612 949 effe
627 915 706 949 opere
723 912 777 940 aut
789 916 882 938 manu
898 906 1030 945 fatiam,

146 956 224 999 quod
237 954 396 996 aliquando
419 961 478 983 non
497 949 652 991 conficiat,
670 949 707 984 ὅς’
723 948 871 983 consumat
890 944 1031 987 vetustas.

148 998 220 1039 Age
237 1005 317 1028 vero
332 995 417 1036 apud
434 992 588 1024 Ovidium
599 1015 609 1032 ,
626 991 673 1023 De
690 990 803 1028 Ponto,
824 989 872 1022 lib.
892 999 922 1030 4.
938 986 1032 1031 Epist.

146 1058 164 1066 2
189 1063 197 1070 .
211 1047 264 1069 ver
279 1061 286 1069 .
325 1060 334 1068 .

146 1038 289 1112 ‘loGutgz
302 1046 394 1110 {uvat
409 1077 532 1118 lapidem
541 1098 551 1115 ,
574 1073 757 1112 consumitur
772 1071 904 1105 annulus
918 1073 995 1114 usu,

144 1158 147 1160 ,
231 1120 396 1152 Et'teritur
407 1117 499 1160 preffa
513 1126 611 1149 vomer
630 1116 763 1148 aduncas
779 1115 877 1147 humo.

148 1163 194 1198 Et
209 1164 257 1195 lib.
278 1171 304 1194 ι.
320 1159 416 1203 Epist.
436 1171 464 1199 4.
482 1159 557 1200 vers.
580 1162 628 1193 18.
914 1197 921 1203 .

189 1204 290 1237 Firma
298 1202 340 1241 sit
356 1203 407 1234 illa
423 1201 507 1240 licet,
520 1200 656 1237 solvetur
670 1198 702 1229 in
721 1205 831 1239 aeqaore
847 1206 955 1234 navis,

237 1245 313 1290 Quae
330 1252 492 1285 numquam
508 1241 628 1283 liquidis
638 1238 842 1285 ficta-carebit
859 1239 955 1279 aquis.

145 1288 277 1324 Eodem
293 1286 394 1318 modo
414 1285 516 1322 Cato,
541 1282 626 1322 apud
643 1280 786 1312 Gellium
803 1279 852 1311 lib.
869 1289 922 1311 x1.
941 1277 1032 1311 Noti.

149 1328 249 1364 Attic.
266 1338 289 1361 c.
307 1338 336 1360 2.
356 1327 450 1366 Vita,
473 1325 599 1365 inquit,
614 1323 742 1355 bumana
755 1324 845 1363 prope
857 1322 904 1352 uti
914 1321 1034 1359 ferrum

151 1370 205 1414 est:
227 1369 256 1410 fi
271 1378 421 1408 exerceas,
445 1366 622 1400 conteritur:
640 1362 669 1402 fi
691 1373 749 1395 non
765 1364 915 1400 exerceas,
938 1367 1035 1392 tamen

149 1406 256 1455 ‘rubigo
271 1409 422 1450 interficit.
448 1410 516 1441 item
528 1407 653 1438 homines
664 1405 818 1436 exercendo
827 1404 959 1449 videmus
968 1412 1034 1433 con-

149 1455 219 1494 teri.
244 1452 273 1492 fi
288 1452 361 1484 nibil
377 1458 508 1483 exerceas
519 1471 529 1487 ‚
551 1449 657 1479 inertia
671 1452 759 1487 atque
781 1451 893 1485 torpedo
904 1444 972 1485 plus
989 1445 1035 1474 dc-

151 1495 283 1530 trimenti
296 1494 392 1532 facit,
415 1500 505 1532 quam
521 1488 667 1520 exercitio.
691 1487 791 1527 Igitur
808 1495 923 1532 naves,
939 1494 1035 1517 annu-

150 1539 196 1577 li,
211 1543 381 1571 vomeres,
400 1531 568 1568 homines,
583 1527 639 1560 usu
650 1535 814 1566 teruntur,
830 1534 1035 1565 minuuntur,

150 1576 409 1612 eonsumuntur,
436 1572 609 1604 tolluntur:
633 1569 664 1602 &
688 1569 783 1609 poffit
806 1577 919 1600 eorum
944 1577 1036 1609 aeque

150 1629 192 1654 ac
207 1617 425 1661 quantitatum
439 1614 543 1646 videri
558 1611 643 1654 quasi
659 1609 865 1643 ususfructus.
890 1609 954 1642 Sed
971 1610 1036 1642 hoc

149 1664 260 1702 ‘neque
284 1657 436 1695 Senatui,
458 1663 565 1696 neque
584 1651 747 1694 Ulpiano,
770 1652 939 1694 negotium
961 1651 1035 1684 fuit.

151 1711 252 1744 atque
273 1707 309 1732 ut
332 1697 441 1740 negari
465 1703 625 1738 nequeat,
649 1704 687 1727 ea
708 1702 847 1735 corpora
871 1702 963 1735 aeque
981 1692 1036 1725 usu

150 1737 252 1780 'minui
270 1742 302 1775 ἂ
319 1741 391 1773 tolli
406 1748 443 1772 ac
455 1738 669 1780 quantitates:
684 1744 793 1768 tamen
805 1734 924 1775 refert3
948 1735 1038 1777 quod

150 1784 350 1828 quantitates
369 1781 473 1815 statim
484 1803 494 1819 ‚
508 1789 546 1812 ac
555 1778 612 1811 sub
622 1777 709 1810 usum
724 1777 862 1824 cadunt,
878 1786 920 1809 eo
938 1777 1038 1809 minui

150 1828 185 1862 &
202 1827 275 1861 tolli
291 1825 456 1858 videmus:
477 1828 510 1854 at
532 1829 671 1861 corpora
688 1820 732 1851 ita
750 1819 910 1860 recipiunt
927 1817 1039 1858 usum;

149 1878 189 1904 ut
205 1876 342 1911 quoquo
360 1873 508 1906 tempore
522 1863 600 1905 quid
616 1861 772 1900 decedat,
791 1870 857 1892 non
876 1861 1038 1893 lentiatur.

152 1914 281 1955 optime
296 1907 469 1941 Lucretius
482 1906 532 1938 lib.
547 1914 571 1936 1.
582 1903 630 1935 De
645 1912 744 1935 rerum
758 1908 867 1934 natura
879 1904 954 1944 verfi
965 1912 1038 1946 312.

192 1970 248 1979 ..-
269 1969 324 1976 —-
346 1968 400 1974 -—
422 1947 532 1981 Multis
540 1946 611 1987 solis
628 1945 813 1976 redeuntibus
833 1946 920 1975 annis

189 1993 340 2029 'Annulus
356 1993 389 2024 in
406 1991 496 2033 digito
502 1988 750 2028 subtertenuatur
766 1986 911 2018 habendo:

196 2034 348 2069 Stillicidl
366 2033 448 2074 casus
464 2031 588 2072 lapidem
604 2034 710 2061 cavat:
734 2037 830 2060 uncus
844 2028 940 2060 aratri

158 2110 161 2114 ,
195 2077 316 2111 Ferreus
334 2075 442 2107 occulte
460 2073 593 2114 decrescit
609 2080 708 2102 vomer
724 2071 756 2101 in
771 2070 873 2101 arvis:

196 2120 355 2160 Strataque
364 2118 429 2160 jam
443 2115 523 2156 volgi
538 2114 656 2154 pedibus
672 2112 779 2143 detrita
793 2111 913 2142 viarum

188 2161 298 2193 'Saxea
316 2158 523 2200 conspicimus:
546 2162 608 2187 tum
622 2159 724 2196 portas
736 2158 853 2194 propter
870 2152 963 2183 ahena

160 2203 162 2206 ’
200 2203 297 2245 Signa
312 2209 418 2232 manus
434 2199 552 2229 dextras
568 2194 720 2237 ostendunt
737 2195 888 2226 attenuari

159 2250 169 2257 ·’
201 2245 282 2285 Soepe
288 2242 479 2283 salutantum
497 2237 596 2276 tactu,
615 2244 778 2278 praeterque
798 2243 956 2266 meantum.

163 2289 167 2293 ”
202 2285 279 2318 Haec
294 2285 388 2326 igitur
402 2278 516 2319 minui,
540 2280 687 2318 cumsunt
704 2278 829 2316 detrita,
852 2277 1001 2308 videmus:

204 2327 262 2359 Sed
275 2335 337 2368 quae
353 2330 470 2362 corpora
486 2321 624 2353 decedant
639 2321 671 2351 in
687 2325 809 2360 tempore
824 2328 936 2361 quoquo

174 2400 176 2402 ,
206 2369 319 2401 Invida
331 2362 479 2407 praeclusit
489 2362 616 2404 speciem
631 2367 741 2393 natura
755 2360 887 2392 videndi.

161 2409 214 2446 Ex
229 2408 385 2441 Lucretio
401 2412 554 2447 apparet,
571 2411 767 2444 corporum,
785 2402 882 2433 etiam
900 2409 973 2432 cum
990 2398 1045 2432 usu

161 2456 328 2488 teruntur,
344 2448 459 2480 salvam
475 2455 605 2479 manere
616 2443 817 2485 substantiam
828 2467 837 2482 ‚
854 2451 959 2484 eoque
969 2450 1044 2473 curn

161 2492 261 2525 semel
286 2491 340 2523 sub
362 2490 451 2522 usum
470 2488 620 2520 cecidere
633 2510 642 2526 ,
664 2486 768 2518 adhuc
785 2486 931 2526 recipere
946 2483 1044 2515 ui'um.

162 2532 366 2568 manifestum
385 2527 570 2567 contraest‚
588 2529 801 2570 quantitates,
818 2534 974 2567 quatenus
990 2525 1046 2556 sub

163 2575 255 2608 sssum
267 2574 402 2611 cadunt,
419 2573 463 2604 ita
480 2572 584 2604 statim
600 2569 662 2602 effe
679 2568 840 2601 definere:
858 2576 893 2600 ut
909 2576 981 2598 cum
1003 2565 1045 2598 se-

163 2617 230 2651 mel
246 2614 364 2647 functae
381 2614 471 2653 sunt,
488 2614 604 2645 iterum
616 2620 680 2643 non
698 2610 853 2651 recipiant
865 2609 963 2641 usum.
982 2608 1047 2639 boc

162 2661 198 2692 in
214 2665 334 2700 genere
349 2655 419 2687 sunt
435 2656 563 2694 vinum,
583 2653 709 2691 oleum,
726 2651 887 2684 frumenta
900 2674 909 2689 ‚
926 2649 995 2681 sunt
1010 2659 1045 2680 o-

166 2702 283 2738 dores,
306 2696 381 2729 sunt
401 2705 565 2738 unguenta
587 2704 658 2736 quae
680 2694 800 2726 Plinius
825 2692 873 2724 lib.
895 2701 941 2732 13.
967 2690 1046 2739 Nat.

165 2738 235 2783 hist.
250 2750 275 2772 c.
293 2748 324 2780 3.
343 2738 407 2776 ait,
430 2738 505 2768 illico
528 2737 675 2778 exspirare
701 2734 738 2771 δέ)
748 2736 816 2776 suis
830 2736 902 2765 mori
912 2734 999 2764 horis.
1023 2741 1046 2763 i-

166 2783 243 2817 dem
260 2781 315 2814 vel
332 2778 433 2812 fimile
456 2777 501 2810 est
524 2779 555 2810 in
571 2778 707 2819 pecunia
724 2783 905 2809 numerata:
934 2783 1005 2815 quae
1023 2772 1044 2806 fi

166 2818 341 2866 erogetur,
356 2818 413 2853 etfi
429 2820 601 2860 accipienti
621 2819 703 2850 salva
718 2817 775 2857 fit,
795 2826 902 2850 tamen
921 2815 1045 2848 solven-

167 2864 194 2899 'ti
219 2864 356 2907 perinde
380 2862 484 2903 perit,
508 2869 544 2891 ac
560 2859 583 2891 fi
598 2859 660 2892 ess'e
678 2861 780 2892 statim
796 2859 934 2897 defluat,
958 2858 1046 2890 ideo-

169 2917 234 2949 que
256 2905 361 2948 palam
385 2902 485 2936 minui
509 2902 624 2933 dicitur
648 2902 680 2933 in
703 2902 760 2934 illo
777 2900 927 2939 Horatii,
950 2899 1000 2933 lib.
1018 2907 1045 2931 1.

161 2948 302 2982 sermon.
310 2946 374 2989 sat.
393 2954 422 2977 1.
439 2943 512 2984 vers.
528 2951 578 2984 43.
602 2983 608 2989 -
732 2985 738 2991 .

245 2987 339 3027 uodfi
354 2987 531 3019 comminuas
541 3007 551 3023 ,
573 2983 661 3014 vilem
676 2985 826 3025 redigetur
839 2985 880 3017 ad
893 2982 989 3025 affem.

167 3033 281 3066 adhaec
297 3030 320 3063 fi
346 3037 418 3069 quae
441 3025 563 3061 utendo
578 3023 621 3056 fic
636 3032 817 3065 mutentur,
840 3033 876 3057 ut
892 3025 994 3058 statim
1014 3024 1046 3071 in

168 3075 254 3107 aliud
280 3070 440 3104 transeant
465 3076 604 3106 nomen3
628 3066 683 3106 (ut
708 3064 745 3097 fit
770 3067 802 3097 in
826 3067 895 3098 lana
911 3091 922 3106 ,
954 3066 1046 3098 vesti-

171 3109 285 3150 mento
301 3113 410 3154 sacto)
426 3110 515 3153 quod
538 3107 669 3141 dubium
687 3105 750 3145 est,
773 3107 848 3153 quin
865 3116 901 3138 ea
916 3117 1048 3149 quoque

169 3157 225 3190 usu
242 3156 340 3188 minui
359 3154 390 3186 &
406 3152 476 3185 tolli
494 3148 664 3184 dicantur?
685 3146 764 3180 solas
782 3155 876 3189 igitur
892 3151 1048 3188 quantita-

170 3206 220 3233 tes
234 3206 304 3241 quae
320 3205 388 3230 non
404 3193 556 3235 occulte,
570 3199 632 3226 nec
649 3197 817 3232 tempore,
834 3187 886 3222 sed
902 3190 1004 3230 palam
1018 3190 1049 3222 δε

717 55 1369 116 .§‘1-:1zannrNroo·n·r-

790 182 804 201 τ·
841 172 1059 222 Capua·
1117 168 1231 207 XXI.

136 289 143 294 .
174 244 329 310 uo'finfic
350 259 471 294 dica-tur
497 251 691 302 ulitsfruffus
714 237 987 299 Senatusconsulto
1009 251 1155 299 constitui
1178 254 1212 287 in
1235 253 1326 288 rebus
1347 249 1480 298 quaeusu
1495 244 1645 286 tolluntur
1659 248 1937 300 atet-minumum?

153 321 167 344 ⁴.·
187 310 339 357 'Vafirrum
356 305 554 352 ususfructus
570 314 623 349 pro
642 301 806 349 usufruttu
820 313 925 338 rerum
940 301 1108 339 mobilium.

1877 225 1884 229 .
1910 209 1926 228 Ἰ

1157 301 1420 351 Vqstimentorum
1437 293 1672 354 “suffra-&mist
1685 295 1827 348 'legauit
1852 294 1939 351 l‘igq·

1377 366 1379 370 ’
1640 380 1643 381 r
1770 380 1771 383 =
1912 371 1930 391 Ti

1068 447 1192 487 statim,
1215 447 1271 481 usu
1287 449 1436 482 delentur
1451 454 1507 482 aut
1530 453 1713 487 mutantur,
1735 456 1844 488 eoque
1857 448 1944 485 usum

1069 496 1227 528 quatenus
1243 489 1341 524 semel
1360 490 1521 529 habuere,
1548 490 1658 523 denuo
1680 499 1747 522 non
1765 490 1948 531 accipiunt,

1068 529 1229 572 Ulpianus
1244 532 1273 564 d.
1283 532 1302 564 l.
1321 542 1346 564 1.
1364 531 1418 564 usu
1437 532 1508 564 tolli
1524 539 1579 564 aut
1595 532 1695 564 minui
1712 530 1950 572 fignificatye'a-

1068 581 1207 613 rumque
1223 573 1329 614 legato
1346 572 1527 613 usufructu,
1543 582 1608 605 non
1624 572 1776 604 constitui
1793 572 1950 608 usumfru-

1072 613 1242 655 etumJure
1260 614 1373 646 Civili:
1390 614 1444 651 sed
1453 613 1792 649 effejdescendeudum
1807 615 1846 646 ad
1857 614 1951 647 Sena-

1072 655 1309 688 tusconsultum
1329 657 1417 697 quod
1440 656 1481 688 de
1506 665 1614 693 earum
1638 657 1792 690 cautione
1811 657 1952 697 loquitur

1072 698 1101 731 d.
1118 697 1138 728 l.
1159 705 1206 729 11.
1225 697 1268 728 D.
1285 698 1319 729 de
1335 696 1494 738 usufruftat
1512 707 1612 730 earum
1627 708 1735 730 rerum.
1759 699 1789 730 in
1807 699 1953 740 corpori-

1066 734 1132 772 bus
1147 748 1214 770 non
1231 737 1275 770 est
1292 739 1355 778 ita,
1379 748 1420 771 ne
1443 739 1617 773 mobilibus
1635 741 1764 780 quidem
1776 763 1786 779 ,
1811 741 1888 771 licet
1904 746 1952 772 te-

1066 780 1244 820 ,rantur,id
1254 779 1317 820 est,
1333 788 1483 820 tempore
1498 781 1690 816 minuantur.
1709 781 1784 812 Hoc
1801 780 1956 821 Ulpianus

1073 820 1224 854 observat
1239 823 1267 853 d.
1282 821 1302 853 l.
1325 831 1370 854 12.
1390 821 1431 853 D.
1453 821 1703 861 Ulufrub'tuarius
1718 824 1955 863 quemadmodum

1074 868 1206 903 caveat,
1219 863 1327 895 verbis
1343 863 1560 904 sequentibus.
1598 863 1630 895 Si
1645 864 1781 903 vasorum
1799 863 1953 907 [ipfiirum]

1075 903 1265 945 ususfructus
1290 903 1407 936 relictus
1424 903 1485 944 sit,
1508 914 1566 935 non
1582 906 1637 936 erit
1650 906 1745 937 cautio
1764 905 1955 942 Senatuscon-

1067 946 1144 983 sulti
1161 945 1334 987 neceffaria:
1341 948 1395 987 sed
1410 947 1461 977 illa
1476 945 1555 984 sola,
1572 947 1639 978 boni
1652 947 1713 978 viri
1727 948 1874 979 arbitratu
1889 948 1955 989 ufic-

1066 997 1142 1019 vrum
1148 988 1330 1028 fruiturum.
1351 988 1385 1019 Si
1397 988 1492 1030 igitur
1508 988 1620 1019 tradita
1626 989 1700 1027 sitm
1708 989 1835 1028 fruendi
1849 989 1954 1028 caula,

1077 1039 1158 1062 nemo
1177 1030 1314 1068 dubitat,
1337 1039 1394 1061 nort
1406 1029 1477 1069 fieri
1492 1029 1573 1071 eJus,
1596 1031 1648 1070 qui
1662 1031 1790 1070 accepit:
1807 1040 1865 1061 non
1883 1029 1958 1063 enim

1077 1072 1138 1102 ideo
1154 1072 1332 1109 traduntur,
1348 1078 1382 1102 ut
1397 1072 1555 1102 dominium
1564 1073 1675 1104 recedat
1690 1074 1725 1105 ab
1735 1080 1764 1102 eo
1779 1073 1830 1113 qui
1844 1073 1955 1110 tradit,

1067 1112 1122 1154 sed
1138 1118 1170 1143 ut
1189 1119 1294 1144 utatur
1304 1113 1610 1154 fruaturlegatarius.
1629 1112 1707 1155 Ergo
1722 1123 1788 1145 cum
1805 1123 1863 1144 nort
1872 1113 1955 1153 fiant

1068 1153 1240 1194 fructuarii
1248 1156 1319 1190 vala
1328 1177 1338 1193 ,
1354 1155 1530 1185 vindic-aria
1541 1156 1731 1195 proprietario
1738 1154 1854 1195 poffunt
1864 1179 1874 1194 ,
1890 1164 1957 1186 cau-

1076 1196 1153 1226 tione
1164 1196 1311 1226 nondam.
1336 1196 1496 1226 videndum
1511 1195 1549 1236 est
1567 1198 1600 1226 de
1612 1195 1805 1234 condictione,
1822 1207 1862 1228 an
1876 1194 1958 1237 poffit

1076 1236 1170 1267 locum
1185 1236 1311 1268 babere?
1334 1236 1371 1271 δέ
1381 1239 1531 1277 proditum
1547 1235 1604 1277 est,
1629 1238 1769 1270 neminem
1788 1247 1847 1269 rem
1857 1240 1973 1277 suam,'

1076 1276 1211 1318 nififuri
1229 1278 1374 1309 condicere
1397 1278 1480 1319 poffe.
1524 1278 1577 1309 Sic
1596 1276 1753 1319 Ulpianus
1772 1289 1834 1310 non
1854 1280 1959 1316 minus

1077 1319 1162 1351 clare
1174 1328 1267 1360 quain
1279 1319 1318 1350 ad
1328 1328 1395 1350 rem
1406 1318 1559 1360 appofite.
1584 1318 1728 1352 Tantum
1738 1320 1849 1352 addam
1862 1344 1871 1360 ,
1883 1323 1961 1362 quid

1075 1361 1215 1398 vafiirum
1226 1361 1441 1401 appellatione
1454 1361 1721 1402 comprehendat.
1746 1370 1826 1402 puto
1836 1370 1957 1401 autem,

1079 1401 1150 1432 vasa
1169 1402 1208 1432 ab
1228 1411 1270 1433 eo
1289 1401 1388 1440 sumi,
1405 1411 1438 1433 ut
1456 1402 1620 1434 sumuntur
1636 1403 1666 1434 in
1686 1403 1742 1435 illo
1761 1402 1845 1435 Livii
1862 1404 1912 1435 lib.
1933 1413 1960 1435 i.

1074 1444 1104 1473 'c.
1121 1451 1170 1481 24.
1202 1442 1270 1474 Rex
1281 1443 1400 1481 facisne
1414 1453 1456 1474 me
1472 1449 1557 1475 tuum
1574 1445 1687 1486 regium
1709 1446 1851 1485 nuncium
1862 1444 1962 1486 populi

1078 1483 1207 1516 Romani
1234 1483 1425 1531 Quiritium?
1446 1487 1519 1521 vala
1537 1488 1705 1526 comitesque
1718 1486 1815 1517 meos?
1839 1486 1874 1518 ln
1895 1495 1961 1527 quo

1078 1525 1156 1557 loco
1173 1532 1265 1557 notat
1281 1524 1473 1565 Turnebus,
1491 1526 1635 1567 Vasorum
1652 1528 1783 1559 nomine
1799 1528 1962 1560 contineri

1078 1566 1321 1608 supellectilem.
1351 1576 1424 1599 nam
1446 1566 1518 1599 vasa
1541 1567 1716 1610 significare
1735 1577 1833 1601 omne
1850 1568 1962 1602 instru-

1079 1616 1244 1648 mentum,
1268 1610 1365 1641 etiam
1389 1609 1609 1641 venatorium:
1634 1609 1665 1641 δι
1684 1610 1813 1642 adducit
1829 1610 1962 1652 sequen-

1073 1651 1122 1683 .tia
1132 1649 1238 1683 Gratii
1253 1649 1363 1682 verba.
1379 1650 1445 1683 Nec
1448 1648 1508 1689 fibi
1521 1652 1638 1683 turbam
1651 1653 1800 1687 contraxit
1814 1654 1961 1692 comitem,

1079 1701 1131 1724 nec
1146 1692 1223 1733 vasa
1247 1693 1376 1725 tenentia
1392 1692 1460 1724 late.
1505 1689 1666 1725 Turnebo
1683 1692 1796 1727 addam
1815 1704 1877 1736 ego
1895 1693 1962 1726 hoc

1074 1732 1285 1766 ‘Constantini
1309 1734 1330 1766 l.
1359 1743 1408 1767 22.
1437 1734 1471 1766 C.
1498 1734 1532 1766 de
1556 1732 1804 1776 administratione
1821 1742 1961 1770 tutorum.

1082 1775 1170 1821 Quod
1191 1776 1224 1807 in
1249 1773 1325 1816 veste
1340 1799 1351 1815 ‚
1382 1776 1572 1817 margaritis,
1592 1777 1731 1818 gemmis,
1754 1775 1791 1812 &³
1814 1778 1961 1818 vasculis,

1081 1824 1239 1859 caeteraque
1247 1816 1425 1858 supellectile
1438 1817 1622 1858 neceffarium
1632 1816 1681 1859 est.
1704 1817 1717 1859 J
1723 1827 1771 1853 am
1784 1817 1906 1851 Seneca
1914 1818 1963 1852 lib.

1085 1869 1113 1892 1.
1131 1859 1178 1890 De
1193 1858 1335 1900 beneficiis
1353 1869 1375 1891 c.
1392 1869 1418 1891 1.
1437 1859 1572 1892 Nomina
1573 1858 1693 1901 fabturi
1708 1859 1761 1892 dili
1781 1867 1860 1893 enter
1871 1861 1903 1892 in
1911 1867 1963 1902 pa·

1082 1901 1252 1933 trimonium
1268 1900 1305 1936 ὃ)
1320 1901 1392 1937 vasa
1403 1902 1536 1933 debitoris
1549 1902 1732 1943 inquirimus.
1793 1903 1823 1934 bi
1840 1903 1964 1943 optime

1083 1942 1207 1983 Lipfius
1224 1942 1296 1982 vasa
1320 1942 1551 1983 interpretatur
1575 1942 1839 1983 instrumentum,
1864 1944 1964 1985 supel-

1083 1984 1224 2016 lcCtilem
1236 2008 1245 2023 ,
1264 1985 1294 2016 ἃ.
1312 1984 1467 2025 quidquid
1482 1994 1548 2016 non
1565 1983 1610 2016 est
1627 1984 1692 2016 soli.
1717 1984 1842 2019 Eodem
1859 1986 1961 2018 modo

1083 2026 1203 2066 accipit
1221 2025 1335 2057 Petrus
1353 2025 1517 2062 Pithoeus,
1541 2025 1632 2057 Notis
1653 2027 1691 2057 ad
1708 2025 1768 2059 Tit.
1790 2035 1814 2059 1.
1834 2027 1967 2059 Collatia-

1083 2069 1130 2098 nis
1149 2067 1244 2109 legum
1265 2066 1467 2103 Mosaicarum
1489 2066 1527 2102 ὃ)
1550 2067 1771 2107 Romanarum,
1795 2067 1824 2110 ᾗ.
1853 2078 1878 2100 1.
1897 2068 1968 2101 haec

1083 2108 1210 2150 Moysis
1230 2108 1339 2140 verba.
1384 2109 1417 2140 Si
1437 2115 1532 2140 autem
1549 2115 1602 2149 per
1618 2110 1801 2142 inimicitiam
1818 2110 1966 2150 inzpaierit

1082 2160 1166 2188 eum,
1183 2150 1230 2181 vel
1245 2149 1392 2190 immiserit
1405 2150 1491 2191 super
1503 2159 1567 2181 eum
1582 2150 1698 2192 aliquod
1715 2161 1770 2185 vas
1787 2160 1823 2182 ex
1841 2149 1966 2191 insidiis.

1083 2191 1215 2224 Possent
1232 2191 1301 2223 haec
1319 2191 1471 2223 sufficere.
1496 2192 1610 2223 addam
1628 2201 1734 2223 tamen
1754 2191 1818 2223 hoc
1835 2202 1874 2224 ex
1892 2193 1911 2224 l.
1930 2197 1961 2226 8.

1084 2233 1128 2265 D.
1145 2234 1178 2264 de
1195 2231 1327 2274 instruet.
1344 2234 1391 2264 vel
1404 2231 1539 2273 instrum.
1558 2233 1644 2274 legat.
1670 2234 1741 2275 quia
1759 2232 1890 2274 Ulpiani
1907 2234 1963 2268 est.

1087 2274 1223 2316 Vasaque
1246 2274 1333 2306 utilia
1350 2275 1481 2306 culturae.
1513 2284 1576 2316 qaae
1592 2275 1668 2315 sunt
1693 2280 1815 2313 aratra,
1838 2276 1965 2316 ligones,

1076 2316 1322 2399 sarculifffalces
1339 2317 1514 2357 putatoriae,
1538 2317 1665 2348 bidentes
1688 2316 1724 2351 δέ’
1744 2315 1773 2354 Ji
1791 2315 1968 2358 quafimilia

1087 2358 1146 2389 dici
1183 2368 1196 2388 o
1222 2363 1289 2390 unt.
1948 2372 1950 2383 :

1128 2365 1229 2443 inod
1241 2399 1281 2430 de
1297 2397 1374 2430 vasis
1387 2398 1471 2438 dixi,
1488 2398 1577 2431 simili
1594 2399 1719 2430 ratione
1736 2401 1840 2433 dicam
1858 2401 1899 2433 de
1915 2409 1968 2433 vn-

1087 2440 1205 2480 stibus,
1223 2441 1330 2482 legato
1347 2439 1482 2479 ipsarum
1499 2440 1670 2472 usufructu.
1698 2440 1738 2474 At
1753 2444 1838 2475 enim
1849 2441 1968 2477 Tribo-

1089 2484 1199 2514 nianus
1216 2482 1284 2524 §.a
1304 2480 1377 2523 Infl.
1395 2483 1428 2512 de
1444 2481 1603 2523 usufructu
1619 2480 1720 2515 vestes
1738 2483 1847 2518 inserit
1862 2492 1971 2517 nume·

1088 2534 1125 2556 ro
1144 2533 1250 2555 rerum
1269 2525 1301 2555 in
1344 2523 1436 2555 uibus
1447 2523 1530 2564 quasi
1549 2522 1742 2557 ususfructus
1760 2535 1800 2558 ex
1819 2526 1966 2559 Senatus-

1089 2565 1238 2597 consulto
1254 2574 1317 2597 con
1349 2565 1475 2597 ituitur:
1493 2565 1552 2596 hac
1561 2565 1703 2604 ratione,
1720 2568 1807 2603 Quod
1826 2566 1882 2600 usu
1891 2575 1967 2600 con-

1089 2607 1263 2639 sumuntur.
1301 2606 1365 2638 Sed
1388 2616 1528 2638 vereor:
1552 2616 1593 2638 ne
1616 2615 1702 2638 erret
1727 2608 1965 2642 Tribonianus:

1088 2648 1177 2680 forte
1194 2649 1350 2688 deceptus
1367 2648 1469 2679 verbo
1479 2649 1655 2680 minuantur
1670 2658 1734 2688 quo
1752 2652 1782 2682 in
1800 2652 1828 2682 d.
1843 2651 1863 2684 l.
1878 2659 1903 2683 1.
1921 2648 1965 2683 D..

1089 2692 1122 2722 de
1137 2688 1296 2730 usufrut‘tu
1319 2699 1419 2721 earum
1435 2699 1533 2721 rerum
1547 2688 1617 2721 usus
1635 2689 1681 2723 est
1698 2690 1865 2732 Ulpianus.
1895 2699 1966 2731 nem

1089 2732 1115 2764 is
1140 2741 1182 2763 eo
1205 2732 1308 2762 verbo
1332 2740 1398 2763 non
1423 2730 1468 2762 est
1493 2732 1686 2772 complexus
1704 2743 1809 2765 rerum
1828 2732 1966 2767 attritio-

1089 2783 1164 2806 nem
1183 2773 1335 2814 paulatim
1354 2773 1570 2812 incidentem,
1581 2773 1611 2805 &
1627 2774 1754 2806 interim
1765 2775 1966 2808 substantiam

1088 2815 1161 2857 post
1181 2813 1267 2847 usum
1285 2815 1496 2854 linquentem.
1529 2823 1642 2849 contra
1667 2816 1847 2858 indigitavit
1868 2817 1969 2848 minu-

1089 2857 1213 2889 tionem
1232 2865 1294 2896 qua
1310 2865 1359 2887 res
1376 2855 1497 2894 statim,
1520 2865 1558 2887 ac
1574 2855 1627 2888 sub
1644 2856 1730 2892 usum
1751 2859 1888 2896 cadunt,
1912 2856 1967 2888 de-

1090 2899 1206 2931 lentur.
1241 2897 1311 2929 talis
1328 2897 1467 2929 minutio
1482 2905 1615 2938 apparet
1636 2898 1666 2930 in
1685 2899 1740 2930 usu
1756 2898 1966 2939 quantitatum

1091 2941 1132 2973 de
1149 2939 1265 2981 quibus
1282 2939 1358 2971 dixi.
1384 2946 1417 2970 at
1431 2940 1462 2970 in
1473 2938 1737 2973 vestimentorum
1748 2941 1800 2972 usu
1815 2936 1963 2971 nuliaest.

1090 2990 1160 3014 rem
1171 2980 1344 3013 confirmat
1362 2979 1483 3012 Plinius
1500 2981 1547 3013 lib.
1568 2990 1614 3022 13.
1631 2981 1709 3013 Nat.
1721 2979 1816 3021 histor.
1832 2989 1855 3012 c.
1865 2987 1896 3018 3.
1914 2976 1963 3010 his

1090 3022 1207 3055 verbis.
1232 3021 1409 3064 Margaritae
1415 3031 1588 3064 gemmaque
1606 3024 1645 3054 ad
1654 3023 1779 3056 heredem
1794 3023 1960 3056 transeunt:

1090 3062 1180 3105 vestes
1198 3069 1357 3106 prorogant
1381 3069 1510 3104 tempus.-
1531 3070 1684 3106 unguenta
1700 3063 1772 3094 illico
1791 3061 1960 3100 exspirant,

1091 3106 1196 3148 acsuis
1210 3107 1376 3138 moriuntur
1391 3105 1477 3137 boris.
1519 3104 1599 3137 Non
1613 3105 1707 3146 igitur
1722 3102 1766 3135 est
1781 3099 1866 3147 quafi
1882 3100 1964 3134 usus-

1090 3147 1212 3180 fruCtus
1231 3146 1386 3185 vestium,
1402 3156 1444 3179 ne
1460 3147 1714 3187 quotidianarum
1735 3143 1885 3182 quidem,
1908 3141 1964 3177 etii

1093 3197 1242 3232 tempore
1265 3196 1418 3222 terantur.
1464 3197 1531 3220 non
1557 3187 1642 3219 enim
1672 3183 1829 3225 exspirant
1850 3183 1963 3216 statim.

1906 3234 1963 3259 ,Ve-
