2036 3495
431 112 493 151 Ab
526 116 617 151 Li».
644 107 694 149 V.
728 111 828 147 TIT.
857 108 921 148 IV.
956 107 1080 161 Sipars
1095 114 1416 161 hereditatisperutili).

29 210 150 253 ⁴poll'int
168 208 292 241 inutiles
311 214 362 238 aut
379 206 579 246 supervacuae
595 201 714 248 videri,
731 202 909 247 nonNdedu-

30 253 88 284 cit.
105 259 226 283 tantum
244 249 282 281 fit
298 249 327 280 ei
348 246 487 288 potestas
503 243 633 277 tollendi
645 244 732 283 quod
750 244 870 282 poluit,
887 243 907 275 fi

37 301 149 331 extet3
172 293 271 324 modo
290 298 356 322 rem
374 298 437 320 non
465 286 560 318 faciat
577 285 781 317 deteriorem.
828 283 908 315 Haec

36 335 155 367 summa
172 335 192 365 l.
208 332 297 374 36.§.
315 331 368 362 ult.
386 329 421 365 &³
439 329 520 370 legib.
533 332 609 368 seqq.
632 327 676 356 l).
691 326 720 356 b.
740 332 760 369 t.
777 324 828 357 sed
844 325 908 358 for-

38 385 71 407 te
95 375 167 406 alibi
189 376 313 405 uberius
336 371 530 402 tractabitur.
556 368 674 399 saltem
694 367 838 411 ‚postulat
861 367 908 398 lo-

37 427 94 449 cus
108 415 240 458 prael'ens
257 412 396 450 absolvi,
423 411 510 450 quod
526 409 566 441 de
584 419 644 439 aere
662 409 765 454 alieno
777 431 786 446 ,
809 416 843 439 ut
862 407 908 454 est

36 459 202 501 proprium
219 454 380 496 petitionis
395 451 598 488 hereditatis,
616 459 700 490 coepi
713 451 830 480 dicere.
853 449 907 490 lgi-

36 507 88 531 tur
105 499 184 530 solet
201 496 315 538 quaeri:
330 504 367 526 an
387 491 535 533 possessor
554 491 741 523 hereditatis
760 491 850 531 poffit
867 500 906 520 ae-

36 540 79 573 ris
99 539 189 572 alieni
214 537 402 570 solutionem
418 555 427 572 ,
450 533 664 564 creditoribus
688 532 907 570 hereditariis,

38 590 92 613 aut
102 582 155 621 qui
173 589 230 620 pro
246 577 357 609 talibus
374 575 551 612 habentur,
569 583 585 605 a
602 573 632 604 se
648 573 783 609 factam,
798 575 838 605 de
854 573 906 604 he-

36 623 173 655 feditate
196 617 377 652 deducere?
404 616 508 647 Facile
527 616 735 656 intelligitur-3
760 614 780 646 fi
799 613 906 654 profu-

38 673 108 695 tura
118 658 332 694 hereditatifit
350 659 484 696 solutio,
501 659 564 697 pari
577 658 700 688 ratione
718 657 853 693 deduci,
870 664 910 685 ac

37 703 188 746 impensas
205 702 277 732 alias
296 699 481 731 neceffarias
498 707 550 730 aut
567 699 669 743 utiles.
701 700 788 743 quod
806 697 826 728 si
844 705 907 741 non

36 747 74 778 sit
91 744 275 786 profutura3
294 751 357 773 non
377 741 472 782 magis
491 741 625 778 deduci,
646 749 738 780 quam
755 738 909 779 impensas

35 784 329 818 caeterasinutiliter
340 782 447 814 fatias.
473 781 640 822 profutura
653 789 757 811 autem
768 799 778 819 ,
797 789 829 810 ut
844 779 909 810 hoc

37 829 148 860 addam
160 850 169 865 ,
187 827 313 857 videtur
330 824 466 862 solutio,
482 823 690 854 hereditatem
709 821 874 852 liberatura
892 830 909 851 a

35 870 166 902 debito:
181 866 320 907 alioquin
334 865 451 896 inutilis
469 864 612 895 habetur.
638 864 829 906 Quidigitur
844 861 908 899 est,

37 911 59 943 fi
76 909 251 942 indebitum
268 907 360 939 solvit
379 905 554 948 poffeffor‘?
579 905 655 936 nihil
678 904 806 936 deducit
821 903 840 934 l.
859 912 907 935 20.

36 952 66 994 §.
90 956 135 985 18.
155 952 200 982 D.
216 951 244 980 b.
261 955 280 980 t.
306 949 378 989 quia
395 948 472 979 nihil
489 948 527 977 ad
545 946 754 978 hereditatem
772 946 910 985 pertinet

38 993 218 1026 indebitum
229 990 364 1022 solutum
377 998 385 1019 ι
398 997 605 1029 praeterquam
616 987 637 1019 fi
650 988 740 1032 bonae
754 986 827 1018 fidei
840 994 907 1033 pos⁴

39 1034 152 1071 seffor,
177 1032 343 1064 occatione
371 1031 490 1062 inutilis
512 1029 688 1061 testamenti
711 1030 797 1068 quod
822 1035 909 1058 omni

39 1079 140 1108 modo
157 1083 256 1105 ratum
267 1073 476 1110 credebatur,
491 1071 668 1102 indebitum
688 1069 814 1100 solverit
831 1070 910 1108 iega-

39 1125 107 1150 turn
122 1124 174 1147 aut
189 1113 482 1146 fideicommissum:
499 1120 566 1143 turn
577 1113 660 1143 enim
678 1112 749 1152 quia
765 1111 911 1141 voluntas

42 1157 201 1190 testatoris
223 1157 271 1187 cui
299 1157 471 1197 parendum
495 1163 582 1191 erat,
605 1153 696 1197 dedit
718 1153 815 1183 errori
840 1161 911 1183 cau-

41 1199 126 1238 sam3
141 1198 496 1238 fueritaequitatis‚eum
509 1195 589 1226 lianc
607 1194 795 1226 solutionem
814 1195 852 1224 de
863 1193 914 1238 hej

43 1241 179 1273 reditate
191 1239 350 1271 deducere
361 1261 370 1276 ,
381 1237 466 1268 cessis
480 1236 588 1267 heredi
605 1235 749 1267 adversus
760 1244 829 1265 eurn
841 1258 849 1273 ‚
861 1243 913 1279 qui

43 1280 371 1319 indebitumaccepit‚
384 1278 559 1309 actionibus
577 1277 586 1306 l
609 1285 653 1317 17.
667 1276 706 1306 D.
718 1277 774 1307 lm.
794 1275 911 1312 lta‚lo·

44 1325 116 1357 luto
132 1333 149 1354 a
166 1321 334 1362 poffeffore
353 1319 508 1350 indebito.
534 1317 639 1360 Quid,
657 1317 677 1349 fi
696 1318 839 1348 debitum
857 1316 912 1348 sol·

43 1364 151 1396 verit?
168 1364 231 1394 lioc
248 1361 268 1394 fi
289 1361 473 1392 hereditatis
490 1361 620 1390 nomine
632 1359 776 1390 solverit:
794 1368 857 1389 non
870 1357 914 1389 est

44 1404 152 1444 causa,
169 1413 224 1435 cur
241 1403 331 1435 heres
349 1411 445 1442 quein
465 1401 628 1439 liberavit,
647 1401 678 1432 id
695 1409 841 1437 imputari
860 1399 914 1431 sibi

45 1446 137 1479 nolit.
161 1444 294 1487 Optime
310 1443 490 1476 Antoninus
502 1443 520 1474 1.
536 1453 566 1482 5.
585 1442 618 1472 C.
635 1442 663 1473 h.
682 1447 703 1472 t.
727 1442 834 1473 Verba
853 1442 914 1481 An-

47 1487 150 1520 tonini
170 1499 178 1520 ι
202 1487 253 1518 De
269 1485 423 1517 hereditate
438 1494 526 1526 quam
544 1485 616 1514 bona
625 1484 685 1523 fide
700 1482 870 1523 puffidebas,
887 1480 916 1520 fi

46 1536 145 1561 contra
162 1534 188 1559 te
200 1529 422 1568 pronunciatum
439 1524 494 1564 est:
510 1526 541 1555 in
557 1523 734 1565 restitutione
747 1525 807 1566 ejus
826 1527 915 1554 deira-

49 1572 132 1602 betur
147 1571 220 1615 quod
229 1569 413 1599 creditoribus
430 1569 553 1608 ejusdem
564 1567 727 1597 hereditatis
743 1566 873 1606 exolviffie
889 1572 916 1596 te

50 1612 122 1643 bona
147 1612 201 1647 nde
222 1611 408 1650 probaveris:
430 1618 497 1639 nani.
522 1609 608 1647 repeti
624 1618 642 1638 α
658 1609 842 1638 creditoribus
865 1607 917 1648 qui

40 1654 133 1693 Junm
147 1656 325 1691 receperant,
347 1660 403 1680 non
413 1648 512 1690 potest.
549 1649 625 1679 Esto
643 1648 683 1679 iic
700 1648 730 1679 in
747 1647 917 1688 pofl'effore

52 1694 145 1726 bonae
170 1692 263 1730 fidei,
293 1693 331 1722 de
350 1700 414 1729 quo
439 1690 578 1730 loquitur
595 1689 783 1721 Antoninus.
808 1690 859 1721 sed
877 1696 916 1721 de

52 1733 223 1776 posselsore
247 1733 334 1764 malae
358 1731 431 1763 fidei
457 1730 593 1772 quaeris?
617 1730 692 1762 nihil
716 1741 821 1762 muto:
844 1740 917 1762 cum

52 1776 107 1808 vel
124 1776 195 1806 huie
212 1775 325 1812 liceat,
341 1773 418 1805 ficut
435 1774 605 1812 unicuique
622 1771 689 1810 alii,
706 1782 763 1812 pro
780 1774 843 1805 alio
861 1774 917 1804 eti-

53 1827 104 1849 am
121 1817 241 1854 invito,
258 1816 377 1846 solvere
390 1837 399 1853 ,
416 1815 447 1845 id
464 1813 526 1851 est,
544 1822 615 1845 eum
637 1814 747 1845 debito
764 1815 916 1851 liberare,

54 1867 161 1899 eoque
176 1858 242 1898 ejus
258 1857 477 1887 conditionem
495 1855 601 1886 facere
617 1856 780 1887 meliorem
792 1856 810 1887 l.
823 1866 870 1896 23.
882 1855 918 1890 ἐξ)

53 1900 73 1931 1.
92 1909 139 1936 22.
159 1899 204 1929 D.
225 1897 353 1938 defhlzct.
386 1896 463 1928 Rem
480 1897 563 1928 dixi:
588 1896 639 1927 nisi
657 1897 761 1928 adhuc
778 1898 919 1928 tollenda

53 1940 222 1972 difficultas
240 1948 298 1970 una
316 1946 368 1970 aut
385 1939 500 1974 altera,
523 1946 616 1977 quarn
636 1937 806 1970 offundunt
820 1940 920 1970 Anto·

52 1981 117 2012 nini
137 1981 243 2011 verba.
267 1981 355 2020 prior
372 1979 533 2019 est:quod
552 1980 575 2010 is
592 1978 705 2010 diserte
724 1980 863 2020 loquitur
881 1983 920 2011 de

50 2021 221 2063 poll'essore
244 2020 338 2052 bonce
361 2019 451 2051 fidei:
476 2020 551 2052 nibil
568 2028 673 2051 autem
691 2022 776 2052 addit
793 2022 832 2052 de
849 2031 921 2062 pos-

45 2063 167 2095 -sess'ore
182 2063 270 2094 malae
282 2062 366 2093 fidei.
390 2061 452 2093 Sed
469 2062 531 2092 noli
551 2061 658 2093 facere
668 2071 886 2103 argumentum
905 2072 922 2093 a

54 2104 232 2136 contrario:
250 2113 312 2135 non
331 2105 415 2134 enim
433 2102 476 2134 est
489 2126 497 2140 ‚
514 2112 575 2144 qua
592 2103 631 2133 de
648 2113 768 2144 agitur,
787 2105 853 2136 Lex
869 2114 921 2145 ge-

53 2146 184 2177 neralis:
208 2154 247 2176 ne
270 2154 373 2184 putes.
398 2152 519 2175 tantum
546 2144 590 2175 est
609 2144 806 2186 Rescriptum
824 2151 861 2177 ad
878 2146 922 2177 fa·

57 2186 140 2218 ctum
151 2210 159 2224 ‚
172 2196 189 2217 a
204 2189 337 2225 quadam
350 2185 570 2217 Posthumiana
584 2187 750 2218 Antonino
760 2189 920 2219 oblatum:

55 2227 87 2259 in
105 2237 169 2268 quo
186 2227 256 2264 illa,
274 2235 308 2257 ut
326 2235 391 2257 erat
409 2227 501 2257 bonae
517 2227 591 2258 fidei
608 2227 778 2267 poffcssbr,
797 2230 921 2260 heredi·

56 2271 137 2300 tario
162 2268 289 2300 nornine
317 2267 503 2299 solutionem
529 2269 650 2300 fecerat
677 2270 759 2300 bona
788 2270 859 2301 fide.
882 2271 922 2301 de

53 2310 118 2341 hoc
143 2310 237 2350 igitur
258 2308 347 2347 casu,
371 2312 410 2340 de
434 2318 496 2349 quo
523 2309 590 2342 solo
607 2311 766 2343 consultus
784 2311 864 2350 fuit,
889 2320 923 2343 ut

52 2359 185 2389 parerat
195 2375 203 2387 ‚
223 2350 374 2390 rescripsit
387 2351 578 2383 Antoninus:
594 2352 677 2383 idem
690 2354 784 2384 etiam
798 2354 837 2384 de
847 2363 922 2384 con-

54 2392 149 2423 trario
172 2391 241 2423 casu
259 2391 278 2423 fi
297 2391 401 2423 fuiss'et
425 2392 604 2430 consultus,
629 2393 830 2432 rescripturus
849 2394 920 2425 fuit.

52 2433 160 2464 Altera
177 2433 343 2465 difficultas
360 2434 421 2471 est,
448 2436 531 2464 unde
546 2434 731 2474 conjiciatur
748 2436 857 2474 (quod
874 2436 920 2467 di-

54 2474 105 2515 xi)
128 2475 160 2507 in
177 2476 203 2506 d.
225 2475 246 2506 l.
267 2485 299 2515 5.
324 2475 423 2513 verti,
446 2474 638 2508 solutionem
654 2486 670 2507 a
686 2476 857 2518 posseffore
875 2476 919 2508 fa-

700 2559 1056 2596 T1Tutus

109 2720 157 2752 ost
173 2720 328 2753 astionem
341 2730 432 2761 quam
443 2723 610 2763 proposuit
626 2724 750 2756 Praetor
768 2726 795 2756 ei
815 2725 866 2766 qui
885 2725 923 2757 ad

129 2761 159 2792 se
189 2761 286 2794 solum
315 2762 521 2796 hereditatem
550 2767 709 2804 pertinere
735 2768 924 2805 contendit,

59 2804 259 2847 consequens
276 2802 353 2849 suit,
370 2804 400 2834 &
418 2806 446 2834 ei
464 2814 644 2845 proponere
661 2810 714 2848 qui
734 2818 854 2848 parterii
874 2808 925 2838 lie-

59 2845 203 2875 reditatis
219 2850 300 2883 petit
318 2844 336 2874 l.
361 2853 385 2875 i.
406 2845 451 2875 D.
467 2846 494 2876 h.
509 2852 531 2877 t.
554 2846 623 2885 quia
636 2849 750 2880 alicubi
773 2850 816 2880 cst
835 2848 926 2880 diffe—

59 2884 179 2923 rentia,
196 2893 231 2916 ut
246 2885 362 2915 eodem
380 2886 509 2916 redeant
521 2887 679 2926 pleraque.
705 2891 807 2921 Vei-ba
820 2899 925 2921 autem

60 2925 212 2958 Praetoris
236 2925 277 2957 fic
299 2925 416 2956 restitui
439 2927 545 2965 posse,
570 2930 645 2960 mihi
664 2933 847 2970 periuadeo.
894 2931 928 2961 Si

58 2974 130 3008 pars
146 2967 311 2998 hereditatis
322 2972 458 3006 petatur:
475 2970 499 2998 ez·
514 2971 565 3008 qui
578 2979 639 3000 erim
650 2978 762 3011 partem
778 2978 860 3010 suam
878 2972 929 3011 effe

62 3010 156 3046 dicet,
173 3009 309 3045 adversus
318 3017 381 3038 eum
397 3010 446 3049 qui
460 3018 520 3039 eam
528 3017 579 3049 pro
596 3011 691 3042 herede
704 3014 750 3044 vel
762 3021 813 3052 pro
826 3014 927 3053 poffes-

53 3053 119 3091 Jore
130 3049 295 3090 poffidebit‚
316 3050 461 3089 juditium
477 3051 563 3081 daho:
585 3058 618 3082 ut
635 3062 667 3083 ea
680 3060 730 3092 pro
746 3049 869 3092 indivisi)
885 3063 926 3084 re·

0 3091 1 3094 ’
56 3090 211 3132 [irruatur.
248 3087 397 3121 Interdum
414 3096 500 3128 causa
516 3094 648 3132 cognita,
671 3093 722 3132 etsi
737 3091 844 3126 incerta
857 3104 930 3134 pars

54 3138 194 3172 petatur,
212 3132 354 3174 judicium
373 3133 451 3163 daho.
477 3133 579 3164 Prima
596 3135 710 3174 verba,
727 3137 760 3166 Si
775 3144 840 3176 pars
855 3138 930 3166 bere-

60 3173 159 3203 ditatis
172 3179 306 3213 petatur,
331 3173 483 3213 desumpti
503 3184 542 3205 ex
560 3174 706 3207 Rubrica.
737 3177 928 3218 Sequentia,

61 3213 168 3285 Eizqui
180 3223 249 3287 mlv}
252 3220 365 3255 partem
373 3215 463 3255 suam
475 3214 525 3256 effe
540 3217 631 3256 dicet,
649 3226 760 3250 extant
777 3218 796 3251 l.
810 3228 835 3251 1.
853 3218 881 3261 §.
903 3227 928 3252 1.

127 3264 180 3286 om.
247 3278 255 3287 .

1761 124 1826 157 147

955 204 1036 236 &am
1054 203 1146 235 fuiss'e
1163 204 1293 235 nornine
1309 203 1522 236 hereditario:
1547 211 1618 234 cuni
1638 202 1689 234 illa
1706 202 1736 233 in
1755 202 1825 242 lege

952 247 1016 285 ejus
1042 246 1207 286 vestigium
1226 246 1346 276 nullum
1372 244 1555 286 reperiatur.
1581 244 1701 283 praebet
1719 252 1825 274 tamen

950 295 1168 326 argumentum
1185 286 1374 326 conjectum
1394 296 1469 318 meae
1482 286 1616 326 iubjccra
1627 287 1723 317 ratio:
1740 285 1825 317 Num

950 329 1038 367 repeti
1054 339 1071 358 ιι
1087 329 1272 358 creditoribus
1284 329 1336 368 qui
1345 327 1436 369 situm
1452 334 1635 367 receperunt,
1651 337 1708 357 non
1721 324 1822 367 potest.

952 368 1030 400 Haec
1047 377 1134 399 certe
1144 369 1226 399 ratio
1242 370 1380 406 evincit,
1399 370 1437 399 ab
1457 368 1620 400 Antonino
1634 368 1758 400 tractari
1776 377 1826 399 ca-

953 410 1016 440 sum
1033 410 1062 440 in
1081 418 1146 449 quo
1163 418 1227 440 non
1245 409 1350 449 potest
1369 409 1519 449 poili-[Tor
1537 410 1674 442 solutum
1690 420 1705 440 a
1721 410 1824 441 credi-

950 450 1072 481 toribus
1098 450 1150 489 qui
1169 450 1254 481 suum
1278 460 1486 491 receperunt,
1512 461 1677 492 repetere3
1702 451 1822 482 &ideo

947 492 1045 522 <habet
1060 491 1108 531 jus
1125 491 1164 522 ab
1181 491 1359 522 hereditate
1380 493 1442 523 lioc
1459 493 1648 524 deducendi.
1665 493 1750 533 quod
1769 493 1823 523 ali·

950 541 999 564 ter
1016 532 1079 570 est,
1095 532 1148 563 ubi
1167 533 1237 572 quis
1249 532 1326 564 falso
1346 541 1456 572 putans
1473 533 1501 565 se
1516 534 1666 565 heredem
1685 535 1825 564 credito-

950 575 973 606 ri
987 573 1197 612 hereditario,
1215 573 1296 613 quasi
1310 574 1374 613 ipse
1392 576 1526 613 debeat,
1544 576 1598 606 suo
1617 577 1747 606 nomine
1767 576 1824 606 sol·-

952 617 1014 646 vit:
1038 624 1103 646 tum
1122 616 1204 645 enim
1225 622 1327 653 neque
1347 625 1438 647 verus
1457 617 1547 647 lieres
1568 618 1734 654 liberatur,
1753 618 1781 647 &
1799 617 1824 646 is

951 658 1038 697 quod
1056 656 1163 693 dedit,
1190 665 1335 695 repetere
1352 657 1478 695 μωρίη
1505 667 1649 697 quamvis
1667 658 1707 688 sic
1724 658 1825 688 credi-

952 707 1003 729 toi·
1018 698 1154 736 accipiat
1166 697 1217 728 sibi
1230 699 1371 729 debitum
1384 709 1392 737 ;
1411 707 1532 730 rantum
1546 700 1632 737 quod
1646 700 1669 731 is
1683 700 1734 738 qui
1752 700 1824 737 dat,

951 749 1014 771 non
1040 739 1181 770 debitum
1207 741 1257 769 dat
1282 739 1299 770 l.
1327 749 1372 775 19.
1397 740 1423 781 ᾗ,
1447 749 1470 770 1.
1494 741 1514 771 l.
1532 744 1570 780 65
1607 740 1635 781 §.
1654 740 1707 771 ult.
1731 740 1775 771 D.
1792 741 1825 770 de

951 779 1071 811 condier.
1089 781 1181 811 z'ndeh.
1218 779 1308 817 Hoc,
1334 780 1354 812 fi
1373 780 1523 821 possessor
1540 782 1683 812 debiturn
1703 782 1827 812 heredi-

953 831 1023 853 tatis
1048 822 1262 852 creditoribus
1296 822 1493 854 hereditariis
1523 823 1615 854 solvit
1641 822 1827 854 hereditatis

951 864 1093 895 nomine.
1139 861 1263 901 Restat,
1289 864 1365 902 quid
1387 866 1461 903 juris
1488 863 1548 896 fit:
1572 864 1593 896 fi
1618 864 1670 895 suo
1695 867 1828 895 nomine

953 905 1063 936 solvat.
1112 903 1155 934 Ea
1180 905 1311 944 quaeilio
1328 906 1507 943 explicatur
1524 906 1563 937 ab
1583 905 1719 946 Ulpiano
1738 907 1756 937 l.
1776 914 1826 946 31.

954 947 1000 977 D.
1019 947 1046 976 h.
1068 951 1087 975 t.
1117 944 1191 975 Erat
1211 956 1288 976 vero
1308 946 1485 978 dubitatio:
1503 949 1590 986 quod
1608 946 1758 987 poffeffor
1775 949 1829 978 de-

953 988 1053 1018 bitum
1073 986 1197 1018 solvens
1213 986 1267 1017 suo
1285 986 1413 1018 nomine
1425 1012 1433 1026 ,
1453 998 1624 1028 petitorem
1641 989 1827 1020 hereditatis

953 1038 1017 1060 non
1037 1029 1150 1059 liberat
1174 1027 1239 1067 ipso
1253 1029 1340 1067 jure:
1364 1038 1476 1066 certo,
1502 1030 1676 1062 solventem
1696 1029 1750 1060 suo
1770 1040 1829 1061 no-

954 1072 1039 1101 mine
1056 1070 1142 1110 quod
1158 1070 1236 1100 alius
1255 1071 1370 1109 debet,
1395 1071 1574 1103 debitorem
1594 1082 1657 1103 non
1677 1072 1829 1110 liberare3

954 1122 995 1142 co
1015 1113 1101 1151 quod
1119 1120 1183 1142 non
1204 1112 1307 1142 voluit
1324 1119 1397 1143 eum
1415 1113 1557 1144 liberare.
1589 1114 1705 1153 placuit
1724 1120 1832 1145 tamen

955 1152 1336 1193 Uipiaromoffefforem,
1353 1153 1373 1184 fi
1385 1155 1459 1194 quid
1471 1156 1685 1185 creditoribus
1703 1154 1757 1185 suo
1775 1163 1832 1185 n02·

957 1196 1040 1226 mine
1060 1195 1150 1225 lolvit
1163 1218 1171 1230 ,
1189 1195 1218 1225 id
1237 1196 1367 1234 petitori
1386 1205 1625 1235 reputaturum:
1651 1199 1749 1227 modo
1769 1205 1833 1227 ma·

958 1237 1010 1274 lit,
1035 1236 1169 1267 solutum
1197 1236 1279 1275 apud
1305 1237 1499 1268 creditor-cm
1524 1247 1711 1275 remanere,
1736 1242 1831 1276 quain

958 1278 996 1308 ab
1012 1287 1052 1308 eo
1071 1276 1338 1317 quasiindebitum
1353 1278 1536 1310 condicere.
1555 1288 1619 1310 tum
1630 1278 1713 1308 enim
1726 1288 1834 1318 dumne

958 1328 1049 1358 quarn
1069 1318 1319 1359 petitoremipso
1333 1319 1402 1359 jure
1420 1330 1483 1350 non
1498 1320 1641 1350 liberavit
1658 1328 1673 1349 a
1692 1322 1833 1350 credito-

958 1361 1043 1391 ribus
1070 1361 1284 1393 hereditariis:
1309 1361 1420 1400 utique
1446 1362 1592 1393 liberavit
1617 1371 1689 1392 eurn
1707 1369 1763 1400 per
1780 1370 1834 1392 ex-

958 1404 1145 1441 ceptionem
1164 1402 1230 1433 doli
1256 1402 1344 1432 mali:
1368 1411 1431 1433 non
1450 1403 1590 1442 patiente
1608 1402 1693 1434 bona
1712 1402 1792 1440 fide,
1810 1402 1834 1432 i·-

960 1444 1032 1474 dem
1048 1453 1065 1473 a
1082 1442 1242 1474 creditore
1255 1442 1300 1474 bis
1312 1444 1395 1484 exigi
1414 1444 1488 1484 l.57.
1510 1444 1549 1475 D.
1569 1446 1602 1474 de
1618 1454 1676 1484 reg.
1687 1445 1751 1485 jur.
1768 1444 1836 1475 nul*-

959 1485 991 1516 lo
1011 1484 1210 1523 discrimine,
1233 1492 1337 1515 utrum
1357 1484 1424 1525 ipso
1445 1486 1514 1525 jure
1534 1494 1618 1516 tutus
1637 1486 1672 1517 fit
1690 1487 1834 1527 petitor,

959 1535 994 1556 an
1020 1535 1076 1564 pei·
1101 1527 1329 1565 exceptionem
1347 1526 1366 1557 l.
1391 1535 1454 1558 112.
1476 1526 1516 1558 D.
1535 1528 1594 1557 eod.
1612 1528 1659 1558 tit.
1700 1526 1775 1557 Hoc
1792 1528 1834 1558 er':

960 1567 1083 1606 juliano
1110 1566 1263 1608 Ulpianus
1288 1569 1315 1598 d.
1334 1567 1353 1597 l.
1371 1576 1419 1608 31.
1448 1567 1478 1598 in
1504 1576 1641 1607 utroque
1660 1567 1836 1608 pol'stffore

961 1618 1023 1639 tam
1050 1609 1157 1645 malae,
1181 1618 1272 1649 quum
1299 1609 1411 1646 bonae,
1437 1608 1528 1640 fidei:
1553 1608 1710 1648 maxime,
1735 1609 1755 1640 si
1773 1618 1836 1640 ina-

961 1651 996 1681 1ae
1017 1650 1088 1681 fidei
1109 1649 1261 1689 polseffor
1281 1659 1406 1690 paratus
1422 1649 1457 1681 sit
1470 1659 1603 1686 cavere,
1629 1651 1800 1690 petirorein
1819 1652 1837 1681 a

959 1691 990 1722 se
1007 1691 1170 1723 defensum
1182 1692 1228 1722 iri.
1253 1694 1341 1732 quod
1353 1701 1369 1721 a
1385 1693 1477 1722 bonae
1497 1691 1569 1723 fidei
1588 1691 1757 1732 poss'effore
1770 1693 1836 1723 noti

960 1732 1171 1764 desideratur:
1195 1733 1268 1772 quia
1289 1733 1362 1763 huic
1381 1733 1510 1772 sufficit,
1529 1734 1547 1764 ii
1568 1741 1695 1772 pai-atus
1711 1733 1766 1772 fit,
1791 1735 1837 1765 in-

960 1773 1059 1806 debiti
1076 1774 1315 1806 condictionem
1328 1784 1421 1813 quam
1437 1775 1583 1806 adversus
1594 1776 1771 1806 creditores
1783 1774 1838 1806 haa-

960 1816 1016 1847 bet
1028 1839 1036 1851 ,
1053 1814 1184 1855 petitori
1201 1817 1328 1847 cedere.
1354 1825 1503 1847 caeterum
1522 1826 1585 1848 non
1603 1815 1648 1848 est
1666 1816 1837 1857 locupleti·-

962 1867 999 1888 or
1015 1857 1133 1895 factus,
1151 1866 1258 1897 eoque
1271 1866 1334 1888 non
1347 1858 1476 1889 ulterius
1491 1857 1775 1889 Senatusconsulto
1792 1866 1838 1888 te*-

962 1907 1056 1930 netur
1071 1900 1124 1929 cm.
1136 1907 1184 1939 31.
1209 1899 1305 1929 Malae
1317 1899 1392 1929 fidei
1411 1898 1683 1937 posl'efforcontra
1700 1908 1762 1930 non
1781 1908 1839 1940 poe·

963 1939 1022 1971 test
1039 1941 1156 1971 cedere
1172 1941 1307 1970 indebiti
1325 1940 1580 1972 condictionem:
1598 1942 1669 1980 quia
1688 1948 1720 1971 ut
1737 1939 1840 1972 sciens

963 1983 1052 2021 quod
1075 1991 1141 2013 non
1166 1982 1305 2012 debebat
1333 1980 1444 2020 solvit,
1469 1981 1510 2012 fic
1530 1992 1593 2014 non
1613 1982 1710 2013 habet
1728 1983 1840 2013 condi-⁸

965 2024 1117 2054 cuonem.
1143 2031 1270 2053 tenetur
1290 2023 1404 2062 igitur,
1424 2025 1509 2061 quod
1528 2022 1684 2063 superest,
1703 2030 1839 2062 cavere,

964 2065 1138 2104 petitorem
1162 2062 1307 2095 adversus
1332 2065 1508 2096 creditores
1526 2074 1542 2095 a
1567 2064 1595 2095 se
1613 2064 1777 2096 defensum
1792 2064 1839 2096 iri.

965 2108 1087 2146 petitor
1104 2107 1217 2141 etiam,
1244 2104 1263 2135 fi
1282 2114 1298 2135 a
1316 2105 1529 2136 creditoribus
1549 2107 1779 2145 conveniatur,
1803 2109 1840 2137 ut:

965 2146 1071 2187 potest
1089 2146 1190 2178 subtili
1204 2147 1291 2185 jure,
1314 2148 1510 2186 exceptifflie
1526 2148 1569 2178 uti
1588 2148 1686 2178 debet
1703 2149 1730 2178 ci.
1748 2147 1766 2178 l.
1787 2156 1838 2188 531.

1005 2188 1185 2220 Posti-emus
1208 2187 1478 2219 Senatusconsulti
1499 2188 1603 2220 versus
1620 2188 1683 2220 est:
1706 2189 1840 2219 Pernam

965 2236 1060 2260 autem
1073 2229 1144 2269 fiseo
1159 2229 1342 2260 hereditatem
1365 2239 1402 2260 ex
1425 2239 1453 2259 eo
1470 2236 1592 2270 tempore
1613 2227 1839 2268 existimantium

966 2271 1034 2310 effe,
1050 2281 1104 2311 quo
1113 2271 1239 2311 primum
1248 2271 1343 2307 scierit
1359 2272 1477 2312 quisque
1493 2280 1554 2301 eam
1571 2272 1630 2310 ase
1643 2272 1721 2311 peti,
1737 2273 1765 2301 id
1779 2268 1839 2312 est,

966 2322 1031 2343 cum
1044 2313 1169 2351 primum
1185 2321 1237 2342 azzi
1255 2314 1460 2342 denunciatum
1477 2311 1540 2352 effer
1556 2313 1600 2349 ei,
1621 2319 1671 2343 auc
1687 2313 1777 2343 literis
1793 2311 1840 2343 vel

966 2352 1086 2393 epistulis
1099 2359 1234 2383 evocatus
1253 2352 1318 2393 effer
1333 2353 1516 2393 censuerunt.
1555 2353 1603 2385 Ad
1621 2354 1703 2384 hanc
1720 2353 1837 2385 clausu-

966 2395 1027 2426 lam
1043 2393 1073 2425 in
1090 2394 1117 2435 ἓ.
1133 2403 1176 2425 11.
1194 2394 1213 2424 l.
1232 2404 1278 2426 20.
1300 2395 1326 2425 h.
1344 2400 1365 2425 t.
1390 2403 1479 2425 extat
1493 2394 1588 2434 justus
1607 2393 1733 2435 Ulpiani
1751 2401 1839 2426 conv

964 2444 1156 2475 mentarius,
1179 2444 1239 2466 nec
1256 2445 1377 2476 quaeres
1402 2436 1560 2476 aptiorem
1576 2445 1631 2468 aut
1647 2436 1838 2477 pleniorem.

1115 2560 1188 2595 IV.

711 2636 745 2670 Si
757 2645 832 2681 pars
851 2636 1029 2671 hereditatis
1042 2642 1179 2682 petatur.

967 2725 1015 2757 D.
1032 2724 1060 2755 h.
1076 2731 1095 2755 t.
1113 2723 1179 2758 &L
1203 2732 1246 2756 10.
1257 2723 1285 2766 §.
1306 2732 1330 2755 1.
1344 2724 1390 2757 D.
1407 2726 1527 2765 deperit.
1545 2726 1636 2758 bered.
1663 2720 1760 2765 Haec,
1777 2725 1839 2757 Aa.

967 2767 1067 2804 versm
1081 2775 1143 2796 eum
1159 2767 1211 2807 qui
1225 2776 1286 2796 eam
1298 2772 1350 2806 pro
1367 2767 1464 2798 herede
1479 2768 1525 2798 vel
1537 2775 1589 2809 pro
1603 2768 1743 2808 poffeffort·
1756 2764 1839 2807 poffi-

969 2809 1062 2842 debit,
1085 2808 1211 2847 attingit
1228 2807 1246 2838 l.
1268 2817 1312 2838 10.
1334 2808 1377 2838 D.
1396 2808 1423 2838 h.
1444 2815 1464 2840 t.
1489 2809 1563 2847 llla,
1591 2809 1634 2841 Ut
1654 2820 1685 2839 ea
1696 2816 1748 2849 pro
1763 2809 1840 2838 imii-

968 2850 1027 2885 viso
1052 2846 1241 2888 nstitutum,
1265 2849 1383 2880 indicat
1402 2850 1420 2880 l.
1439 2860 1465 2890 7.
1485 2852 1530 2881 D.
1547 2853 1564 2881 b
1590 2857 1611 2882 t.
1639 2849 1750 2881 Versus
1769 2848 1839 2879 ulti-

972 2899 1059 2926 mus,
1074 2889 1225 2920 Interdum
1237 2913 1246 2927 ‚
1268 2895 1354 2922 causa
1370 2893 1503 2932 cognita,
1520 2890 1570 2929 erfi
1587 2893 1697 2921 incerta
1708 2897 1778 2929 pars
1790 2895 1839 2928 pe-

969 2931 1223 2972 tatur,jud1·cium
1238 2932 1325 2970 dabo,
1342 2933 1503 2974 colligitur
1515 2943 1554 2963 ex
1573 2933 1590 2962 l.
1613 2937 1636 2962 1.
1656 2931 1684 2971 ᾖ.
1704 2932 1757 2961 ult.
1776 2929 1839 2961 Pria

970 2973 1029 3002 mis
1046 2973 1150 3004 verbis
1165 2971 1283 3004 indicat
1303 2973 1442 3009 Praetor,
1460 2975 1584 3013 quando
1605 2971 1701 3002 faciat
1720 2970 1794 3001 huic
1810 2981 1840 3001 aa

972 3013 1067 3043 Ctioni
1085 3013 1202 3045 locum.
1224 3023 1359 3055 nempe,
1376 3015 1395 3046 fi
1415 3025 1482 3054 pars
1494 3014 1677 3045 hereditatis
1695 3019 1840 3052 petatur?

971 3054 1002 3085 id
1019 3054 1083 3093 est,
1108 3064 1177 3094 pars
1196 3062 1293 3087 certa.
1316 3057 1489 3097 oportebat
1507 3056 1589 3085 enirn
1608 3055 1799 3093 petitorem,
1821 3052 1843 3085 st

971 3105 1036 3127 non
1056 3103 1154 3127 totam
1166 3105 1291 3136 peteret
1303 3097 1531 3132 hereditatem,
1549 3094 1727 3133 designare,
1744 3104 1842 3134 quan·

973 3145 1035 3168 tam
1061 3145 1188 3176 peteret
1211 3147 1352 3178 partem:
1378 3146 1410 3168 ut
1435 3137 1525 3167 sciret
1549 3135 1699 3175 possessor
1718 3144 1841 3175 partem

971 3179 1010 3210 de
1028 3188 1087 3220 qua
1104 3179 1139 3210 lis
1155 3178 1249 3218 ess'et,
1267 3180 1296 3210 δε
1315 3188 1407 3219 quam
1425 3187 1494 3208 eum
1514 3186 1681 3217 oporteret
1701 3177 1842 3209 restitue-2

969 3229 1019 3253 re:
1042 3230 1108 3293 ”⁰3¹2
1130 3221 1231 3253 minus
1248 3218 1500 3258 debebatjudex
1511 3218 1689 3260 intelligere
1705 3223 1842 3292 partegi,

1123 3270 1141 3293 2
1824 3267 1843 3294 Ε
