2036 3495
153 133 223 174 448
579 126 611 161 G
642 137 661 161 iz
694 135 716 159 R
748 136 768 160 A
799 134 821 158 R
854 135 877 159 n
911 134 923 159 1

160 225 408 260 prccceptorum.
453 215 545 256 Apud
562 213 730 254 Ulpianum
755 212 773 243 l.
794 221 820 252 3.
840 211 867 253 §.
885 222 913 243 2.
940 212 983 242 D.
1003 212 1029 242 h.

165 266 188 291 t.
214 260 255 290 fle
270 268 374 291 eXtat:
397 258 474 290 Ante
488 256 580 287 oculos
600 256 700 286 habere
722 254 798 284 debet
821 251 976 294 [Praetor]
1000 255 1029 282 in

163 302 336 332 decernendo
354 299 390 333 &⁹
408 298 551 336 rizancz‘pz‘a
572 306 633 337 quae
645 295 762 336 pupillis
779 295 944 331 deserviunt
960 317 968 332 ,
994 294 1030 328 ᾧ)

165 342 331 374 mercedes
349 339 560 380 pupillorum,
584 336 619 371 ἐξ
635 335 739 377 vestem
757 335 793 370 ὃ)
809 335 913 366 tetiam
934 336 1025 376 pupil-

164 383 194 414 Ζὶ.
238 381 336 413 Nullo
355 378 458 416 sensu,
483 378 536 409 etsi
553 378 690 419 aliquem
707 377 814 408 facere
832 384 966 408 conatus
989 377 1035 408 est

167 422 340 462 Dionysius
365 419 603 451 Gothofredus.
626 418 783 450 constabit
799 417 920 455 sensus,
944 416 1033 458 fipro

166 467 303 496 mercedes
324 461 499 501 pupillorum
523 459 697 498 scribatur,
728 460 865 490 mercedes
883 465 1032 500 precepto-

166 515 241 536 rum.
284 502 384 543 Quod
400 503 483 533 bene
500 501 724 533 animadvertit
741 500 891 531 Elbertus
916 499 1033 532 Leoni-

164 555 222 577 rius
246 544 285 575 V.
312 543 370 575 Cr„
388 544 434 574 lib.
452 553 480 583 33.
499 542 651 574 Emendat.
676 552 700 573 c.
722 551 766 572 xr.
798 550 828 572 n.
850 550 877 581 7.
902 541 932 572 ἂ
955 550 1031 573 con-

166 586 256 617 venit
271 586 299 617 d.
315 585 336 617 l.
358 593 401 616 12.
422 584 452 625 .§.
471 594 499 625 3.
518 582 554 618 &³
570 583 589 614 l,
609 593 638 622 4.
658 583 704 614 D.
720 584 748 613 b.
764 588 784 613 t.

207 626 240 657 ln
260 626 329 657 haec
346 626 493 658 alimenta
510 634 574 666 quo
589 625 658 665 jure
675 632 763 655 tutor
779 624 893 655 debeat
917 624 1036 663 imperi‘

164 667 211 699 sas
227 667 353 706 facere,
378 667 398 698 fi
415 676 590 706 quaeratur3
614 666 655 695 ait
670 665 851 696 Antoninus
867 665 884 695 l.
903 675 929 706 3.
955 666 986 695 C.
1005 667 1037 695 de

165 711 274 740 admin.
292 714 348 740 tut.
372 710 399 738 ei
421 709 535 745 licere,
559 706 613 738 suo
635 706 767 736 arbitrio
789 705 917 741 facere,
941 714 1036 737 ctiam

164 749 229 782 fine
246 751 380 781 decreto
404 749 561 781 Praetoris.
584 755 699 785 easque
722 745 762 777 fic
787 747 873 784 fieri,
898 747 1035 785 aliquan·

165 792 209 823 do
228 791 350 832 pupillo
374 791 449 822 utile
471 788 551 825 effe,
575 797 614 819 ne
641 788 760 818 secreta
785 787 984 827 patrimonii,
1008 787 1038 819 &

163 832 338 873 suspectum
367 841 407 862 aes
432 831 568 861 alienum
596 829 768 869 pandatur,
800 828 947 860 observat
966 828 1035 860 Ale-

164 875 287 906 xander
305 873 321 903 l.
341 882 367 903 2.
386 871 417 901 C.
438 873 470 902 de
487 872 567 901 alim.
582 869 688 910 pupill.
702 868 797 909 praest.
824 871 957 910 proinde
969 879 1039 910 quae

165 916 214 946 vir
231 916 333 946 bonus
350 912 518 943 arbitratur
534 934 543 950 ,
567 912 683 943 merito
701 910 763 941 effe
778 920 907 951 erogata
926 912 963 941 ad
982 920 1037 942 ex-

166 956 359 987 hibitionem
384 953 605 991 educationis,
635 951 830 990 ministeria,
855 952 1037 991 studiaque,

165 1006 202 1028 ea
220 997 317 1027 tutori
334 1003 471 1034 accepto
497 993 572 1026 ferri
591 1002 745 1035 oportere
763 995 790 1024 d.
808 994 827 1024 l.
843 1003 872 1033 3.
895 992 1039 1023 rescribit

164 1038 367 1069 Antoninus:
399 1036 428 1067 &
451 1035 608 1074 causatur,
641 1036 728 1075 quod
751 1043 767 1064 a
791 1034 950 1065 tutoribus
974 1032 1038 1065 five

163 1078 361 1111 curatoribus
379 1078 464 1109 bona
486 1077 549 1109 fide
575 1084 744 1120 erogatur,
768 1077 876 1115 potius
897 1074 1036 1115 justitia,

164 1129 259 1161 quam
277 1120 377 1151 aliena
398 1118 585 1150 auctoritate
607 1117 735 1148 firmari.
759 1117 834 1156 quin
861 1117 1039 1147 Alexander

166 1163 193 1193 ds
212 1162 231 1193 l.
251 1171 277 1193 α.
302 1168 422 1201 negat,
445 1159 507 1191 eise
528 1159 695 1190 ferendum
716 1158 867 1199 juvenem
893 1159 945 1198 qui
965 1166 1038 1188 cum

166 1202 300 1244 praesens
318 1202 415 1240 esset,
439 1200 611 1242 studiisque
629 1200 770 1231 eruditus
790 1199 819 1230 ἂ
837 1199 947 1237 alitus,
972 1198 1037 1229 siea

166 1253 225 1285 per
242 1244 337 1275 alium
355 1243 384 1274 se
403 1241 611 1274 consecutum
635 1250 699 1272 non
724 1240 861 1280 probet,
898 1238 1037 1279 sumptus

165 1284 309 1324 recuset,
333 1283 415 1325 quasi
434 1292 534 1315 vento
551 1283 685 1320 vixerit,
701 1290 753 1313 aut
773 1281 860 1313 nullo
878 1281 1037 1313 liberilio-

165 1327 260 1358 minis
279 1327 381 1358 studio
404 1325 502 1357 imbui
526 1324 687 1356 meruerit.
732 1322 858 1354 Eodem
885 1324 983 1354 modo
1008 1321 1037 1353 &

167 1368 256 1399 sensu
282 1368 434 1408 Ulpianus
456 1367 473 1397 l.
493 1376 522 1397 2.
548 1364 588 1396 D.
605 1366 633 1396 h.
652 1372 672 1395 t.
714 1363 891 1405 Congruit,
915 1364 1040 1404 inquit,

167 1409 278 1441 officio
298 1408 410 1448 judicis
425 1407 478 1447 qui
499 1406 626 1443 tutelae,
650 1406 680 1436 id
700 1405 763 1443 est,
787 1409 826 1436 de
843 1406 969 1436 actione
992 1412 1038 1435 tu-

168 1452 262 1487 telae,
293 1448 478 1490 cognoscit,
507 1447 726 1486 reputationes
750 1447 864 1477 tutoris
889 1456 953 1477 non
985 1447 1040 1477 im-

168 1492 288 1533 probas
304 1490 489 1521 admittere:
511 1496 545 1518 ut
565 1494 659 1526 puta,
684 1486 703 1517 ss
727 1487 831 1526 dicat,
854 1486 1041 1527 impendisse

167 1535 203 1565 in
229 1533 378 1564 alimenta
398 1529 511 1571 pupilli
535 1529 587 1560 vel
613 1527 801 1569 disciplinas.
848 1527 938 1560 ,Cum
963 1529 1041 1559 dicit

167 1574 359 1615 reparationes
372 1581 430 1602 non
454 1572 619 1611 improbas,
638 1579 703 1601 non
731 1576 863 1610 oportet
886 1570 1041 1610 intelligi,

168 1624 245 1656 quas
268 1613 413 1646 minimas
438 1612 581 1652 poterit:
613 1610 664 1642 sed
688 1620 747 1651 pro
771 1610 925 1642 facultate
949 1612 1042 1651 patri·

167 1657 289 1694 monii,
313 1664 372 1695 pro
390 1654 546 1695 dignitate
563 1652 710 1684 natalium
729 1653 748 1684 l.
770 1661 816 1684 12.
841 1652 870 1694 §.
890 1662 919 1694 3.
944 1652 987 1683 D.
1009 1654 1044 1683 de

169 1697 277 1730 admin.
295 1702 384 1727 tutor.
409 1695 459 1734 ἀ,
483 1702 517 1725 ut
534 1694 652 1726 dictum
678 1694 798 1733 modo,
821 1702 892 1735 quae
915 1694 960 1726 vir
984 1693 1041 1726 bo-

169 1749 227 1771 nus
243 1738 412 1769 arbitratur
428 1759 437 1772 ,
460 1736 576 1768 merito
593 1734 654 1767 effe
668 1743 809 1777 erogata.

211 1779 320 1811 Fuerit
338 1786 441 1810 tamen
460 1777 560 1808 tutori
577 1777 693 1815 tutius,
716 1785 756 1807 ne
782 1776 847 1817 ejus
870 1776 1043 1818 reputatio-

170 1822 264 1854 nibus
282 1819 452 1861 aliquando
469 1826 636 1850 moveatur
652 1817 868 1850 controverfia
883 1841 892 1857 ,
918 1827 1044 1856 curare,

172 1864 219 1896 uti
238 1859 352 1894 modus
367 1859 579 1900 impensarum
597 1860 786 1891 terminetur
809 1860 942 1891 decreto
963 1859 1042 1891 Prae-

174 1904 253 1937 toris
269 1904 296 1934 d.
319 1903 341 1933 l.
359 1912 386 1934 2.
411 1901 443 1933 C.
460 1903 493 1932 de
508 1902 586 1933 alim.
603 1900 695 1942 pupil.
708 1899 799 1941 praest.
824 1901 848 1932 is
872 1902 955 1932 enim
984 1899 1044 1931 ser·

173 1947 238 1978 vari
262 1944 369 1977 debet.
401 1942 454 1974 nisi
480 1942 587 1974 statuit
613 1943 694 1973 ultra
731 1940 1043 1974 vires-facultatum:

173 1997 233 2020 ncc
250 1985 395 2027 suggessit
413 1984 545 2016 Fra-tori
569 1992 656 2015 tutor
680 1984 719 2015 de
744 1983 822 2015 statu
847 1982 1044 2014 facultatum.

175 2037 243 2061 tum
260 2036 344 2059 enim
364 2035 426 2058 non
447 2026 546 2056 debet
569 2026 650 2056 ratio
672 2025 895 2056 alimentorum
920 2024 1045 2056 liaberi:

174 2071 246 2110 quia
265 2069 285 2101 fi
302 2066 510 2110 suggeffiffet,
535 2074 587 2097 aut
613 2067 832 2098 minuerentur
851 2067 912 2106 jam
940 2067 1047 2096 decre-

175 2120 225 2149 ta,
255 2118 308 2142 aut
341 2118 405 2140 non
429 2116 516 2139 tanta
542 2109 791 2139 decernerentur
816 2108 843 2137 d.
868 2106 888 2139 Ι.
914 2117 941 2138 2.
965 2106 994 2148 §.
1019 2116 1047 2138 2.

173 2153 313 2185 Modum
332 2151 427 2191 igitur
441 2149 623 2190 patrimonii
639 2148 780 2189 spectare
795 2148 892 2180 debet
908 2148 1049 2186 Praetor3

176 2203 238 2226 nec
263 2194 366 2224 minus
383 2199 511 2223 aetatem
531 2191 661 2231 pupilli,
685 2198 738 2221 aut
754 2189 1048 2230 pupillae,autadu-

177 2235 349 2272 lescentis‚
381 2233 431 2264 vel
458 2240 564 2263 earum
589 2240 659 2271 quae
683 2232 765 2262 intra
792 2229 974 2271 vigesimum
998 2239 1048 2261 an-

178 2285 252 2308 num
269 2274 451 2307 constitutae
476 2272 558 2305 sunt:
582 2280 645 2304 tam
669 2271 799 2312 puellis,
824 2280 918 2310 quam
943 2271 1048 2311 pueris

180 2318 298 2348 artibus
315 2315 495 2347 liberalibus
519 2313 636 2344 institui
655 2312 753 2344 solitis
776 2313 796 2345 l.
818 2321 866 2353 15.
887 2312 920 2343 C.
942 2314 976 2343 de
999 2321 1047 2343 ne-

177 2363 237 2399 got.
251 2356 321 2400 gest.
346 2366 446 2396 usque
464 2356 501 2386 ad
519 2364 634 2387 annum
652 2353 857 2395 vigesimum:
881 2361 916 2384 ut
937 2353 1050 2385 intelli·

179 2399 263 2439 gitur
281 2408 319 2429 ex
342 2398 360 2429 l.
378 2408 407 2439 3.
431 2398 459 2438 ᾗ,
484 2407 515 2437 5.
539 2395 580 2427 D.
598 2397 624 2427 h.
641 2401 661 2426 t.
684 2395 838 2435 Exempla
855 2395 1051 2426 eruditarum

183 2440 338 2479 virginum
358 2462 367 2478 ,
400 2438 632 2476 mulierumque
649 2459 658 2474 ,
688 2445 753 2468 non
778 2445 918 2476 appono.
943 2436 1052 2467 attulit

183 2480 346 2521 complura
363 2481 392 2512 δι
409 2479 543 2521 pulchra
569 2477 609 2511 V.
636 2477 697 2511 CL.
723 2476 909 2518 Radulphus
933 2475 1051 2509 Forne-

828 2567 1176 2605 Ttrutus

988 123 1243 158 Noonr
1301 123 1510 159 Currit.

1072 209 1134 254 rjus
1150 208 1198 240 lib.
1214 219 1243 255 5.
1263 209 1330 242 Rer.
1349 214 1460 252 quarta.
1485 224 1508 245 c.
1528 222 1577 245 21.
1611 212 1690 246 Illud
1710 214 1762 247 hic
1781 213 1860 249 filerl
1878 222 1943 252 'no'n

1072 249 1141 280 linit
1167 258 1266 295 ratio,
1290 253 1361 292 (est
1378 256 1462 286 enim
1489 254 1614 286 summa:
1639 259 1831 296 prudentiae,
1863 260 1944 291 tueri

1074 291 1211 322 volentis
1228 301 1293 324 rem
1316 293 1522 337 familiarem)
1545 298 1630 336 quod
1655 307 1764 330 monet
1790 300 1944 339 Ulpianus

1071 332 1134 376 etl.
1154 342 1180 372 3.
1206 333 1234 373 §.
1256 342 1281 364 1.
1328 335 1498 368 Praetorem
1516 347 1579 369 non
1599 347 1720 370 tanturn
1739 342 1869 372 moduni
1896 350 1947 382 pa·

1078 380 1217 418 trimonii
1237 374 1375 422 speEtare
1398 378 1537 417 debere,
1568 388 1640 410 cum
1663 380 1811 412 alimenta
1835 383 1947 413 decer·

1076 421 1141 452 nit,
1166 415 1217 444 led
1242 424 1272 446 in
1298 418 1404 456 primis
1420 420 1538 451 debere
1556 419 1691 452 statuere
1717 428 1781 454 tam
1802 426 1948 455 modera-

1076 463 1126 491 te,
1151 463 1184 485 ut
1201 465 1265 486 non
1283 458 1460 491 universum
1478 462 1612 494 reditum
1629 462 1809 501 patrimonii
1832 465 1864 496 in
1889 465 1945 496 ali-

1077 503 1183 526 menta
1207 498 1376 538 decernat,
1407 500 1457 533 sed
1480 501 1602 543 semper
1624 503 1679 542 fit,
1706 511 1739 534 ut
1764 504 1882 544 aliquid
1902 513 1946 537 ex

1078 538 1182 567 reditu
1205 538 1341 584 supersit.
1387 542 1482 582 Apud
1506 544 1707 576 Aristotelem
1732 544 1780 576 lib.
1806 555 1834 577 2.
1859 546 1949 578 Oeco-

1077 587 1179 623 riomzc.
1204 587 1330 625 reperio
1351 580 1415 613 hoc
1433 585 1522 623 quod
1547 586 1701 625 sequitur:
1725 585 1823 617 Extra
1836 596 1948 628 quoque

1078 616 1150 659 ista,
1183 622 1321 660 quzdzlam
1352 624 1478 654 omnium
1507 625 1763 666 administrationis
1793 627 1948 669 domestica

1075 669 1213 706 generum
1231 671 1395 701 commune,
1420 663 1456 696 δέ)
1478 666 1508 695 in
1533 667 1589 697 illis
1606 669 1760 707 praecipue‚
1789 676 1875 710 atque
1896 669 1948 700 hoc

1079 710 1110 746 ².⁷²
1121 703 1224 739 przmis
1241 701 1474 739 considerandum
1488 704 1544 745 est.-
1567 707 1617 738 Ne
1632 709 1774 748 impendia
1784 709 1846 748 fint
1859 711 1949 751 majo-

1074 751 1160 782 jora,
1182 751 1270 782 quam
1299 743 1424 791 fractus.
1469 746 1529 778 Sed
1556 749 1667 781 melius
1691 750 1864 789 Ulpianus:
1890 761 1949 783 vo-

1081 784 1167 828 lens,
1188 791 1358 823 quotannis
1374 787 1492 826 aliquid
1517 789 1688 829 superesse,
1711 793 1798 831 quod
1821 794 1856 824 sit
1873 802 1954 833 prac-

1080 823 1190 869 fidium
1208 825 1354 872 adversus
1371 828 1482 859 damna
1498 828 1623 869 fatalia,
1648 831 1848 870 incendium,
1864 834 1956 865 inun-

1082 866 1266 911 dationem,
1291 877 1354 899 vrm
1380 869 1538 909 hostium,
1569 880 1689 904 mortes
1713 872 1874 905 servorum
1898 881 1953 906 aut

1081 907 1282 946 animalium,
1306 909 1336 940 ὅ(
1362 909 1469 941 similia
1494 912 1562 942 alia.
1587 912 1634 943 his
1666 922 1754 946 certe
1779 915 1956 956 ingruenti-

1081 947 1138 977 bus
1155 969 1165 985 ,
1188 947 1206 978 fi
1221 957 1286 979 non
1304 948 1340 981 fit
1356 959 1429 982 ante
1445 952 1539 984 bonis
1558 956 1756 994 temporibus
1773 956 1891 995 aliquid
1909 956 1953 987 se·

1080 987 1236 1034 pofitum;
1258 998 1312 1021 aut
1330 991 1451 1024 foenori
1482 993 1631 1026 sumenda
1655 997 1789 1036 pecunia
1812 997 1876 1035 est,
1898 1003 1954 1028 aut

1080 1030 1195 1068 praedia
1215 1032 1382 1064 vendenda
1398 1033 1583 1076 suntzquod
1599 1045 1664 1069 non
1680 1037 1725 1069 est
1740 1038 1816 1070 boni
1834 1038 1863 1070 δι
1879 1047 1954 1079 pru-

1081 1071 1185 1101 dentis
1223 1073 1465 1111 patrisfamilias.
1521 1075 1655 1117 Optime
1681 1079 1836 1111 Proculus
1866 1079 1953 1120 apud

1081 1111 1206 1156 Celsum
1225 1114 1245 1158 l.⁴
1264 1123 1313 1153 79.
1338 1113 1366 1161 §
1389 1116 1476 1162 1.·D.
1493 1118 1526 1148 de
1542 1118 1628 1160 legat.
1645 1120 1692 1152 lib.
1711 1130 1740 1161 3.
1766 1120 1884 1152 audilTe
1901 1121 1953 1160 le,

1080 1152 1218 1199 rustlcos-
1232 1156 1320 1186 lenes
1337 1165 1379 1187 ita
1405 1158 1567 1198 dicentes,
1592 1161 1759 1201 pecuniam
1776 1161 1841 1194 fine
1858 1171 1957 1202 pecu-

1081 1193 1285 1240 lio-'fragilem
1304 1196 1555 1239 ess'e2peculium
1573 1203 1768 1242 appellantes
1777 1207 1864 1244 quod
1875 1212 1955 1244 prae·

1079 1235 1260 1283 fid¹¹,c³³⁰s².³.
1285 1237 1502 1278 seponeretur.
1555 1240 1634 1274 Dixi
1657 1246 1732 1285 quid
1761 1246 1792 1276 in
1816 1245 1953 1276 modicis

1080 1285 1279 1322 patrimoniis
1302 1278 1471 1325 observare
1496 1283 1611 1315 debeat
1636 1284 1776 1325 Praetor,
1805 1286 1954 1319 alimenta

1080 1318 1204 1358 pupillo
1228 1326 1460 1353 terminatum&
1483 1331 1515 1355 at
1537 1325 1568 1356 in
1593 1326 1706 1365 amplis
1730 1328 1773 1359 ait
1796 1325 1952 1366 Ulpianus

1080 1360 1109 1405 a.
1124 1360 1145 1390 l.
1161 1368 1204 1406 3.Α
1217 1359 1243 1402 §.
1257 1370 1287 1402 3.
1312 1370 1376 1393 non
1392 1365 1554 1396 cumulum
1570 1367 1751 1405 patrimonii
1773 1369 1902 1400 modurn
1919 1377 1951 1400 a·

1081 1401 1221 1474 limesntziis
1239 1402 1405 1448 daturum,
1430 1404 1483 1437 sed
1505 1407 1591 1447 quod
1610 1407 1803 1440 exhibitioni
1828 1408 1954 1451 frugali-

1083 1449 1130 1474 ter
1161 1451 1178 1473 u
1216 1451 1271 1475 cit.

1122 1482 1220 1530 ῌωε,
1246 1485 1263 1515 [i
1282 1485 1425 1525 constet,
1458 1489 1527 1529 quis
1551 1489 1665 1521 modus
1688 1489 1876 1522 facultatum
1906 1490 1954 1522 fit.

1083 1524 1173 1570 quisi
1190 1534 1254 1556 non
1273 1527 1415 1573 constet:
1440 1527 1560 1561 Praetor
1582 1531 1642 1569 (ex
1668 1529 1822 1562 sententia
1847 1530 1955 1572 Ulpia·

1084 1575 1114 1597 ni
1133 1567 1161 1597 d.
1178 1566 1198 1598 l.
1222 1576 1252 1607 3.
1275 1567 1303 1608 §.
1329 1570 1379 1609 4.)
1401 1577 1485 1601 inter
1510 1578 1648 1602 tutorem
1672 1571 1702 1602 ὅ(
1727 1581 1799 1603 eum
1825 1573 1877 1612 qui
1900 1572 1955 1603 ali-

1084 1614 1191 1639 menta
1218 1608 1392 1655 desiderat,
1415 1609 1568 1652 suscipere
1593 1612 1690 1643 debet
1715 1612 1955 1654 cognitionem,

1085 1657 1146 1681 nec
1169 1656 1290 1681 temere
1305 1650 1453 1683 alimenta
1469 1654 1661 1692 decernere,
1674 1663 1714 1685 ne
1730 1655 1763 1686 in
1774 1654 1957 1686 alterutram

1086 1697 1206 1731 partem
1223 1691 1395 1732 delinquat.
1421 1694 1506 1733 prius
1522 1702 1626 1726 tamen
1643 1696 1772 1736 exigere
1789 1695 1904 1733 debet,
1920 1701 1958 1727 ut

1085 1731 1275 1772 profiteatur
1300 1741 1406 1773 tutor,
1430 1744 1500 1774 quae
1523 1735 1559 1767 fit
1583 1744 1682 1775 penes
1706 1736 1736 1768 se
1761 1736 1902 1769 summa:
1927 1736 1959 1768 &

1086 1774 1273 1805 comminari
1304 1776 1466 1814 graviores
1487 1775 1516 1807 ei
1547 1777 1643 1818 infligi
1663 1777 1765 1810 usui-as
1786 1781 1851 1817 ejus
1867 1778 1959 1817 quod.

1086 1813 1174 1886 supra
1193 1814 1421 1856 profeffionern
1438 1818 1521 1858 apud
1538 1827 1610 1850 eum
1629 1817 1727 1851 fuerit
1743 1818 1958 1860 comprehen-
2000 1827 2010 1830 ’

1103 1865 1165 1887 uin.
1192 1863 1199 1865 “

1126 1896 1209 1940 Quae
1223 1897 1287 1929 dixi
1317 1905 1384 1930 tum
1406 1900 1556 1932 obtinent
1578 1901 1733 1941 maxime3
1770 1910 1842 1933 eum
1868 1907 1959 1934 tutor

1087 1939 1173 1970 ultro
1191 1943 1315 1978 paratus
1338 1940 1402 1979 est,
1425 1942 1573 1974 alimenta
1590 1942 1733 1982 praestare
1750 1943 1764 1975 P
1787 1943 1863 1983 quid
1886 1943 1907 1975 si
1924 1943 1960 1975 id

1088 1990 1153 2012 non
1179 1980 1242 2012 sit?
1272 1982 1314 2012 ait
1340 1982 1520 2015 Antoninus
1547 1983 1564 2015 l.
1592 1992 1618 2015 1.
1644 1984 1676 2015 C.
1705 1985 1739 2014 de
1762 1983 1840 2015 alim.
1862 1985 1958 2025 papii.

1088 2020 1181 2068 pne-ll:
1206 2031 1359 2062 oportere
1375 2024 1530 2063 pupillum
1546 2025 1632 2056 adire
1651 2024 1832 2056 Praesidem:
1848 2027 1901 2065 qui
1918 2034 1961 2058 ne·

1090 2072 1120 2093 in
1137 2064 1362 2096 alimentorum
1411 2064 1586 2097 raestatione
1610 2075 1698 2097 mora
1723 2064 1795 2105 fiat,
1818 2067 1960 2106 partibus

1091 2104 1150 2135 suis
1172 2104 1333 2146 fungetur.
1379 2074 1447 2137 gie:
1469 2106 1489 2137 fi
1507 2105 1641 2147 praesens
1658 2107 1694 2139 fit
1710 2115 1807 2139 tutor.
1833 2107 1884 2138 fed
1906 2107 1963 2141 fin-

1091 2155 1149 2187 ge,
1173 2146 1335 2177 absentem
1364 2146 1436 2179 esse.
1458 2148 1520 2187 jam
1541 2149 1618 2188 quid
1642 2148 1800 2180 observari
1824 2149 1964 2190 debeat,

1092 2187 1261 2228 diligenter
1279 2189 1374 2220 tradit
1389 2187 1624 2229 Tryphoninus
1640 2189 1660 2221 1.
1680 2190 1735 2222 ult.
1754 2190 1799 2221 D.
1818 2190 1845 2221 h.
1860 2197 1882 2222 ι.

1131 2228 1230 2261 Plane
1246 2251 1255 2266 ,
1278 2227 1299 2260 fi
1315 2230 1407 2269 egeni
1431 2230 1500 2262 sunt
1515 2231 1643 2271 pupilli,
1669 2232 1708 2262 de
1731 2229 1786 2261 suo
1803 2240 1858 2262 eos
1876 2232 1963 2264 alere

1092 2276 1181 2315 tutor
1203 2279 1267 2301 non
1285 2271 1504 2310 compellitur:
1528 2272 1557 2303 ὅ(
1585 2270 1606 2303 fi
1628 2272 1714 2303 forte
1740 2271 1810 2312 post
1835 2273 1966 2305 decreta

1092 2311 1240 2342 alimenta
1256 2312 1295 2342 ad
1314 2311 1486 2353 egestatem
1505 2312 1602 2345 fuerit
1619 2313 1755 2353 pupillus
1775 2315 1963 2353 perductus,

1094 2353 1233 2384 deminui
1259 2352 1379 2384 debent
1395 2362 1465 2393 quae
1489 2355 1617 2386 decreta
1639 2354 1725 2393 sunt,
1757 2356 1962 2400 quemadmo-

1094 2395 1169 2426 dum
1188 2392 1291 2425 solent
1313 2396 1441 2435 augeri,
1471 2395 1490 2427 si
1515 2396 1591 2436 quid
1615 2396 1808 2437 patrimonio
1830 2393 1963 2428 acceffe-

1094 2435 1134 2467 rit
1151 2436 1170 2466 l.
1192 2444 1223 2476 3.
1247 2434 1276 2477 ἕ.
1295 2435 1347 2467 ult.
1365 2436 1413 2468 J).
1429 2436 1455 2468 h.
1476 2442 1498 2469 t.

1246 2563 1320 2603 111.

461 2668 510 2702 De
523 2667 624 2702 tutclae
643 2665 683 2706 &³
701 2667 872 2702 rationibus
887 2665 1105 2713 distrahendis,
1135 2663 1178 2706 &3'
1193 2666 1265 2701 utili
1281 2665 1449 2700 curationis
1462 2662 1554 2711 causa
1566 2665 1693 2701 actione*

259 2762 401 2806 xplicitis
423 2763 526 2795 modis
541 2763 654 2803 quibus
678 2761 881 2794 constituitur
899 2761 928 2793 &
950 2760 1060 2794 finitur

188 2766 257 2843 E
280 2805 380 2837 tutela
396 2812 433 2834 ac
448 2812 540 2841 cura,
563 2805 705 2844 itemque
728 2803 777 2835 liis
794 2812 864 2844 quae
884 2805 922 2834 ad
947 2805 1060 2835 utrius-

189 2856 252 2890 que
283 2843 584 2878 administrationem
609 2846 638 2876 δί
668 2853 781 2876 caetera
807 2845 984 2884 pertinent:
1016 2845 1060 2876 ni-

189 2891 234 2923 hil
265 2888 360 2920 restat
386 2892 500 2927 praeter
525 2884 665 2915 actiones
690 2886 728 2916 ad
753 2894 864 2917 eorum
892 2886 1057 2917 executio-

189 2940 263 2963 nem
282 2934 492 2968 comparatas.
536 2924 615 2956 Sunt
639 2934 742 2957 autem
767 2927 872 2965 plures
888 2950 899 2965 ,
928 2936 970 2958 ex
993 2926 1060 2966 qui-

188 2974 245 3003 bus
270 2970 408 3001 Rubrica
431 2967 540 3008 prodit
561 2974 634 2997 tres.
659 2974 718 2995 una
745 2967 788 2999 est
815 2968 939 3005 tutelae‚
963 2968 1062 2999 altera

192 3014 233 3044 de
251 3010 425 3044 rationibus
449 3006 674 3044 distrahendis,
699 3008 789 3038 tertia
818 3009 902 3041 utilis
924 3008 1060 3040 curatio-

191 3051 239 3086 nis
258 3051 347 3083 causa
365 3051 460 3081 attio.
504 3049 631 3081 Initium
655 3046 862 3085 expolitionis
883 3048 1000 3081 sumam
1020 3050 1060 3080 ab

191 3094 319 3125 afflone
351 3091 477 3123 tutelae:
509 3098 580 3130 qua:
603 3087 646 3119 est
673 3087 790 3118 directa
815 3091 866 3120 vel
892 3091 1060 3121 contraria.

192 3135 275 3166 hanc
305 3133 433 3173 attingit
464 3130 597 3171 sequens
624 3128 783 3160 Titulus:
809 3130 943 3169 praesens
977 3132 1061 3163 illam

193 3183 288 3216 quam
303 3182 399 3205 vocat
424 3173 551 3209 tutelae,
575 3179 632 3211 per
654 3169 900 3206 excellentiam3
923 3172 994 3209 quia
1017 3172 1063 3204 est

190 3214 391 3258 principalis:
414 3213 491 3246 ficut
507 3212 623 3246 directa
645 3209 861 3249 commodati,
882 3211 961 3243 item
984 3212 1065 3245 dire·

1103 2761 1151 2793 Cla
1167 2760 1318 2801 depositi,
1341 2760 1413 2800 quia
1428 2757 1496 2791 sunt
1512 2760 1703 2801 principales
1716 2759 1876 2801 ustiones,
1902 2761 1971 2795 fim-

1101 2803 1229 2842 pliciter
1244 2800 1440 2833 commodati
1455 2801 1484 2832 ἀ
1503 2800 1636 2841 depositi
1653 2802 1870 2842 appellantur:
1894 2805 1971 2837 utin

1102 2845 1177 2876 loco
1208 2844 1328 2875 monui.
1377 2841 1438 2874 His
1464 2843 1598 2879 addam,
1629 2844 1717 2882 quod
1736 2844 1844 2876 tutelae
1867 2846 1973 2886 aelio,

1102 2893 1138 2917 ut
1153 2883 1196 2917 est
1215 2885 1308 2916 bonae
1327 2881 1400 2915 fidei
1416 2884 1445 2922 ὃ.
1463 2888 1512 2918 28.
1536 2881 1609 2923 Infl.
1626 2885 1659 2914 de
1674 2883 1807 2917 actionib.
1828 2886 1859 2917 in
1876 2883 1971 2919 Titu-

1103 2927 1136 2958 lo
1153 2934 1202 2965 51.
1221 2925 1274 2956 lib.
1289 2928 1319 2955 6.
1368 2923 1497 2956 Codicis
1516 2925 1631 2956 dicitur
1653 2925 1814 2958 arbitrium
1843 2929 1970 2960 tutelae‘:

1102 2966 1254 3006 exemplo
1270 2974 1453 2997 caeterarum
1468 2965 1629 2998 actionum
1644 2965 1737 2998 bonae
1753 2965 1845 3006 fidei;
1856 2977 1924 3007 quae
1939 2969 1973 3000 in

1102 3007 1206 3049 specie
1223 3007 1349 3038 arbitria
1372 3015 1609 3048 nuncupantur:
1631 3009 1702 3047 quia
1718 3010 1748 3038 in
1766 3008 1813 3040 his
1829 3010 1973 3041 officium

1101 3050 1221 3090 Judicis
1244 3054 1308 3079 non
1324 3047 1496 3079 includitur
1512 3049 1607 3080 certis
1623 3047 1758 3085 finibus3
1774 3059 1807 3081 ut
1825 3051 1854 3081 in
1872 3050 1972 3081 aelio·

1103 3091 1195 3122 nibus
1215 3088 1310 3120 stricti
1325 3089 1417 3129 iuris:
1441 3089 1494 3120 sed
1520 3088 1616 3121 habet
1640 3089 1769 3121 liberam
1795 3091 1969 3122 arbitrandi

1101 3130 1308 3169 facultatem
1329 3137 1481 3171 quantum
1498 3132 1614 3170 cuique
1631 3139 1671 3161 ex
1695 3129 1757 3162 fide
1784 3132 1868 3163 bona
1893 3140 1973 3172 pra:-

1103 3171 1174 3204 stari
1193 3179 1359 3211 oporteat:
1382 3179 1416 3203 ut
1431 3172 1509 3206 olim
1525 3171 1638 3205 tradidi
1659 3171 1706 3204 lib.
1719 3181 1744 3204 ι.
1761 3173 1812 3205 De
1821 3172 1971 3214 jurisditt.

1107 3212 1143 3249 δ’
1163 3214 1263 3255 imper.
1285 3221 1307 3244 c.
1329 3221 1374 3253 153·
1921 3253 1952 3286 D

1955 3264 1972 3286 e
