2052 3487
183 172 232 219 58

406 234 1060 318 GERARDI
1167 220 1724 316 NOODT‚

687 360 982 430 Jurisconsulti
1020 360 1069 410 &
1106 357 1414 408 Antecessoris
1432 396 1448 418 ,

185 474 1952 589 PROBABILIUM

421 649 920 761 JURIS
1024 645 1714 734 CIVILIS

558 804 902 868 LIBER
994 801 1560 883 QUARTUS.

922 977 1133 1012 CAPUT
1183 976 1208 1010 I.

181 1115 214 1143 1.
252 1104 304 1140 An
329 1105 395 1150 quis
414 1101 505 1151 pqffit
525 1090 688 1146 aecifflciziiiz
711 1110 766 1136 aut
791 1101 865 1147 quid
886 1100 973 1135 (iliud
983 1110 1093 1146 ponere
1116 1100 1148 1133 in
1163 1095 1301 1144 flumine
1320 1100 1440 1145 publico
1454 1128 1464 1141 ,
1493 1097 1534 1140 δέ)
1551 1100 1802 1145 quemadmodum
1822 1100 1840 1134 ἓ
1877 1100 1960 1136 Item

228 1155 300 1200 quid
312 1152 449 1201 jurisstt
470 1154 502 1186 in
521 1154 672 1190 mariam
691 1151 819 1186 littore?
869 1161 903 1186 2.
929 1150 1064 1185 Scaevolcz
1080 1149 1229 1183 correctus
1244 1149 1264 1182 Ι.
1283 1150 1337 1185 ult,
1358 1150 1399 1184 D.
1426 1151 1460 1183 cle
1468 1149 1665 1196 fluminibus.

180 1250 326 1292 Εῇῗεέῐὲ,
356 1249 483 1289 &etus
499 1246 631 1287 quaestio
649 1245 694 1278 est
709 1270 718 1285 ‚
742 1255 781 1277 an
799 1246 825 1277 is
842 1246 895 1286 qui
912 1245 1049 1278 *domurn

179 1294 220 1339 ω
288 1286 294 1291 ’
363 1291 404 1337 Θ
426 1298 480 1321 aut
502 1289 600 1321 [imile
619 1287 900 1328 ponitinflumme
915 1287 1048 1329 publico

174 1341 220 1379 ξφ.
362 1330 403 1380 {5334-
427 1332 543 1363 eodem
566 1330 730 1362 censeatur
744 1329 813 1369 iure
828 1351 837 1366 ‚
868 1338 934 1367 quo
952 1329 977 1360 is
995 1329 1048 1367 qui

178 1366 220 1430 ὦ)
363 1383 403 1425 0³¹
428 1373 459 1404 in
489 1372 565 1405 mari
586 1380 646 1410 ‚aut
671 1371 780 1402 littore
801 1369 972 1402 aedificat?
1005 1369 1049 1401 Et

178 1413 402 1473 ἃδεέςρζζὸ
426 1415 503 1445 mihi
531 1414 662 1452 placet:
695 1412 748 1443 sed
775 1412 848 1452 quia
869 1411 938 1442 aliis
961 1412 1049 1443 secus

255 1464 258 1467 ·
281 1450 307 1469 ³*
426 1456 573 1493 videtur,
596 1453 726 1486 fortaffe
744 1451 807 1484 sum
826 1462 932 1491 operae
950 1452 1049 1484 factu-

178 1508 231 1532 rus
253 1497 412 1539 pretium3
437 1496 475 1535 fi,
510 1497 586 1536 quid
613 1496 644 1527 in
664 1495 739 1526 mai-i
758 1495 788 1525 &
808 1495 967 1526 littoribus
990 1495 1049 1525 ob·

179 1541 279 1573 tineat
295 1563 304 1578 ,
324 1539 432 1578 paucis
453 1546 613 1577 exequar-3
645 1545 733 1573 tum,
764 1538 839 1574 quid
865 1536 895 1578 iii
914 1535 1049 1567 flumini-

177 1581 239 1614 bus
269 1580 406 1621 publicis
436 1587 601 1618 receptum
626 1577 659 1609 fit
677 1601 686 1615 ,
724 1578 838 1608 ordine
874 1578 1045 1617 lubjiciam.

178 1623 338 1659 Primum,
362 1621 450 1660 quod
468 1622 506 1651 ad
530 1629 614 1651 mate
632 1619 765 1654 attinet,
790 1620 833 1648 ait
852 1617 961 1650 Cellus
980 1618 999 1648 l.
1015 1628 1045 1659 3.

179 1664 206 1707 ς,
231 1674 242 1696 1
279 1663 320 1695 D.
344 1663 395 1695 Ne
416 1663 487 1703 quid
507 1671 539 1692 m
563 1661 621 1692 loco
647 1660 758 1700 publico
782 1659 830 1689 scel
851 1661 953 1690 itii-iere
970 1659 1047 1699 fiat,

178 1706 274 1739 maris
298 1712 503 1736 communem
531 1701 616 1733 usum
639 1700 720 1737 esse,
755 1708 789 1731 ut
815 1701 917 1739 a'eris3
940 1701 1050 1741 jactas·

179 1756 243 1787 que
265 1747 296 1778 in
315 1746 346 1777 id
370 1745 447 1786 pilas
470 1743 538 1776 fieri
558 1744 624 1782 ejus
642 1743 694 1782 qui
711 1742 788 1782 jecit
805 1753 813 1774 ε
845 1741 898 1773 sed
916 1744 946 1773 iti
972 1751 1048 1773 cori-

176 1788 357 1821 cedendum
374 1796 438 1818 non
456 1785 537 1818 effe.
563 1784 586 1816 fi
611 1788 753 1815 deterior
774 1784 890 1815 littoris
915 1785 1049 1815 marisve

177 1828 250 1862 usus
276 1838 317 1862 eo
340 1829 444 1861 ,modo
471 1826 597 1859 stitutus
622 1824 670 1856 fit.
704 1826 786 1855 adeo
813 1825 876 1856 boc
898 1826 986 1864 quod
1016 1825 1046 1856 in

177 1871 256 1904 mari
272 1870 464 1902 exstructum
485 1867 547 1906 est,
571 1867 719 1898 facientis
735 1865 789 1896 est.
814 1875 848 1897 ut
867 1874 973 1897 tamen
987 1874 1047 1897 ex-

178 1913 298 1946 struere
316 1913 429 1946 liceat,
446 1910 476 1941 ἃ
492 1912 626 1941 decreto
642 1917 723 1947 opus
740 1906 804 1945 est,
820 1909 848 1938 &
867 1915 901 1938 ut
916 1907 1047 1938 innoxia

179 1953 352 1986 aedificatio
367 1951 424 1984 fir:
447 1959 480 1982 ut
499 1950 694 1990 i‘ovnpowus
710 1949 819 1979 auctor
835 1948 881 1980 est
898 1949 907 1979 l
931 1958 979 1988 50.
1006 1947 1045 1980 D.

181 1997 216 2027 de
231 1994 408 2037 adquirendo
425 2002 520 2024 rerum
538 1993 670 2023 dominio.
714 1990 816 2021 Porro
835 1998 871 2021 ut
889 1989 958 2021 usus
983 1999 1046 2020 ma-

180 2037 244 2075 ris,
264 2037 307 2067 ita
324 2034 394 2066 usus
414 2035 547 2071 littoris,
572 2031 634 2064 five
652 2032 832 2063 communis
851 2030 916 2063 five
943 2031 1046 2068 publi·

181 2087 238 2110 cus
256 2076 300 2108 est
320 2077 386 2117 jure
404 2075 571 2116 gentium3
604 2074 632 2105 ἃ
656 2073 731 2104 ideo
756 2073 832 2103 licet
855 2073 1046 2112 unicuique,

180 2119 212 2151 in
230 2120 340 2151 littore
357 2116 533 2155 aedificare,
551 2117 703 2154 littusque
722 2113 940 2145 aedificatione
958 2113 1045 2145 suurn

179 2160 301 2192 facere.
326 2158 347 2190 si
365 2167 469 2189 tamen
487 2165 520 2188 ut
538 2157 568 2188 in
589 2156 684 2194 mari,
717 2157 758 2187 ita
776 2157 806 2187 in
823 2156 932 2187 littore
949 2179 958 2192 ,
991 2156 1043 2186 im-

180 2201 320 2243 petravit
337 2211 345 2232 t
369 2207 519 2239 praetereti
537 2197 557 2228 fi
576 2207 639 2228 non
657 2207 697 2230 eo
719 2199 818 2228 modo
839 2198 981 2228 deterior
999 2196 1046 2227 fu-

181 2251 272 2274 turus
297 2240 332 2273 sit
357 2240 426 2272 usus
444 2239 560 2270 littoris
584 2240 612 2268 d.
636 2238 654 2272 l.
674 2249 703 2279 3.
734 2237 762 2278 ς.
783 2248 810 2270 1.
838 2238 877 2270 D.
906 2238 956 2270 Ne
977 2238 1047 2279 quid

181 2285 216 2316 in
231 2284 288 2315 loco
306 2282 419 2323 publico
436 2280 483 2311 vel
498 2277 684 2318 itinerefiat,
709 2279 745 2314 ὅ)
767 2279 784 2310 l.
806 2289 854 2318 50.
880 2279 921 2310 D.
947 2282 981 2310 tie
996 2280 1042 2310 ad-

181 2325 319 2367 quirendo
332 2333 428 2355 rerum
445 2322 585 2352 dominio:
617 2321 668 2351 vel
695 2325 709 2361 (
723 2329 758 2351 ut
785 2321 926 2353 Scaevola
943 2320 1047 2361 loqui-

182 2373 234 2398 tur
264 2367 283 2397 l.
307 2375 337 2404 4.
371 2364 411 2395 D.
444 2363 492 2395 Ne
510 2363 580 2403 quid
611 2363 642 2392 in
669 2361 725 2393 loco
745 2362 858 2403 publico
879 2362 926 2393 vel
945 2363 1048 2393 itinere

178 2407 263 2448 fiat)
286 2406 339 2438 nisi
360 2405 429 2437 usus
449 2404 593 2444 publicus
620 2404 783 2444 impediet.
827 2403 903 2435 Hoc
920 2404 950 2435 in
970 2404 1044 2434 mati

182 2450 214 2481 ἄ
232 2449 394 2480 littoribus
408 2447 456 2487 jus
478 2445 533 2476 est.
578 2444 663 2477 Idem
686 2445 715 2476 in
739 2444 919 2476 fluminibus
943 2445 1044 2484 publi-

181 2490 252 2522 cis:
288 2488 429 2529 Ulpiano
456 2485 535 2518 teste
561 2486 578 2516 l.
601 2497 647 2523 24·
678 2485 716 2516 Ι).
737 2487 770 2516 de
791 2487 894 2517 damno
920 2486 1045 2526 infesto:

140 2528 143 2533 ’
182 2541 258 2564 cum
282 2529 324 2561 fic
346 2531 407 2568 ait,
439 2528 607 2560 Flaminiam
623 2527 803 2566 publicorum
831 2529 989 2558 communis
1008 2525 1047 2568 eft

182 2575 277 2614 usus,
301 2569 393 2608 sicuti
414 2571 534 2602 viarum
555 2569 736 2609 publicarum
764 2568 800 2602 55⁹
823 2569 963 2601 lictorum.
1010 2570 1047 2600 ln

182 2615 229 2646 his
245 2614 338 2655 igitur
346 2612 460 2653 publice
475 2611 539 2641 licet
554 2611 666 2640 cuilibet
683 2610 823 2649 aedificare
839 2634 849 2647 ‚
871 2610 908 2647 δέ)
926 2609 1047 2650 destrue·

182 2665 214 2687 re
229 2678 240 2694 ,
263 2655 332 2685 dum
355 2659 451 2684 tamen
470 2653 519 2682 hoc
536 2650 593 2684 line
609 2652 778 2681 incommodo
795 2650 966 2692 cujusquam
974 2650 1044 2691 fiat.

180 2697 326 2730 Primum
343 2701 508 2733 comparat
528 2691 682 2732 Ulpianus
706 2691 789 2723 usum
808 2692 972 2727 fluminum
990 2702 1047 2732 pu-

180 2738 342 2770 blicorum
367 2745 440 2767 curn
466 2734 519 2766 usu
547 2735 690 2765 littorum
715 2734 745 2765 ὅς
762 2734 882 2765 viarum
902 2734 1046 2774 publica-

181 2788 272 2813 rum:
295 2778 338 2809 ait
356 2778 440 2809 enim
454 2800 463 2816 ,
494 2775 658 2807 fluminum
683 2775 881 2815 publicorum
903 2785 1046 2810 commu-

181 2830 257 2854 nem
280 2819 341 2852 esl'e
365 2817 453 2850 usum
473 2827 482 2856 3
515 2817 545 2848 ἅ
568 2817 671 2853 addit,
697 2816 784 2847 ficuti
803 2816 924 2852 viarum
943 2817 1047 2858 publi-

181 2871 290 2895 carum
317 2861 346 2892 δι
369 2861 524 2892 littorum.
551 2858 624 2888 inde
640 2855 754 2902 infert,
777 2857 874 2896 licei-e
892 2859 992 2899 igitur
1014 2868 1047 2890 u·

180 2904 352 2944 nimique,
374 2902 405 2934 in
430 2899 609 2933 fluminibus
633 2898 767 2938 publicis
793 2897 970 2939 aedificare3
993 2900 1044 2931 ad-

181 2947 255 2978 dam
273 2953 355 2985 eg0,
379 2942 547 2974 aedificium
565 2940 649 2971 suum
666 2938 791 2970 facere:
824 2940 854 2970 id
871 2941 956 2971 enim
981 2942 1046 2972 via-

180 2996 251 3019 1um
269 3009 278 3024 ,
309 2985 475 3022 littorum,
513 2982 743 3021 fluminumque
760 3004 769 3018 ,
804 2982 991 3012 communio
1015 2982 1045 3014 δι

181 3027 381 3067 comparatio
413 3025 520 3067 exigit.
554 3030 706 3064 praeterea
738 3023 788 3053 cui
817 3021 906 3052 bono
933 3023 1045 3054 licei-et

181 3068 329 3107 cuiquam
358 3066 537 3100 aedificare:
568 3064 588 3096 fi
608 3074 672 3095 non
698 3062 783 3094 suurn
808 3062 977 3095 aedificiurn
1001 3063 1044 3095 fa·

181 3108 298 3141 cei-et?
330 3110 396 3140 vult
415 3116 518 3140 tamen
538 3106 691 3146 Ulpianus
708 3128 717 3142 ,
750 3111 784 3135 ut
801 3104 947 3135 aedificari
971 3115 1044 3143 pos-

179 3150 216 3183 fit
236 3173 244 3186 ,
278 3148 423 3180 aedificari
445 3150 556 3190 publice
574 3170 584 3186 ,
614 3146 651 3180 &⁹
666 3147 730 3185 fine
748 3146 919 3187 cujusquam
938 3147 1044 3176 incom-

179 3191 287 3226 mod03
319 3189 435 3229 pariter
459 3199 493 3221 ut
515 3191 544 3221 in
571 3189 645 3220 mai-i
671 3188 701 3219 δι
727 3187 836 3218 littore
857 3185 1043 3219 definitum:

175 3231 308 3274 publice,
332 3231 458 3270 inquam
477 3255 486 3269 ,
518 3232 569 3262 suu
585 3230 711 3270 publica
727 3228 915 3260 auctoritate
931 3238 941 3266 ;
964 3228 996 3259 id
1014 3238 1045 3259 e·

178 3274 246 3308 nim
263 3272 328 3304 hoc
347 3271 478 3304 verbum
500 3272 608 3313 publice
625 3270 792 3313 indigitat:
816 3278 850 3303 ut
869 3271 899 3303 in
921 3270 940 3302 l.
960 3273 989 3302 6.
1013 3269 1042 3311 §.

1091 1254 1121 1285 3.
1144 1242 1181 1278 ὅ)
1200 1243 1220 1278 l.
1239 1253 1269 1281 9.
1291 1250 1338 1285 pr.
1358 1243 1394 1278 ὅ)
1418 1244 1446 1285 §.
1467 1254 1493 1276 ι.
1520 1244 1561 1275 D.
1588 1246 1621 1275 de
1642 1254 1740 1276 rerum
1765 1243 1903 1282 divisione
1921 1243 1959 1280 ὣ*

1091 1286 1255 1327 qualitate,
1284 1285 1390 1324 Jun&a
1411 1288 1421 1315 ι
1450 1286 1503 1316 ult.
1528 1285 1569 1316 D.
1597 1286 1642 1317 Ut
1666 1296 1697 1317 m
1716 1285 1903 1328 poffefflonem
1921 1287 1960 1317 le-

1088 1334 1245 1367 gatorum,
1271 1327 1300 1358 <Sc
1324 1327 1343 1358 l.
1366 1337 1393 1358 2.
1419 1326 1445 1368 §.
1466 1329 1519 1358 ult.
1549 1327 1587 1358 D.
1607 1330 1639 1358 ale
1655 1327 1797 1369 judiciis,
1823 1328 1860 1362 δ’
1875 1326 1958 1365 fimi-

1091 1369 1175 1398 lilms.
1218 1367 1318 1412 Quod
1341 1367 1360 1399 fi
1380 1369 1452 1407 εἴη
1474 1377 1624 1409 apparet,
1648 1370 1758 1407 maris,
1790 1369 1958 1407 littorum,

1093 1408 1123 1440 &
1141 1408 1305 1440 fluminum
1330 1410 1533 1449 publicorum
1550 1433 1560 1450 ,
1594 1412 1753 1445 rationem
1775 1412 1806 1441 in
1830 1410 1877 1441 his
1895 1410 1960 1450 pla-

1092 1459 1134 1482 ne
1158 1453 1303 1482 eamdem
1322 1449 1394 1481 effe.

1133 1501 1162 1524 2.
1183 1491 1245 1523 Sed
1269 1500 1381 1523 contra
1403 1492 1548 1524 Scaevola
1569 1493 1589 1524 l.
1616 1492 1671 1524 ult.
1702 1491 1746 1525 D.
1770 1493 1804 1523 de
1825 1491 1961 1532 flumini·

1091 1534 1154 1564 bus,
1198 1533 1304 1564 Verba
1320 1533 1483 1565 Scaevolae.
1944 1535 1948 1538 ”

1132 1572 1293 1619 Qcaefitunz
1309 1572 1366 1615 est,
1391 1585 1430 1606 an
1449 1577 1493 1614 is,
1516 1575 1568 1616 qui
1584 1575 1616 1606 in
1637 1581 1762 1617 utraque
1780 1576 1844 1615 ripa
1855 1573 1958 1614 fiumi-

1150 1625 1196 1646 nis
1214 1616 1326 1656 publici
1346 1616 1446 1647 domus
1468 1618 1590 1655 habeat,
1608 1623 1724 1657 pontem
1744 1619 1859 1656 privati
1879 1616 1962 1657 juris

1143 1656 1245 1696 facere
1259 1654 1358 1697 potest.
1402 1657 1579 1699 Respondit,
1602 1668 1659 1689 non
1673 1655 1755 1698 puffe.

1091 1697 1192 1729 Vides
1209 1697 1329 1730 flumen
1348 1699 1532 1738 publicum3
1562 1699 1672 1736 vides,
1693 1698 1817 1730 Titium
1841 1698 1961 1730 habere

1092 1740 1206 1772 domus
1229 1740 1259 1770 in
1288 1748 1421 1780 utraque
1445 1741 1510 1781 ripa
1531 1751 1541 1780 3
1574 1741 1709 1780 proinde
1726 1741 1827 1779 ripam
1852 1740 1961 1771 utrim-

1092 1789 1154 1820 que
1189 1779 1269 1811 Titii
1300 1780 1371 1812 ess'e.
1402 1781 1490 1813 vides
1508 1805 1517 1820 ‚
1546 1780 1671 1813 Titium
1699 1781 1808 1820 velle,
1841 1780 1961 1813 flumen

1091 1830 1193 1861 ponte
1220 1820 1359 1853 sternere
1378 1845 1388 1860 ,
1416 1825 1445 1854 <Sc
1469 1823 1510 1854 de
1531 1823 1631 1854 domo
1648 1825 1680 1854 in
1699 1823 1831 1855 domum
1855 1821 1961 1854 tranfi-

1091 1869 1157 1893 tum
1176 1861 1303 1894 facere:
1335 1864 1411 1895 inde
1429 1864 1527 1903 quaeri
1545 1887 1554 1903 ,
1582 1874 1618 1896 an
1637 1864 1729 1905 possit
1748 1864 1856 1896 facere
1880 1872 1961 1905 pon·

1091 1911 1156 1935 tem
1175 1905 1228 1944 qui
1248 1903 1282 1935 fit
1305 1905 1419 1945 privati
1444 1905 1538 1946 juris:
1569 1905 1603 1938 id
1622 1905 1686 1945 est,
1741 1907 1770 1937 ui
1798 1906 1863 1946 ejus
1886 1913 1960 1946 pro·

1089 1945 1176 1985 prius
1207 1944 1258 1976 seu
1285 1947 1426 1985 privatus
1449 1946 1511 1978 sit:
1543 1947 1567 1979 is
1591 1948 1676 1978 enim
1700 1956 1717 1978 e
1771 1945 1874 1979 sensus
1900 1945 1959 1977 ho-

1089 1995 1159 2017 rum
1179 1986 1351 2018 verborum
1369 2010 1378 2025 ,
1404 1988 1520 2028 privati
1538 1989 1630 2029 juris:
1660 1995 1694 2018 ut
1719 1991 1750 2020 in
1775 1988 1793 2019 l.
1811 1993 1840 2019 6.
1867 1988 1901 2019 C.
1925 1989 1959 2019 de

1086 2029 1277 2066 servitutibus
1299 2026 1336 2062 ἐξ
1360 2038 1461 2070 aqua,
1485 2028 1522 2062 ὅ)
1545 2030 1562 2060 l.
1595 2038 1640 2069 14.
1669 2028 1698 2071 §.
1722 2038 1744 2061 1,
1772 2028 1814 2060 D.
1840 2030 1873 2060 de
1902 2025 1958 2063 ser'-

1088 2069 1241 2100 vitutibus.
1284 2070 1402 2108 vides,
1434 2070 1612 2102 Scaevolam
1646 2070 1862 2108 respondere,
1898 2068 1955 2101 Ti-

1091 2110 1168 2141 tium
1188 2118 1254 2141 non
1278 2109 1384 2150 poffe:
1408 2111 1439 2142 id
1462 2111 1526 2150 est,
1550 2121 1614 2142 non
1634 2111 1722 2152 posse
1746 2120 1879 2152 pontem
1896 2111 1962 2151 pri-

1092 2152 1156 2182 vati
1181 2152 1257 2191 juris
1280 2151 1398 2183 facere.
1430 2151 1451 2183 fi
1476 2162 1576 2191 verc3
1606 2160 1754 2193 apparet,
1779 2153 1843 2184 hoc
1868 2153 1957 2191 quod

1088 2193 1120 2223 in
1151 2192 1282 2224 flumine
1309 2193 1440 2233 publico
1475 2193 1647 2225 aedificatur
1668 2218 1677 2232 ,
1717 2204 1782 2225 non
1820 2193 1886 2225 fieri
1917 2203 1957 2224 :t-

1089 2232 1256 2265 dificantis.
1306 2235 1368 2267 Sed
1395 2243 1475 2275 puto
1494 2259 1504 2274 ‚
1536 2237 1622 2275 quod
1653 2244 1781 2275 recepta
1803 2234 1956 2276 scriptura

1090 2275 1240 2316 praefert,
1272 2275 1336 2307 hoc
1357 2286 1372 2307 a
1392 2276 1536 2308 Scaevola
1561 2286 1665 2317 neque
1682 2276 1845 2317 quaefitum
1862 2301 1872 2315 ‚
1899 2286 1956 2307 ne-

1089 2326 1153 2355 que
1185 2315 1366 2356 responsum
1393 2317 1482 2356 effe3
1520 2317 1584 2350 five
1617 2319 1654 2348 ad
1684 2320 1840 2350 rationem
1874 2327 1955 2349 meae

1090 2357 1251 2391 sententiae
1271 2359 1430 2398 advert03
1460 2359 1523 2390 ssve
1541 2360 1578 2391 ad
1602 2359 1715 2391 horum
1734 2361 1786 2400 qui
1810 2360 1840 2390 id
1865 2359 1954 2399 quod

1090 2400 1120 2431 in
1145 2399 1274 2431 flumine
1299 2400 1431 2441 publico
1455 2400 1628 2432 aedificatur
1645 2423 1654 2438 ‚
1686 2410 1751 2432 non
1781 2400 1953 2432 aedificanti

1089 2440 1276 2482 adsignant,
1306 2440 1358 2473 sed
1376 2441 1449 2472 huic
1473 2443 1561 2482 cujus
1581 2443 1682 2473 vicina
1701 2443 1768 2480 ripa
1790 2441 1843 2473 est.
1875 2450 1955 2482 prae-

1089 2481 1196 2514 fai-itur
1212 2482 1274 2521 illi,
1298 2482 1423 2515 alveum
1442 2483 1560 2524 publici
1580 2482 1716 2515 fluminis
1743 2482 1804 2514 effe
1828 2491 1953 2522 partem

1089 2525 1192 2564 ripae,
1224 2523 1447 2562 desertumque
1474 2534 1490 2555 a
1520 2523 1649 2555 flumine
1672 2523 1739 2555 fieri
1767 2525 1832 2564 ejus
1864 2524 1953 2564 cujus

1089 2566 1157 2605 ripa
1179 2563 1252 2600 esta
1285 2574 1353 2606 quae
1376 2564 1397 2596 fi
1420 2575 1569 2606 peraeque
1595 2575 1668 2596 vera
1692 2575 1728 2596 ac
1754 2574 1840 2597 certa
1868 2567 1951 2596 ratio

1088 2607 1153 2646 est3
1177 2606 1330 2644 obsecro,
1356 2607 1408 2647 qui
1428 2608 1478 2638 hic
1495 2606 1587 2648 possit
1603 2607 1747 2643 alterius,
1781 2617 1873 2646 quam
1893 2606 1952 2638 Ti-

1089 2648 1143 2686 tii,
1166 2657 1247 2689 pons
1270 2647 1357 2680 effe?
1387 2657 1481 2687 quem
1509 2647 1679 2688 praesei·tim
1705 2647 1769 2687 ipse
1792 2648 1895 2687 posuit
1918 2648 1951 2680 in

1088 2690 1198 2729 pulico
1214 2688 1343 2720 flumine
1359 2689 1446 2729 cujus
1469 2698 1602 2729 utraque
1625 2689 1656 2719 in
1682 2690 1748 2729 ripa
1766 2689 1879 2721 domus
1899 2689 1953 2720 ha-

1090 2732 1162 2762 bet:
1187 2731 1218 2762 id
1244 2730 1289 2762 est
1304 2753 1314 2769 ,
1344 2740 1416 2762 cum
1442 2731 1589 2763 dominus
1609 2730 1772 2770 utriusque
1795 2740 1870 2771 ripae
1893 2730 1950 2762 est.

1089 2771 1311 2815 Quamquam,
1334 2779 1367 2803 ut
1392 2771 1456 2803 hoc
1479 2773 1591 2804 addam
1608 2796 1616 2808 ,
1651 2781 1715 2803 non
1736 2771 1780 2802 cst
1799 2782 1834 2802 ca
1854 2781 1952 2812 perae-

1089 2822 1152 2853 que
1176 2823 1249 2845 vera
1273 2813 1303 2845 &
1329 2821 1414 2845 certa
1440 2816 1522 2845 ratio
1539 2837 1548 2852 ,
1579 2822 1685 2851 neque
1711 2814 1749 2844 ad
1775 2813 1857 2844 hanc
1881 2812 1950 2853 spc-

1087 2856 1171 2887 ciem
1194 2854 1265 2886 satis
1287 2856 1556 2887 accommodata:
1587 2856 1730 2895 quamvis
1761 2855 1844 2886 enim
1874 2864 1948 2893 pro-

1088 2897 1183 2929 cedat
1206 2904 1272 2934 tum
1288 2918 1298 2934 ‚
1328 2905 1401 2927 cum
1420 2895 1464 2928 est
1485 2896 1587 2927 sermo
1610 2897 1650 2927 de
1669 2895 1763 2927 insula
1785 2903 1838 2927 aut
1855 2896 1949 2927 alveo

1088 2947 1105 2968 a
1122 2937 1252 2969 flumine
1268 2937 1421 2975 detectis,
1445 2938 1554 2979 utjam
1571 2938 1678 2969 alveus
1692 2947 1756 2969 non
1773 2936 1825 2968 lit:
1843 2946 1948 2975 quam·

1088 2980 1136 3011 vis
1153 2979 1182 3010 &
1201 2987 1267 3010 tum
1285 2979 1459 3019 procedat,
1490 2988 1566 3010 curn
1585 2980 1736 3020 quaeritur
1753 2979 1791 3009 de
1810 2978 1948 3009 aedificio

1087 3027 1141 3051 aut
1159 3020 1265 3058 fimili,
1289 3020 1376 3061 quod
1394 3019 1512 3052 factum
1531 3020 1567 3052 sit
1591 3029 1643 3051 aut
1668 3021 1699 3052 in
1723 3019 1819 3050 insula
1844 3020 1947 3051 autin

1086 3061 1181 3093 alveo
1204 3071 1221 3093 a
1248 3061 1377 3093 flumine
1404 3062 1466 3101 jam
1492 3062 1673 3094 destitutis:
1704 3070 1767 3092 non
1798 3061 1947 3099 procedit

1088 3110 1193 3134 tamen
1211 3127 1221 3142 ,
1252 3101 1274 3134 fi
1297 3111 1351 3134 aut
1376 3111 1459 3142 pons
1485 3112 1537 3135 aut
1562 3103 1728 3135 aedificium
1761 3102 1877 3132 dicitur
1900 3100 1947 3132 fa-

1088 3143 1171 3175 ctum
1197 3146 1228 3176 in
1252 3153 1333 3185 aqua
1355 3144 1492 3177 fluminis
1521 3146 1651 3185 publici.
1694 3143 1728 3175 In
1760 3151 1839 3182 aqua
1857 3167 1866 3179 ,
1899 3144 1944 3173 in-

1087 3194 1202 3225 quam:
1226 3186 1312 3226 quod
1335 3187 1420 3217 enirn
1437 3187 1468 3217 iii
1487 3195 1522 3216 ea
1540 3185 1575 3217 fit
1598 3194 1650 3216 aut
1666 3184 1813 3223 ponitur,
1844 3183 1875 3214 id
1891 3184 1947 3214 de-

1087 3235 1171 3257 mum
1198 3227 1229 3258 in
1250 3226 1382 3259 flumine
1408 3228 1538 3266 publico
1563 3228 1637 3267 poni
1664 3234 1716 3257 aut
1743 3225 1809 3256 ficri
1829 3225 1947 3256 dicitur

1086 3268 1105 3300 l.
1128 3277 1150 3299 1.
1175 3266 1203 3307 §.
1227 3277 1273 3300 11.
1299 3267 1340 3301 D.
1360 3267 1594 3308 deflumim'bus:
1621 3278 1705 3307 non,
1737 3266 1758 3299 fi
1782 3273 1870 3298 extra
1892 3273 1947 3311 aut

1915 3315 1948 3338 in
