2036 3495
165 124 214 156 jo
584 108 618 143 G
648 118 668 142 Ε
702 119 725 142 rt
757 115 778 138 A
811 115 833 138 rt
870 113 894 136 D
929 112 940 136 1

170 212 223 234 ce:
249 200 412 234 Postrema
428 197 474 229 est
491 195 582 235 huJus
600 194 676 225 loci.
699 193 792 224 datur
808 200 886 223 vero
903 200 920 222 a
935 190 1047 229 judice

169 244 316 283 utrique,
341 248 404 271 tam
421 238 540 275 astori,
556 243 651 275 quam
666 242 743 271 reo,
760 235 800 265 ad
818 233 1047 272 producendos

169 285 284 320 testes,
309 282 360 312 vcl
381 279 586 310 instrumenta
611 275 631 306 l.
648 284 696 311 99.
713 274 741 315 §.
761 285 789 306 2.
808 273 851 305 D.
867 275 899 304 de
915 275 992 304 verb.
1005 272 1046 310 fi-

166 326 245 367 gnif.
269 325 300 354 in
318 321 413 352 causis
431 318 601 355 omnibus,
625 318 721 347 etiam
739 315 814 347 silis
830 314 866 346 sit
884 316 966 346 inter
984 315 1045 354 pri-

169 374 262 396 vatos
282 364 311 394 δι
329 362 439 393 fiscum
456 361 475 391 l.
493 364 522 391 6.
542 359 575 390 C.
592 359 618 389 h.
637 365 659 389 t.
684 365 826 395 tantum,
843 355 862 388 si
880 366 930 388 res
949 357 1044 387 vesti·

169 415 219 438 tur
234 406 266 436 in
277 402 465 435 consistorio
476 401 651 440 Principis,
667 399 854 431 dilationem
873 398 967 429 tribui
981 406 1046 429 non

169 447 289 484 solere,
314 444 542 476 Constantinus
565 441 673 473 scribit
698 441 718 471 l.
737 451 767 480 5.
787 440 820 471 C.
839 439 866 471 h.
885 446 906 471 t.
933 439 963 471 ὅτ,
986 448 1046 480 pro

168 488 296 520 ratione
310 485 459 517 adferunt
477 483 603 521 Groeci3
622 483 694 522 quia
712 482 812 522 parati
828 481 866 511 ad
887 481 1047 521 cognitio-

167 539 243 561 nem
274 528 428 568 Principis
453 527 563 557 venire
581 525 711 556 debent.
739 525 781 555 ita
798 521 904 554 Graeci
922 523 961 553 ad
976 523 1004 552 ci.
1025 522 1045 552 l.

169 581 199 612 5.
217 568 332 609 Bafilic.
348 569 396 600 lib.
417 578 445 608 7.
466 569 512 599 tit.
527 575 570 607 17.
589 576 614 597 c.
632 575 677 606 15.
695 571 762 596 tom.
782 573 808 596 1.
825 570 974 605 pag.377.
992 562 1047 594 Est

166 622 267 653 porro
285 611 395 643 auftor
411 610 525 642 Paulus
542 610 561 639 l.
578 607 633 638 ult.
651 606 693 637 D.
713 608 739 637 b.
756 612 778 637 t.
798 607 886 646 quod
903 614 932 636 in
952 614 1048 645 pecu-

166 654 273 686 niariis
293 652 390 684 causis
406 651 508 682 omnis
526 649 637 681 dilatio
654 648 780 689 singulis
797 646 895 678 causis
915 646 984 686 plus
1004 645 1045 677 se-

167 695 232 727 mel
259 695 354 726 tribui
373 703 437 725 non
457 691 583 733 potest,
608 691 640 721 in
656 689 844 729 capitalibus
863 696 969 719 autem
989 697 1045 718 reo

164 746 231 769 tres
248 737 438 772 dilationes,
461 732 636 765 accusatori
653 732 724 762 duae
740 731 806 762 dari
823 729 970 770 possunt3
994 728 1046 760 sed

163 787 338 818 utrumque
357 776 447 808 causa
464 785 523 817 pro
542 772 691 805 tribunali
712 773 854 814 cognita.
888 770 987 812 Igitur
1003 780 1045 802 ex

167 829 235 853 arte
254 818 480 852 Constantinus
496 817 514 847 l.
533 826 561 854 4.
582 815 614 846 C.
632 815 659 846 h.
676 820 698 845 t.
741 815 773 845 A
786 815 973 854 procedente,
997 813 1044 843 in-

165 864 257 902 quit,
275 861 375 903 judice
396 859 560 890 dilationem
582 866 639 887 non
659 856 794 887 convenit
810 852 970 895 postulari,
994 854 1045 884 eti-

165 915 213 935 am
222 903 252 942 fi
269 909 390 943 utraque
403 906 489 942 parte
509 900 646 940 praesente
668 899 835 928 tribuatur:
859 905 995 930 cremnon
1014 905 1045 926 a·

166 946 240 984 lios,
264 943 319 982 mfi
339 944 427 982 causa
443 942 577 983 cognita,
602 939 750 980 indulgeri
765 944 871 980 queat:
895 937 931 971 ἔθ’
952 938 1046 978 cogni-

166 989 205 1018 tio
221 989 313 1025 causae
333 995 391 1016 non
407 983 632 1024 interpellatione
643 981 801 1022 planaria,
817 979 870 1019 sed
887 976 1046 1016 conficiente

163 1029 258 1071 nitigis
268 1028 368 1070 judice
385 1026 509 1067 legitime
524 1024 697 1065 colligatur:
720 1028 773 1060 nt,
791 1020 819 1059 fi
831 1021 913 1061 forte
930 1020 1045 1051 clilatio·

165 1072 213 1101 nis
225 1069 327 1110 petitio
337 1068 435 1108 fuerit
452 1064 774 1107 irrgorobata,sitscepta
791 1061 903 1105 quoestt'o
920 1065 1044 1102 persen·

161 1116 282 1143 tentiam
293 1110 402 1152 judicis
420 1110 588 1140 dirimatur.
612 1105 659 1137 lta
678 1106 725 1136 lib.
745 1115 770 1137 1.
810 1105 858 1135 De
878 1105 986 1145 jurisd.
1008 1101 1050 1137 ἔθ’

161 1156 230 1194 imp.
259 1163 284 1184 e.
311 1161 343 1183 x.
369 1150 519 1188 restitui,
542 1148 770 1188 interpellatione
789 1146 947 1187 planaria,
971 1153 1045 1175 cum

162 1196 264 1236 vulgo
280 1195 404 1234 legatur
415 1216 424 1232 ‚
440 1190 669 1232 interpellatione
680 1189 831 1230 plenaria,
845 1187 934 1218 nullo
945 1185 1043 1217 sensu.

163 1237 247 1270 Illud
264 1245 328 1267 non
346 1236 514 1270 omittam,
539 1232 628 1272 quod
647 1241 687 1262 ex
706 1230 804 1261 Paulo
821 1229 907 1267 dixi,
931 1228 1043 1259 deberi

159 1279 207 1310 D.
234 1275 338 1309 Marci
362 1274 531 1306 Orationi:
557 1282 660 1312 eaque
684 1272 725 1303 lic
745 1269 914 1302 definitum
930 1269 1043 1308 fuisi'e,

162 1316 319 1360 Ulpianus
330 1317 440 1348 auctor
456 1316 501 1347 est
516 1316 535 1346 l.
554 1325 582 1355 7.
603 1314 643 1345 D.
661 1315 689 1344 l).
701 1319 723 1344 t.
749 1311 863 1344 Voluit
879 1319 985 1342 autem
999 1309 1044 1341 O·-

163 1362 268 1399 ratio‚
289 1360 461 1391 dilationes
478 1357 542 1389 dari
564 1356 726 1396 longiores
745 1356 797 1385 vel
817 1353 984 1385 breviores
1001 1354 1045 1383 le-

165 1402 308 1435 cundum
325 1400 533 1432 moderamen
551 1398 698 1429 locorum
712 1405 774 1427 tam
787 1405 826 1427 ex
843 1395 955 1426 eadem
974 1402 1046 1434 pro·

164 1443 291 1482 vincia,
316 1449 412 1482 quam
429 1450 469 1471 ex
488 1440 557 1471 alia.
582 1448 654 1470 narn
671 1439 700 1469 oz
719 1438 783 1468 hoc
801 1435 916 1468 diserte
936 1434 1044 1476 Ulpia-

165 1496 224 1518 nus
244 1488 272 1516 cl.
292 1485 312 1515 l.
332 1494 370 1523 7;
393 1492 467 1513 cum
484 1490 545 1520 qua
562 1480 787 1519 conjungenda
803 1479 830 1509 cl.
849 1478 868 1509 I.
887 1486 936 1513 99.
954 1476 996 1508 D.
1014 1478 1048 1507 cle

167 1529 248 1559 verb.
268 1525 374 1566 signif.
400 1523 530 1563 quando
556 1529 691 1561 utraque
709 1519 753 1551 est
771 1529 811 1551 ex
830 1520 947 1550 eodem
964 1519 1046 1550 libro

164 1569 219 1602 De
231 1566 352 1598 Officio
371 1563 528 1597 Consulis.
553 1561 606 1594 Est
619 1571 717 1603 porro
728 1560 886 1593 Oratione
904 1559 949 1592 D.
961 1560 1047 1591 Mar-

166 1606 407 1648 ciexpress'um‚
420 1605 556 1646 amplius
576 1613 671 1643 quam
684 1603 776 1634 semel
788 1626 797 1638 ,
814 1612 879 1634 non
897 1601 958 1633 esse
975 1602 1048 1633 dan-

163 1653 236 1685 dam
253 1648 536 1681 instrumentorum
552 1646 749 1678 dilationem.
773 1643 827 1676 sed
845 1643 1001 1684 Ulpianus
1019 1644 1047 1674 d.

165 1694 186 1726 l.
203 1703 240 1734 7,
264 1692 325 1730 ait,
353 1689 497 1722 utilitatis
524 1687 716 1728 litigantium
739 1687 860 1727 gratia,
881 1685 971 1716 causa
993 1694 1047 1716 co-

164 1736 255 1777 gnita
265 1757 275 1772 ,
289 1733 445 1764 &iterum
456 1729 644 1762 dilationem
653 1752 663 1767 ‚
680 1737 743 1760 tarn
755 1737 794 1759 ex
805 1728 917 1759 eadem
928 1750 937 1765 ,
953 1735 1046 1767 quarn

165 1786 208 1808 ex
230 1775 290 1808 alia
315 1773 506 1811 Provincia,
531 1770 706 1803 secundum
729 1770 938 1801 moderamen
958 1769 1046 1800 loco-

164 1827 236 1852 rum
251 1815 410 1858 impertiri
426 1814 546 1846 solere:
570 1813 710 1845 maxime
728 1811 749 1844 fi
766 1811 885 1853 aliquid
900 1811 1047 1851 inopina-

812 1896 1164 1931 T1Tutus

1003 102 1264 139 NoonT

1323 104 1350 138 C
1387 114 1408 137 0
1443 115 1469 138 M
1504 115 1539 138 ir.

1093 200 1160 223 tum
1177 200 1330 234 emergat.
1373 192 1456 224 Illud
1474 191 1670 230 videndum,
1692 191 1714 223 fi
1731 191 1898 226 defuneius
1916 205 1968 227 ach

1091 234 1213 274 ceperit
1227 235 1363 275 aliquam
1380 235 1567 266 dilationem
1587 241 1721 274 propter
1739 233 1973 276 instrumentag,

1090 284 1128 306 an
1152 274 1318 308 successori
1345 285 1475 317 quoque
1500 275 1566 315 ejus
1588 276 1652 306 dari
1669 275 1806 312 debeat3
1829 285 1867 307 an
1882 287 1966 308 ¹vero

1090 316 1236 356 quiajam
1253 318 1325 349 data
1336 319 1399 356 est,
1415 317 1549 357 amplius
1565 316 1630 347 dari
1648 326 1712 347 non
1731 316 1851 356 possit?
1868 317 1896 348 ἃ
1913 327 1972 358 pu-

1089 365 1137 388 tat
1161 356 1315 398 Ulpianus
1331 361 1359 390 d.
1379 360 1398 390 l.
1415 369 1444 399 7.
1469 358 1567 399 magis
1590 356 1673 397 esl'e,
1697 365 1731 389 ut
1755 358 1785 389 ἃ
1801 357 1855 389 liic
1879 360 1968 391 causa

1090 400 1241 439 cognita,
1264 401 1329 433 dari
1347 401 1476 432 debeat.

1093 481 1100 486 Ι
1129 439 1271 472 Effectus
1296 442 1482 473 dilationum
1509 440 1572 473 est:
1596 440 1684 481 quod
1708 440 1772 472 five
1790 449 1880 480 pars,
1904 440 1968 473 sive

1091 489 1213 522 integra
1230 483 1339 514 dilatio
1351 484 1422 515 data
1438 483 1553 521 fuerit,
1570 482 1690 521 judicis
1707 482 1850 514 officium
1867 491 1907 513 eo
1919 491 1969 514 us-

1091 531 1155 562 que
1170 523 1368 564 conquiescit
1387 548 1397 562 ‚
1421 526 1527 556 donec
1544 525 1636 565 petiti
1655 524 1809 565 temporis
1830 523 1971 555 defluxe-

1090 565 1154 595 rint
1170 565 1334 596 curricula.
1365 565 1456 597 feriae
1474 575 1581 597 autem
1599 565 1661 597 sive
1680 565 1878 605 repentinae‚
1902 565 1966 597 sive

1091 605 1248 651 solemnes
1272 605 1351 644 sint,
1374 608 1563 640 dilationum
1581 608 1780 647 temporibus
1799 616 1864 638 non
1883 608 1970 638 exci-

1090 655 1239 687 piuntur;
1264 646 1315 678 sed
1334 647 1381 679 his
1399 655 1672 681 connumerantur
1688 649 1708 680 l.
1726 659 1755 690 3.
1775 648 1808 679 C.
1824 649 1852 679 h.
1870 654 1893 679 t.

1132 687 1246 719 Tertia
1264 687 1413 720 Rubricae
1430 699 1502 730 pars
1519 690 1582 729 est,
1599 689 1652 721 De
1669 689 1798 721 diversis
1817 690 1971 730 tempori-

1090 730 1157 762 bus
1203 729 1265 761 Sed
1285 728 1433 762 observat
1450 729 1493 763 D.
1511 731 1659 772 Cujacius
1679 732 1819 763 Paratitl.
1843 732 1874 762 in
1894 732 1971 772 legi-

1089 773 1147 803 bus
1166 770 1221 802 snl)
1237 772 1287 803 illa
1304 770 1413 811 positis
1438 781 1548 812 parum
1567 772 1704 813 praestari
1723 773 1811 813 quod
1830 775 1965 812 promit-

1089 814 1185 850 titur3
1202 813 1299 852 idque
1317 813 1448 844 evenire
1465 813 1607 854 pluribus
1624 814 1853 847 Panaetiarurn
1869 815 1973 854 locis,

1089 864 1160 896 quze
1179 855 1262 894 apud
1278 853 1378 895 ipsum
1396 854 1497 886 videri
1514 854 1653 895 possunt.

1128 895 1272 927 Tantum
1285 919 1293 933 ,
1312 896 1381 935 quis
1397 896 1521 927 dicatur
1536 897 1603 927 dies
1620 906 1713 928 more
1729 895 1877 929 Romano
1888 920 1897 936 ‚
1915 897 1972 928 de-

1088 937 1199 970 finitur
1216 947 1256 969 ex
1275 937 1375 968 Paulo
1394 937 1413 969 l.
1425 942 1453 972 8.
1465 937 1494 969 h.
1507 945 1528 968 t.
1546 938 1584 969 ad
1603 946 1698 978 quam
1715 938 1822 970 scribit
1838 939 1975 970 Antoni-

1089 990 1124 1011 us
1142 978 1331 1020 Augustinus
1346 979 1395 1010 lib.
1413 989 1443 1018 4.
1464 979 1586 1010 Emend.
1603 989 1626 1010 c.
1649 988 1696 1020 13·
1721 980 1750 1010 ὅ(
1778 979 1884 1020 potest
1898 980 1971 1012 addi

1089 1022 1243 1061 allegatus
1261 1021 1301 1051 ab
1317 1030 1357 1050 eo
1376 1020 1413 1051 A.
1426 1019 1551 1053 Gellius
1567 1020 1615 1052 lib.
1631 1031 1660 1061 3.
1676 1020 1765 1052 Noti.
1784 1021 1879 1052 Amc.
1897 1032 1921 1053 c.
1942 1031 1972 1053 2.

1127 1061 1347 1094 Nominantur
1364 1062 1394 1093 in
1410 1062 1429 1095 l.
1453 1071 1479 1094 1.
1497 1062 1527 1104 §.
1550 1071 1573 1093 1.
1591 1061 1628 1096 {5⁹
1648 1072 1677 1093 2.
1697 1061 1739 1093 D.
1766 1061 1843 1106 Quis
1860 1064 1925 1094 ordo
1941 1064 1974 1094 in

1085 1103 1191 1146 paffeff.
1201 1106 1284 1145 serv.
1312 1103 1408 1135 etiam
1426 1104 1494 1135 dies
1515 1103 1699 1135 sesiionum:
1713 1103 1833 1134 assueto
1853 1103 1975 1135 Praeto-

1088 1155 1144 1184 re,
1168 1146 1198 1176 δε
1222 1143 1356 1177 Praeside
1375 1169 1385 1184 ,
1410 1154 1483 1176 curn
1508 1146 1716 1176 inchoaturus
1745 1144 1791 1176 est
1817 1144 1972 1177 Conven-

1088 1196 1174 1226 tum,
1199 1187 1265 1227 ejus
1291 1186 1358 1217 dies
1387 1186 1574 1227 disponere;
1599 1187 1628 1218 ὅ(
1655 1186 1750 1219 alium
1770 1187 1845 1218 dare
1865 1186 1973 1227 postu-

1088 1229 1283 1266 lationibus,
1303 1228 1398 1259 alium
1417 1229 1677 1269 cognitionibus,
1702 1228 1797 1258 alium
1814 1229 1971 1266 decreto,

1087 1272 1183 1302 alium
1210 1271 1277 1301 aliis
1298 1270 1456 1308 partibus:
1481 1278 1515 1300 ut
1538 1270 1659 1301 dudum
1683 1270 1793 1301 notavi
1809 1270 1857 1301 lib.
1878 1279 1902 1301 1.
1921 1269 1971 1301 De

1083 1312 1190 1353 jurisd.
1212 1311 1248 1346 {5⁹
1264 1312 1332 1351 imp.
1349 1321 1373 1342 c.
1397 1320 1442 1343 10.

1129 1353 1287 1384 Praeterea
1312 1360 1487 1384 occurrunt
1514 1353 1545 1383 in
1566 1353 1634 1393 jure
1651 1352 1717 1384 dies
1734 1353 1785 1384 alii
1805 1352 1899 1384 utiles
1919 1353 1972 1385 alii

1088 1396 1258 1433 continui;v
1273 1402 1307 1425 ut
1327 1395 1356 1425 in
1374 1394 1391 1425 l.
1414 1404 1439 1426 1.
1461 1394 1503 1425 D.
1527 1396 1560 1424 cle
1575 1395 1680 1433 divers}
1707 1402 1792 1434 temp.
1813 1395 1928 1434 praeser.
1951 1396 1971 1426 l.

1089 1437 1143 1468 ult.
1164 1437 1195 1467 C.
1213 1438 1246 1466 cle
1261 1435 1314 1466 dol.
1326 1437 1393 1466 null.
1410 1436 1439 1477 ξ.
1460 1440 1506 1467 16.
1526 1434 1597 1475 Inst.
1609 1437 1641 1466 de
1657 1436 1752 1470 excusi
1771 1441 1827 1466 tut.
1847 1436 1887 1467 de
1904 1435 1970 1467 hoc

1091 1477 1272 1510 discrimine
1297 1476 1485 1518 Redolphus
1509 1475 1681 1509 Fornerius
1697 1477 1745 1508 lib.
1766 1487 1795 1508 2.
1813 1476 1883 1509 lter.
1903 1487 1973 1518 quo-

1091 1521 1144 1551 tid.
1161 1529 1185 1551 c.
1211 1529 1255 1558 14.
1279 1528 1329 1550 res
1344 1528 1431 1550 nota.

1134 1560 1183 1592 Fit
1195 1561 1292 1591 etiam
1303 1562 1426 1591 mentio
1443 1559 1600 1600 temporis
1610 1559 1698 1599 quod
1716 1559 1874 1597 civiliter,
1892 1560 1972 1593 item

1092 1602 1247 1643 temporis
1264 1602 1352 1642 quod
1369 1602 1555 1633 naturaliter
1571 1599 1759 1632 aestimatur:
1782 1600 1848 1631 hoc
1865 1610 1976 1633 nume-

1091 1653 1176 1675 ratur
1196 1644 1236 1675 de
1254 1653 1423 1674 momento
1442 1644 1474 1674 in
1493 1651 1710 1674 momentum:
1733 1642 1765 1674 in
1784 1642 1839 1673 illo
1856 1642 1977 1683 posttea

1091 1695 1160 1717 mus
1176 1685 1243 1717 dies
1262 1684 1432 1716 inchoatus
1450 1694 1510 1725 pro
1529 1683 1698 1724 completo
1716 1683 1850 1715 habetur
1864 1685 1883 1715 l.
1905 1693 1976 1727 134.

1090 1726 1136 1811 ἐ).
1156 1728 1282 1800 degerss.
1294 1725 1427 1800 fig‘mficb
1444 1726 1463 1759 l.
1476 1730 1506 1759 6.
1524 1725 1568 1759 D.
1586 1727 1619 1757 de
1635 1725 1733 1768 usurp.
1754 1724 1790 1761 &²
1808 1725 1889 1767 usuc.
1906 1726 1927 1759 l.
1943 1736 1977 1768 3,

1115 1793 1120 1800 .
1139 1779 1169 1810 3.
1229 1791 1237 1800 .
1276 1778 1289 1800 e
1304 1778 1410 1801 minori
1429 1792 1438 1801 .

1222 1895 1337 1930 XIII.

984 1973 1034 2007 De
1050 1973 1170 2008 edendo.

208 2078 233 2101 N
253 2067 361 2099 limine
385 2065 478 2106 hujus
502 2064 606 2096 Tituli
625 2062 753 2104 possunt
770 2062 835 2094 duo
853 2062 962 2103 quaeri.
987 2062 1048 2101 pri-

169 2071 203 2144 1
225 2119 313 2141 mum
330 2132 340 2147 ,
364 2117 420 2138 cur
443 2112 468 2138 is
490 2107 553 2138 alio
571 2107 685 2138 ordine
709 2104 890 2136 collocetur
915 2105 945 2135 in
971 2103 1048 2135 Pan-

170 2151 292 2189 deffis,
315 2150 378 2181 alio
397 2149 426 2179 in
445 2148 580 2180 Codice.
613 2147 751 2184 deinde,
775 2146 1049 2186 quemadmodum

170 2203 245 2225 eum
257 2190 469 2233 superioribus
487 2190 707 2221 connectatur.
725 2196 897 2228 utrumque
908 2187 1051 2218 breviter

171 2234 347 2267 dissolvam.
381 2232 488 2272 potuit
515 2231 649 2262 astionis
674 2230 775 2261 editio
799 2230 839 2260 ab
856 2229 963 2260 acrore
983 2228 1049 2260 fieri

170 2285 263 2314 ante,
288 2283 381 2315 quarn
398 2283 470 2304 reus
496 2273 527 2303 in
543 2273 592 2313 jus
611 2272 745 2303 veniret.
776 2278 968 2311 argumento
989 2270 1053 2301 hoc

171 2317 340 2354 Terentii,
364 2315 488 2355 Adelph.
507 2324 536 2345 2.
560 2323 584 2345 ι.
602 2324 653 2353 40.
682 2313 767 2344 Nam
782 2322 830 2354 ego
846 2312 957 2343 liberali
972 2312 1053 2343 illam

173 2356 270 2396 adsero
287 2360 374 2398 caiisa
389 2366 488 2388 monn.
513 2355 610 2387 Nunc
624 2356 710 2393 vicie,
727 2361 827 2385 utrum
842 2355 889 2385 vis
898 2359 1053 2394 argentum

172 2403 312 2441 accipere,
336 2409 376 2430 αη
399 2399 514 2438 causam
538 2398 671 2428 meditari
693 2402 783 2427 tuam.
830 2395 966 2426 Delibera
983 2395 1055 2433 boc,

175 2445 243 2474 ctam
267 2451 314 2483 ego
337 2441 436 2478 redeo,
461 2440 532 2470 leno.
572 2439 660 2470 idem
685 2437 825 2469 ostendit
848 2438 930 2469 ordo
948 2436 1053 2468 Editti

174 2480 339 2524 perpetui:
365 2484 394 2514 in
419 2491 485 2521 quo
501 2481 642 2520 Julianus
659 2480 796 2519 primum
813 2479 878 2520 egit
901 2479 941 2510 de
957 2478 1054 2510 eden-

174 2527 237 2561 do,
254 2525 369 2555 deinde
382 2524 464 2556 dein
479 2523 526 2562 jus
544 2523 703 2553 vocando.
734 2521 767 2552 id
784 2520 839 2551 sub
858 2528 996 2561 utroque
1014 2519 1052 2550 ti-

176 2567 245 2597 tulo
264 2566 365 2605 liquet
383 2575 422 2596 ex
439 2564 636 2604 Fragmentis
655 2562 785 2603 Ulpiani
803 2562 832 2593 ἀ
850 2561 947 2593 Pauli.
980 2570 1052 2593 nam

176 2607 331 2647 Ulpianus
348 2607 387 2637 de
406 2606 534 2637 edendo
552 2604 670 2644 scripsit
686 2604 741 2636 lib.
757 2614 796 2644 [μ
818 2602 932 2634 Paulus
952 2603 1006 2635 lib.
1022 2613 1051 2643 3.

177 2656 293 2680 contra
318 2646 473 2686 Ulpianus
496 2649 535 2678 de
558 2649 588 2678 in
611 2648 660 2686 J'us
685 2645 920 2686 vocando‘egit
940 2644 995 2675 lib.
1012 2654 1049 2684 53

178 2689 294 2722 Paulus
312 2688 365 2718 lib.
383 2698 411 2726 4.
428 2688 584 2726 praeceffit
600 2689 697 2729 igitur
712 2688 744 2719 in
761 2686 877 2718 Editio
894 2693 1053 2727 perpetuo

177 2731 309 2763 Titulus
326 2727 379 2760 De
397 2730 523 2761 edendo
540 2728 687 2762 Titulum
707 2728 760 2760 De
777 2729 807 2760 in
825 2729 873 2769 jus
891 2728 1053 2759 vocando.

178 2773 336 2814 hujusque
353 2770 472 2802 ordinis
489 2771 767 2810 observationem,
790 2771 872 2801 adeo
889 2769 1055 2801 necessari-

179 2825 231 2847 am
244 2811 354 2850 fuisse,
377 2819 466 2851 putat
484 2811 630 2851 Cujacius
648 2814 697 2844 lib.
714 2822 745 2844 Χ.
765 2811 886 2852 Observ.
904 2822 928 2842 c.
946 2821 983 2842 x:
1002 2819 1054 2850 ut,

178 2857 201 2889 fi
217 2855 303 2888 atiior
320 2853 409 2885 litem
427 2853 586 2883 ordiretur
602 2863 618 2884 a
635 2854 810 2886 vocatione
827 2853 858 2885 in
875 2854 943 2893 jus,
960 2856 1056 2884 omis-

179 2899 211 2930 sa
236 2895 399 2934 editione,
423 2903 494 2925 reus
519 2902 690 2927 vocantem
709 2896 796 2927 illico
814 2894 922 2936 sequi,
945 2902 998 2925 aut
1016 2893 1057 2924 sa-

180 2940 300 2972 tisdare
317 2945 384 2968 non
400 2942 574 2967 teneretur.
618 2935 718 2968 Male.
750 2945 885 2968 movent
902 2945 954 2967 me
971 2944 1058 2967 com-

179 2982 288 3023 plura:
312 2980 344 3010 in
366 2977 473 3019 primis
497 2976 574 3007 illud
594 2977 718 3015 Ulpiani
736 2978 755 3008 l.
780 2987 805 3008 1.
823 2978 853 3019 ᾗ.
875 2987 900 3009 1.
922 2977 964 3008 D.
982 2977 1010 3008 b.
1033 2983 1056 3008 t.

184 3023 265 3055 Eum
287 3029 397 3062 quoque
412 3019 489 3050 edere
506 3017 602 3048 Labeo
622 3020 682 3055 ait,
704 3020 756 3059 qui
776 3020 910 3058 producit
924 3019 1059 3057 adversa-

182 3066 262 3097 rium
270 3064 360 3102 suum
375 3061 413 3093 ad
426 3060 540 3097 album,
565 3057 601 3092 ὅ)
622 3058 789 3097 demonstret
806 3063 880 3100 qnod
895 3060 1059 3092 diffinimus

185 3104 224 3146 2ss
236 3129 245 3142 ,
262 3104 308 3135 vel
323 3104 356 3134 id
372 3103 508 3139 dicendo,
522 3110 577 3142 quo
592 3100 638 3130 uti
651 3100 733 3130 velit.
758 3100 908 3138 Ulpianus
926 3111 998 3133 curn
1016 3101 1059 3133 al-

188 3150 254 3178 imm
280 3145 376 3183 dicit3
399 3144 464 3176 fine
483 3142 581 3174 dubio
601 3140 749 3175 Praetoris
764 3141 869 3171 album
888 3142 1058 3184 intelligit3

188 3189 218 3220 ἂ
229 3197 287 3228 per
303 3187 498 3227 adversarium
512 3183 659 3225 indigitat
674 3191 773 3214 reum.
797 3180 1037 3227 simul-ostendit
1048 3207 1058 3222 ,

186 3238 259 3262 eum
284 3228 315 3261 in
339 3227 389 3267 jus
413 3234 566 3261 vocatum
589 3224 629 3258 ab
654 3225 782 3262 auore,
804 3222 944 3255 debuisse
964 3224 993 3257 in
1012 3226 1060 3264 jars

1092 2062 1221 2101 venire,
1239 2060 1361 2093 tametsi
1378 2060 1511 2093 astionis
1530 2060 1632 2093 editio
1649 2061 1778 2092 demum
1796 2061 1907 2099 injure
1924 2061 1981 2093 fiat

1093 2105 1131 2134 ad
1149 2105 1268 2135 album.
1313 2104 1385 2134 Pari
1413 2102 1483 2134 fere
1509 2104 1610 2133 modo
1638 2111 1703 2143 quo
1721 2103 1752 2134 in
1775 2102 1840 2134 hoc
1857 2103 1980 2142 Plauti,

1096 2146 1203 2184 Persa,
1227 2156 1256 2184 4.
1273 2155 1301 2181 9.
1333 2145 1399 2185 Age
1422 2144 1538 2175 anibula
1554 2146 1585 2175 in
1597 2144 1650 2185 jus
1667 2144 1739 2175 leno.
1761 2142 1804 2175 D.
1838 2144 1921 2189 Qss'd
1937 2153 1981 2175 me

1095 2187 1192 2229 injus
1209 2185 1320 2217 vocas?
1345 2186 1406 2217 SA.
1434 2186 1507 2216 Illuc
1533 2186 1628 2216 dicam
1643 2187 1722 2226 apud
1739 2185 1900 2217 Praetorem.
1925 2186 1980 2224 sed,

1095 2238 1143 2270 ego
1161 2229 1258 2270 injus
1275 2237 1353 2258 voco.
1387 2227 1497 2258 Simile
1515 2227 1546 2258 in
1564 2227 1671 2258 Aulnl.
1691 2238 1719 2266 4.
1744 2236 1789 2259 10.
1825 2227 1900 2267 Jam
1914 2227 1979 2268 qui-

1095 2272 1157 2301 dem
1183 2271 1220 2301 ad
1245 2269 1400 2300 Praetorem
1422 2268 1513 2299 hercle
1538 2274 1564 2299 te
1589 2269 1719 2309 rapiam,
1745 2267 1781 2303 δ’
1799 2269 1980 2308 ibiscribam

1095 2313 1200 2343 dictim.
1226 2310 1327 2350 Igitur
1346 2319 1456 2341 vetere
1473 2311 1542 2350 jure
1561 2311 1603 2341 nil
1622 2309 1786 2348 interfuit3
1804 2311 1909 2350 quoad
1929 2309 1979 2341 ef-

1097 2352 1219 2384 fetrum
1247 2352 1396 2393 sequendi
1415 2352 1445 2383 in
1463 2352 1532 2391 jus,
1559 2360 1665 2383 utrum
1681 2361 1752 2383 reus
1769 2351 1865 2390 injus
1882 2360 1980 2382 voca-

1097 2403 1183 2426 retur
1201 2393 1301 2432 faeta,
1319 2403 1357 2425 an
1376 2394 1540 2434 neglecta,
1556 2393 1710 2424 editione.
1735 2393 1791 2424 Illa
1806 2393 1870 2424 fuit
1886 2391 1979 2424 diffe-

1097 2437 1215 2468 rentia:
1240 2436 1329 2476 quod
1347 2444 1418 2466 reus
1438 2435 1541 2466 altero
1561 2434 1651 2472 casu,
1668 2443 1741 2465 cnm
1758 2434 1789 2464 in
1804 2433 1854 2473 jus
1872 2434 1977 2465 venis-

1097 2478 1163 2516 set,
1187 2485 1351 2508 teneretur
1370 2476 1486 2507 actoris
1513 2475 1668 2507 desiderio
1685 2474 1788 2506 statim
1807 2474 1979 2515 responde-

1097 2529 1150 2557 re,
1166 2519 1194 2550 ἀ
1212 2527 1285 2549 cum
1305 2527 1345 2549 eo
1363 2518 1451 2549 litem
1469 2517 1660 2549 contestari:
1684 2516 1786 2548 altero
1805 2525 1869 2548 non
1890 2524 1980 2548 tene-

1096 2561 1189 2592 batur
1208 2561 1315 2601 agenti
1343 2558 1537 2599 respondere
1564 2558 1678 2590 statim.
1711 2564 1825 2589 contra
1849 2564 1978 2598 poterat

1097 2602 1224 2639 dicere,
1250 2600 1280 2632 se
1305 2601 1494 2640 imparatum
1521 2601 1631 2631 venire
1657 2599 1688 2630 in
1712 2600 1781 2640 jus,
1805 2609 1871 2631 non
1891 2599 1978 2631 edita

1097 2651 1170 2675 ante
1195 2642 1319 2674 aCtione
1343 2651 1404 2679 qua
1426 2642 1663 2672 conveniatur:
1686 2642 1794 2681 itaque
1819 2640 1981 2681 postulare

1098 2694 1225 2725 tempus
1251 2684 1290 2715 ad
1314 2683 1575 2722 deliberandum,
1600 2690 1707 2714 utrum
1732 2682 1849 2713 debeat
1870 2682 1981 2723 potius

1097 2727 1237 2764 cedere,
1260 2735 1300 2757 an
1323 2725 1534 2756 contendere.
1583 2723 1696 2756 Voluit
1721 2724 1818 2765 igitur
1835 2723 1980 2764 Justinia-

1099 2778 1174 2806 nus,
1197 2766 1344 2798 Titulum
1363 2765 1416 2797 De
1433 2766 1563 2797 edendo
1579 2766 1610 2797 in
1630 2763 1836 2797 conficiendo
1853 2764 1979 2797 Codice

1099 2809 1161 2841 esse
1185 2810 1326 2847 priorem
1350 2807 1468 2840 Titulo
1485 2807 1539 2839 De
1556 2809 1587 2839 in
1602 2808 1651 2847 jus
1675 2808 1847 2846 vocando,
1869 2815 1978 2838 exem-

1099 2852 1155 2893 plo
1180 2849 1284 2882 Edisti
1313 2850 1480 2891 perpetui:
1506 2858 1643 2890 nempe,
1667 2856 1702 2880 ut
1727 2848 1898 2880 observato
1919 2847 1979 2879 illo

1101 2893 1233 2930 ordine,
1258 2901 1322 2923 non
1351 2891 1429 2923 esset
1455 2890 1545 2922 causa
1567 2891 1717 2931 petendae
1742 2890 1924 2928 dilationis;
1947 2887 1979 2919 &

1101 2934 1229 2966 interim
1255 2942 1312 2973 per
1330 2933 1450 2964 amicos
1468 2933 1584 2964 tentari
1609 2931 1736 2973 possent
1752 2931 1844 2972 pasta
1860 2937 1980 2962 transa-

1103 2976 1303 3015 t‘tionesque.
1329 2976 1360 3005 in
1372 2974 1541 3006 Pandectis
1553 2984 1631 3005 vero
1647 2972 1794 3005 Titulum
1807 2972 1860 3003 De
1878 2971 1978 3002 eden-

1102 3020 1145 3049 do
1171 3015 1301 3057 subjecit
1324 3015 1440 3047 Titulo
1467 3015 1519 3046 De
1546 3015 1768 3047 dilationibus:
1790 3013 1864 3044 ideo
1889 3009 1980 3050 quod

1102 3066 1229 3100 putaret
1241 3082 1250 3095 ‚
1268 3067 1342 3097 reo,
1359 3067 1432 3089 cum
1445 3058 1476 3088 in
1492 3058 1540 3098 jus
1560 3056 1637 3088 esset
1652 3063 1802 3091 ventum,
1819 3060 1893 3083 ante
1911 3060 1981 3097 non

1103 3101 1187 3132 edita
1205 3100 1351 3138 actione,
1374 3099 1485 3139 justam
1503 3097 1565 3130 effe
1582 3096 1704 3129 causam
1721 3092 1914 3135 postulandae
1933 3092 1980 3124 di.-

1102 3142 1243 3174 lationis.
1288 3141 1352 3173 Sed
1367 3151 1385 3172 a
1400 3139 1516 3171 Titulo
1533 3140 1571 3171 ad
1587 3148 1662 3171 rem.
1934 3174 1940 3179 .

1143 3183 1254 3214 Editio
1277 3183 1330 3214 hic
1356 3182 1550 3223 proponitur
1574 3180 1706 3222 triplexf
1730 3175 1910 3221 actionum,
1932 3183 1980 3205 m·

1106 3223 1374 3263 strumentorum,
1400 3223 1430 3255 ὅ(
1447 3222 1615 3255 rationum.
1646 3219 1749 3252 Prima
1768 3216 1812 3250 est
1830 3217 1980 3287 editiettwig·
