2036 3495
254 165 320 203 An
353 164 445 201 Ltn.
474 159 605 201 XVIII.
649 159 750 197 T1T.
785 154 832 196 V.
870 160 920 196 De
940 158 1133 207 rescindenda
1148 162 1342 206 venditione,
1372 151 1414 202 f?
1428 161 1543 208 quando
1557 152 1625 201 &a

34 258 156 297 emptio
171 256 265 287 bonae
292 255 393 289 fidei?
415 264 480 286 non
507 252 626 293 placet:
649 258 720 296 nam
738 259 778 281 ne
796 250 909 291 pignus

33 299 233 338 quint-nitere
245 306 303 336 pro
322 307 398 328 auro
412 295 624 336 oppignorato
644 300 772 338 vitiatur
790 292 810 323 l.
832 302 858 323 1.
878 288 906 332 §.

34 349 63 371 2.
92 340 136 370 J).
163 339 196 369 cie
218 339 299 378 pigri.
324 337 379 369 (ιᾶ.
408 338 483 368 licet
507 343 619 375 pignus
644 334 680 363 sit
704 332 797 362 bona:
820 332 905 364 fidei.

1757 159 1831 208 323

951 250 1068 290 majoris
1082 249 1208 292 pretiifi
1225 257 1255 281 cu
1270 250 1317 281 vel
1331 257 1497 292 paterinus.
1508 250 1626 283 minoris
1642 248 1825 289 distraxerit?

950 291 1112 322 humanum
1128 290 1167 331 est
1179 314 1188 330 ,
1211 296 1245 322 ‘ut
1263 293 1449 332 vellii-elium
1470 300 1497 323 ze
1515 291 1681 333 restituente
1695 292 1825 332 emptori-

950 333 1021 369 bus,
1038 334 1174 372 fundum
1196 335 1398 363 venundatum
1414 335 1554 373 recipias,
1576 332 1749 365 αῑιέῖονίταῐσ
1763 334 1829 371 Ju-

32 381 144 421 potior
162 379 211 411 ,Ha
227 371 271 410 ΟΠ
286 379 483 413 differentia,
501 372 652 419 quud-qui
668 372 833 413 stipulatur
851 374 904 404 ali-
948 373 1022 418 dicis
1038 375 1254 419 intercedente:¹
1268 374 1315 403 vet
1325 373 1353 410 si
1369 380 1477 420 emptor
1504 376 1636 421 elegerit,
1660 376 1736 416 quod
1752 371 1826 420 deest

36 421 132 459 quid,
157 430 242 460 ejus,
268 420 338 459 quia
365 416 539 459 promissori
569 414 646 446 nihil
673 414 802 446 vieifliin
827 424 904 453 prae-
942 411 1021 454 justo
1033 416 1141 453 pretio,
1166 418 1296 461 resipiat.
1323 413 1553 461 Mznuslauzem
1574 416 1626 455 eſje
1637 418 1825 457 pretiumvt-

36 462 115 499 ilat,
128 461 255 492 interest
275 460 401 501 potius,
413 457 568 489 habc'rcid
580 458 608 487 in
621 465 685 495 quo
702 463 838 488 erratum
850 456 903 495 sit,
947 456 1047 492 cietur,
1065 454 1093 491 fi
1110 465 1159 486 nec
1175 456 1372 494 dzmzdzapars
1389 463 1451 485 verz
1465 457 1551 495 pretii
1565 457 1661 492 soluta
1671 455 1722 494 fit.
1748 455 1824 488 Hoc

36 510 130 541 quam
154 501 239 532 nihil.
265 501 414 539 idemque
436 497 480 529 est
498 496 526 528 in
547 497 679 538 pignore
697 499 785 542 quod
801 498 902 528 credi-

36 552 89 573 tor
105 543 277 574 adebitore
291 541 407 580 accipi:
425 539 455 570 in
473 539 672 569 securitatem
684 540 795 570 debiti.
821 539 906 569 aliud

35 583 128 614 estin
147 584 311 623 emptione
331 583 361 612 dt
388 579 594 613 venditione:
620 587 691 611 nam
716 579 745 610 i'n
775 589 811 610 ea
836 589 905 619 pro·

36 623 127 656 milio
146 622 301 655 venditori
323 621 427 661 pretio
451 630 510 660 pro
526 629 618 652 aeneo
637 630 794 661 corpore,
818 621 907 661 quod

33 666 206 706 putabatur
221 672 369 700 aureum,
393 673 459 694 non
476 663 609 703 expedit
632 663 784 702 emptori,
810 661 904 692 hahe-

32 717 70 738 re
93 715 205 745 corpus
222 714 232 743 3
266 713 323 744 pro
344 713 411 745 quo
427 705 554 735 daturus
572 704 606 735 sit
626 702 809 743 promissum
836 713 906 743 pre-

36 749 125 778 tium.
149 745 220 777 Hac
246 746 342 786 igitur
368 746 493 776 ratione
516 744 571 775 fit:
596 753 629 776 ut
647 745 906 776 contrahentium

33 788 234 818 voluntatem
260 797 317 826 pro
342 796 453 819 eorum
487 787 625 818 utilitate
651 786 692 818 sic
718 786 907 826 interprete-

33 829 143 861 murin
155 836 293 866 utroque
309 828 531 859 contractuum
549 835 686 867 genere:
710 836 743 858 ut
759 828 857 859 modo
873 828 905 859 iu

35 879 150 907 corpus
169 868 375 907 consenfiffe,
397 870 496 901 modo
516 868 678 901 dissensisse
696 868 874 900 videantur.

76 910 239 943 Hactenus
265 912 305 943 de
330 919 437 942 errore
457 910 489 941 in
518 919 677 949 corpore,
699 910 729 941 in
754 911 904 949 nomine,

31 952 66 983 in
92 952 261 993 qualitate,
291 952 321 983 in
346 951 428 983 sexu.
455 951 553 996 Porro
578 950 761 991 adiiciamus
786 951 904 990 aliquid

35 995 78 1025 de
95 1002 202 1024 errore
220 994 250 1023 in
268 993 388 1032 pretio:
405 1001 476 1024 nam
493 1003 516 1024 is
531 1001 728 1033 quoque‚an
747 992 776 1023 ὅ(
793 998 902 1033 quem-

36 1035 211 1066 admodum
229 1035 382 1073 emptioni
405 1041 538 1072 noceat,
565 1033 727 1073 quaestioni
747 1033 808 1072 est,
833 1042 902 1074 pro-

33 1084 109 1116 pter
124 1084 264 1106 naturam
276 1075 465 1116 emptionis:
483 1085 521 1107 co
532 1074 716 1114 speetanti53
734 1083 767 1105 ut
777 1083 902 1115 permu-

38 1117 163 1148 tatione
187 1119 300 1147 mercis
331 1118 360 1147 ot
385 1116 477 1156 pretii
505 1118 703 1156 temporariae
721 1116 902 1157 indigentiae

34 1157 249 1189 subveniatur.
264 1158 327 1188 hoc
337 1157 416 1196 fieri,
429 1157 536 1188 suadet
547 1156 627 1188 ratio
638 1158 762 1189 tuendae
774 1157 901 1189 societa-

37 1199 99 1230 tis:
124 1199 262 1239 ideoque
273 1199 347 1229 stcut
368 1199 442 1231 alias
458 1199 487 1229 in
499 1201 720 1237 commerciis,
736 1200 778 1230 ita
794 1198 823 1229 in
841 1208 905 1230 ern-

33 1249 150 1281 ptione
167 1239 197 1270 ἃ
214 1239 400 1271 venditione
413 1264 420 1277 ,
446 1239 655 1279 aequaiitatem
683 1241 766 1271 inter
780 1243 905 1271 contra·

35 1281 152 1312 lientes
168 1280 345 1311 observari:
369 1282 396 1312 <St
414 1281 434 1312 si
452 1281 579 1321 quando
595 1289 731 1312 erratum
748 1281 800 1318 sit,
815 1281 905 1321 quod

33 1321 190 1361 inaequale
206 1321 268 1358 est,
283 1321 454 1353 emendari.
488 1322 550 1352 Sed
562 1321 629 1352 usus
640 1322 904 1353 commerciorum

35 1363 90 1394 dat
114 1361 271 1393 industriae
294 1363 572 1401 contrahentiu1n3
596 1363 681 1403 (non
704 1363 904 1402 improbante

35 1403 228 1441 Aristotele,
251 1403 299 1434 lib.
323 1413 355 1442 4.
377 1404 542 1434 Eudemior.
568 1413 594 1433 c.
620 1413 647 1435 2.
672 1405 703 1435 z'n
723 1403 778 1443 fin.
809 1405 838 1436 &
862 1414 904 1436 cx

36 1443 147 1476 nostris
175 1444 351 1485 Pomponio
374 1445 457 1484 apud
482 1444 648 1483 Ulpianum
667 1445 686 1475 ί.
709 1449 753 1476 16.
769 1444 799 1486 §.
817 1456 844 1484 4.
864 1445 905 1476 D.

37 1487 72 1517 cle
87 1487 259 1523 minoribus,
276 1487 305 1516 dt
323 1485 420 1517 Paulo
436 1486 455 1515 l.
476 1495 521 1516 22.
534 1484 562 1526 §.
581 1496 609 1526 3.
629 1485 669 1516 D.
686 1486 807 1526 Lutati)
824 1487 904 1518 utin

37 1529 145 1566 pretio
162 1527 334 1565 emptionis
351 1527 380 1557 <St
400 1527 590 1557 venditionis
614 1527 797 1558 naturaliter
813 1527 906 1559 ltceat

39 1567 302 1598 contrahentibus
322 1566 351 1597 se
374 1567 615 1597 circumvenire.
646 1566 840 1600 Naturaliter
856 1578 906 1600 au-

42 1616 106 1639 tem
126 1607 184 1638 illis
202 1607 246 1637 est
264 1608 346 1645 quod
365 1606 535 1646 Justiniano
554 1608 669 1639 Novell.
684 1617 734 1648 97.
753 1619 777 1640 c.
798 1616 823 1641 1.
842 1609 906 1649 est,

37 1647 252 1689 negotiative:
274 1648 306 1678 id
325 1647 386 1687 est,
411 1647 579 1680 secundum
603 1658 724 1682 morem
741 1651 905 1692 negocian-

39 1690 138 1727 tium;
157 1689 206 1719 vel
227 1696 260 1719 ut
278 1689 306 1719 in
325 1689 344 1719 l.
366 1693 394 1723 8.
414 1689 446 1721 C.
464 1691 495 1720 de
511 1690 630 1725 rescind.
647 1693 729 1722 vend.
747 1692 833 1731 ajunt
850 1691 905 1724 Di-

37 1731 214 1761 ocletianus
231 1730 259 1761 6<
277 1729 489 1762 Maximianus
501 1754 509 1769 ,
528 1730 695 1763 secundum
707 1731 905 1766 substantiam

40 1771 237 1802 conrraCtus:
261 1771 382 1810 praefati
398 1794 406 1808 ‚
430 1772 516 1811 quod
541 1780 667 1812 emptor
690 1773 802 1805 viliore
817 1784 905 1807 com-

39 1814 192 1852 parandi,
215 1813 365 1843 venditor
382 1813 503 1844 cariore
518 1812 707 1846 distrahendi
724 1824 833 1848 votum
850 1826 903 1857 ge·

37 1862 169 1890 sentes,
193 1854 231 1884 ad
249 1853 333 1884 hunc
353 1853 549 1886 contractum
573 1856 736 1887 accedant.
760 1857 905 1896 Plautus,

39 1894 144 1932 Persa.
165 1905 193 1930 4.
219 1904 250 1932 4.
275 1894 317 1925 sic
340 1895 506 1934 exprimit:
530 1895 598 1928 SA.
626 1896 697 1928 Vin·
712 1899 778 1929 bene
794 1899 905 1929 emere?

41 1936 123 1967 Do.
145 1935 218 1966 Vm'
232 1942 265 1966 ια
286 1936 407 1976 pulchre
429 1938 559 1969 vendere.
586 1936 650 1969 TO.
669 1938 730 1980 Ego
741 1938 800 1980 fiio
817 1939 906 1971 hercle

38 1981 199 2016 utrumque
222 1976 302 2007 velle.
329 1975 416 2018 Quid
438 1987 515 2017 ergo
540 1978 611 2010 est?
635 1979 769 2012 Veteres
796 1982 906 2013 nolue-

36 2024 131 2054 runt,
156 2015 327 2056 perfectam
343 2019 540 2058 emptionem
563 2019 694 2052 rescindi
715 2031 770 2061 per
784 2022 906 2055 causum

36 2057 130 2089 soluti
160 2058 250 2098 pretii
276 2060 371 2098 paulo
397 2060 545 2093 minoris:
570 2060 723 2101 sapienter
747 2063 906 2102 arbitrati,

37 2098 186 2139 praestare
217 2100 330 2140 exigua
359 2100 484 2132 laesione
514 2101 653 2143 castigari
679 2104 842 2137 levitatem
867 2107 906 2138 ad

39 2149 110 2184 rem
122 2149 186 2171 non
205 2141 422 2180 attendentis3
440 2151 532 2181 quam
550 2144 620 2175 lites
630 2143 771 2177 crescere
790 2145 821 2177 in
838 2147 904 2178 infi-

38 2187 171 2228 Pltum?
195 2179 215 2212 fi
239 2181 321 2221 quali
344 2183 426 2223 quali
448 2190 606 2223 praetextu
621 2186 903 2219 circumventionis

40 2231 72 2253 in
91 2230 197 2262 pretio
223 2229 343 2254 temere
367 2223 576 2256 resolveretur
598 2226 738 2266 emptio,
760 2228 903 2267 alioquin

39 2263 125 2294 bona
152 2262 215 2294 fide
243 2265 414 2295 contratta.
442 2273 590 2297 caeterum
618 2267 788 2300 humanum
812 2269 874 2301 effe
894 2293 904 2308 ,

37 2303 176 2335 succurri
203 2304 469 2348 circumscri'pt03
498 2307 517 2338 si
542 2315 709 2347 appareat,
740 2318 813 2341 eum
835 2311 905 2351 plus

38 2353 134 2385 quam
151 2345 316 2377 tolerabile
333 2345 386 2383 fit,
411 2347 474 2379 effe
490 2348 679 2388 deceptum:
697 2350 780 2390 quati
797 2351 827 2381 in
844 2353 907 2383 tale

40 2387 190 2418 damnum
216 2395 278 2418 non
304 2386 401 2419 fuerit
417 2389 620 2428 consensum,
652 2400 716 2422 non
741 2392 906 2424 intellecto

39 2434 119 2471 yero
136 2427 257 2467 pretio:
282 2437 370 2460 certe
396 2438 459 2460 non
480 2429 562 2462 ferat
586 2431 670 2462 bona
688 2431 764 2464 fides
779 2434 906 2466 nimiam

42 2468 288 2508 inaequalitatem
305 2469 334 2500 in
354 2471 536 2509 contractu,
559 2481 607 2504 res
632 2473 782 2505 humanas
798 2483 906 2506 mutua

41 2509 185 2553 utilitatis
204 2512 438 2548 permutatione
452 2511 663 2545 consolaturo.
686 2513 848 2554 fueritque
863 2525 904 2547 eo

40 2548 151 2588 justior
172 2549 245 2594 *haec
268 2552 511 2592 interpretatio:
536 2555 609 2592 quia
633 2555 775 2587 exastam
794 2558 905 2588 verita-

41 2597 109 2620 tem
128 2589 229 2621 ubivis
245 2593 428 2632 explorare,
446 2604 510 2626 non
528 2595 573 2626 cst
583 2597 736 2636 cujusvis:
761 2597 840 2638 saepe
850 2608 904 2637 re,

39 2629 130 2676 loco,
152 2637 314 2670 tempore,
331 2634 361 2665 id
375 2643 439 2666 non
458 2637 611 2676 patiente.
627 2647 724 2677 quare
742 2648 781 2670 ne
798 2640 906 2678 pasiim

42 2679 108 2717 vita
126 2671 183 2702 stet
202 2670 266 2703 fine
283 2673 371 2713 astu,
393 2677 488 2708 etiam
512 2687 581 2709 cum
599 2681 647 2718 agi
664 2679 783 2712 necesse
800 2681 833 2711 iit
852 2681 905 2712 ali-

42 2714 136 2752 quid:
159 2722 254 2758 omne
274 2714 332 2759 hac
350 2716 398 2747 via
415 2719 557 2756 procedit
570 2720 733 2760 officium3
757 2729 790 2752 ut
808 2724 905 2764 magis

42 2755 127 2792 quod
148 2753 392 2801 vverifimile-effi
415 2766 506 2797 quam
531 2762 618 2799 quod
642 2771 773 2800 verum,
797 2762 905 2804 sequa—

40 2803 122 2825 mur.
145 2794 194 2825 Sic
217 2804 344 2836 egregie
368 2796 484 2830 Seneca
499 2800 544 2831 lib.
558 2811 588 2840 4.
606 2803 655 2833 De
672 2803 786 2844 benefic.
812 2815 836 2835 c.
856 2814 905 2846 33.

38 2835 90 2879 scd
112 2835 223 2871 verba,
247 2839 319 2881 quia
334 2839 544 2879 compluscula
561 2843 649 2883 sunt,
673 2854 734 2876 non
751 2840 901 2877 adscribo.

39 2875 138 2922 Igitur
161 2878 392 2921 quaerentibus,
417 2889 519 2913 utrum
543 2881 620 2915 fides
635 2887 736 2918 danda
754 2886 789 2918 sit
804 2887 904 2919 errori

40 2925 213 2960 inpretiog
236 2927 272 2949 an
294 2920 490 2952 emendanda
511 2924 704 2965 inaequalitas
719 2937 759 2959 ex
774 2937 815 2960 eo
832 2937 904 2969 pro·

37 2956 197 2989 ficdcens:
230 2960 399 2992 voluerunt
424 2961 576 3004 Veteres,
607 2967 755 3000 damnum
780 2978 845 3009 quo
865 2971 906 3000 de

39 3007 159 3039 agitur,
184 3009 338 3046 quantum·
359 3003 411 3041 sit,
435 3004 637 3039 considerari:
660 3009 826 3042 confilium
850 3011 903 3042 da·

38 3046 112 3085 turo
131 3041 284 3080 promissae
299 3052 339 3087 rei
358 3044 466 3076 modo.
489 3044 569 3078 Eum
593 3055 696 3081 tamen
715 3060 779 3082 non
797 3053 903 3084 deter-

40 3088 219 3127 minarunt3
243 3089 339 3123 magis
363 3084 465 3124 judici
491 3096 531 3117 ex
558 3088 641 3121 bona
663 3089 726 3123 fide
751 3092 903 3125 aestiman-

39 3121 113 3152 dum
130 3123 332 3163 reliquerunt.
357 3127 447 3165 primi
460 3128 589 3161 modum
600 3130 657 3170 (fic
666 3132 741 3163 mihi
758 3134 904 3174 videtur)

28 3163 76 3193 ad
92 3171 215 3196 cerrum
231 3166 393 3199 adduxere
408 3166 626 3203 Diocletianus
643 3173 672 3204 ἃ
690 3173 903 3208 Maximianus

33 3202 53 3234 1.
81 3213 110 3234 2.
136 3203 160 3234 C
191 3206 223 3235 de
246 3209 366 3244 rescind.
388 3210 474 3241 vend.
507 3211 611 3243 v'erbi's
632 3213 834 3254 sequentibus
860 3217 900 3249 ad

950 494 1024 525 illic.
1052 496 1202 535 idemque
1226 495 1380 527 iterarunt
1407 495 1436 526 in
1454 496 1473 526 l.
1498 501 1527 530 8.
1545 499 1604 528 eod.
1623 500 1669 528 tit.
1688 506 1758 537 quae
1778 496 1826 528 est

951 536 1101 575 rescripta
1126 537 1271 568 Euodiae.
1297 536 1374 568 I'ost
1399 537 1494 577 igitur
1519 537 1601 569 hanc
1627 538 1826 570 Diocletiani

951 578 980 608 ot
1009 577 1194 609 Maximiani
1222 577 1445 609 definitionem
1471 579 1573 609 minus
1597 581 1733 618 pretium
1759 579 1825 611 ess'e

950 618 1077 659 incipit,
1101 619 1121 650 ii
1138 619 1219 650 laefio
1239 622 1372 651 excedat
1391 618 1556 651 dimidium
1576 620 1668 659 justi,
1690 620 1753 652 five
1771 630 1828 652 ve-

950 661 994 698 ri,
1021 660 1134 697 pretii:
1159 666 1229 692 nam
1253 660 1323 691 haec
1347 661 1463 699 verba,
1487 668 1523 691 ut
1549 668 1681 701 apparet
1708 664 1738 692 in
1756 662 1782 692 d.
1800 662 1824 692 Ι.

949 710 977 732 2.
995 700 1031 734 ἑὲ)
1047 703 1073 732 d.
1097 702 1115 733 l.
1134 707 1162 736 8.
1182 704 1277 733 ctiam
1297 702 1369 733 alibi
1389 703 1418 732 in
1431 701 1451 733 l.
1468 712 1498 741 5.
1516 700 1558 733 D.
1569 703 1642 733 dein
1658 711 1716 733 rem
1731 702 1826 740 verfi).

948 742 968 773 l.
992 751 1016 773 1.
1036 742 1064 783 ἓ.
1087 752 1133 774 ιτ.
1153 744 1198 774 D.
1213 743 1242 780 fi
1260 744 1329 784 quid
1345 744 1493 783 infraud.
1506 749 1623 784 patron.
1641 743 1661 775 l.
1682 751 1707 774 1.
1724 743 1752 784 §.
1776 752 1826 775 11..

950 784 996 814 D.
1024 788 1058 814 ae
1079 783 1152 824 offic.
1178 784 1309 824 Praefect.
1341 783 1413 816 Urb.
1441 794 1498 824 pro
1527 785 1638 816 iisdem
1662 783 1829 824 accipiun-

952 832 1012 854 tur.
1039 823 1089 855 Fit
1114 833 1241 864 autem,
1264 834 1297 856 ut
1323 826 1385 856 hoc
1410 826 1543 865 addam,
1568 824 1651 858 laesio
1671 826 1752 857 ultra
1777 825 1829 856 di-

949 865 1082 897 midium
1107 867 1171 906 ejus
1198 867 1308 905 pretii:
1331 866 1352 898 fi
1379 877 1427 898 res
1454 868 1564 898 valens
1588 868 1720 908 viginti,
1745 875 1828 898 ven-

950 907 1041 937 datur
1066 907 1142 938 ofto
1166 917 1220 938 aut
1242 917 1372 939 novem.
1415 909 1503 948 quod
1527 908 1547 940 si
1572 917 1621 939 res
1645 908 1753 939 valens
1779 908 1827 939 vi-

946 948 1043 988 ginti,
1076 950 1232 979 vendatur
1256 950 1396 980 decem:
1427 950 1489 989 jam
1520 949 1670 981 venditur
1693 949 1825 990 quidem

948 997 1038 1029 parte
1063 989 1190 1021 dimidia
1213 989 1305 1030 julii,
1328 990 1392 1022 five
1421 991 1509 1029 veri,
1534 991 1648 1032 pretii3
1678 989 1731 1022 sed
1757 998 1825 1022 non

947 1031 1099 1068 minoris,
1123 1036 1217 1071 quam
1236 1031 1279 1063 est
1296 1040 1367 1072 pars
1387 1032 1515 1063 dimidia
1532 1033 1597 1072 elus
1615 1033 1720 1072 pretii.
1745 1040 1824 1072 ergo

947 1081 1011 1102 non
1032 1071 1219 1103 rescinditur
1234 1073 1411 1112 posteriore
1427 1072 1514 1112 casu;
1538 1074 1588 1105 sed
1609 1074 1726 1114 priore.
1751 1072 1827 1105 Cae-

948 1119 1049 1144 terum
1061 1135 1070 1151 ‚
1093 1121 1128 1144 ut
1144 1114 1183 1145 ab
1201 1114 1398 1146 humanitate
1408 1114 1620 1155 proficiscitur
1630 1115 1699 1146 haec
1715 1113 1827 1146 rescis-

948 1153 1011 1185 sio:
1044 1154 1085 1185 ita
1110 1164 1173 1186 non
1199 1154 1313 1186 abscise
1338 1157 1561 1196 permittitur}
1593 1164 1707 1188 contra
1729 1156 1825 1188 datur

949 1197 1087 1235 emptori
1105 1196 1241 1235 electi03
1259 1205 1363 1229 utrum
1381 1198 1470 1228 malit
1487 1203 1687 1238 emptionem
1703 1197 1820 1229 rescin-

949 1236 1000 1281 di3
1023 1246 1061 1268 an
1077 1237 1221 1278 supplere
1239 1239 1326 1278 quod
1351 1238 1430 1269 desit
1452 1238 1535 1277 Justo
1561 1238 1677 1279 pretio.
1704 1237 1757 1271 De
1778 1247 1822 1270 eo

948 1279 1045 1308 video
1061 1280 1196 1319 ambigi,
1220 1284 1327 1311 utrum
1347 1279 1416 1310 haec
1434 1279 1613 1311 humanitas
1629 1279 1685 1311 soli
1706 1281 1825 1312 debea-

948 1326 998 1350 tur
1017 1319 1196 1358 venditori,
1220 1330 1258 1352 an
1276 1322 1370 1352 etiam
1387 1321 1554 1361 emptori?
1576 1320 1619 1352 Et
1635 1319 1764 1361 quidem
1781 1321 1823 1352 de

948 1359 1016 1392 solo
1034 1362 1203 1393 venditore
1221 1362 1395 1403 loquuntur
1420 1361 1633 1402 Imperatores
1655 1363 1683 1393 d.
1700 1362 1721 1393 l.
1738 1371 1766 1393 2.
1784 1360 1824 1396 ἐξ

948 1403 975 1431 d.
994 1402 1013 1431 l.
1039 1406 1066 1436 8.
1094 1412 1158 1435 non
1184 1403 1280 1435 etiam
1306 1405 1346 1435 de
1374 1412 1534 1444 emptore.
1559 1403 1724 1443 visumque
1747 1403 1824 1435 inde

949 1444 1114 1482 prazcipuo
1131 1444 1211 1483 Juris
1229 1445 1420 1483 interpreti,
1441 1444 1564 1484 Jacobo
1582 1444 1734 1485 Cujacio,
1760 1444 1823 1476 Ob-

944 1488 1020 1522 serv.
1037 1484 1084 1516 lib.
1113 1489 1158 1517 16.
1182 1496 1206 1517 c.
1236 1490 1281 1520 18.
1302 1485 1339 1520 ὅ)
1355 1486 1404 1516 lib.
1424 1495 1472 1527 23.
1489 1495 1513 1516 c.
1532 1495 1583 1526 :3²-
1598 1495 1667 1517 enm
1683 1486 1824 1526 emptori

948 1525 1145 1564 abiudicarc:
1168 1527 1198 1558 &
1217 1526 1347 1566 Cujacio
1364 1536 1442 1558 mox
1462 1525 1638 1566 subscripsit
1656 1525 1826 1558 Emundus

952 1566 1111 1598 Merillius
1128 1568 1176 1598 lib.
1197 1578 1225 1599 2.
1246 1568 1386 1599 Variam.
1403 1578 1428 1598 c.
1445 1578 1476 1608 5.
1494 1577 1556 1599 nec
1571 1567 1617 1599 est
1634 1567 1693 1600 alia
1710 1566 1763 1599 Hu
1790 1576 1828 1598 0-

950 1607 996 1638 nis
1017 1607 1124 1639 Grotii
1143 1608 1296 1640 sententia
1308 1608 1382 1640 Fior.
1396 1609 1484 1650 sparfi
1495 1610 1533 1639 ad
1546 1610 1574 1640 d.
1594 1608 1614 1640 l.
1631 1619 1660 1640 2.
1680 1608 1742 1641 Sed
1776 1618 1827 1640 re:-

948 1650 1098 1689 quentius
1126 1649 1170 1681 est
1195 1650 1275 1682 itum
1300 1651 1330 1681 in
1352 1649 1544 1682 contrariam
1568 1649 1766 1682 sententiam.
1789 1649 1827 1683 i12

949 1699 1042 1729 quam
1061 1690 1171 1731 &ipse
1197 1691 1316 1722 inclino
1338 1701 1417 1732 ego:
1441 1701 1505 1723 non
1532 1698 1638 1723 tamen
1655 1700 1828 1733 argumen⁴

950 1732 989 1762 tis
1009 1732 1143 1771 proditis
1170 1732 1199 1764 ἀ
1226 1732 1437 1774 pervulgatis:
1461 1732 1513 1764 sed
1536 1732 1632 1771 meis,
1659 1733 1689 1764 ὅ(
1715 1733 1823 1766 novis.-

949 1771 1032 1804 Tale
1059 1771 1123 1813 est,
1148 1774 1237 1813 quod
1262 1775 1289 1805 d.
1312 1775 1332 1805 ι.
1360 1784 1388 1805 2.
1408 1772 1445 1809 &³
1461 1775 1490 1805 d.
1509 1773 1527 1805 l.
1546 1778 1575 1808 8.
1594 1783 1660 1805 non
1680 1772 1750 1806 sunt
1766 1783 1823 1806 ex-

949 1814 1103 1854 plicandae
1135 1817 1174 1847 ad
1206 1816 1337 1847 modum
1366 1815 1564 1856 generalium
1599 1814 1723 1855 Legum
1757 1814 1824 1847 five

949 1854 1243 1887 Constitutionum:
1266 1857 1376 1897 (quod
1402 1856 1466 1888 huc
1489 1865 1590 1897 usque
1612 1855 1732 1888 fattum
1748 1855 1823 1897 est)

949 1904 1016 1928 non
1031 1898 1115 1929 enim
1127 1897 1282 1929 sunttales
1293 1908 1302 1937 ;
1313 1897 1365 1929 sed
1383 1897 1546 1938 Rescripta
1563 1897 1601 1929 ad
1617 1896 1699 1929 fasta
1714 1905 1825 1937 certa,

950 1937 1079 1970 Libellis
1096 1939 1258 1978 cuiusdam
1276 1938 1358 1979 Lupi
1376 1939 1444 1970 ind.
1458 1939 1476 1970 l.
1495 1950 1523 1971 2.
1548 1939 1578 1971 &
1598 1938 1727 1970 Euodiae
1742 1938 1773 1970 in
1789 1939 1822 1972 d.

951 1979 967 2010 l.
985 1984 1014 2013 8.
1035 1980 1154 2011 oblata.
1182 1980 1215 2012 In
1234 1980 1507 2020 hujusmodivero
1520 1979 1691 2019 Rescriptis
1709 1979 1730 2012 fi
1749 1983 1823 2021 quoe

951 2020 1029 2052 fiant
1044 2030 1229 2062 argumenta
1243 2031 1260 2053 a
1276 2023 1459 2060 contrario,
1471 2029 1525 2053 aut
1541 2030 1557 2052 a
1572 2021 1800 2061 consequentia
1811 2043 1825 2061 ,

951 2062 1140 2102 plerumque
1158 2071 1274 2104 praeter
1291 2063 1428 2095 auctoris
1442 2070 1583 2095 mentem
1595 2061 1675 2102 fieri,
1686 2062 1825 2104 ideoque

949 2113 1027 2134 vana
1043 2103 1125 2141 esse,
1149 2103 1316 2136 observavi
1335 2104 1389 2136 sub
1413 2102 1550 2143 Titulo,
1576 2104 1629 2135 De
1644 2104 1773 2144 legibus,
1789 2104 1824 2136 ὄζ

949 2145 980 2176 in
999 2143 1084 2184 Julio
1106 2145 1195 2176 Paulo
1212 2155 1235 2176 c.
1254 2154 1326 2177 v11.
1344 2153 1519 2186 utcumque
1538 2154 1579 2177 ex
1598 2143 1738 2186 Legibus
1755 2144 1823 2176 fac-

950 2193 979 2216 ta
997 2186 1077 2226 saepe
1099 2185 1263 2218 fortiffima
1287 2186 1479 2218 habeantur:
1503 2193 1538 2218 ut
1561 2186 1592 2218 in
1616 2187 1636 2217 l.
1665 2195 1691 2218 1.
1718 2186 1764 2217 D.
1786 2187 1821 2217 de

948 2225 1018 2267 offic.
1036 2228 1097 2267 ejus
1113 2229 1171 2259 cui.
1199 2227 1274 2259 Hoc
1297 2228 1531 2269 diligentissime
1556 2227 1655 2258 teneri
1673 2225 1822 2267 postulo:

947 2269 1020 2307 quia
1036 2269 1076 2300 fic
1096 2268 1303 2310 intelligitur,
1327 2269 1538 2310 Imperatores
1556 2269 1587 2300 in
1604 2272 1741 2309 utroque
1757 2267 1822 2300 Re-

949 2309 1067 2349 scripto
1091 2311 1130 2342 de
1156 2311 1325 2342 venditore
1353 2311 1460 2351 loqui:
1484 2318 1549 2341 non
1582 2309 1671 2349 quod
1694 2309 1823 2350 nolint,

951 2352 1089 2390 emptori
1123 2351 1254 2383 similem
1291 2351 1435 2382 exhiberi
1461 2350 1713 2389 humanitatem,
1742 2349 1763 2382 fi
1786 2350 1825 2384 im

951 2392 1054 2431 pretio
1074 2392 1153 2423 ultra
1171 2393 1334 2425 dimidium
1346 2391 1584 2424 circumventus
1592 2391 1646 2425 sit:
1663 2391 1715 2424 sed
1730 2392 1823 2433 quon!

950 2432 991 2464 de
1008 2434 1177 2465 venditore
1203 2432 1274 2465 laeso
1291 2432 1476 2472 consultos,
1502 2433 1543 2465 de
1567 2442 1608 2465 eo
1626 2432 1822 2475 respondere

949 2474 1113 2512 oportuit:
1139 2475 1179 2506 de
1194 2483 1342 2514 emptore
1367 2484 1433 2506 non
1457 2482 1609 2516 rogatos,
1633 2476 1672 2507 de
1690 2474 1755 2506 hoc
1771 2484 1823 2506 re-

949 2513 1085 2546 scribere
1102 2515 1179 2546 nihil
1191 2516 1330 2547 attinuit.
1350 2515 1495 2548 Validum
1508 2517 1569 2547 hoc
1579 2523 1798 2557 argumentum
1810 2525 1824 2550 2

949 2556 1001 2587 sed
1017 2557 1231 2601 quotvalidius
1248 2556 1302 2595 sit,
1316 2556 1451 2598 sequens
1469 2566 1627 2599 apponam
1645 2557 1823 2590 fulcimen-

949 2604 1016 2628 tum
1028 2620 1037 2634 ,
1060 2598 1143 2629 aliud
1160 2607 1311 2637 praeterea
1325 2607 1417 2640 aeque
1428 2598 1504 2630 utile
1521 2597 1823 2632 demonstraturum,

950 2637 1131 2672 Audiamus.
1157 2639 1190 2671 In
1215 2645 1353 2680 uti-oque
1378 2639 1545 2681 Rescripta
1566 2639 1594 2671 d.
1612 2640 1632 2672 Ι.
1652 2650 1680 2672 2.
1700 2639 1737 2676 ἐξ
1750 2641 1777 2671 d.
1792 2639 1819 2670 Ι.

950 2683 978 2713 8.
999 2679 1210 2720 Imperatores
1228 2689 1350 2713 tantum
1368 2683 1408 2714 de
1422 2681 1525 2713 fundo
1540 2681 1671 2713 vendito
1681 2683 1820 2719 loquun-

949 2729 1017 2752 tur:
1048 2722 1088 2753 de
1110 2722 1230 2753 aedibus
1252 2731 1356 2755 autern
1376 2747 1386 2762 ‚
1415 2726 1468 2754 aut'
1491 2722 1557 2754 aliis
1582 2722 1677 2755 rebus
1701 2725 1819 2752 immo-

947 2761 1083 2802 bilibus,
1114 2763 1304 2804 mobilibus,
1335 2764 1408 2796 seve
1429 2764 1650 2802 moventibus,
1680 2770 1742 2793 non
1767 2761 1818 2792 lo-

948 2812 1099 2842 quuntur.
1123 2804 1294 2844 videlicet,
1318 2806 1390 2845 quia
1414 2805 1445 2837 in
1469 2812 1608 2846 utroque
1632 2804 1757 2834 fuerant
1772 2802 1817 2835 de

948 2843 1050 2876 fundo
1070 2845 1224 2878 consulti:
1247 2847 1287 2879 de
1303 2847 1419 2879 aedibus
1434 2846 1465 2878 ἀ
1484 2846 1605 2878 caeteris
1621 2844 1715 2875 rebus
1735 2851 1814 2873 con·

948 2884 1018 2916 sulti
1037 2895 1097 2918 non
1114 2885 1252 2920 fuerant.
1275 2888 1305 2920 δι
1320 2894 1425 2920 tamen
1442 2889 1482 2919 de
1500 2888 1548 2919 his
1565 2883 1702 2926 quaesiti,
1726 2883 1814 2927 idem

948 2927 1062 2966 procul
1077 2928 1176 2959 dubio
1193 2929 1372 2968 rescripturi
1388 2927 1517 2960 forent:
1535 2927 1599 2966 pari
1615 2927 1645 2956 in
1663 2924 1813 2958 omnibus

947 2968 1080 2999 ratione.
1098 2968 1207 3011 Quare
1224 2972 1252 3002 ἃ
1268 2970 1374 3002 Graeci
1386 2970 1471 3008 Bafil.
1489 2969 1536 2998 lib.
1552 2975 1588 3002 19
1616 2967 1661 2996 tit.
1678 2975 1724 2997 10·
1739 2971 1815 3007 pag·

947 3018 1015 3048 402.
1034 3008 1139 3052 &seq
1157 3016 1222 3043 tom.
1248 3022 1276 3044 2.
1295 3013 1326 3044 in
1347 3021 1458 3043 neutro
1475 3010 1546 3053 loco
1556 3007 1665 3044 fundi,
1682 3005 1734 3037 sed
1750 3008 1815 3054 rei,

946 3052 1166 3084 meminerunt.
1193 3052 1247 3085 Est
1262 3053 1365 3085 hocin
1378 3051 1478 3082 fundo
1491 3049 1642 3085 evidens,
1659 3056 1730 3078 mea
1742 3056 1813 3089 opi·

945 3094 1048 3124 mone,
1073 3092 1123 3125 sed
1135 3103 1198 3126 110„
1215 3097 1318 3126 minus
1337 3093 1474 3131 iiquetin
1489 3090 1667 3120 venditore.
1683 3097 1754 3120 riam
1773 3093 1811 3121 ue

944 3134 1073 3173 demuS‚
1088 3135 1185 3167 altum
1202 3138 1286 3177 apud
1302 3135 1513 3171 Imperatores
1530 3131 1569 3161 de
1585 3137 1730 3175 emptore
1746 3130 1813 3163 effe

945 3173 1397 3218 filentiumequemadmodum
1415 3179 1519 3203 tamen
1537 3170 1627 3202 fundi
1644 3171 1812 3204 mentione

944 3225 1008 3248 non
1025 3219 1239 3250 excluduntur
1255 3217 1355 3251 aedes,
1370 3221 1431 3244 nec
1447 3222 1496 3244 res
1513 3212 1580 3243 aIIae
1596 3213 1753 3250 vendite,
1768 3213 1809 3244 de

33 3244 204 3285 quemdam
213 3245 355 3293 Lupum:
371 3251 809 3302 quemintligitatlnscriptioz
826 3257 900 3301 Rem
941 3257 1053 3302 quibus
1066 3268 1132 3297 non
1149 3258 1240 3295 fuere
1256 3254 1463 3301 interrogati,
1488 3253 1532 3302 {ta
1546 3261 1682 3299 PrOPtet
1699 3253 1810 3288 vendi-

75 3284 145 3331 {sum
167 3287 212 3322 ll.

1122 3300 1166 3339 §s
1731 3297 1811 3339 tori)
