2052 3487
394 152 458 187 An
509 150 667 186 LEGEM
720 147 957 191 AQUILIAM
1007 147 1148 182 Lmen
1201 146 1494 183 SINGULARIS.

182 249 522 276 soLi.v1‘r·rA·ro.
546 247 798 272 Anciiinssitt

269 291 479 316 SYNHODI.
503 291 566 313 ET.
589 290 715 313 avoc.

213 335 245 359 x..
268 333 492 358 AVRELIVS.
518 331 762 356 PANICVLVS

299 375 380 407 QVi.
407 374 469 397 ET·
493 372 688 396 sABANAs

289 415 498 439 PATRONO.
524 415 689 437 OPTIMO

61 451 150 495 Quid
170 459 274 483 tamen
295 473 303 484 .
334 448 354 480 fl
375 447 479 479 servus
502 456 566 478 non
591 448 622 478 iri
640 447 813 478 certamine
832 447 919 478 occi-

59 494 109 525 sus
126 493 194 524 sit?
216 494 258 523 ait
274 489 445 531 Ulpianus,
470 488 602 530 Aquiiiae
621 489 728 520 locum
750 488 839 527 ficri,
863 488 919 520 nisi

59 534 85 569 fi
100 534 231 566 domino
253 532 476 563 committente
493 553 502 567 ,
533 530 650 561 factum
670 530 706 561 fit
726 541 733 560 :
765 530 827 560 hoc
853 529 918 569 est,

60 577 192 611 domino
207 573 366 616 pugnandi
383 570 575 614 potestatem
592 571 745 603 faciente.
783 570 858 615 Qua
873 581 918 602 ra-

718 682 932 717 CAPUT

1767 154 1835 192 127

962 237 1079 271 tione?
1102 238 1174 280 quia
1196 237 1278 269 atrio
1296 237 1374 278 legis
1394 236 1531 279 Aquiliae
1551 235 1710 277 competit
1727 235 1832 269 donii-v

961 289 1005 312 no
1023 303 1033 319 ,
1065 282 1116 312 cui
1140 281 1289 311 damnum
1315 280 1427 319 injuria
1453 279 1562 310 datum
1580 277 1642 310 est:
1675 279 1826 310 dominus

961 330 1067 353 autem
1089 322 1140 353 ubi
1164 321 1287 353 servum
1305 320 1391 351 suum
1410 320 1567 352 commilit
1587 320 1699 360 sponte
1722 320 1752 351 &
1770 330 1825 351 voe

961 365 1028 396 lens
1043 387 1052 402 ‚
1076 363 1166 404 hujus
1185 365 1306 400 lervus,
1330 361 1351 393 fi
1369 361 1456 394 forte
1474 360 1598 393 occisus
1617 360 1671 400 sit,
1695 369 1759 393 non
1778 362 1825 393 in-

963 404 1117 447 telligitur
1134 404 1242 444 injuria
1266 402 1389 434 occisus
1407 403 1469 435 effe
1493 403 1511 434 l.
1533 412 1600 443 203.
1625 402 1666 434 D.
1692 405 1724 434 de
1741 413 1826 444 regu-

961 446 997 476 lis
1007 447 1104 488 juris:
1129 455 1202 477 cum
1221 447 1349 477 demum
1366 446 1475 485 injuria
1491 444 1558 475 fieri
1576 444 1718 484 dicatur,
1737 445 1824 486 quod

961 487 1025 519 sine
1039 489 1107 528 jure
1126 487 1180 519 fit:
1206 495 1237 518 at
1255 487 1341 527 quod
1358 487 1480 518 domini
1509 485 1661 516 consensu
1681 485 1736 526 fit,
1763 487 1826 518 hoc

958 529 1027 569 jure
1045 530 1101 569 fit,
1124 529 1244 560 &ideo
1262 528 1344 560 male
1370 528 1481 568 injuria
1496 527 1684 568 appellatur.

994 681 1166 718 VIII.

213 772 378 819 Imperitia
395 782 435 806 aii
458 768 500 810 ἐξ
523 769 622 816 qualis
639 770 733 820 culpae
752 768 997 804 mazamet-etur?
1023 765 1064 806 ἐξ
1089 767 1160 813 qaid
1175 766 1209 801 de
1229 765 1412 813 infirmitate
1435 767 1590 802 dicendam
1598 765 1671 812 fit?

60 869 140 942 Ex
161 866 209 899 his
228 867 369 907 constat,
389 867 411 899 fi
427 876 493 900 non
510 867 618 908 potuit
638 865 742 897 caedes
762 864 917 904 praeveni-

140 909 185 948 ri,
209 917 262 941 aut
279 919 351 941 cum
371 911 495 951 potuit,
517 908 580 940 fuit
600 915 715 949 praeter
730 906 872 938 officium
886 916 917 937 e-

56 950 104 990 ius
121 951 172 991 qui
193 960 265 983 eam
284 951 385 991 fecit,
409 961 473 983 non
491 950 591 982 videri
613 949 774 990 injuriam:
797 947 838 979 {in
863 956 919 988 po-

62 993 123 1023 tuit
140 993 324 1034 praeveniri,
349 1001 445 1033 atque
467 1000 502 1023 ut
518 993 548 1022 id
570 990 662 1022 ficret
679 1014 688 1029 ‚
718 990 757 1021 ad
776 990 840 1032 ejus
866 998 920 1020 cu-

61 1042 127 1065 ram
143 1034 314 1074 pertinuit,
340 1035 438 1076 magis
457 1034 597 1074 injuriam
618 1031 763 1071 intelligi.
805 1031 921 1077 Exem-

62 1076 149 1116 plum
166 1083 281 1115 praetei·
298 1075 476 1115 superiora:
499 1074 520 1105 fi
538 1074 637 1105 homo
655 1082 712 1113 per
729 1073 921 1113 imperitiam

64 1115 187 1147 occisus
206 1116 252 1147 sit.
276 1126 348 1148 nam
372 1118 401 1148 &
426 1115 479 1147 ista
496 1116 595 1156 culpze
618 1121 858 1145 annumeratur:
885 1120 918 1143 ut

66 1157 162 1197 Gajus
188 1157 232 1187 ait
253 1158 271 1189 l.
294 1168 360 1199 ¹32·
383 1157 425 1188 D.
456 1158 488 1187 de
511 1157 616 1197 regulis
637 1156 723 1197 juris.
760 1154 919 1194 imperitia

64 1206 169 1230 tamen
193 1208 257 1230 non
281 1198 432 1240 quaelibet
447 1220 458 1236 ‚
493 1207 533 1228 ne
559 1197 626 1235 quis
656 1202 772 1236 putet:
802 1195 918 1235 (quod

65 1242 149 1271 enirn
174 1240 285 1271 vitium
301 1239 346 1270 est
361 1261 371 1277 ‚
403 1247 496 1279 quem
515 1238 546 1267 id
563 1237 681 1267 nescire
698 1258 708 1274 ,
740 1236 827 1275 quod
851 1241 916 1267 non

65 1279 246 1321 affectem)
269 1280 320 1311 sed
341 1279 499 1316 imperitia
521 1279 586 1317 eJ'us
613 1278 657 1308 rei
675 1300 685 1316 ‚
717 1277 804 1317 cujus
823 1276 917 1308 scien-

65 1323 141 1352 tiam
176 1320 329 1361 professus
365 1320 409 1351 est
426 1330 433 1351 :
463 1326 499 1350 ut
533 1319 656 1358 optime
694 1317 810 1350 Cicero
842 1317 920 1361 defi-

62 1363 110 1393 nit
131 1361 188 1393 Pro
206 1363 321 1394 Plancio
344 1371 368 1393 c.
386 1371 436 1401 25.
470 1359 575 1391 Verba
599 1359 776 1391 Ciceronis.
812 1359 920 1392 Omnes

61 1400 219 1442 istiusmodi
249 1408 324 1434 artes
356 1405 387 1434 in
413 1404 447 1434 iis
479 1402 725 1442 reprehenduntur
741 1424 750 1440 ‚
781 1402 833 1443 qui
855 1412 922 1433 cuin.

57 1441 172 1485 profeffi
195 1445 306 1478 fuerint
325 1467 335 1483 ,
358 1443 530 1484 satisfacere
549 1452 607 1474 non
630 1442 773 1483 poffunt:
805 1452 861 1473 nort
889 1445 922 1474 iri

63 1486 106 1515 bis
126 1509 135 1524 ‚
170 1488 220 1527 qui
245 1489 274 1523 se
302 1484 420 1525 abfuiffe
447 1486 482 1516 ab
515 1482 576 1525 istis
599 1482 709 1525 stuaz'z's
736 1483 921 1524 confitentur.

61 1525 114 1557 Sic
132 1526 266 1559 Cicero:
296 1526 416 1559 Persius
433 1535 564 1568 quoque
587 1528 643 1564 lot.
661 1536 692 1566 5.
714 1528 788 1565 vers.
808 1530 856 1562 μό.
884 1524 920 1560 &³

74 1577 87 1598 e
125 1591 132 1599 .
267 1591 270 1594 -

51 1567 168 1642 sqgm
183 1616 282 1641 contra
297 1610 390 1649 ratio,
413 1608 599 1650 &secretam
617 1609 724 1650 gannit
741 1609 772 1639 iri
799 1618 898 1640 aurem
909 1632 919 1648 ,

97 1651 149 1684 Ne
166 1651 249 1683 liceat
259 1652 358 1690 facere
373 1652 421 1690 id,
444 1652 519 1693 quod
538 1651 603 1691 quis
621 1651 738 1681 vitiabit
755 1652 875 1691 agendo.

98 1692 220 1725 Publica
233 1693 279 1725 lex
289 1694 434 1725 hominum
443 1716 452 1732 ,
465 1698 630 1733 naturaque
644 1692 769 1722 continet
787 1694 836 1723 boc
842 1694 897 1732 fas
906 1715 916 1732 ,

103 1733 146 1764 Ut
166 1740 259 1765 teneat
276 1735 379 1766 vetitos
395 1735 509 1774 inscitia
526 1734 621 1763 ciebitis
642 1732 736 1763 abtas.

99 1774 201 1806 Diluis
217 1776 384 1807 helleborum
406 1780 480 1805 certo
496 1775 661 1814 compescere
671 1773 778 1814 pariclo

99 1815 225 1855 Nescius
248 1816 390 1848 examen?
412 1820 490 1847 vetat
508 1815 557 1845 boc
579 1820 685 1846 natura
702 1816 839 1848 medendi.

100 1857 220 1889 Navem
229 1857 258 1895 fi
269 1859 365 1899 poseat
375 1855 433 1895 fibi
450 1861 605 1897 peronatus
622 1860 719 1887 arator

100 1898 237 1935 Luciferi
254 1901 352 1937 rudis,
375 1898 515 1930 exclamat
532 1896 687 1928 Melicerta
697 1896 798 1938 periffe

101 1939 232 1972 Frontem
247 1941 280 1971 de
300 1942 392 1972 rebus.
414 1958 468 1962 ——-
489 1956 541 1961 ——-
562 1955 615 1962 —-—

60 1980 108 2013 Ita
127 1981 189 2013 est:
211 1982 366 2023 imperitia
382 1988 472 2013 extra
487 1980 613 2021 culpam
631 1979 693 2018 est,
709 1978 729 2010 fi
744 1978 821 2017 nihil
840 1979 921 2011 aliud

61 2022 225 2055 accusetur
245 2035 253 2056 :
289 2023 376 2064 quod
400 2022 420 2053 si
451 2021 598 2053 miscetur
628 2019 814 2064 professioni
847 2021 921 2051 artis

62 2073 116 2095 aut
134 2065 291 2103 wiennae,
304 2065 332 2095 ἀ
351 2064 395 2095 ob
412 2064 442 2095 id
458 2063 548 2095 alteri
565 2061 741 2102 periculola
757 2068 810 2092 aut
825 2063 922 2093 noxia

63 2106 132 2145 est3
162 2107 242 2137 vitio
268 2106 412 2146 proxima
434 2105 562 2136 videtur
585 2104 602 2134 l.
623 2112 651 2139 9*
678 2103 706 2145 §-
722 2113 750 2143 5.
777 2103 814 2138 ἐξ
835 2104 855 2135 l.
875 2112 921 2144 13.

62 2147 90 2189 §.
106 2157 136 2187 5.
154 2146 201 2185 D.
225 2147 329 2178 Locati
347 2146 383 2181 &³
407 2144 547 2177 conducti.
568 2155 571 2159 ’
590 2143 748 2185 Exempla
771 2153 840 2185 quae
864 2146 924 2176 nti-

64 2198 126 2228 que
142 2188 283 2229 spectent
307 2189 345 2219 ad
360 2189 423 2219 hoc
442 2188 518 2226 legis
538 2186 671 2225 Aquiliae
686 2193 782 2226 caput
798 2209 807 2225 ‚
838 2196 921 2228 quae-

64 2231 136 2262 dam
164 2230 246 2270 apud
271 2228 439 2270 Ulpianum
465 2229 496 2260 ὅ(
524 2227 640 2268 Gajum
671 2227 690 2259 l.
709 2237 737 2268 7.
761 2227 790 2268 ὃ.
807 2228 860 2260 ult.
886 2228 923 2263 &³

64 2271 84 2301 Ζ.
102 2275 129 2305 8.
156 2270 197 2302 D.
220 2271 270 2302 Aa
286 2271 373 2313 legem
390 2270 539 2312 Aquilium
561 2270 592 2300 in
617 2268 754 2300 Medico
773 2269 842 2301 sunt
861 2271 925 2301 ele-

89 2311 192 2344 antia:
215 2321 287 2343 narn
307 2311 361 2343 etti
377 2311 479 2352 aliqua
496 2311 532 2342 fit
549 2311 761 2351 imprudentia
783 2311 849 2351 ejus
869 2312 923 2352 qui

82 2364 98 2383 e
118 2353 253 2384 credidit
276 2353 424 2394 imperito
451 2352 607 2390 Medico,
639 2361 774 2392 eamque
795 2351 926 2394 castiget

65 2394 219 2427 Phaedrus
240 2395 286 2425 lib.
311 2403 334 2426 i.
358 2394 425 2434 fab.
449 2403 493 2433 14.
518 2401 583 2425 non
607 2400 711 2425 tamen
738 2393 808 2425 liaec
831 2404 927 2426 excu-

67 2434 112 2466 sat
131 2435 297 2467 Medicum
318 2438 371 2475 qui
386 2435 474 2467 alteri
492 2443 588 2466 nocet
605 2436 791 2467 mendacio:
815 2436 846 2467 id
862 2436 925 2475 est,

67 2476 263 2517 profeffione
280 2479 354 2508 artis
374 2486 466 2517 quam
492 2486 556 2507 non
574 2477 745 2517 intelligit:
768 2478 799 2508 in
817 2478 925 2518 primis

70 2519 143 2559 quia
165 2519 219 2559 (ut
246 2519 365 2550 Plinius
382 2516 451 2550 infit
475 2517 522 2549 lib.
539 2527 587 2554 29·
614 2517 728 2549 Natur.
746 2516 808 2559 bist.
833 2530 857 2550 c.
880 2520 926 2560 1.)

70 2559 102 2590 in
122 2559 180 2590 hac
203 2562 316 2591 artium
342 2559 403 2591 sola
429 2560 538 2591 evenit
554 2584 562 2598 ‚
595 2567 629 2590 ut
648 2560 838 2600 cuicumque
855 2560 925 2592 Me-

70 2600 177 2633 dicum
194 2601 222 2632 se
242 2601 382 2642 profess'o
401 2601 501 2633 statim
520 2602 693 2639 credatur3
724 2610 797 2633 cum
822 2602 858 2634 sit
875 2612 927 2642 pe·

71 2641 203 2673 siculum
226 2642 257 2674 in
276 2643 363 2675 nullo
384 2644 552 2674 mendacio
576 2643 673 2683 maJ'us
694 2653 702 2673 t
733 2652 798 2674 non
819 2651 926 2676 tamen

74 2681 150 2726 illud
173 2684 351 2723 intuemur,
373 2685 485 2724 inquit.
509 2686 590 2715 adeo
611 2684 724 2715 blanda
744 2684 788 2715 est
807 2684 929 2725 speran-

77 2722 107 2752 di
125 2731 181 2761 pro
199 2725 227 2755 se
245 2726 358 2766 cuique
384 2727 530 2757 dulcedo.
575 2726 694 2757 Verum
722 2727 868 2767 exempla
886 2727 929 2757 vi·

76 2762 216 2807 ‹il-eamus.
239 2767 371 2805 primum
389 2766 452 2804 est,
475 2767 496 2799 fi
521 2767 671 2799 Medicus
690 2767 812 2798 servum
831 2769 930 2807 impc-

76 2810 138 2834 rite
158 2803 264 2836 secuit.
306 2807 468 2839 Medicum
488 2808 517 2840 δι
535 2808 605 2846 hic,
637 2808 714 2840 &in
738 2808 755 2837 l.
778 2820 807 2843 a.
832 2809 859 2850 §.
878 2809 931 2841 ult.

76 2843 131 2891 D..
145 2845 193 2876 Aci
217 2845 301 2886 legem
322 2849 481 2880 Corneliam
503 2851 535 2880 de
546 2848 663 2886 ficariis
680 2873 690 2888 ,
722 2851 834 2888 accipe
859 2860 932 2882 eum

77 2883 131 2925 Qui
161 2886 262 2917 Plinio
285 2889 312 2918 d.
335 2899 358 2919 c.
380 2899 403 2920 i.
426 2891 443 2921 l.
463 2901 510 2926 29.
545 2890 721 2931 appellatur
744 2892 932 2923 vztlnerorizis

77 2926 109 2959 ἀ
125 2928 278 2958 vulnerum
296 2928 445 2961 Medicus:
466 2933 582 2963 dicitur
599 2933 627 2962 (St
646 2931 797 2963 Medicus
815 2933 934 2966 chirur—

76 2977 161 3014 ἕως
194 2976 227 3000 ut
253 2970 283 3000 in
310 2969 459 3009 sequente
482 2972 691 3012 inscriptione
714 2975 798 3014 apud
821 2973 934 3008 Manu-

78 3017 177 3050 tlum,
200 3009 248 3041 De
267 3013 466 3051 orthographia
484 3021 550 3055 pag.
564 3022 633 3054 243.

219 3060 440 3084 CHRESTAE.
465 3062 714 3087 coNSERVAE.
738 3065 802 3088 ET.

417 3103 434 3124 c
444 3104 463 3124 o
474 3104 497 3126 N
508 3105 517 3125 i
527 3106 545 3124 ν
557 3105 576 3126 c
587 3104 599 3126 i

192 3142 822 3177 en1.ADvs.ANT1Nous.DRvsi

290 3185 493 3209 MEDICVS.
522 3186 717 3209 culmino

244 3227 365 3249 BENE.
396 3226 767 3252 MERENT1.FECIT

289 3268 350 3291 ΕΛ.
374 3268 508 3292 leiT.
535 3270 596 3293 ΛΝ.
619 3270 719 3295 xvn.

963 862 1042 893 Item
1080 863 1110 893 in
1150 862 1208 894 alia
1241 863 1325 903 apud
1360 862 1536 897 Gruterum
1563 871 1632 906 pag.
1656 873 1728 905 400.
1777 862 1828 894 In-

962 904 1068 945 script.
1093 912 1121 943 7.
1247 943 1250 945 Β

1133 954 1161 975 P.
1186 953 1413 979 DECiMius.
1440 958 1466 980 P.
1492 958 1522 981 L.
1549 955 1654 979 ERos

1187 995 1379 1020 MERVLA.
1402 998 1600 1021 Menicvs

1149 1035 1647 1062 CLINtcvs.cH1RVRGVS

1187 1078 1449 1102 ochanivs.
1473 1081 1522 1103 vi.
1547 1080 1616 1102 VIR

963 1109 1109 1142 Alterum
1132 1109 1194 1142 est:
1218 1109 1238 1141 fi
1259 1110 1411 1143 Medicus
1434 1114 1672 1144 medicamento
1689 1120 1753 1152 qvuo
1771 1109 1830 1141 ser-

963 1162 1020 1182 vus
1047 1152 1167 1192 periit,
1203 1160 1369 1192 perperam
1394 1152 1463 1185 usus
1489 1154 1543 1185 est.
1589 1152 1721 1194 Optime
1749 1151 1828 1192 Hip-

962 1200 1109 1233 pocrates
1131 1193 1179 1224 lib.
1199 1191 1247 1223 De
1265 1192 1475 1234 affefflonibiis.
1521 1195 1625 1227 Verba
1647 1194 1830 1234 Hippocra-

963 1235 1012 1266 tis.
1056 1234 1160 1275 Neque
1184 1235 1219 1264 ab
1233 1243 1282 1273 eo,
1303 1236 1356 1276 qui
1373 1242 1480 1275 curat,
1515 1237 1623 1267 malum
1649 1236 1766 1276 aliquod
1785 1238 1830 1265 iiz-

956 1276 1037 1316 ferri
1052 1275 1236 1315 aebet:stztis
1258 1277 1332 1306 enim
1352 1280 1439 1316 lunt,
1464 1287 1526 1319 quae
1547 1288 1565 1308 a
1584 1279 1686 1308 morbis
1704 1278 1829 1315 adsunt:

964 1327 1085 1355 verum,
1108 1323 1142 1348 ut
1163 1317 1228 1347 boni
1244 1317 1355 1358 aliquid
1365 1318 1498 1359 praestet,
1527 1326 1576 1360 pro
1594 1319 1708 1349 viribus
1725 1328 1831 1348 citrari-

963 1360 1033 1390 dum
1049 1357 1098 1398 eJt.
1137 1356 1284 1401 Quonim
1303 1369 1367 1390 cum
1380 1361 1466 1400 probe
1483 1366 1563 1391 curet
1581 1360 1736 1398 Medicas,
1760 1369 1832 1389 mor-

964 1401 992 1431 bi
1016 1400 1218 1440 magnitudine
1233 1399 1389 1440 superetur
1410 1409 1482 1443 wger
1501 1425 1511 1441 ‚
1541 1401 1598 1433 haec
1616 1401 1729 1433 Ilieclici
1745 1401 1832 1441 culpa

965 1450 1023 1472 nori
1043 1442 1092 1482 esi.
1138 1440 1170 1472 Sz'
1195 1450 1262 1472 vero
1277 1464 1289 1481 ‚
1321 1452 1387 1473 cum
1412 1442 1486 1474 recte
1512 1453 1570 1475 non
1600 1449 1680 1474 curet
1700 1465 1710 1482 ,
1741 1452 1832 1483 neque

963 1484 1091 1514 morbum
1107 1482 1256 1524 cognoscat
1269 1505 1279 1521 ,
1304 1493 1322 1515 a
1342 1485 1436 1515 morbo
1446 1489 1620 1525 superetur,
1645 1484 1757 1516 Medici
1772 1484 1832 1515 cul·

957 1531 999 1565 pa
1017 1522 1066 1565 eft.
1109 1523 1455 1562 Exemplumrtertium
1473 1525 1538 1558 est:
1564 1526 1583 1558 fi
1603 1526 1754 1557 Medicus
1779 1525 1832 1556 be-

964 1575 1004 1597 ne
1024 1566 1123 1597 secuit
1148 1564 1272 1597 servum
1291 1588 1301 1605 ‚
1332 1564 1386 1598 sed
1403 1568 1602 1599 curationem
1627 1568 1693 1607 ejus
1718 1567 1833 1598 dereli-

964 1607 1034 1647 quit
1057 1608 1085 1637 d.
1110 1606 1128 1636 l.
1149 1616 1176 1646 7.
1202 1606 1231 1648 §.
1250 1612 1279 1642 8.
1303 1606 1341 1642 ὅ)
1362 1608 1453 1649 l.Jeq.
1478 1618 1542 1640 non
1570 1610 1672 1640 dicam
1689 1632 1698 1645 ,
1731 1609 1832 1648 dolo,

963 1656 1018 1679 aut
1034 1647 1249 1689 negligentia,
1274 1647 1328 1680 sed
1351 1649 1575 1691 intempestiva
1590 1649 1832 1690 desperatione:

961 1698 1033 1721 iiam
1064 1696 1198 1729 oportet
1227 1689 1394 1722 Medicum
1423 1693 1474 1723 vel
1500 1693 1674 1723 commoda
1704 1692 1756 1722 vel
1787 1692 1833 1722 in-

962 1732 1135 1763 commoda·
1164 1732 1196 1763 in
1227 1740 1367 1772 corpore
1400 1732 1506 1764 futura
1535 1733 1761 1774 praenoscere:
1798 1740 1834 1764 ut

963 1772 1152 1803 Macrobius
1173 1773 1253 1803 dicit
1274 1774 1321 1804 lib.
1342 1784 1368 1805 1.
1395 1774 1547 1805 Saturnal.
1574 1786 1597 1806 c.
1618 1785 1668 1806 20.
1691 1775 1833 1812 addens,

914 1815 917 1819 '
963 1813 1200 1854 Hippocratem
1223 1813 1361 1846 scribere
1380 1838 1391 1855 ,
1424 1815 1593 1848 Medicum
1619 1823 1771 1857 oportere
1789 1816 1833 1848 di-

964 1864 1038 1886 cere
1062 1855 1101 1886 de
1119 1864 1225 1895 aegro,
1652 1890 1653 1893 Ἰ

1005 1895 1183 1942 Quoesutit,
1215 1905 1278 1937 quae
1289 1895 1411 1936 fuerint
1427 1919 1437 1936 ,
1466 1907 1530 1939 quse
1551 1908 1618 1929 mox
1639 1905 1767 1931 ventura
1783 1899 1833 1940 se-

1025 1942 1161 1977 queritur.

965 1976 1063 2019 Igitur
1079 1977 1100 2009 fi
1119 1979 1285 2009 curatione
1310 1978 1460 2011 abstinuit
1484 1979 1635 2012 Medicus
1653 2005 1663 2020 ‚
1696 1981 1767 2022 quia
1786 1982 1833 2013 in·

966 2019 1155 2059 tempestive
1175 2019 1354 2060 desperavit
1370 2044 1379 2060 ‚
1412 2021 1442 2052 «St
1467 2023 1535 2052 cito
1560 2022 1728 2054 mortifera
1753 2022 1836 2064 signa

964 2061 1205 2101 pronuntiavit,
1230 2062 1259 2092 <St
1278 2061 1322 2092 ob
1341 2063 1372 2094 id
1391 2062 1492 2094 homo
1510 2071 1654 2095 mortuus
1680 2064 1745 2096 est:
1778 2067 1834 2096 du-

966 2103 1052 2133 bium
1071 2111 1135 2133 non
1155 2102 1201 2133 est
1215 2123 1225 2142 ‚
1257 2104 1332 2143 quin
1353 2103 1476 2135 Medici
1501 2105 1594 2144 culpa
1622 2106 1831 2147 intelligatur.

965 2143 1088 2175 Seneca
1116 2151 1205 2175 certe
1228 2143 1275 2175 lib.
1299 2154 1323 2176 1.
1350 2144 1397 2176 De
1419 2146 1585 2185 clementia,
1614 2157 1637 2178 c.
1661 2156 1707 2188 17.
1732 2147 1833 2187 Mali,

965 2185 1096 2225 inquit,
1129 2185 1243 2216 Medici
1265 2185 1303 2226 est
1319 2188 1483 2227 desperare,
1515 2197 1550 2217 ize
1572 2196 1662 2221 curet.
1706 2188 1786 2220 Idem
1802 2190 1835 2220 in

967 2227 1010 2257 his
1028 2250 1038 2265 ,
1072 2235 1193 2266 quorum
1213 2228 1329 2258 animus
1352 2226 1475 2268 affectus
1497 2227 1557 2268 eft,
1582 2229 1684 2269 facere
1707 2231 1837 2269 debebit,

967 2270 1015 2298 cui
1034 2269 1142 2298 credita
1159 2269 1244 2307 salus
1261 2270 1389 2300 omnium
1412 2268 1470 2309 est:
1500 2280 1558 2301 ποτε
1579 2273 1635 2302 cito
1656 2273 1731 2313 spem
1743 2273 1835 2313 proji-

966 2318 1045 2348 cere,
1068 2319 1117 2340 iiec
1135 2310 1189 2340 cito
1206 2310 1356 2350 mortifera
1369 2309 1458 2352 signa
1471 2314 1674 2352 pronuntiare.
1718 2313 1790 2351 Sic,
1813 2313 1836 2345 fi

968 2351 1116 2391 imperite
1133 2351 1313 2391 desperaVlt
1329 2351 1500 2384 Medicus:
1527 2362 1558 2384 at
1577 2353 1597 2385 si
1618 2355 1691 2386 artis
1709 2353 1836 2386 secutus

969 2392 1112 2433 regulas,
1137 2393 1334 2424 curationem
1353 2394 1549 2433 dereliquit:
1581 2395 1659 2426 nihil
1678 2395 1723 2426 est
1747 2396 1836 2436 quod

970 2435 997 2465 ei
1025 2434 1216 2474 imputetur:
1248 2443 1321 2466 cuin
1342 2433 1515 2474 praesei·tim
1543 2435 1715 2476 desperatis
1739 2438 1837 2469 etiam

970 2475 1189 2516 Hippocrates
1207 2484 1297 2506 vetet
1324 2476 1467 2507 adhiberi
1488 2478 1696 2510 medicinam:
1730 2486 1765 2509 ut
1784 2478 1837 2510 Ci-

971 2526 1046 2548 cero
1068 2516 1167 2547 refert
1189 2516 1239 2547 Act
1261 2517 1394 2548 Atticum
1413 2517 1460 2548 lib.
1478 2522 1523 2549 16.
1549 2517 1629 2559 epist.
1651 2529 1697 2560 ¹5-
1740 2519 1837 2560 Apud

970 2557 1146 2589 Lucianum
1171 2566 1300 2597 quoque
1327 2559 1357 2589 in
1376 2558 1518 2590 Abiicaio
1530 2567 1569 2600 pa
1595 2565 1685 2598 ‚486.
1728 2560 1838 2593 Medi-

971 2609 1025 2631 cus
1037 2622 1046 2637 ‚
1071 2600 1162 2638 Cum,
1179 2599 1303 2639 inquit,
1322 2601 1476 2632 invocatus
1493 2611 1558 2632 acce
1580 2601 1675 2643 iffein,
1699 2612 1757 2634 iiorz
1772 2604 1837 2642 siim

970 2642 1096 2683 equidem
1117 2640 1254 2681 protinus
1280 2642 1445 2674 medicatus.
1477 2652 1567 2684 neque
1590 2645 1735 2675 enim‘bic
1756 2645 1838 2676 nobis

973 2692 1031 2714 mos
1048 2681 1103 2722 est,
1119 2691 1215 2728 *neque
1230 2682 1260 2712 ici
1269 2684 1401 2727 praecipit
1419 2693 1486 2722 ars,
1504 2693 1606 2716 verimi
1621 2686 1695 2717 illud
1710 2689 1839 2717 omnium

969 2725 1097 2765 primum
1108 2725 1244 2764 jubemur
1259 2725 1407 2764 observare
1420 2749 1429 2764 ,
1455 2727 1632 2765 sanabilism
1642 2726 1683 2765 fit
1705 2730 1838 2765 morbus,

974 2776 1013 2796 cm
1033 2765 1201 2804 insanabilis
1218 2788 1228 2804 ,
1259 2771 1344 2806 atque
1367 2768 1440 2797 artis
1463 2769 1596 2800 terminos
1610 2769 1836 2810 praetergreffiis.

974 2806 1072 2838 uelum
1084 2805 1113 2844 fi
1128 2807 1266 2849 ejusmodi
1283 2808 1382 2847 fuerit
1396 2809 1523 2848 malum,
1547 2816 1580 2841 ut
1597 2813 1739 2850 commode
1753 2808 1837 2851 poffi-

974 2858 1038 2879 mus
1056 2849 1200 2889 aggredi,
1231 2850 1437 2890 aggredimur,
1461 2857 1574 2893 totoque
1592 2853 1756 2883 adnitimur
1770 2851 1838 2892 slu-

975 2891 1038 2928 clio‚
1062 2896 1094 2920 ut
1117 2895 1253 2931 agrotum
1269 2897 1422 2926 servemus.
1463 2891 1550 2936 Quod
1558 2892 1587 2931 fi
1602 2894 1761 2924 viderimus
1776 2893 1837 2933 jam

975 2930 1128 2971 invaluzffe
1145 2954 1154 2969 ‚
1174 2931 1372 2972 Jitperaffequa
1389 2956 1398 2971 ‚
1440 2942 1490 2964 rzec
1516 2945 1635 2966 manum
1666 2934 1837 2965 arirnolimur

976 2974 1088 3004 omnino
1101 2996 1110 3010 ,
1134 2974 1216 3013 idque
1232 2973 1374 3015 vetustam
1392 2976 1538 3016 quandam
1560 2976 1648 3017 legem
1670 2983 1766 3005 eorum
1783 2973 1837 3015 qui

972 3016 1061 3056 primi
1077 3015 1220 3045 medicinae
1234 3017 1424 3055 prodiderunt
1448 3024 1538 3048 artem
1561 3017 1692 3057 liquisti:
1723 3016 1839 3056 quine·

974 3064 1050 3098 gant
1069 3079 1079 3094 ,
1110 3058 1258 3087 tentandos
1283 3057 1334 3097 effe
1359 3059 1466 3089 morbos
1489 3059 1540 3099 qui
1553 3053 1618 3099 >jam
1635 3057 1838 3089 invaluerunt.

977 3098 1076 3139 Quod
1101 3098 1140 3128 de
1166 3098 1307 3130 Medicis
1325 3099 1391 3132 dixi
1409 3123 1419 3137 .,
1451 3109 1515 3130 non
1543 3106 1663 3129 tantum
1686 3098 1726 3129 de
1749 3099 1841 3130 rna-ri-

976 3139 1035 3170 bus
1055 3148 1164 3170 verum
1183 3139 1247 3179 est,
1272 3139 1324 3172 sed
1341 3141 1380 3171 de
1397 3141 1523 3172 feminis
1541 3148 1688 3178 quoque:
1714 3148 1786 3172 narn
1807 3140 1838 3171 ἃ

975 3179 1105 3212 feminae
1128 3180 1269 3212 Medicae
1294 3181 1473 3217 habentur,
1506 3180 1715 3219 obstetrices,
1746 3181 1838 3213 verbi

974 3223 1082 3263 gratie.
1124 3222 1314 3262 justinianus
1337 3223 1446 3252 auc'toi·
1469 3222 1487 3250 l.
1513 3221 1565 3252 alt.
1586 3229 1631 3261 pr.
1652 3222 1684 3252 C.
1709 3222 1843 3253 Commu-

975 3265 1027 3297 niti
1048 3263 1217 3305 delegatis,
1241 3264 1325 3295 addo
1342 3285 1352 3303 ‚
1378 3261 1532 3302 Ulpianus
1555 3263 1574 3295 l.
1594 3273 1619 3295 1.
1642 3263 1660 3305 §
1689 3274 1706 3296 2
1740 3263 1782 3296 D.
1807 3265 1840 3296 de

1794 3314 1835 3330 Ὗ,

1788 3316 1799 3329 «¹
