2036 3495
165 160 238 195 454

169 239 239 271 ἀοι·
262 239 339 272 dolo
363 239 447 271 malo
473 236 585 268 factus.
619 234 661 267 sic
691 234 776 267 enim
808 233 956 265 observat
985 232 1042 264 Ul-

171 281 281 320 pianus
303 282 333 312 d.
357 281 374 311 l.
398 289 426 319 7.
450 278 478 319 §.
508 286 519 308 1
557 277 584 308 b.
604 282 627 308 t.
672 275 778 306 Verba
801 274 946 314 Ulpiani:
975 274 1046 309 Non

163 326 278 361 semper
300 328 380 352 tutor
400 320 591 353 converzitur3
614 326 665 347 nec
684 315 810 356 sufficit,
834 315 862 354 fl
876 313 977 354 ‘scieris'
995 323 1045 347 (iu-

174 361 234 393 έῖον
248 362 334 402 fuit,
363 369 466 391 verum
495 360 539 390 ita
570 360 682 390 demum
705 358 734 396 Ji
769 358 829 388 dolo
852 358 925 388 malo
947 357 1048 388 αιιὲἶον

167 404 244 442 fuit.
291 402 393 446 Quid,
421 398 449 438 fi
469 400 647 440 compulsus,
670 405 724 430 aut
745 405 824 430 metu
838 421 848 436 ,
878 406 913 429 ne
933 399 1048 439 compes-

172 443 296 480 leretur,
331 440 533 473 austeritatem
555 439 838 472 adcommodaverit?
869 439 1046 480 Interroga·

173 485 221 517 tio
246 483 310 514 sine
331 481 537 521 responsione
561 481 662 520 facta,
689 481 821 521 perinde
842 481 1048 520 accipienda,

171 523 258 565 quasl
280 522 416 564 subjecta
440 523 518 554 esset
539 522 718 560 responsio:
743 529 777 553 ut
799 522 873 553 alias
896 521 988 559 saepe.

214 563 320 596 Datur
344 573 443 604 porro
467 565 536 595 haec
559 564 642 595 actio
666 564 694 594 ei
718 564 771 599 qui
796 562 884 595 laesus
908 561 952 594 est
969 562 1046 593 dolo

171 605 257 638 malo
280 605 346 648 ejus
370 606 424 647 qui
448 605 559 637 auctor
580 604 682 637 factus
705 603 770 644 est,
794 612 866 635 cum
887 613 952 635 non
971 601 1048 635 ess'ct

171 654 272 679 tutor.

209 686 368 720 Adversus
397 687 522 728 quem?
553 685 700 718 adversus
733 693 805 716 eum
831 686 884 725 qui
915 685 1047 717 auetori-

170 734 272 761 tatem
295 728 374 768 dolo
398 729 481 761 malo
505 728 765 759 adcommodavit
794 726 813 757 l.
839 733 886 758 11.
912 726 941 768 §.
969 735 993 757 1.
1018 727 1046 756 b.

172 775 196 801 t.
239 771 288 802 An
310 769 406 801 etia'm
437 768 582 800 adversus
613 767 800 808 pupilium?
832 767 925 808 poffit
955 767 1047 798 alicui

171 811 276 843 videri
301 819 434 851 propter
456 809 476 840 l.
504 818 549 841 10.
574 810 602 839 d.
626 815 648 839 t.
672 808 724 839 sed
748 817 811 839 non
835 808 941 849 placet
958 808 1048 847 Jaco-

175 852 221 885 bo
252 852 383 892 Cujacio
412 851 459 881 lib.
486 859 535 881 22.
560 849 681 887 Observ.
704 859 727 880 c.
756 859 803 886 19.
834 859 907 881 eum
938 850 1047 881 locum

175 902 268 925 more
298 892 354 923 suo
383 891 508 922 erudite
538 891 772 931 interpretanti.
815 890 975 922 Caeterum
999 890 1051 921 hu·

170 934 219 975 ius
243 933 376 965 astionis
392 933 544 973 exemplo
563 932 760 973 Pomponius
777 932 860 972 apud
879 930 1051 972 Ulpianum

170 975 194 1007 l.
216 984 245 1011 9.
275 974 304 1005 d.
330 979 352 1005 t.
386 973 519 1011 scribit,
549 974 684 1005 dandam
716 973 874 1004 actionem
904 971 1050 1004 adversus

173 1024 248 1047 eum
272 1015 325 1056 qui
357 1015 468 1046 dolum
497 1015 613 1047 malum
636 1014 798 1053 adhibuit,
837 1021 873 1045 ut
895 1013 973 1045 alius
997 1022 1049 1044 au-

173 1057 350 1090 storaretur
370 1055 484 1089 inscius
506 1057 527 1090 l.
550 1065 580 1094 9.
604 1055 632 1088 b.
653 1062 677 1088 ε.

813 1151 1166 1193 Τιτυιυε

1071 356 1215 388 statem?
1246 358 1398 398 Ulpianus
1431 358 1450 388 l.
1475 369 1502 397 7.
1526 359 1555 400 ὃ.
1579 369 1608 391 2.

587 147 941 183 GnitaRnx
998 144 1257 180 Nooor
1314 144 1524 182 Coun.

1127 232 1301 273 Superest,
1334 235 1371 265 ad
1402 234 1476 275 quid
1508 235 1600 266 detur
1630 235 1698 267 haec
1734 237 1764 269 in
1789 236 1906 270 fesium
1930 247 1960 269 a·

1089 274 1163 305 ctio.
1207 273 1329 305 Praetor
1360 275 1400 307 sic
1431 277 1498 313 ait,
1531 276 1646 320 „Quanti
1676 288 1707 309 ea
1729 289 1772 309 res
1794 282 1856 310 erit.
1904 280 1960 311 ΗῘε

1089 323 1194 346 autem
1220 316 1324 347 verbis
1349 324 1451 348 utrum
1477 326 1602 357 poenam
1626 319 1764 360 aefignat
1781 343 1790 358 ,
1819 330 1856 352 an
1882 322 1960 352 xcii—

1137 399 1141 402 ·
1499 399 1504 404 ,
1658 360 1762 401 Magis
1786 371 1865 400 puto
1882 385 1890 400 ‚
1915 372 1960 392 in-

1090 404 1177 436 quit,
1209 407 1274 429 non
1306 407 1454 438 poenam,
1488 400 1539 431 sed
1572 400 1739 433 veritatem
1770 402 1819 434 his
1856 403 1961 434 verbis

1089 439 1260 469 contineri.
1312 439 1509 478 Pomponius
1540 449 1647 473 auttm
1676 444 1759 481 apud
1792 444 1961 483 Ulpianum

1090 482 1118 525 d.
1140 479 1160 510 l.
1183 486 1212 520 7.
1236 479 1265 525 §5
1289 489 1317 520 3.
1341 482 1446 519 addit,
1471 483 1564 514 etiam
1588 483 1767 522 sumptuum
1790 485 1820 515 in
1839 485 1901 514 hoc
1917 485 1961 523 ju-

1090 521 1174 552 dicio
1204 529 1361 552 rationem
1394 521 1500 554 haberi
1537 532 1617 564 quos
1647 524 1785 557 facturus
1818 525 1853 556 sit
1875 526 1962 557 attor

1090 561 1300 593 restitutionis
1320 563 1453 602 judicio.
1494 563 1549 596 Est
1571 566 1666 606 igitur
1699 565 1768 597 haec
1789 566 1872 597 aetio
1896 576 1960 598 non

1090 603 1246 649 poenalis,
1274 601 1326 634 sed
1356 604 1400 635 rei
1423 602 1655 645 persecutoria,
1688 608 1799 648 utique
1822 614 1861 639 ex
1894 618 1961 648 pai-

1092 652 1125 675 te
1148 644 1282 690 actoris,
1305 644 1335 685 §.
1361 653 1388 676 2.
1411 646 1439 675 ἀ.
1461 645 1480 675 l.
1507 655 1536 686 7.
1560 648 1725 679 enimvero
1747 655 1787 680 ex
1810 657 1899 689 parte
1917 649 1962 680 rei

1093 694 1158 724 quo
1181 694 1283 716 minus
1306 684 1438 724 poenalis
1460 684 1516 724 sit,
1539 687 1571 718 id
1600 696 1663 719 non
1692 689 1812 721 obstat:
1835 690 1864 721 &
1887 691 1962 722 ideo

1092 725 1262 757 heredibus
1284 726 1413 766 quidem
1446 726 1539 758 datur
1558 750 1569 767 ,
1600 727 1651 759 sed
1688 730 1835 762 adversus
1872 731 1964 763 here·

1091 767 1147 799 des
1178 776 1243 797 non
1274 767 1376 798 datur.
1426 766 1562 808 Optime
1591 767 1748 809 Ulpianus
1774 772 1793 802 l.
1816 782 1837 809 9
1879 772 1906 814 ς’.
1935 781 1961 803 1.

1091 809 1118 838 b.
1143 813 1164 838 t.
1190 807 1257 839 Has
1280 809 1312 838 in
1328 807 1447 849 fastum
1464 807 1588 841 afflanes
1603 811 1748 842 heredibus
1763 816 1875 853 quidem
1892 823 1964 844 com-

1090 855 1186 890 petere
1202 850 1364 890 caterisque
1380 849 1599 890 luccafforibus,
1621 852 1652 882 in
1666 861 1710 882 eos
1733 862 1799 884 vero
1825 863 1883 885 non
1904 856 1965 885 red-

1095 891 1126 921 di
1160 891 1256 921 Labeo
1283 891 1399 927 scribit:
1420 900 1471 922 nec
1493 893 1524 922 in
1546 892 1639 933 ipsum
1659 891 1720 933 post
1743 904 1870 925 annum:
1892 905 1963 936 quo-

1095 932 1175 962 niam
1193 930 1229 965 δ’
1244 931 1365 972 fabium
1388 934 1540 972 puniunt,
1565 933 1602 967 ξεῖ
1625 935 1657 964 in
1682 934 1778 965 dolum
1801 938 1964 976 concipiun-

1093 977 1144 1002 tur
1157 982 1167 1001 .·
1191 971 1227 1006 ἐξ
1243 972 1381 1012 adversus
1396 983 1442 1004 eas
1454 974 1589 1014 passmus
1605 985 1668 1016 quae
1686 975 1775 1007 alieno
1788 977 1854 1018 juri
1867 979 1963 1019 subje-

1092 1012 1245 1053 hiaesunt‚
1269 1014 1385 1044 noxales
1400 1021 1496 1046 erunt.
1538 1014 1662 1048 Notavi
1678 1017 1784 1049 similia
1803 1020 1841 1050 ad
1870 1017 1965 1051 Τὶωό

1092 1053 1158 1086 lum
1175 1054 1222 1086 De
1237 1064 1266 1086 eo
1281 1061 1334 1096 per
1349 1065 1432 1096 quem
1442 1055 1562 1097 sassum
1577 1058 1640 1089 erit.

1233 1154 1327 1192 VII.

414 1249 463 1285 De
481 1242 711 1296 fldejffribus
735 1245 777 1287 ἐξ
802 1247 1040 1283 nominator-ibus
1065 1240 1106 1286 ἐξ
1131 1247 1288 1282 heredibus
1312 1250 1446 1284 tutorum
1473 1246 1515 1289 ὅ)
1540 1258 1723 1287 curatorum.

173 1346 323 1423 Partes
356 1344 502 1377 Rubricae
533 1345 604 1377 duae
635 1343 719 1376 sunt:
749 1353 809 1376 una
832 1344 873 1376 de
895 1342 1049 1384 fidejusso-

262 1387 347 1419 ribus
372 1387 402 1418 &
428 1386 684 1418 nomn-latoribus
707 1393 867 1418 tutorum:
891 1386 989 1417 altera
1011 1386 1051 1416 de

171 1437 285 1461 eorum
310 1428 491 1460 heredibus.
520 1427 606 1467 prior
629 1436 698 1466 pars
722 1428 860 1465 indicat,
891 1427 1051 1458 actionem

169 1470 295 1511 pupillo
324 1471 389 1500 dari
427 1477 491 1499 non
522 1468 620 1499 modo
652 1467 800 1498 adversus
838 1476 979 1499 tutorem
1011 1469 1051 1499 de

172 1520 239 1552 quo
262 1510 381 1542 dictum
405 1508 514 1549 supra,
538 1508 591 1539 sed
613 1510 709 1540 etiam
745 1508 892 1541 adversus
921 1510 987 1549 ejus
1016 1508 1050 1540 fi-

174 1551 357 1593 dejussores.
386 1549 515 1590 fuitque
550 1549 667 1581 horum
698 1549 874 1590 specialiter
904 1549 1050 1582 facienda

173 1595 315 1625 mentio:
340 1599 534 1623 occurrente
557 1592 589 1623 in
613 1591 662 1623 his
689 1590 833 1632 singulari
853 1592 940 1632 jure,
962 1591 1050 1632 quod

172 1635 205 1666 in
241 1634 309 1665 aliis
344 1632 573 1673 fidejussoribus
609 1641 672 1663 non
706 1632 844 1664 obtinet.
881 1642 952 1664 nam
976 1642 1050 1664 cum

173 1675 282 1707 caeteri
312 1673 507 1714 fidejussores
538 1674 604 1705 'ure
638 1674 725 1705 civili
770 1683 835 1706 non
865 1681 1051 1712 teneantur,

170 1716 225 1749 nisi
256 1716 494 1748 interveniente
524 1684 746 1756 stipulatione:
777 1717 809 1747 in
845 1723 986 1747 tutorum
1018 1714 1050 1746 fi-

170 1757 381 1798 deiussoribus
397 1757 475 1789 nihil
495 1756 615 1796 refert3
637 1764 742 1789 utrum
765 1756 968 1796 stipulatione
992 1756 1050 1788 sint

168 1800 330 1841 obligati,
367 1808 405 1830 an
438 1798 526 1830 nudo
555 1797 718 1829 consensu.
742 1798 872 1838 utique,
905 1798 925 1830 fi
957 1807 972 1829 a
999 1805 1049 1828 tu-

168 1841 294 1873 toribus
334 1840 491 1872 nominati
530 1839 702 1881 praesentes
731 1839 878 1878 fuerint,
916 1839 947 1871 &
984 1848 1049 1870 non

175 1882 458 1919 contradixerint,
495 1881 524 1912 δι
561 1881 690 1912 nomina
728 1880 779 1912 sua
816 1881 848 1912 in
885 1881 953 1912 acta
990 1889 1050 1921 pu-

173 1924 258 1956 blica
288 1922 401 1955 referri
430 1923 504 1964 paffi
533 1921 611 1960 sint;
641 1922 772 1963 perinde
802 1929 976 1960 tenentur,
1005 1929 1051 1953 at-

172 1974 236 2006 que
258 1964 280 1997 fi
310 1963 472 2004 stipulatio
501 1964 569 2004 jure
593 1964 737 2004 legitimo
768 1963 952 2003 interposita
975 1961 1051 1994 fuis-

170 2006 227 2038 set.
270 2005 392 2038 Eadem
422 2004 512 2036 causa
547 2005 676 2036 videtur
698 2004 964 2037 adfirmatorum:
996 2005 1050 2044 qui

170 2047 318 2085 scilicet,
349 2056 422 2079 cum
453 2047 590 2078 idoneos
619 2045 681 2077 esse
712 2055 835 2077 tutores
865 2046 1051 2078 adfirmave-

171 2091 258 2162 rintb
291 2087 507 2131 fidejussorum
546 2088 650 2119 vicem
680 2086 829 2119 sustinent
864 2088 883 2120 l.
905 2097 935 2128 4.
965 2087 994 2130 §.
1019 2095 1050 2129 3,

212 2171 287 2204 Vim
311 2172 402 2212 huius
433 2170 637 2211 fidejussionis
660 2170 897 2211 quaerentibus:
930 2170 973 2200 ait
996 2167 1050 2200 Ul-

174 2215 282 2254 pianus
305 2214 325 2246 l.
347 2224 377 2252 4.
401 2213 430 2255 ᾗ.
453 2217 483 2243 6.
510 2212 551 2243 D.
575 2211 648 2243 Rem
667 2212 772 2252 pupilli
791 2212 865 2249 salv.
886 2211 967 2249 fore,
998 2220 1051 2250 ge-

173 2256 323 2287 neraliter
348 2253 411 2286 esse
433 2252 616 2291 sciendum,
640 2263 680 2285 ex
702 2253 816 2293 quibus
839 2252 936 2284 causis
969 2252 1050 2282 dixi-

173 2306 242 2328 mus
268 2297 375 2328 tutelae
399 2297 446 2337 agi
471 2304 535 2327 non
559 2294 666 2335 poffe,
689 2304 729 2326 ex
752 2295 861 2326 iisdem
879 2292 975 2325 causis
992 2301 1052 2324 nec

175 2347 217 2369 ex
239 2337 384 2379 stipulatu
410 2345 477 2368 rem
500 2335 614 2367 salvam
644 2335 717 2367 fore
740 2336 787 2376 agi
810 2334 918 2375 posse,
942 2335 1050 2366 dicen·

173 2380 247 2411 dum
272 2378 344 2411 esse.
388 2378 430 2409 Et
452 2377 497 2409 est
520 2378 603 2409 ratio
627 2378 766 2418 optima:
796 2377 883 2417 quod
915 2385 986 2407 cum
1018 2374 1051 2406 fi-

175 2419 330 2460 dejuffore
360 2429 425 2452 non
455 2419 558 2460 agitur
590 2428 631 2450 ex
662 2418 794 2459 persona
826 2418 896 2455 sua,
926 2416 976 2448 sed
1008 2426 1049 2448 ex

198 2460 307 2492 ersona
338 2462 452 2492 tutoris
483 2470 543 2501 pro
574 2469 640 2501 quo
670 2459 816 2500 fidejussit
851 2459 871 2489 l.
903 2462 934 2489 6.
967 2460 993 2489 b.
1025 2464 1046 2488 t.

194 2503 256 2534 nde
286 2511 350 2533 non
381 2502 461 2533 male
493 2501 606 2533 Paulus
641 2501 659 2531 l.
682 2512 712 2541 5.
739 2502 787 2532 D.
809 2501 835 2531 b.
860 2506 881 2531 t.
912 2500 999 2538 quod
1028 2497 1050 2530 si

174 2552 248 2575 cum
271 2542 501 2582 fidejussoribus
525 2543 641 2574 tutoris
672 2552 713 2574 ex
747 2542 950 2581 stipulatione
983 2549 1049 2571 rem

173 2585 290 2617 salvam
313 2583 384 2615 fore
413 2592 540 2624 agetur,
571 2585 698 2615 easdem
729 2583 892 2615 habebunt
921 2590 1047 2621 reputa-

174 2627 281 2658 tioncs
304 2633 381 2665 quas
404 2633 502 2657 tutor.
548 2626 597 2657 Ab
622 2629 738 2656 eodem
757 2624 852 2656 fonte
867 2623 972 2654 scribit
993 2621 1047 2653 Ul-

173 2668 285 2709 pianus
307 2667 325 2696 l.
349 2675 376 2707 3.
404 2665 444 2696 D.
468 2667 494 2696 b.
515 2671 538 2696 t.
563 2666 708 2697 constare
725 2689 734 2701 ,
760 2667 855 2697 etiam
888 2664 1045 2704 fidejusso-

173 2718 240 2741 rem
266 2708 295 2739 ἃ
318 2706 451 2738 heredes
474 2706 659 2747 fidejussoris
683 2706 745 2738 ess'e
776 2706 977 2737 revocandos
1007 2705 1047 2735 ad

176 2749 322 2782 eamdem
354 2747 510 2779 usurarum
540 2749 696 2779 rationem
719 2750 758 2780 ad
781 2756 875 2786 quam
907 2746 936 2777 ἀ
962 2753 1049 2777 tutor

175 2798 358 2824 revocatur.
387 2788 553 2832 Africanus
576 2790 596 2820 l.
624 2799 669 2821 10.
693 2790 740 2820 D.
764 2789 838 2820 Rem
856 2787 961 2829 pupilz.
976 2787 1049 2825 salv.

170 2834 233 2874 for.
258 2833 342 2864 idem
366 2831 407 2862 de
437 2827 589 2860 fructibus
618 2830 736 2862 censet.
784 2830 836 2862 De
858 2837 978 2860 caetero
1001 2838 1048 2859 re-

176 2874 305 2915 spondit
328 2871 443 2905 I'aulus
465 2870 484 2901 l.
505 2873 554 2908 46.
577 2869 606 2910 §.
630 2881 659 2908 4.
686 2872 725 2903 D.
749 2873 781 2903 de
803 2871 912 2903 admira.
944 2869 981 2904 &2⁹
1002 2876 1050 2910 pe-

173 2918 226 2947 ric.
261 2920 350 2946 tutor.
385 2919 519 2952 propter
549 2919 586 2941 ea
620 2920 688 2950 quae
718 2913 789 2952 post
827 2912 1049 2952 pubertatem,

175 2957 259 2988 nulla
283 2954 466 2987 neceffitate
489 2959 648 2993 cogente,
673 2952 725 2984 sed
747 2963 787 2985 ex
811 2954 977 2984 voluntate
1000 2951 1049 2983 sua

175 3006 262 3028 tutor
285 2995 533 3032 administravit,
556 2992 765 3033 fidejussorem
784 2996 837 3034 qui
853 2993 966 3025 salvam
983 3002 1049 3024 rem

173 3038 246 3069 fore
269 3039 372 3075 cavit,
394 3045 459 3067 non
483 3035 597 3066 teneri.
641 3033 720 3066 illud
744 3043 803 3065 nec
826 3044 888 3076 ego
912 3035 1051 3075 praeteri-

172 3080 241 3111 bo:
265 3079 353 3120 quod
376 3077 397 3109 si
421 3086 501 3108 unus
525 3084 613 3107 tutor
643 3075 748 3116 plures
773 3075 898 3107 dederit
928 3075 1051 3115 fidejus-

173 3120 278 3159 sores,
312 3120 388 3151 licet
426 3127 541 3150 omncs
578 3116 734 3148 solvendo
767 3115 846 3154 fint;
881 3117 963 3148 inter
994 3125 1051 3147 eos

172 3161 269 3193 cess'at
300 3158 491 3191 beneficium
530 3157 709 3196 divisionis,
748 3157 887 3196 alioquin
924 3157 1051 3188 solitum

171 3202 314 3243 pluribus
337 3201 477 3239 ejusdem
504 3200 659 3231 debitoris
682 3196 977 3237 confidejussoribus
1004 3207 1045 3228 ex

1092 1342 1211 1389 placuit
1234 1342 1299 1375 hoc
1325 1345 1356 1376 in
1393 1353 1458 1376 uno
1486 1345 1517 1377 in
1542 1345 1675 1378 solidum
1706 1347 1886 1380 observari:
1921 1348 1964 1379 ita

1093 1383 1191 1415 visum
1222 1384 1294 1423 est,
1325 1385 1399 1416 huic
1430 1385 1471 1416 sic
1500 1395 1665 1419 convento
1692 1397 1709 1419 a
1738 1389 1860 1428 pupillo
1890 1391 1963 1420 cedi

1093 1424 1232 1457 actiones
1255 1426 1403 1457 adversus
1428 1426 1567 1467 reliquos
1596 1429 1661 1468 ejus
1684 1427 1962 1469 confidejuffores:

1093 1474 1128 1498 ut
1150 1467 1237 1506 quod
1266 1467 1346 1498 ultra
1376 1467 1459 1498 suam
1490 1469 1673 1505 portionem
1703 1469 1816 1508 solvit,
1840 1471 1878 1501 ab
1901 1471 1963 1502 illis

1091 1508 1235 1547 recipiat.
1278 1506 1432 1539 Profecto
1452 1508 1542 1548 J'uste.
1586 1508 1663 1540 Non
1688 1518 1793 1542 tamen
1815 1510 1878 1542 fine
1901 1511 1964 1542 dif-

1091 1547 1235 1580 ficultate
1259 1557 1352 1588 quam
1375 1549 1418 1580 ita
1440 1549 1615 1590 proponit,
1645 1550 1676 1582 ἀ
1708 1550 1847 1582 diffolvit
1870 1551 1964 1591 Papi-

1093 1590 1204 1621 nianus
1233 1589 1252 1620 l.
1276 1589 1330 1620 ult.
1363 1588 1405 1621 D.
1428 1589 1502 1621 Rem
1519 1590 1623 1631 pupill.
1651 1591 1727 1628 salv.
1749 1591 1827 1632 fore.
1863 1593 1962 1623 verba

1094 1630 1276 1671 Papiniani:
1309 1630 1343 1662 Si
1366 1631 1467 1671 plures
1490 1631 1585 1673 fideju
1610 1641 1670 1663 ores
1698 1642 1716 1664 α
1746 1639 1839 1664 tutore
1855 1633 1963 1673 pupillo

1094 1673 1156 1703 (lati
1171 1672 1246 1712 sunt
1263 1694 1272 1710 ,
1296 1682 1354 1703 non
1376 1672 1429 1713 effe
1450 1678 1513 1704 eum
1534 1672 1581 1714 αι]
1591 1674 1783 1715 ringentium,
1796 1675 1850 1714 sed
1871 1677 1902 1704 in
1923 1684 1961 1705 u-

1092 1722 1164 1744 num
1193 1715 1319 1744 dandam
1347 1712 1503 1745 astionem:
1537 1715 1580 1746 ita
1608 1721 1642 1746 ut
1669 1718 1695 1746 ei
1715 1716 1768 1757 qui
1796 1715 1963 1748 convenire·

1093 1762 1163 1793 tur,
1194 1755 1317 1786 ustiones
1334 1754 1551 1796 praeflarentur.
1581 1765 1632 1787 nec
1658 1758 1812 1798 quisquam
1836 1763 1963 1797 putave-

1093 1796 1134 1827 rit
1157 1796 1191 1826 ab
1207 1796 1275 1837 jure
1297 1796 1442 1836 discqfflum
1457 1807 1468 1828 .·
1492 1795 1643 1839 postquam
1669 1805 1721 1839 pro
1743 1807 1775 1829 ea
1798 1804 1880 1839 parte
1898 1798 1962 1838 pla-

1091 1838 1151 1868 cuit
1173 1843 1278 1868 tutores
1307 1839 1516 1877 condemnari,
1548 1848 1635 1880 quam
1662 1837 1960 1880 administraverunt:

1091 1877 1129 1913 ἐπ”
1156 1879 1200 1910 ita
1227 1880 1339 1910 demum
1368 1881 1399 1910 in
1422 1879 1572 1919 solidum,
1598 1879 1629 1916 Ji
1657 1890 1702 1911 rer
1723 1892 1740 1912 α
1768 1882 1874 1912 coeteris
1902 1890 1962 1912 rzon
1987 1904 1989 1906 -

1084 1921 1240 1960 servetur,
1273 1919 1310 1955 &f
1339 1921 1439 1952 idonea
1470 1921 1554 1962 culpa
1574 1921 1725 1963 detegatur
1741 1945 1750 1960 ,
1772 1923 1847 1963 quod
1862 1922 1962 1961 suspe-

1093 1960 1171 1992 &um
1196 1961 1293 1999 facere
1321 1962 1519 2003 supersederit.
1548 1970 1617 1994 nam
1645 1964 1764 2005 oequitar
1791 1964 1896 1994 arbitri
1917 1969 1961 1994 at-

1092 2012 1147 2044 que
1178 2002 1302 2043 officium
1324 2004 1386 2034 viri
1415 2004 1481 2034 boni
1508 2003 1626 2035 videtur
1653 2014 1714 2036 eam
1734 2005 1865 2044 formam
1881 2005 1962 2046 juris

1092 2042 1264 2084 defideraffe.
1320 2044 1458 2076 Ceterum
1481 2044 1660 2087 fidejuffores
1688 2046 1812 2076 civiliter
1840 2048 1871 2077 in
1892 2047 1965 2085 soli-

1093 2086 1162 2116 dum
1183 2086 1324 2126 obligati,
1353 2087 1459 2117 coeteris
1487 2088 1601 2128 quidem
1628 2088 1798 2128 agentibus,
1821 2092 1855 2117 ut
1884 2087 1962 2118 aivi-

1093 2127 1180 2158 datur
1201 2126 1275 2158 ustio
1291 2150 1300 2165 ‚
1322 2130 1472 2168 impetrare
1489 2127 1623 2168 poffunt:
1648 2128 1757 2169 pupillo
1787 2136 1854 2159 vero
1875 2137 1961 2169 agen-

1094 2174 1138 2206 te,
1191 2169 1222 2199 ui
1249 2177 1306 2199 non
1336 2169 1391 2209 ipse
1413 2171 1581 2205 contraxit,
1611 2170 1655 2200 led
1683 2172 1715 2200 in
1743 2176 1866 2200 tutorem
1888 2171 1962 2200 mci-

1093 2210 1155 2248 ait,
1170 2177 1215 2243 {9⁹
1235 2209 1353 2250 ignorat
1374 2211 1486 2249 omnia,
1507 2209 1674 2250 beneficium
1694 2211 1856 2242 dividendae
1873 2210 1960 2241 aelio-

1093 2251 1140 2281 rzz's
1168 2250 1308 2292 injuriam
1335 2251 1435 2282 babere
1464 2253 1558 2290 visum
1579 2249 1637 2292 est,·
1667 2261 1703 2283 ne
1729 2262 1766 2284 ex
1796 2262 1857 2283 una
1886 2259 1960 2283 tute-

1093 2292 1126 2323 la
1155 2293 1242 2328 causa
1265 2292 1363 2333 plures
1389 2302 1423 2324 ac
1452 2294 1546 2324 variae
1573 2290 1736 2334 questiones
1762 2295 1840 2334 apud
1868 2294 1962 2324 diver-

1085 2333 1136 2374 fhs
1151 2333 1266 2375 judices
1288 2331 1540 2374 constituerentur.
1590 2333 1718 2374 Pupillo
1741 2335 1805 2367 dati
1829 2333 1958 2365 suntab

1094 2384 1159 2406 uno
1188 2382 1297 2406 tutore
1329 2375 1434 2415 plures
1464 2374 1667 2415 fidejussores.
1699 2376 1774 2416 quid
1800 2376 1875 2415 juris
1905 2383 1961 2413 pu-

1092 2417 1170 2457 pillo
1193 2414 1341 2448 adversus
1370 2425 1427 2448 eos
1462 2415 1552 2448 finita
1582 2417 1679 2449 tutela
1702 2416 1840 2448 acturo?
1870 2415 1959 2454 Papi-

1091 2458 1174 2489 niani
1198 2456 1352 2489 sententia
1374 2457 1443 2496 est,
1466 2467 1562 2490 unum
1586 2467 1627 2489 ex
1657 2459 1796 2499 pluribus
1820 2465 1835 2487 a
1860 2457 1962 2496 pupil-

1091 2499 1124 2531 lo
1147 2499 1313 2530 conveniri
1336 2498 1426 2540 posse
1455 2500 1486 2530 in
1516 2498 1672 2536 solidum,
1705 2499 1733 2529 ὅ(
1763 2505 1962 2528 conventum

1091 2540 1123 2571 in
1147 2539 1281 2571 solidum
1304 2541 1510 2572 condemnari
1529 2550 1539 2578 3
1569 2548 1684 2579 nempe
1707 2539 1777 2579 quia
1803 2540 1883 2570 inter
1906 2548 1963 2569 eos

1090 2580 1186 2612 cessat
1208 2580 1402 2613 beneficium
1426 2580 1586 2612 divisionis
1609 2589 1651 2611 ex
1672 2579 1813 2621 Epistola
1837 2578 1880 2610 Ι).
1900 2578 1964 2611 Ha-

1090 2623 1201 2654 driani.
1244 2620 1369 2660 Video,
1392 2623 1506 2661 inquis.
1528 2629 1561 2651 at
1576 2622 1629 2660 qui
1654 2621 1774 2663 potest:
1798 2622 1963 2661 postauam

1091 2664 1228 2702 placuit,
1265 2671 1388 2694 tutores
1418 2669 1541 2693 tantum
1573 2671 1632 2702 pro
1662 2663 1722 2694 hac
1754 2664 1962 2694 condemnem

1090 2711 1200 2744 parte,
1229 2713 1324 2744 quam
1355 2702 1623 2735 administrarant:
1662 2705 1691 2735 ὅ(
1714 2705 1756 2735 ita
1781 2705 1907 2735 demum
1932 2704 1964 2734 in

1090 2745 1246 2783 solidum,
1277 2744 1298 2777 si
1330 2754 1379 2776 res
1409 2754 1425 2774 a
1448 2745 1571 2775 caeteris
1595 2744 1708 2776 servari
1739 2754 1903 2784 nequeat:
1934 2744 1966 2775 δε

1092 2788 1206 2817 tutoris
1229 2786 1337 2817 idonei
1367 2784 1566 2826 (Florentiae
1589 2786 1722 2826 legitur,
1753 2787 1872 2817 idonea:
1909 2784 1963 2817 sed

1092 2827 1195 2858 sensus
1223 2826 1387 2868 postulat,
1425 2828 1541 2858 idonei:
1579 2827 1676 2867 idque
1707 2828 1802 2859 etiam
1834 2828 1964 2858 suadent

1093 2867 1200 2900 Graeci
1232 2867 1346 2906 Bafilic.
1375 2868 1424 2899 lib.
1449 2873 1498 2909 38.
1532 2869 1578 2899 tit.
1602 2877 1644 2899 xi.
1675 2873 1742 2899 tom.
1774 2879 1802 2907 ς.
1829 2874 1859 2910 p.
1896 2877 1961 2908 177.

1094 2908 1340 2949 transferentes,
1370 2909 1560 2950 idoneorum)
1589 2909 1638 2948 tit,
1667 2910 1817 2948 inquam,
1847 2909 1964 2941 tutoris

1093 2951 1202 2983 idonei
1225 2951 1319 2990 culpa
1341 2951 1532 2990 detegatur3
1567 2952 1654 2991 quod
1685 2950 1859 2991 suspectum
1881 2950 1966 2981 face-

1093 3001 1127 3023 re
1150 2991 1367 3031 supersederit.
1424 2991 1475 3023 Sic
1505 2991 1693 3030 obtinuisse,
1730 3001 1845 3033 praeter
1875 2991 1964 3029 Papi-

1093 3034 1220 3064 nianum
1243 3034 1274 3065 in
1297 3033 1361 3064 hoc
1382 3032 1458 3064 loco
1481 3033 1576 3065 etiam
1599 3034 1695 3064 docui
1719 3033 1783 3073 ipse
1805 3032 1892 3074 supra
1909 3031 1965 3062 sub

1093 3073 1228 3113 Titulo,
1252 3073 1300 3105 De
1321 3074 1402 3106 rutel.
1427 3073 1464 3109 &³
1485 3080 1542 3106 rat.
1566 3073 1686 3114 distrab.
1733 3074 1770 3106 ia
1787 3084 1864 3106 vero
1880 3073 1964 3113 post-

1093 3124 1187 3155 quam
1211 3114 1256 3147 est
1277 3116 1309 3147 in
1335 3116 1493 3148 tutoribus
1515 3124 1699 3156 receptum:
1721 3115 1888 3156 quomodo
1906 3124 1965 3154 po-

1093 3156 1152 3188 test
1175 3157 1249 3189 inde
1270 3157 1378 3188 recedi
1401 3157 1432 3188 in
1457 3155 1711 3197 fidejussoribus?
1745 3156 1798 3195 qui
1822 3166 1886 3187 non
1910 3157 1965 3188 de-

2002 1958 2036 2073 ll

1093 3198 1171 3229 bent
1194 3198 1295 3238 accipi
1315 3198 1347 3229 in
1369 3198 1530 3230 duriorem
1554 3197 1696 3235 causam,
1726 3205 1819 3237 quam
1843 3197 1896 3238 ipsi
1920 3205 1967 3228 te-
2025 3190 2026 3212 ³

168 3242 310 3286 Epistola
327 3241 377 3284 D.
403 3240 554 3277 Hadriani
578 3241 728 3276 concedi.
752 3246 945 3282 quamquam
965 3236 1047 3270 ficut
1087 3247 1204 3274 nentur
1227 3246 1361 3275 tutores.
1403 3238 1467 3273 Sed
1487 3238 1657 3273 observate
1679 3238 1851 3280 respondet
1880 3238 1971 3277 Papi·
2024 3271 2025 3275 ,

1898 3281 1963 3311 uia·
