2036 3495
157 140 228 176 1Jo
579 124 612 159 G
642 135 663 158 E
696 131 719 156 it
754 132 772 156 A
804 132 826 155 a
859 129 883 152 D
915 128 928 151 1

161 220 221 252 ba:
247 217 307 250 Via
321 215 359 258 est
370 216 420 256 jus
435 213 522 244 eundi
538 211 574 246 ὅ)
589 211 692 251 agendi
708 208 745 243 ἐξ
763 207 939 252 ambulandi.
961 216 1030 238 nam

162 260 201 296 ὃ)
216 265 269 291 z‘ter
285 259 320 293 ὅ)
336 258 432 288 citium
445 257 496 286 via
515 256 546 283 in
560 256 587 286 le
602 252 740 282 continet.
784 249 826 280 Et
844 248 889 280 est
905 248 1028 280 iensus:

162 302 315 342 quidouid
340 298 384 328 est
408 297 527 327 itineris
545 301 598 324 aut
615 292 700 323 attus
716 291 782 322 ullo
797 292 916 328 modo,
941 290 1029 321 nullo

163 330 323 382 excepto,
342 339 404 369 hoc
422 337 469 367 via
485 334 728 366 consummatur.
753 331 834 363 Illud
852 341 915 363 non
937 332 1032 363 omit-

163 391 227 414 tam
239 405 248 420 ,
264 383 294 412 in
313 382 330 411 l.
350 389 398 418 2‘3.
418 379 462 408 D.
478 377 505 408 h.
522 383 542 407 t.
568 375 712 406 laborare
731 373 801 405 haec
815 373 902 405 Pauli
918 374 1031 404 verba:

161 423 224 457 Via
246 414 380 462 constitui*
404 418 451 450 vel
473 419 559 449 latior
573 415 631 447 otto
646 417 782 457 pedibus,
798 415 845 445 vel
866 412 1034 455 angustior,

153 464 265 507 potest,
289 471 322 494 ut
339 469 434 493 tamen
450 470 511 491 eam
533 459 717 490 latitudinem
736 457 857 494 habeat,
879 466 937 497 qua
951 456 1032 486 vehi-

162 508 261 538 culum
277 501 430 545 irepotefi:
445 502 574 542 alioquin
589 501 644 530 iter
659 502 731 537 erit,
749 508 806 529 non
822 499 882 528 via.
900 498 951 528 Sic
968 498 1034 528 edi-

162 555 231 580 tur:
254 546 306 578 scd
329 545 373 577 est
398 545 529 581 lacuna,
553 541 594 573 fic
612 541 813 585 integranda;
836 538 963 580 alioqum
981 540 1035 568 iter

161 589 208 620 vel
224 588 306 620 astus
325 589 399 623 erit,
422 595 480 616 non
496 585 557 615 vict.
603 581 731 622 Nempe
758 580 894 612 latitudo
911 580 996 611 aCtus
1014 578 1035 610 11

160 640 227 662 non
243 629 279 661 sit
294 627 526 664 demonstrata,
549 623 593 656 est
609 622 662 654 ista
679 623 718 654 ab
734 622 854 654 arbitro
872 620 1036 652 statuenda

160 681 223 713 qua
241 671 354 703 animal
370 668 548 710 quadrupes
565 666 609 697 ire
625 662 740 705 potest.
771 664 807 695 In
826 662 873 693 via
891 663 974 693 aliud
990 663 1034 706 ju-

161 714 204 745 ris
218 713 282 746 est:
298 722 364 744 non
381 711 466 741 enirn
484 708 565 739 dicta
581 705 765 743 latitudine,
783 704 918 735 debetur
936 703 1037 743 legiti-

160 755 246 787 mal.
266 764 310 795 1‘3.
328 754 394 795 §.2
410 750 493 782 D.t›.
508 756 528 780 t.
555 749 672 779 liabens
691 756 731 778 ex
748 745 836 786 Lege
854 743 1038 776 Duodecim

161 789 359 828 Tabularum
384 793 414 825 in
438 790 620 832 porrectum
644 789 742 830 pedes
764 788 858 833 osto:
882 790 912 817 in
937 785 1038 817 anfra-

162 838 268 876 ctum,
292 838 324 868 id
342 835 407 872 est,
432 834 485 864 ubi
513 831 630 863 flexum
649 829 713 868 est,
736 829 872 860 sedecim
890 828 908 858 l.
926 832 953 861 8.
966 829 1000 873 ,⁶⁷¹
1018 833 1038 858 t.

160 878 268 920 porest
292 886 396 909 tamen
418 875 530 913 latior,
554 874 649 904 etiam
667 869 847 912 angustior,
870 868 1036 914 constitui:

159 921 262 954 modo
278 918 458 951 vehiculum
474 916 526 947 illa
550 914 595 946 ire
619 913 720 954 possit.
746 911 817 943 sane
838 911 1038 957 Pomponius

160 963 182 994 l.
202 972 248 1004 13.
268 962 315 993 D.
332 963 365 991 tle
382 958 571 996 servitutibus
590 955 632 987 fic
647 956 708 986 ait:
729 953 764 985 Si
778 959 837 984 tam
850 950 968 993 angusti
983 952 1037 981 loct

161 995 399 1044 demonstratione
418 999 523 1038 faeta,
546 999 598 1028 via
617 995 740 1036 conceffci
758 996 873 1034 fuerim
896 999 930 1025 ut
949 1001 1037 1034 neque

160 1046 344 1083 vehiculum,
371 1050 461 1083 neque
473 1041 639 1082 jumentum
655 1048 687 1068 ea
701 1037 775 1067 inire
785 1034 886 1076 poffit:
908 1036 963 1065 iter
979 1044 1036 1080 nia-

157 1087 205 1128 gis
220 1096 308 1128 quam
322 1086 375 1117 via
383 1089 435 1116 ciui
451 1082 533 1114 attus
549 1077 710 1121 adquzfitus
718 1078 875 1109 videbitur.
884 1076 938 1115 sed
948 1074 977 1113 fi
987 1085 1036 1115 Ju-

161 1135 290 1159 memum
305 1138 338 1159 ea
348 1126 449 1157 deduci
456 1124 581 1165 poterit,
591 1131 647 1152 non
659 1122 744 1151 etiam
758 1119 938 1153 vehiculum3
954 1116 1035 1162 αρῗιις

160 1171 309 1201 videbitur
318 1165 489 1210 aaqnifitus.
513 1163 569 1195 Est
581 1162 696 1208 ᾃ3113,
714 1168 829 1201 praeter
845 1158 915 1189 haec
927 1182 935 1195 ,
947 1156 1035 1189 diffe-

161 1210 262 1243 rentia
289 1211 372 1242 inter
396 1208 499 1240 atium
525 1206 554 1238 &
569 1213 671 1242 Viam,
695 1210 803 1234 notata
820 1210 837 1231 a
854 1200 953 1245 Paulo
971 1200 990 1230 l.
1006 1208 1035 1239 7.

163 1253 211 1284 D.
231 1253 259 1284 h.
278 1258 298 1283 t.
323 1252 360 1283 ad
379 1258 471 1291 quam
491 1247 532 1279 l).
553 1244 746 1286 Cujaciuslz'b
757 1243 935 1286 22.Ob]erv.
947 1251 972 1272 c.
982 1250 1032 1281 35.

204 1292 255 1324 Ex
272 1301 409 1333 quatuor
420 1288 622 1322 servitutibus
638 1285 759 1318 rusticis
778 1285 817 1314 ab
829 1282 994 1327 Ulpianol.
1008 1291 1034 1313 1.

162 1335 191 1366 b.
206 1341 228 1366 t.
249 1334 460 1370 enumeratis,
486 1328 623 1370 superest
640 1326 856 1368 aquaeductus:
879 1333 969 1370 isque
986 1323 1037 1354 de-

160 1375 272 1409 finitur
285 1374 329 1406 ibi
339 1399 347 1411 ,
356 1375 403 1415 jus
413 1382 501 1414 aquae
512 1370 664 1402 ducendae
681 1377 735 1407 pei·
749 1366 881 1398 fundum
892 1365 1039 1410 alienum.

161 1426 231 1455 quo
249 1416 376 1449 modo?
400 1422 453 1446 aut
471 1414 574 1445 forma
590 1410 738 1448 struCtili,
762 1417 813 1439 aut
830 1407 987 1448 plumbeis
1003 1405 1037 1437 fi-

162 1458 270 1496 113115,
292 1466 346 1489 aut
362 1455 523 1488 canalibus
545 1451 675 1493 ligneis,
697 1458 749 1481 aut
773 1449 920 1480 fictilibus
943 1447 1036 1478 tubis.

162 1499 206 1533 fic
222 1499 377 1531 Palladius
394 1499 440 1529 lib.
457 1506 487 1533 9,
509 1496 561 1526 De
572 1503 601 1524 re
614 1491 732 1531 rustica.
752 1501 776 1523 c.
799 1500 843 1522 11.
867 1491 905 1521 ad
924 1498 1036 1535 aquam

161 1550 244 1572 vero
259 1540 347 1580 quod
365 1539 495 1569 attinet:
512 1536 555 1567 ait
572 1533 726 1574 Ulpianus
739 1555 748 1571 ,
763 1531 860 1563 solam
875 1532 947 1562 duel
967 1539 1036 1571 pei·-

160 1590 300 1614 ennem:
316 1581 478 1618 talemque
494 1577 558 1609 effe
574 1585 642 1615 quae
661 1584 678 1605 a
691 1575 798 1614 capite
812 1574 956 1611 ducitur,
973 1580 1038 1617 non

161 1623 305 1655 aliunde:
329 1622 358 1653 &
382 1620 473 1661 hujus
491 1626 615 1650 tantum
639 1625 729 1657 aquae
746 1615 928 1646 servitutem
954 1613 1039 1644 civili

159 1665 228 1705 iure
244 1663 405 1694 constitui.
430 1659 537 1699 addit,
561 1665 659 1698 caput
683 1656 765 1694 else,
789 1658 875 1702 unde
892 1664 973 1692 aqua
988 1663 1036 1699 na·

158 1705 274 1738 scitur:
298 1703 320 1736 fi
336 1714 377 1735 ex
392 1703 506 1741 fonte,
530 1700 630 1742 ipsum
647 1698 793 1730 fontem:
810 1698 889 1743 {ilex
909 1696 1039 1728 flumine

162 1747 215 1779 vel
240 1746 331 1784 lacu,
353 1745 452 1785 prima
479 1742 607 1781 incilia,
633 1740 684 1772 vel
709 1739 863 1779 principia
888 1737 1039 1784 foliarum

162 1788 279 1827 quibus
297 1796 384 1826 aquae
403 1796 442 1818 ex
453 1784 584 1817 flumine
602 1783 654 1814 vel
673 1790 712 1812 ex
729 1781 800 1812 lacu
816 1779 959 1811 solentin
972 1788 1039 1824 ⁴pri-

161 1839 251 1863 mum
268 1829 369 1860 rivum
385 1834 591 1859 communem
609 1823 694 1865 pelli.
711 1822 804 1862 plane
815 1844 824 1859 ,
838 1820 859 1853 11
875 1820 1042 1852 sudoribus

161 1870 325 1904 manando
341 1870 371 1901 in
387 1869 525 1909 aliquem
537 1867 674 1907 primum
685 1864 792 1895 locum
803 1862 933 1908 effluere
944 1868 1041 1908 atque

160 1912 368 1953 ibiapparei·e
384 1908 604 1950 aquaincipit,
618 1906 684 1947 ejus
695 1904 759 1935 hoc
776 1911 872 1943 caput
889 1904 970 1942 dici,
987 1904 1041 1933 ubi

161 1955 301 1996 primum
319 1952 464 1993 emergit.
500 1950 553 1982 Sic
571 1946 760 1991 Uipianusi.
780 1955 804 1976 1.
819 1944 846 1986 §.
865 1955 895 1985 5.
912 1954 940 1985 7.
961 1944 996 1979 ὃ
1013 1949 1042 1979 8.

162 1996 215 2028 D,
235 1997 268 2027 a'e
282 2004 358 2036 aqua
373 1993 483 2034 quotid.
510 1991 606 2029 eique
629 1988 756 2020 accedit
781 1986 892 2018 Paulus
909 1986 928 2017 l.
947 1995 976 2022 9.
999 1986 1041 2017 D.

163 2037 226 2068 h.t.
243 2045 354 2067 verum
370 2035 478 2072 addit,
495 2032 594 2064 hodie
603 2040 645 2062 ex
655 2028 948 2075 quocumquelqco
965 2036 1043 2057 con-

163 2077 249 2110 stitui
274 2076 385 2108 solere.
424 2075 518 2106 Hodie
543 2081 649 2104 autem
675 2070 737 2115 esse
753 2069 825 2110 post
842 2069 1042 2115 Relcriptum

163 2118 322 2151 Antonini
347 2118 386 2149 ad
409 2116 614 2151 Tullianum,
637 2112 826 2157 intelli-gitur
842 2120 882 2141 ex
902 2108 1043 2150 Ulpiano

162 2162 185 2193 1.
197 2171 227 2193 2.
245 2161 292 2192 D.
311 2159 459 2191 Commun.
470 2158 558 2197 proed.
575 2155 685 2195 estque
702 2153 745 2184 illi
761 2152 945 2191 exemplum
964 2153 995 2182 in
1012 2160 1041 2182 a-

165 2212 228 2243 qua
245 2211 303 2241 pei·
319 2209 422 2232 rotam
441 2198 584 2230 tollenda
601 2206 641 2228 ex
657 2194 808 2239 fluminej
825 2194 876 2224 vel
896 2193 917 2225 11
935 2191 1042 2224 castel-

164 2245 219 2284 10,
242 2243 273 2274 id
291 2242 355 2281 est,
378 2239 584 2280 receptaculo
599 2244 748 2277 aquarum
761 2260 770 2274 ,
786 2242 969 2275 imponatur
987 2233 1045 2265 ser-

165 2286 270 2317 vitus:
298 2293 359 2324 qua
375 2284 415 2315 de
431 2292 465 2314 re
481 2282 520 2314 ad
537 2279 719 2321 sequentem
736 2276 893 2308 Titulum.
911 2275 992 2308 Haec
1007 2276 1048 2306 de

167 2326 359 2359 definitione
372 2322 586 2364 aquaeduCtus.
617 2328 714 2360 pauca
733 2318 903 2363 sequuntur
921 2318 961 2364 de
974 2325 1045 2348 cau-

167 2367 210 2399 sa.
238 2366 282 2399 Ea
291 2367 331 2399 ab
344 2367 436 2398 initio
452 2375 512 2397 una
523 2363 585 2395 fuit
602 2359 957 2402 rigandiagnficcanei,
973 2367 1046 2405 qua-

167 2415 262 2441 tenus
276 2410 305 2439 ei
321 2417 389 2440 erat
407 2417 506 2447 opus;
522 2414 587 2436 non
604 2404 701 2448 ultra·
716 2403 798 2433 adeo
812 2409 876 2432 non
894 2407 1001 2447 potuit
1017 2408 1046 2430 a·

170 2459 231 2490 qua
250 2451 321 2481 duci
340 2451 378 2481 ad
397 2458 492 2489 quem
503 2445 646 2488 personae
662 2446 748 2475 ulum
766 2442 1045 2488 commoditatem-

168 2501 230 2528 ve,
246 2499 279 2522 ut
296 2492 422 2531 pecoris
439 2489 548 2526 causa,
573 2487 623 2518 vel
643 2485 854 2522 amoenitatiS,
878 2492 909 2514 in
927 2483 1044 2524 praedia

168 2532 282 2564 rustica
299 2533 350 2563 vel
375 2532 510 2563 urbana:
531 2538 593 2560 nec
608 2528 707 2568 magis
725 2526 831 2567 potuit
855 2524 948 2571 due-‘ta
971 2533 1044 2555 cum

170 2574 234 2605 alio
252 2574 478 2605 communicari
497 2571 639 2611 praedio,
663 2576 715 2599 aut
740 2568 803 2598 alio
822 2566 930 2607 praedii
947 2566 1044 2604 loco,

170 2623 264 2655 quam
282 2615 332 2644 cui
349 2613 518 2652 adquisitus
537 2611 614 2643 cffet
629 2608 840 2649 aquaeduttus.
860 2607 1047 2639 fundamen-

171 2664 238 2687 tum
261 2655 375 2694 regulae
401 2663 485 2687 erat:
510 2654 597 2692 quod
614 2650 818 2692 aquaeductus
834 2659 899 2680 non
918 2648 1046 2689 putaba-

171 2704 224 2729 tur
243 2695 366 2735 effejus
384 2694 447 2726 five
466 2695 599 2735 qualitas
622 2693 714 2734 ipsius
734 2691 874 2729 domini,
897 2689 950 2722 sed
970 2699 1046 2729 prae-

174 2738 239 2777 dii,
262 2739 403 2775 ideoque
426 2745 515 2767 extra
541 2735 713 2776 praedium,
738 2734 869 2774 ejusque
885 2731 1046 2763 necessita-

173 2786 260 2817 tem,
283 2787 348 2810 non
367 2777 512 2816 intelligi.
532 2777 560 2808 ls
578 2778 662 2817 rigor
678 2775 796 2816 placuit
814 2773 853 2805 ab
868 2773 972 2804 initio.
992 2773 1048 2818 .-At

171 2818 388 2853 invalescente
413 2818 560 2857 paulatim
585 2819 721 2849 cultiore
745 2817 829 2853 vita,
852 2824 888 2846 aii
908 2815 1047 2852 luxuria,

171 2861 291 2895 deinde
309 2859 472 2892 inductum
482 2858 544 2889 fuit
555 2858 700 2890 adversus
712 2866 836 2889 veteres
851 2857 974 2897 regulas
985 2877 994 2893 ,
1010 2863 1046 2886 ut

172 2912 255 2944 aqua
272 2902 344 2933 duci
361 2899 465 2942 posset
490 2908 562 2943 non.
580 2906 701 2930 tantum
719 2899 838 2939 rigandi
857 2899 921 2939 agri
937 2896 1046 2942 causa,

171 2944 225 2977 sed
250 2944 345 2975 etiam
370 2942 414 2973 ob
442 2941 564 2973 domini
580 2939 672 2978 ipsius
690 2940 938 2971 commoditates
953 2939 1046 2976 alias,

172 2993 209 3018 ut
227 2984 272 3017 est
287 2984 416 3026 pecoris
431 2981 519 3015 causa
532 3004 541 3020 ‚
563 2981 611 3011 vel
629 2981 819 3012 amoenitatis
830 3004 839 3019 ,
863 2989 937 3012 cum
953 2980 985 3010 in
1001 2988 1048 3010 ru-

171 3027 268 3064 stica,
293 3034 360 3058 tum
386 3026 417 3057 in
439 3025 554 3056 urbana
573 3021 697 3061 praedia.
738 3021 790 3052 Sic
806 3021 1047 3061 accipiendum:

174 3068 265 3108 quod
282 3068 313 3099 iii
332 3068 350 3098 l.
371 3076 398 3108 3.
419 3065 455 3101 fig?
470 3066 488 3096 l.
511 3074 536 3097 1.
551 3063 578 3105 §.
597 3072 642 3095 11.
660 3063 707 3092 D.
723 3063 764 3105 *cie
787 3072 864 3102 aqua
879 3063 1048 3103 quotidiana

173 3109 293 3141 dicitur
304 3132 313 3146 ,
336 3108 403 3139 Hoc
416 3109 480 3149 jure
497 3107 626 3138 utimur:
648 3111 719 3134 nam
738 3103 802 3141 ejus
819 3103 907 3147 verbi
918 3104 965 3133 vis
982 3102 1027 3134 est
1039 3126 1048 3141 ‚

172 3150 226 3183 Sic
241 3149 312 3187 post
327 3150 440 3180 multas
452 3148 641 3180 variationes
652 3168 660 3183 ,
673 3144 800 3174 tandem
817 3142 983 3175 obtinuisse
995 3145 1047 3175 ad-

173 3190 281 3222 versus
297 3190 370 3229 juris
385 3191 538 3231 regulam.
576 3186 653 3218 Non
672 3185 774 3216 minus
790 3184 950 3228 obtinuit,
966 3191 1001 3214 ut
1019 3194 1049 3215 3-

174 3231 357 3273 quaeductus
372 3232 448 3263 loco
464 3240 556 3264 certo
565 3236 618 3261 aut
627 3227 730 3260 fundo
745 3232 837 3257 certo
855 3223 1048 3264 adquisitus,

988 117 1254 155 Noonr
1312 118 1530 155 Coun.

1072 207 1219 239 eumalio
1237 208 1312 239 loco
1323 217 1375 240 aut
1395 207 1498 240 fundo
1509 217 1602 250 quam
1613 209 1663 240 cui
1681 207 1870 242 constitutus
1886 203 1943 253 sit,

1073 252 1300 281 communicari
1315 249 1436 291 pess'et:
1451 250 1472 282 11
1490 250 1659 289 praesertim
1677 252 1769 282 ner-:t
1783 251 1845 283 fine
1863 254 1947 286 dam-

1075 299 1117 321 no
1137 289 1300 322 servientis
1318 293 1445 332 paedii,
1460 300 1513 322 aut
1531 291 1551 323 11
1568 293 1598 323 in
1616 292 1837 324 constituenda
1854 291 1945 326 servi·

1075 339 1144 362 tute
1161 330 1203 363 fic
1221 332 1381 373 placuisset
1400 334 1495 373 mstis
1511 342 1565 365 aut
1582 333 1854 371 stipulationibus:
1871 336 1948 367 alte-

1075 381 1163 411 rum,
1186 376 1274 413 quod
1291 374 1438 406 leivanda
1457 377 1640 406 crederetui·
1659 374 1737 406 fides
1755 375 1948 416 133611εῆ113-

1076 423 1164 451 rum,
1180 417 1267 454 quod
1283 425 1347 446 non
1365 418 1527 448 Videretier
1544 417 1595 458 jus
1612 417 1799 448 invidiosum
1819 417 1949 456 postula·

1076 464 1127 485 re:
1150 456 1263 487 volens
1286 456 1341 488 fibi
1364 460 1530 498 predone,
1554 467 1626 490 curn
1647 467 1711 489 non
1735 467 1835 490 nocet
1851 459 1949 491 alteri.

1077 495 1141 527 Sed
1164 496 1249 535 haec,
1273 498 1413 538 aliaque,
1440 507 1471 530 ut
1493 498 1561 531 sunt
1586 499 1741 539 elegantia
1759 500 1788 530 ἂ
1808 501 1949 533 nondum

1078 538 1281 584 pervulgata,
1300 539 1826 581 diligentissimeanicmpofifalib.
1839 541 1949 573 1.Pro·

1077 580 1214 626 balgilzum
1231 588 1255 609 c.
1274 589 1302 610 2.
1320 579 1384 621 &3
1413 583 1465 613 liic
1483 592 1540 621 pro
1557 587 1701 621 repetitis
1718 582 1825 614 haberi
1844 583 1951 622 cupio.

1104 661 1110 667 .
1124 618 1228 666 lenes
1244 620 1410 654 servitutes
1425 623 1612 655 rusticorum
1631 625 1818 664 piffldiorum
1830 647 1838 661 ,
1849 624 1888 655 ab
1900 622 1952 655 Ui-

1078 671 1175 702 piano
1192 671 1223 692 111
1239 662 1260 692 l.
1282 669 1366 702 1.pr.
1386 665 1431 694 D.
1449 665 1476 695 h.
1492 671 1513 696 t.
1533 674 1740 697 enumeratas.
1758 665 1855 697 Nunc
1873 665 1952 697 acci-

1081 712 1122 743 pe
1139 711 1286 741 caetera8‚
1304 712 1380 735 mox
1397 705 1426 736 in
1446 705 1474 747 §.
1494 716 1519 738 1.
1538 707 1696 746 subjectas.
1724 707 1830 739 Vei-ba
1847 705 1953 746 Ulpia-

1082 746 1112 775 ni
1131 743 1217 776 sunt:
1236 744 1272 775 In
1288 742 1401 785 rusticis
1413 751 1605 786 computanda
1620 756 1705 785 sunt,
1721 758 1801 790 aquae
1816 749 1953 788 haustus,

1079 787 1187 826 pecoris
1208 787 1246 816 ad
1271 795 1379 827 aquam
1400 788 1553 828 appulsus,
1571 789 1625 831 jus
1636 792 1790 829 pascendi,
1813 790 1897 820 calcis
1913 799 1956 820 co·
1985 811 1988 816 Δ

1081 828 1217 869 quendae,
1228 836 1327 871 *arente
1340 830 1490 865 fodiendae.
1510 828 1590 860 Visae
1603 831 1696 871 igitur
1707 829 1847 871 Ulpiano
1858 831 1953 862 etiarn

1081 869 1130 899 hae
1156 867 1323 900 serVitutes
1347 869 1468 901 rusticae
1484 869 1593 902 fuere:
1616 880 1648 902 at
1666 882 1730 903 non
1747 873 1786 903 ab
1804 873 1896 903 initio
1916 880 1958 903 ex

1080 910 1276 955 regulisjuris
1288 918 1294 939 z
1306 909 1358 941 sed
1368 910 1534 951 postquam
1545 912 1701 951 ampliatis
1711 913 1804 944 rebus
1814 913 1957 954 privatis,

1081 951 1251 982 &mutatis
1266 952 1405 983 civitatis
1422 953 1634 991 moribus,fic
1651 955 1714 985 usui
1732 955 1860 995 placuit.
1884 953 1957 986 Nec

1080 993 1215 1031 dubito,
1234 1001 1309 1031 quin
1328 994 1358 1024 in
1377 994 1405 1035 §.
1419 1004 1445 1025 2.
1462 992 1526 1036 Jnst
1555 996 1587 1025 de
1605 996 1701 1029 lbrviil
1722 997 1807 1034 praed.
1826 995 1888 1026 huc
1904 1002 1955 1027 eat

1079 1034 1144 1064 hoc
1159 1033 1338 1074 Justiniani:
1360 1035 1443 1067 Inter
1464 1034 1636 1076 rusticorum
1650 1039 1821 1077 praediorum
1829 1035 1956 1077 ftrvitu-

1079 1082 1119 1106 tes
1127 1076 1245 1117 quidam
1255 1079 1414 1116 computari·
1427 1076 1613 1117 rettepucam
1623 1088 1703 1119 aqziae
1714 1076 1849 1118 haustum
1859 1101 1868 1116 ,
1877 1085 1956 1117 peco-
2004 1102 2007 1106 .

1079 1118 1119 1148 rz's
1131 1118 1169 1148 ad
1180 1126 1286 1157 aquam
1295 1119 1445 1159 appulsum
1454 1141 1463 1157 ‚
1475 1119 1525 1159 jw
1533 1119 1684 1159 pascendi,
1702 1120 1788 1150 calcis
1797 1122 1955 1160 coquenda,

1077 1168 1171 1189 arente
1182 1159 1338 1198 fodiendoe.
1361 1159 1408 1190 Ita
1422 1160 1483 1190 est:
1505 1159 1555 1190 illa
1573 1160 1602 1191 &
1618 1159 1726 1192 limllia
1740 1161 1779 1192 de
1797 1161 1910 1198 quibus
1925 1161 1956 1193 in

1078 1199 1096 1229 l.
1105 1209 1131 1239 3.
1142 1209 1207 1239 45.
1219 1198 1255 1233 &²
1265 1203 1294 1230 6.
1303 1201 1329 1230 h.
1339 1202 1435 1240 t.jui-e
1444 1201 1529 1232 civili
1541 1202 1711 1240 aliquando
1721 1211 1784 1233 non
1795 1201 1886 1233 suere
1897 1210 1954 1243 pro

1077 1240 1281 1271 servitutibus
1294 1241 1425 1272 rusticis.
1445 1242 1623 1282 Movebat,
1640 1252 1791 1283 quantum
1803 1244 1960 1283 conjicio,

1079 1283 1167 1322 quod
1184 1283 1223 1313 ad
1239 1284 1459 1322 agriculturam
1477 1284 1526 1314 illa
1543 1285 1672 1324 proprie
1689 1295 1753 1316 non
1764 1285 1956 1322 putabantur

1080 1324 1265 1363 pertinere:
1289 1324 1343 1355 etsi
1361 1324 1483 1363 possent
1503 1325 1639 1364 aliquam
1664 1326 1806 1364 personae
1833 1326 1957 1358 domini

1081 1364 1206 1396 adferre
1222 1365 1402 1397 utilitatem.
1441 1365 1560 1397 Verum
1576 1366 1724 1397 adversus
1742 1367 1824 1399 hanc
1839 1367 1959 1399 subtili-

1082 1414 1180 1437 tatem
1198 1408 1360 1446 praevaluit
1376 1408 1504 1439 tandem
1523 1407 1676 1439 sententia
1688 1408 1957 1448 existimantium,

1080 1457 1096 1477 a
1115 1449 1248 1479 domino
1260 1457 1411 1489 percepta
1421 1450 1485 1489 ejus
1493 1451 1617 1490 generis
1633 1450 1879 1488 commoditate,
1891 1459 1957 1484 non

1081 1487 1156 1526 sun,
1178 1487 1229 1520 sed
1246 1490 1335 1520 fundi
1354 1499 1502 1528 nonime,
1526 1500 1589 1522 non
1609 1489 1732 1522 idcirco
1757 1490 1924 1532 separanda
1940 1499 1957 1522 a

1081 1530 1285 1562 servitutibus
1307 1531 1492 1562 rusticorum
1518 1533 1706 1571 praediorum
1730 1532 1792 1564 effe
1815 1542 1851 1563 ea
1870 1532 1955 1572 jura:

1083 1572 1353 1612 quemadmodum
1375 1574 1426 1603 ubi
1446 1573 1552 1603 haberi
1571 1573 1705 1613 poffint,
1729 1583 1746 1604 a
1764 1574 1853 1604 bono
1871 1571 1958 1603 rusti-

1082 1622 1123 1643 co
1136 1614 1252 1653 negligi
1270 1615 1344 1644 ideo
1361 1623 1423 1645 nori
1441 1622 1613 1652 oportere,
1630 1615 1717 1654 quod
1734 1615 1773 1645 ad
1788 1614 1958 1654 agricultu-

1082 1663 1148 1685 ram
1160 1656 1287 1694 proprie
1303 1664 1367 1686 non
1384 1663 1566 1695 pertineant
1579 1679 1587 1692 ,
1603 1656 1687 1686 bene
1697 1655 1891 1696 &sapienter
1901 1654 1960 1687 ob-

1082 1695 1184 1726 servat
1202 1695 1304 1727 Varro
1321 1697 1368 1727 lib.
1389 1705 1412 1728 1.
1428 1697 1461 1727 de
1476 1707 1505 1726 re
1520 1695 1627 1737 rustica
1645 1707 1668 1728 c.
1688 1707 1716 1736 4.

1123 1735 1175 1767 De
1197 1736 1323 1778 singulis
1349 1739 1524 1770 videamus.
1552 1737 1687 1777 primum
1707 1737 1833 1778 Ulpiani
1852 1746 1960 1770 exem-

1085 1777 1172 1817 plum
1191 1782 1220 1809 in
1237 1779 1294 1811 att.
1312 1788 1338 1810 1.
1352 1779 1380 1822 §.
1404 1789 1427 1811 1.
1447 1780 1630 1820 venitaquae
1646 1779 1788 1812 haustus:
1807 1779 1915 1820 estque
1933 1781 1960 1811 is

1083 1820 1130 1860 jus
1144 1820 1329 1864 'hauriendae
1347 1822 1460 1852 vicinae
1477 1830 1564 1861 aquae
1581 1821 1619 1853 ad
1631 1820 1718 1853 usum
1736 1820 1825 1853 fundi
1846 1821 1895 1853 vel
1912 1820 1960 1852 fa·

1085 1861 1178 1891 miliae
1197 1862 1327 1893 rusticae.
1351 1861 1475 1895 Unde?
1498 1863 1586 1903 pomi
1608 1863 1721 1902 quaeri:
1737 1863 1811 1901 quia
1829 1863 1869 1894 de
1886 1871 1959 1903 pro-

1085 1903 1222 1933 curanda
1233 1904 1315 1934 villae
1332 1914 1412 1945 aqua
1421 1904 1589 1936 necessaria
1607 1905 1675 1935 haec
1687 1903 1732 1935 est
1744 1904 1895 1936 Varronis
1906 1905 1961 1935 du-

1084 1944 1234 1974 liberatio
1250 1945 1278 1976 d.
1294 1945 1341 1975 lib.
1356 1954 1381 1977 1.
1399 1956 1421 1976 c.
1444 1954 1489 1984 14.
1524 1945 1557 1976 In
1572 1946 1644 1976 villa
1660 1945 1830 1985 aedificanda
1845 1946 1896 1976 hoc
1909 1952 1960 1986 po-

1085 1984 1221 2025 tiffimum
1232 2009 1242 2024 ,
1265 1992 1300 2017 ut
1317 1988 1398 2018 inira
1411 1987 1491 2027 septa
1507 1987 1584 2017 villae
1599 1987 1700 2018 habeat
1715 1996 1840 2027 aquam,
1861 1985 1886 2023 li
1901 1995 1961 2018 non

1085 2036 1171 2067 quum
1182 2029 1321 2067 proxime.
1346 2030 1473 2068 primum
1490 2038 1552 2069 qitae
1569 2029 1608 2058 ibi
1616 2026 1658 2066 fit
1674 2034 1764 2066 nata,
1779 2029 1960 2066 secundum,

1085 2077 1147 2108 quae
1163 2067 1269 2108 influat
1285 2072 1426 2107 perennis.
1438 2068 1589 2107 fiomm'no
1605 2079 1682 2110 aqua
1698 2079 1755 2100 non
1765 2068 1805 2109 eft
1813 2070 1906 2108 viva,
1922 2069 1963 2099 ci-

1078 2108 1185 2149 sternae
1194 2111 1346 2149 faciztndae
1354 2110 1412 2151 Jitb
1428 2110 1508 2141 certis
1519 2134 1528 2149 ‚
1552 2109 1588 2145 ὅ*
1603 2111 1684 2142 lacus
1691 2110 1748 2150 sub
1759 2111 1804 2141 dio
1815 2133 1825 2148 ,
1841 2120 1877 2142 ex
1893 2111 1962 2142 ulce-

1086 2160 1117 2181 ro
1137 2151 1193 2181 loco
1210 2158 1242 2182 ut
1259 2153 1400 2190 homines,
1424 2162 1460 2184 ex
1476 2152 1564 2183 altero
1581 2159 1614 2183 ut
1628 2159 1716 2192 pecus
1729 2152 1775 2183 uzi
1785 2150 1877 2193 poffit.
1910 2151 1963 2183 Sic

1088 2191 1202 2224 Varro.
1227 2193 1289 2225 Sed
1300 2194 1374 2232 quid
1390 2192 1617 2233 Jureconi'ultis
1633 2193 1776 2234 placuit?
1792 2202 1881 2233 aquae
1891 2193 1964 2225 hau-

1091 2233 1170 2265 stum
1194 2235 1330 2265 concedi
1348 2244 1387 2265 ex
1407 2236 1514 2266 vicino
1532 2234 1625 2266 fonte
1641 2235 1692 2266 vel
1707 2244 1824 2275 puteo:
1847 2235 1878 2266 111
1895 2235 1964 2275 qui-

1091 2275 1149 2306 bus
1167 2275 1210 2306 est
1226 2285 1305 2316 aqua
1323 2277 1393 2307 viva
1410 2276 1440 2307 &
1457 2277 1623 2317 perennis:
1639 2275 1718 2308 ficut
1733 2275 1856 2307 causam
1867 2275 1964 2308 servi·

1093 2319 1167 2348 tutis
1184 2317 1273 2348 fundi
1287 2326 1471 2359 perpetuam
1488 2317 1569 2357 esse,
1585 2317 1628 2349 illi
1645 2317 1729 2349 civili
1744 2319 1813 2357 J‘ure
1830 2318 1963 2348 voluere

1090 2358 1109 2389 l.
1129 2367 1156 2390 1.
1175 2358 1203 2400 §.
1224 2362 1252 2390 6.
1274 2358 1311 2393 ὃ)
1326 2368 1354 2399 7.
1374 2360 1419 2390 D.
1437 2361 1470 2390 de
1486 2369 1563 2400 aqua
1579 2360 1688 2400 quotid.
1706 2358 1756 2390 An
1771 2367 1812 2389 ex
1829 2357 1964 2390 cisterna

1089 2400 1248 2440 quoque?
1265 2409 1359 2441 negat
1370 2400 1521 2441 Ulpianus
1533 2401 1549 2431 l.
1565 2410 1589 2432 1.
1600 2400 1627 2441 §.
1644 2409 1672 2436 ti.
1691 2400 1738 2430 D.
1753 2401 1787 2430 de
1797 2399 1899 2439 fonte:
1912 2399 1965 2430 ad-

1088 2442 1154 2473 dita
1169 2443 1313 2480 ratione;
1334 2443 1420 2481 quod
1433 2441 1565 2473 cisterna
1580 2451 1645 2472 non
1662 2440 1760 2472 habet
1776 2447 1965 2480 perpetuam

1088 2482 1209 2514 causam
1222 2505 1232 2521 ,
1248 2492 1309 2513 nec
1325 2484 1428 2513 vivam
1440 2491 1570 2519 aquam:
1588 2481 1639 2513 sed
1657 2481 1796 2512 cisternae
1811 2481 1966 2513 imbribus

1087 2523 1321 2564 concipiuntur.
1338 2524 1422 2555 idem
1440 2523 1502 2555 ess'e
1516 2525 1558 2554 ait
1569 2522 1743 2563 Ulpianus;
1759 2522 1780 2554 11
1797 2524 1881 2554 lacus
1893 2546 1903 2561 ,
1917 2523 1966 2563 pi-

1087 2565 1190 2603 scina,
1214 2573 1347 2605 puteus,
1368 2566 1471 2596 vivam
1487 2574 1600 2604 aquam
1618 2574 1681 2596 non
1701 2564 1826 2595 habeat.
1850 2571 1964 2606 praete·

1089 2617 1142 2639 rea
1158 2606 1305 2637 observat
1326 2604 1478 2646 Ulpianus
1496 2606 1514 2637 l.
1533 2617 1560 2646 3.
1579 2606 1607 2647 §.
1628 2616 1656 2647 3.
1677 2606 1703 2636 b.
1722 2612 1743 2637 t.
1760 2606 1847 2646 quod
1865 2616 1905 2637 ne
1922 2614 1965 2637 ex

1089 2648 1221 2680 flumine
1236 2646 1366 2688 publico
1377 2648 1506 2686 quidem
1517 2670 1526 2684 ‚
1544 2648 1619 2678 licet
1631 2649 1703 2677 viva
1720 2647 1748 2679 ὃς
1765 2648 1913 2687 perennis
1928 2646 1964 2679 fit

1090 2690 1157 2730 ejus
1166 2698 1262 2729 aqua,
1273 2697 1363 2728 aquae
1373 2688 1497 2720 haustus
1508 2690 1718 2721 conceditur:
1736 2688 1855 2720 scilicet
1865 2712 1874 2726 ,
1890 2689 1964 2729 quia

1089 2731 1159 2762 haec
1177 2729 1221 2761 est
1246 2730 1426 2761 communis
1444 2732 1586 2762 omnium
1601 2730 1669 2770 jure
1687 2730 1828 2761 naturali.
1852 2731 1889 2761 ad
1906 2729 1962 2760 flu-

1090 2782 1165 2804 men
1180 2771 1275 2813 igitur
1298 2771 1398 2802 solum
1417 2773 1486 2802 cedi
1510 2772 1552 2802 ait
1568 2773 1644 2802 iter:
1668 2771 1697 2802 ἃ
1714 2771 1735 2803 11
1755 2772 1824 2811 quis
1843 2779 1964 2802 tantum

1091 2812 1233 2845 haustum
1243 2811 1387 2851 cesserit,
1403 2813 1480 2844 nibil
1497 2813 1555 2854 agi.
1584 2812 1658 2844 1-1οο
1674 2813 1703 2843 111
1720 2812 1850 2844 11111111113
1867 2811 1966 2852 publi-

1090 2865 1142 2886 co.
1160 2855 1191 2886 in
1201 2854 1330 2895 privato
1346 2862 1452 2885 autem
1464 2853 1557 2885 fonte
1567 2855 1674 2885 censet
1685 2877 1693 2893 ,
1711 2856 1807 2885 etiam
1823 2863 1895 2885 cum
1911 2852 1965 2893 qui

1089 2896 1230 2928 haustum
1248 2895 1362 2933 habet,
1389 2896 1540 2936 intelligi,
1558 2895 1617 2927 iter
1636 2896 1675 2926 ad
1692 2896 1896 2927 hauriendum
1913 2894 1965 2925 ha-

1089 2939 1166 2970 bere
1181 2949 1189 2969 ε
1205 2938 1341 2977 proinde
1353 2960 1362 2975 ‚
1378 2936 1442 2968 five
1458 2936 1575 2969 ceffum
1595 2936 1621 2967 ei
1639 2936 1674 2968 sit
1690 2937 1737 2976 jus
1756 2937 1919 2967 hauriendi
1936 2935 1965 2966 &

1092 2979 1249 3016 adeundi,
1266 2985 1436 3018 utrumque
1453 2978 1652 3009 habitui-um:
1672 2977 1734 3008 sive
1753 2985 1874 3008 tantum
1891 2977 1966 3007 hau·

1090 3019 1210 3057 riendi,
1234 3019 1331 3051 iness'e
1350 3019 1380 3051 &
1397 3020 1534 3051 aditum:
1558 3018 1622 3051 five
1640 3026 1760 3050 tantum
1777 3018 1911 3048 adeundi
1928 3017 1967 3047 ad

1091 3061 1219 3094 fontem
1231 3085 1240 3099 ‚
1264 3060 1360 3092 inesse
1375 3061 1406 3092 ἃ
1422 3060 1574 3092 haustum.
1620 3059 1670 3091 Sic
1691 3058 1842 3098 Ulpianus
1858 3059 1885 3088 d.
1899 3058 1917 3087 ί.
1934 3066 1965 3097 3.

1091 3103 1119 3145 §.
1140 3113 1168 3144 3.
1192 3112 1264 3134 cum
1281 3112 1388 3142 eoque
1403 3102 1663 3143 conjungendum
1681 3101 1744 3131 hoc
1760 3108 1798 3129 ex
1815 3099 1834 3129 l,
1854 3109 1882 3138 5.
1900 3098 1966 3143 (est

1091 3145 1175 3177 enim
1191 3154 1232 3176 ex
1248 3144 1364 3175 eodem
1384 3142 1507 3182 Ulpiani
1527 3143 1608 3174 libro
1623 3151 1662 3173 ex
1677 3149 1741 3181 quo
1758 3140 1785 3170 d.
1800 3139 1819 3170 l.
1837 3142 1889 3180 3.)
1907 3139 1966 3170 Ei·-

1089 3195 1126 3227 go
1135 3186 1291 3225 secundum
1300 3195 1364 3216 eum
1379 3183 1587 3224 (Neratium)
1594 3185 1679 3213 eciam
1690 3182 1836 3212 vindicari
1845 3181 1963 3226 poterit.

1092 3228 1129 3259 ld
1151 3227 1232 3259 vidit
1255 3227 1393 3267 Jacobus
1413 3223 1562 3258 Labittus
1587 3222 1627 3256 V.
1652 3222 1711 3254 CL.
1738 3223 1772 3253 de
1788 3224 1842 3265 usu
1860 3223 1965 3253 indicis

1899 3267 1962 3301 cap.
