2036 3495
60 155 928 263 ³*UERARDI

1227 76 1232 91 J

1059 175 1664 267 NOOD.T‚

1780 83 1849 132 823

569 303 874 372 jurisconsulti
911 304 961 355 &
998 305 1335 367 Antecefforis,

59 433 171 609 U
281 503 346 605 s
457 500 565 607 U
675 501 759 630 F
874 415 1186 610 ftEU
1292 504 1387 610 C
1497 503 1624 610 T
1735 496 1846 614 U

54 685 58 724 ἶ
409 688 844 751 ¹LIBER
936 690 1458 752 PRIMUS.

805 803 1016 839 CAru‘r
1066 802 1093 838 Ι.

742 902 872 937 Summa
897 903 989 937 totitas
1017 901 1141 948 Operis,

51 1017 460 1061 Ξὲζὲζὲἳὲᾶκρὶἰςίωωε
484 1027 545 1059 pro
568 1017 650 1051 virili
669 1025 759 1060 parte
774 1017 926 1050 usumfru-

52 1061 92 1100 ἡ(
231 1061 268 1099 >si
291 1061 375 1093 crum
388 1085 397 1100 ,
418 1062 450 1093 id
469 1060 534 1099 cst,
551 1060 632 1100 Juris
647 1061 831 1098 materiam,
854 1067 926 1092 cum

52 1103 94 1144 ἢὲξ
139 1089 180 1136 Ε
227 1102 267 1145 ἓζὲ
289 1112 394 1135 rerum
415 1103 570 1134 varietate
586 1102 771 1143 pulchram,
795 1109 863 1132 tum
882 1101 927 1132 lo·

52 1147 90 1186 Ν
225 1148 263 1186 >eg
287 1154 397 1176 corutn
416 1144 581 1184 asperitate
596 1143 759 1175 difficilem
775 1151 812 1174 ac
828 1143 926 1173 mole·

52 1187 263 1227 δζὲἰὲζῑίζ
285 1186 360 1217 stam
371 1209 381 1225 ‚
404 1187 544 1216 animum
560 1185 693 1223 induxi,
710 1185 802 1215 initio
818 1184 926 1223 operis

53 1258 56 1261 .
164 1220 168 1225 ⁵
236 1259 239 1263 ,
283 1227 490 1267 investigare,
515 1225 591 1266 quid
609 1224 802 1256 ususfructus
818 1225 925 1265 appel-

51 1268 174 1301 latione
189 1268 385 1300 aVeteribus
395 1267 614 1303 contineatur:
631 1265 786 1306 jactisque
799 1265 858 1297 hac
875 1267 926 1297 via

53 1309 137 1350 quafi
163 1310 276 1341 futurae
293 1308 463 1349 diligentiae
483 1307 715 1345 fundamentis,
736 1306 866 1338 efficere
882 1314 926 1338 at-

49 1360 113 1391 que
138 1353 234 1382 eniti:
258 1359 293 1382 ut
318 1359 395 1381 mox
419 1359 483 1380 uno
509 1358 566 1380 ore
583 1347 659 1380 fluat
678 1348 924 1389 interpretatio,

50 1392 302 1424 demonstratura
330 1389 520 1422 ususfructus
545 1390 702 1421 rationem
721 1412 733 1429 ,
762 1398 925 1430 naturam,

49 1427 207 1467 formam:
224 1432 311 1464 simul
331 1433 408 1472 quid
424 1433 455 1463 in
476 1441 509 1463 re
525 1430 712 1470 fructuaria,
729 1432 838 1471 ejusve
855 1441 924 1472 par-

50 1476 157 1513 tibus,
181 1474 383 1515 qualitatibus
402 1497 411 1510 ,
444 1473 657 1505 instrumentis
674 1495 684 1512 ‚
707 1473 923 1512 adminiculis,

50 1516 136 1548 'recit-
153 1524 205 1547 aut
223 1515 308 1547 secus
326 1523 396 1556 agat
411 1513 618 1546 sruftuarius:
635 1522 705 1554 quae
717 1513 819 1545 trahat
837 1524 925 1546 com-

49 1558 164 1596 moda,
188 1567 255 1598 quae
274 1557 391 1588 toleret
408 1565 526 1588 onera:
551 1555 626 1596 quid
641 1555 716 1596 juris
731 1555 767 1587 fit
782 1554 926 1588 constan·

50 1598 104 1639 te,
121 1599 197 1641 quid
212 1597 323 1639 finito,
339 1597 521 1631 usufructu:
545 1597 818 1639 quemadmodum
835 1605 924 1631 utro-

779 1697 994 1735 cirui-

972 1026 1034 1058 que
1058 1017 1089 1050 in
1115 1016 1188 1049 casu
1213 1018 1378 1051 dominum
1403 1020 1444 1052 de
1468 1020 1519 1053 sua
1544 1023 1743 1063 proprietate
1759 1023 1844 1064 secu}-

973 1068 1042 1091 rum
1058 1058 1184 1100 praestet
1200 1068 1240 1091 ex
1256 1059 1374 1093 EdiCto
1392 1061 1559 1094 Praetoris:
1584 1063 1746 1104 postremo
1765 1065 1843 1105 quid

971 1101 1004 1132 in
1019 1100 1210 1140 corporibus
1234 1100 1309 1140 Jure
1327 1101 1444 1142 Civili,
1467 1105 1545 1144 quid
1561 1105 1592 1137 in
1609 1107 1843 1146 quantitatibus

969 1142 1136 1181 &juribus
1162 1142 1464 1183 Senatusconsulto,
1489 1145 1684 1178 obtinuerit:
1708 1148 1784 1187 quid
1807 1147 1844 1180 fit

968 1183 1000 1214 in
1024 1183 1067 1214 rei
1093 1183 1204 1222 unius,
1230 1183 1307 1223 quid
1330 1185 1361 1215 in
1379 1186 1476 1224 partis
1496 1187 1678 1226 bonorum,
1703 1189 1754 1220 vel
1774 1198 1843 1220 om-

968 1224 1075 1263 nium,
1101 1224 1290 1257 usufructu?
1316 1226 1368 1257 illa
1385 1227 1489 1266 primo
1505 1226 1665 1260 fufficient
1682 1229 1775 1260 libro.
1800 1231 1844 1261 ai:-

969 1272 1071 1297 terum
1097 1265 1248 1297 destinavi
1275 1266 1372 1299 causis
1396 1268 1566 1308 modisque
1592 1269 1707 1309 quibus
1729 1271 1845 1302 consti*

969 1313 1076 1339 tuatur
1098 1307 1128 1339 &
1143 1306 1269 1340 finiatur
1283 1307 1493 1341 ususfructus:
1517 1318 1617 1349 pauca
1634 1310 1760 1351 insuper
1775 1310 1846 1343 sub-

965 1348 1104 1388 jecturus
1122 1349 1279 1388 remedia,
1298 1350 1338 1381 ad
1355 1352 1509 1382 tuendum
1527 1361 1601 1383 eum
1620 1353 1757 1384 maxime
1773 1361 1844 1394 per-

969 1391 1114 1421 tinentia.
1152 1389 1279 1422 Summa
1295 1391 1365 1423 haec
1382 1391 1518 1433 Operis:
1543 1395 1702 1434 aperturi,
1726 1403 1761 1426 ut
1776 1394 1844 1434 spe-

968 1441 1005 1463 ro
1022 1455 1032 1470 ,
1058 1431 1141 1463 bene
1168 1432 1267 1463 multa
1293 1431 1447 1465 Veterum
1470 1434 1543 1465 loca
1570 1444 1707 1475 quorum
1734 1435 1842 1475 usum,-

968 1472 1089 1504 sensum
1106 1496 1115 1512 ,
1140 1473 1356 1514 integritatem
1374 1497 1385 1513 ,
1407 1473 1515 1507 nescio
1539 1477 1609 1516 quis
1635 1476 1722 1508 casus
1745 1478 1843 1517 longe

967 1512 1182 1545 submoverat.
1207 1524 1311 1555 nunc,
1329 1517 1419 1557 quod
1438 1517 1520 1549 bene
1538 1525 1661 1557 vertat,-
1675 1518 1777 1559 prima
1795 1520 1841 1550 ina

967 1555 1092 1597 grediar
1111 1554 1218 1597 spatia.
1423 1557 1426 1560 ⁴

1053 1684 1104 1735 114

503 1761 555 1809 De
579 1771 737 1820 ufiafrucffu
753 1783 765 1807 .·
791 1772 832 1814 E?
858 1775 932 1821 quid
956 1786 987 1810 eo
1013 1775 1133 1810 nomine
1158 1773 1379 1810 contineatur?

135 1868 303 1902 susfruetus
324 1870 410 1911 (uta
434 1868 533 1901 Paulo
557 1870 707 1903 definitur
723 1871 743 1901 l.
767 1880 794 1903 1.
821 1870 863 1903 D.
888 1872 922 1902 de

147 1911 320 1951 usufrulffu)
339 1912 383 1943 est
397 1912 445 1951 jus
461 1911 570 1943 alienis
580 1911 673 1944 rebus
690 1913 798 1943 utendi
815 1912 921 1945 fruen-

49 1951 80 1982 di
99 1950 176 1982 salva
194 1963 296 1986 rerum
313 1951 489 1985 substantia.
521 1953 660 1985 Primum
677 1953 718 1985 ait
736 1953 849 1985 Paulus
862 1977 871 1993 ,
887 1963 919 1985 u-

47 1991 254 2024 sumfrufitum
274 1994 335 2025 effe
361 1995 423 2032 ius:
448 1995 682 2026 convenienter
705 1993 788 2035 Gajo
807 1995 826 2026 l.
846 2004 871 2027 1.
889 1995 919 2037 §.

48 2042 76 2064 1.
98 2033 135 2066 D.
153 2035 186 2064 de
201 2043 296 2066 rerum
312 2034 468 2072 divifione:
491 2034 631 2073 dicenti,
646 2035 870 2068 usumfructum
888 2039 919 2068 in

45 2074 113 2114 jure
130 2075 316 2114 consistere,
339 2085 435 2116 atque
452 2086 469 2107 a
487 2076 642 2108 fructibus
659 2075 815 2119 distingui.
845 2087 917 2110 nam

45 2114 165 2147 fruetus
182 2126 220 2148 ex
238 2117 339 2149 fundo
355 2118 498 2159 percipi,
515 2118 545 2149 ἃ
562 2118 749 2159 plerumque
767 2117 830 2150 esse
846 2128 916 2151 cor-

45 2158 188 2196 porales:
213 2168 285 2190 cum
303 2158 494 2190 ususfruetus
513 2158 548 2190 sit
560 2160 609 2200 jus
625 2169 681 2191 eos
697 2159 916 2201 percipiendi}

45 2207 150 2238 eoque
182 2209 231 2231 res
258 2201 467 2241 incorporalis
491 2200 656 2232 habeatur.
702 2201 784 2240 Juris
808 2210 916 2235 autem

45 2241 148 2270 verbo
160 2240 272 2273 Paulus
291 2242 438 2283 intelligit
454 2242 639 2274 facultatem
656 2242 829 2275 fructuario
847 2253 916 2275 mo-

44 2281 130 2312 ribus
145 2289 198 2312 aut
214 2282 336 2323 legibus
354 2283 544 2315 concess'am.
569 2284 664 2315 talem
682 2285 766 2316 enim
783 2283 916 2316 faculta-

44 2321 109 2353 'tem
127 2332 142 2353 a
160 2323 331 2355 Veteribus
346 2325 394 2364 J'us
410 2325 579 2365 appellari,
604 2326 722 2356 dudum
734 2325 917 2358 observavit

42 2361 84 2394 V.
111 2363 170 2395 CL.
196 2363 376 2397 Gulielmus
401 2366 535 2398 Budaeus
554 2389 563 2404 ,
594 2367 740 2400 Annotat.
760 2368 798 2397 ad
817 2367 913 2400 Pand.

36 2410 106 2446 pag.
127 2414 195 2437 212.
220 2416 326 2446 eoque
351 2406 436 2439 sensu
460 2406 664 2439 fruetuarium
685 2418 700 2438 a
719 2405 854 2439 Neratio
871 2410 914 2440 di·

41 2446 89 2482 ci,
109 2446 176 2485 jure
189 2447 355 2488 [nefacere.
372 2449 392 2480 l.
410 2459 458 2488 44.
478 2448 519 2480 D.
538 2450 571 2479 de
587 2449 754 2488 usufrubiu.
782 2448 833 2480 sed
854 2451 914 2481 cla-

40 2496 74 2518 re
95 2486 248 2527 Ulpianus
265 2491 294 2519 in
312 2489 426 2531 Fragm.
441 2491 486 2521 tiz.
507 2499 555 2529 24.
573 2489 599 2530 ᾗ.
620 2494 668 2521 26.
685 2491 913 2523 usumfructum

40 2537 136 2559 vocat
161 2529 356 2562 facultatem.
401 2530 637 2573 Tryphoninus
660 2532 678 2562 l.
701 2536 750 2564 62.
776 2532 803 2574 §.
825 2542 849 2563 r.
870 2533 912 2564 D.

40 2571 99 2600 eod.
120 2571 164 2600 tic.
177 2572 371 2612 conjunetim
388 2574 484 2611 dicit,
503 2571 908 2614 Faculttztz'sfrztffimriijus.

36 2611 92 2641 vix
108 2620 187 2650 opus
205 2614 346 2649 moneri,
363 2614 497 2654 (sponte
512 2615 596 2646 enim
614 2615 735 2656 liquet)
759 2613 912 2647 usumfru-

39 2651 123 2682 etum
150 2654 276 2690 quidem
302 2654 363 2686 esse
384 2656 431 2695 jus
451 2655 594 2695 respeftu
617 2655 798 2694 fructuarii,
822 2657 908 2696 cujus

37 2693 86 2733 jus
105 2692 282 2726 constituto·
305 2695 465 2728 usufructu
490 2705 640 2738 augetur:
664 2698 806 2738 respectu
832 2707 908 2729 vero

39 2733 159 2764 domini
177 2737 380 2775 proprietatis
397 2748 461 2769 non
483 2737 545 2769 esse
560 2739 625 2778 jus,
648 2737 700 2770 sed
715 2739 788 2780 juris
807 2739 906 2770 minu-

40 2776 182 2821 tionem,
207 2776 238 2806 id
256 2776 318 2815 est,
342 2777 527 2810 servitutem
544 2779 564 2810 l.
581 2789 611 2819 5.
627 2779 657 2820 §.
678 2790 706 2817 9-
727 2780 767 2811 D.
785 2781 818 2811 de
837 2781 907 2811 novi

38 2823 126 2856 operis
145 2818 336 2849 nuntiatione.

80 2857 158 2887 illud
178 2859 272 2896 quaeri
296 2859 422 2899 dignum
435 2883 444 2898 ,
466 2869 523 2891 cur
541 2860 652 2892 Paulus
670 2862 701 2893 in
719 2861 909 2893 definitione

40 2899 153 2936 addat,
175 2900 276 2929 alienis
298 2902 389 2930 reims.
414 2910 484 2932 nam
512 2901 700 2934 ususfruetus
720 2904 759 2933 ab
787 2904 907 2933 utendo

38 2939 177 2970 fruendo
195 2940 377 2971 deducitur:
392 2942 421 2972 ἀ
434 2949 495 2972 tam
513 2944 659 2973 dominus
675 2954 708 2974 re
726 2942 794 2981 sua,
814 2953 908 2984 quam

37 2980 224 3012 fructuarius
240 2982 340 3013 aliena
356 2982 453 3013 utitur
468 2983 496 3014 ἀ
514 2983 639 3014 fruitur.
665 2983 706 3015 ita
721 2993 827 3016 natura
846 2985 908 3015 late

37 3030 123 3061 patet
143 3022 354 3061 ususfructus,
379 3023 549 3063 potestque
565 3025 710 3056 dominio
734 3026 908 3064 inhaerere,

38 3063 89 3093 vel
104 3062 165 3094 sine
183 3064 313 3095 dominii
335 3065 487 3095 iocietate
505 3065 611 3096 haberi
623 3075 703 3102 ‚nec
718 3067 820 3098 minus
837 3076 908 3106 pro-

38 3105 114 3143 pria:
133 3127 142 3141 ,
175 3114 267 3144 quam
293 3107 402 3136 alienae
420 3130 429 3144 ,
459 3107 503 3137 rei
527 3106 598 3138 esse.
631 3116 781 3139 caeterum
805 3118 852 3139 ars
877 3107 907 3139 Gt

37 3143 198 3183 disciplina
220 3147 301 3185 juris
326 3149 356 3178 in
375 3157 484 3189 magna
509 3157 612 3179 rerum
638 3149 732 3189 copia
756 3149 902 3180 laborans

34 3185 139 3258 inozpia
164 3189 393 3260 vtlacabulorum
410 3210 421 3229 ,
445 3189 559 3231 quibus
585 3189 718 3232 singulas
734 3189 901 3232 indigitet,

106 3236 158 3259 vni.
200 3251 208 3261 .

965 1869 1046 1910 saepe
1064 1870 1190 1909 publica
1210 1870 1306 1902 verba
1320 1871 1358 1903 ad
1376 1864 1462 1903 suum
1480 1870 1668 1904 informavit
1685 1871 1838 1914 modum,

965 1911 1111 1953 neglecta
1127 1913 1261 1944 naturali
1277 1912 1454 1953 potestate:
1473 1912 1526 1953 hic
1543 1921 1632 1944 certe
1648 1915 1784 1956 amplam
1803 1916 1838 1947 il-

964 1953 1025 1984 lam
1044 1961 1140 1994 atque
1157 1952 1310 1985 infinitam
1328 1955 1392 1986 vim
1413 1953 1605 1987 ususfructus
1622 1955 1661 1987 ad
1678 1957 1838 1997 propriam

964 2002 1060 2035 atque
1078 1994 1290 2036 angustiorem
1308 1994 1780 2039 coarClavitwfignificationem:
1805 2008 1836 2041 af

962 2036 1162 2068 niinadverso
1224 2044 1370 2068 utentem
1408 2046 1444 2068 ac
1473 2037 1634 2069 fruentem
1658 2047 1692 2070 re
1715 2038 1837 2080 suajus

961 2077 1167 2118 proprietatis
1183 2060 1246 2109 sive
1262 2078 1395 2109 dominii
1406 2086 1577 2118 exercere,
1592 2088 1697 2122 neque
1714 2081 1753 2112 ad
1770 2081 1835 2112 hoc

962 2118 1240 2150 demonstrandum
1257 2123 1352 2160 egere
1370 2119 1563 2152 ususfructus
1583 2121 1725 2154 nomine.
1756 2131 1836 2153 con-

963 2167 1008 2190 tra
1034 2160 1133 2191 aliena
1157 2168 1190 2191 re
1212 2169 1358 2192 utentem
1383 2169 1421 2192 ae
1443 2160 1604 2194 fruentem
1627 2162 1715 2203 poss'e
1732 2163 1835 2195 usum-

960 2199 1098 2232 fructum
1131 2200 1217 2232 suum
1249 2202 1382 2242 dicere3
1415 2203 1592 2235 dominium
1613 2203 1699 2235 suum
1725 2205 1835 2237 dicere

961 2251 1025 2273 non
1047 2241 1144 2282 posse.
1174 2242 1217 2274 ita
1235 2242 1334 2274 visum
1354 2266 1363 2282 ,
1393 2243 1492 2275 altera
1516 2247 1547 2276 in
1564 2244 1670 2285 specie
1689 2244 1833 2279 sufficere

960 2284 1092 2315 dominii
1111 2285 1378 2326 proprietatisque
1393 2285 1662 2326 appellationem:
1686 2287 1717 2319 in
1734 2288 1834 2319 altera

959 2325 1047 2364 quod
1064 2324 1182 2356 deess'et
1198 2325 1282 2358 aliud
1298 2334 1417 2358 nomen
1438 2349 1448 2366 ,
1480 2328 1580 2368 magis
1603 2327 1833 2360 usumfructum

958 2365 1131 2397 subflstere.
1163 2367 1258 2398 mitto
1277 2370 1391 2399 verba:
1416 2377 1526 2408 aperte
1544 2368 1657 2400 Paulus
1675 2370 1693 2399 l.
1717 2374 1781 2401 126.
1801 2370 1831 2412 §.

961 2416 987 2439 1.
1005 2407 1045 2438 D.
1064 2408 1096 2438 de
1111 2409 1259 2439 verborum
1274 2409 1328 2439 obli
1349 2410 1493 2440 arionibus
1509 2410 1608 2448 dicit,
1632 2410 1766 2443 alterum
1783 2422 1831 2444 es-

957 2447 987 2479 se
1002 2448 1228 2481 usumfruftum
1245 2458 1302 2490 per
1331 2450 1511 2489 e‚alterum
1529 2451 1758 2492 proprietatem
1776 2462 1832 2484 co·

957 2490 1079 2522 mitari:
1099 2489 1276 2532 significans
1294 2501 1331 2522 ea
1349 2491 1501 2528 loquendi
1519 2491 1643 2532 forma,
1661 2494 1715 2534 (ut
1730 2494 1834 2526 osten-

957 2531 1007 2570 di,
1024 2531 1073 2562 lib.
1096 2540 1118 2562 1.
1132 2533 1164 2562 de
1175 2532 1379 2573 jurisdiftz'one
1390 2532 1426 2567 &⁹
1443 2534 1576 2573 imperio,
1592 2544 1615 2565 c.
1628 2535 1677 2575 2.)
1693 2535 1830 2568 alterum

957 2573 987 2603 in
1012 2570 1116 2612 specie
1135 2572 1361 2605 usumfructum
1380 2596 1389 2612 ,
1419 2574 1553 2606 aiterum
1577 2576 1829 2618 proprietatem,

956 2614 1118 2654 appellari.
1143 2615 1278 2654 atquein
1291 2615 1372 2646 hanc
1382 2614 1568 2648 sententiam
1584 2617 1733 2650 euntibus
1749 2628 1828 2659 quo-

956 2664 1018 2694 que
1037 2656 1126 2687 velut
1145 2655 1279 2695 pedibus
1302 2655 1521 2697 Tryphonino
1537 2658 1557 2689 l.
1576 2660 1624 2699 78.
1645 2659 1687 2691 D.
1710 2661 1742 2690 de
1754 2659 1827 2702 jure'

952 2697 1080 2735 dotium,
1104 2696 1292 2736 Pomponio
1309 2698 1329 2728 l.
1342 2707 1390 2729 21.
1409 2698 1478 2739 §.3
1498 2697 1540 2730 D.
1557 2701 1591 2730 de
1605 2702 1766 2742 exceptione
1783 2703 1826 2733 rei

945 2737 1103 2778 jztdz'catae,
1121 2736 1382 2778 Ulpianol.5.D.
1402 2740 1826 2784 Siusztsfrubiuspeteturtap-

952 2787 1042 2818 paret
1054 2803 1063 2817 ,
1077 2779 1164 2819 quod
1177 2779 1263 2819 dixi,
1280 2779 1507 2814 usumfructum
1524 2784 1646 2824 origine
1658 2782 1709 2815 sua
1724 2785 1762 2816 ad
1774 2793 1824 2815 res

952 2821 1094 2860 proprias
1113 2821 1247 2861 porrigi:
1267 2821 1361 2853 Civili
1375 2822 1448 2862 Jure
1464 2825 1502 2855 ad
1520 2824 1636 2856 alienas
1652 2825 1807 2866 restringi.

995 2863 1037 2892 At
1059 2861 1122 2892 hoc
1138 2863 1175 2894 ad
1192 2863 1431 2905 intelligendam
1450 2866 1514 2896 vim
1532 2865 1725 2898 ususfruCtus
1742 2875 1821 2897 nono

952 2902 1026 2933 dum
1044 2901 1167 2934 sufficit.
1197 2911 1268 2935 cum
1285 2905 1368 2937 enim
1384 2906 1423 2937 ab
1443 2905 1496 2938 usu
1513 2907 1543 2939 δι
1562 2906 1666 2939 fructu
1683 2907 1823 2938 deduca-

954 2951 1023 2982 tur3
1046 2942 1162 2984 fitque,
1183 2953 1219 2976 ut
1242 2945 1354 2979 Paulus
1372 2946 1501 2986 definit,
1520 2950 1572 2990 jus
1588 2949 1823 2987 utendifruendi

952 2986 1033 3016 rebus
1049 2986 1148 3016 alienis
1153 2987 1243 3025 salva
1258 2987 1547 3029 rerumsubstantia:
1564 2999 1581 3020 e
1600 2999 1634 3020 re
1651 2989 1727 3027 erit,
1744 2989 1822 3029 quid

952 3025 988 3057 fit
1007 3028 1053 3057 uzi
1068 3027 1178 3066 &frui
1190 3029 1275 3068 salva
1289 3039 1385 3061 rerum
1398 3028 1576 3070 substantia,
1600 3030 1695 3069 paulo
1723 3030 1817 3063 diser·

952 3067 1013 3099 tius
1032 3069 1198 3108 explicari:
1222 3069 1383 3103 silentibus
1400 3072 1459 3102 hac
1475 3072 1505 3103 iu
1524 3078 1614 3112 parte
1635 3070 1822 3111 interpreti·

950 3108 1009 3140 bus
1026 3110 1131 3141 multae
1146 3120 1225 3152 opes
1242 3113 1396 3144 doetrinae
1409 3111 1661 3153 praeferentibus.
1687 3111 1743 3144 Uti
1759 3114 1817 3154 igi-

937 3157 999 3182 ·tur
1015 3160 1047 3182 re
1064 3151 1127 3190 est,
1153 3162 1222 3185 eam
1239 3154 1390 3186 adbibere
1407 3155 1444 3184 ad
1462 3153 1536 3183 vitae
1554 3154 1746 3186 utilitatem:
1763 3155 1817 3186 sed

947 3199 1101 3233 quatenus
1117 3192 1250 3265 sgfficiu
1265 3202 1362 3237 atque
1380 3202 1413 3228 ut
1432 3193 1510 3225 salva
1528 3202 1653 3227 maneat
1672 3195 1818 3262 eiusg‘ub-

1126 3258 1135 3266 ς
1161 3245 1172 3266 ς
1200 3246 1216 3267 2
1737 3247 1814 3268 ..2¹2
