2036 3495
187 169 256 204 402
599 149 633 184 G
664 158 684 181 Ε
716 158 739 181 rt
770 157 790 181 Λ
822 155 845 178 R
876 154 900 177 1)
934 153 946 176 1

194 249 244 278 πίει
265 249 415 285 unguenta
438 239 553 272 emerit:
574 245 631 267 non
660 234 755 265 videri
780 230 987 271 locupletiorem
1003 229 1058 268 fa.

195 288 287 322 ciam,
312 283 469 316 Marcellus
489 280 536 310 lib.
556 288 583 318 7.
609 272 794 316 Digestorum
810 272 925 312 scribit.
958 268 1060 316 'Idem-

195 337 249 370 que
267 325 303 360 ὃ)
313 324 342 363 fi
362 326 469 355 lancem
483 321 516 350 ob
535 319 661 350 canitiem
682 318 799 355 causam
820 314 846 344 ei
869 313 992 348 dederit,
1014 320 1059 341 ea-

194 377 248 410 que
260 368 366 398 lancem
382 360 595 399 retinuerit‚de
607 359 663 395 sua
682 362 779 389 autem
791 355 914 396 pecunia
930 360 1061 393 unguen-

196 419 228 440 ta
248 408 361 442 emerit,
382 403 608 434 vindicationem
628 398 740 440 ceffare.
762 398 832 438 quia
847 403 905 425 non
926 391 965 434 cst
987 393 1062 424 locu-

191 450 295 490 pletior
310 455 371 487 quoe
386 445 565 476 tantumdem
579 442 664 474 intre
678 445 792 471 mortua
811 436 973 480 impendit..
1000 433 1061 465 Bu-

196 491 280 521 daeus
299 493 330 527 p.
353 496 423 527 325.
447 484 508 522 ait,
533 489 693 523 unguenta
719 479 846 521 proprie
869 485 974 507 vocari
985 484 1062 521 qua:

193 530 263 561 sunt
282 526 477 567 voluptaria,
500 525 530 557 ὅ(
546 525 586 555 ad
612 519 857 554 suaveolentiam
875 517 906 548 &
929 517 1060 548 delicias

192 572 332 602 inventa.
356 577 392 599 ea
410 574 572 608 unguenta
595 563 751 603 Ulpianus
775 560 853 592 dicit
880 567 948 589 rem
977 566 1057 588 mor-

193 620 297 649 tuam,
320 619 393 641 curn
411 610 480 642 vult
495 608 603 640 dicere
626 604 770 636 inutilem
799 601 829 632 &
854 607 977 630 tantum
994 597 1059 638 spe-

193 653 331 684 ctantem
348 651 386 682 ad
404 648 633 689 perditionem:
655 652 690 676 ut
707 643 831 676 erudite
848 639 996 673 observat
1011 639 1060 678 Ja-

192 693 293 725 cobus
309 692 455 732 CuJ'acius
472 691 519 721 lib.
536 698 566 725 9.
591 684 710 727 Observ.
733 696 755 716 c.
775 693 825 724 30.
871 680 924 713 De
942 689 1060 712 czetero

191 734 313 774 poterit
335 743 383 765 res
400 729 577 763 confirmari
591 729 742 766 sequente
767 723 853 757 Pauli
877 723 952 754 loco
977 730 1017 752 ex
1041 720 1060 751 l.

193 780 243 810 23.
265 776 294 817 §.
309 777 338 806 ό.
365 773 406 805 D.
425 775 452 804 d.
470 779 492 804 t.
517 771 569 808 Si,
584 774 739 810 antequam
754 776 773 798 a
788 766 852 797 viro
867 772 1001 794 annuum
1015 771 1060 793 ac-

193 818 296 858 ciperet
311 815 413 846 mulier
427 836 437 851 ‚
459 813 519 853 ipsa
535 810 628 850 desua
640 831 650 848 ,
674 813 728 840 aut
751 807 837 839 etiam
852 810 988 836 mutuata
1008 805 1059 834 im·

211 858 337 888 enderit:
358 855 453 886 iiideri
473 851 661 891 tantumjam
676 859 712 881 ex
733 857 830 880 annuo
854 847 1060 886 consumptum.

208 898 308 938 inedia
323 906 339 927 a
355 895 454 928 Paulo
471 894 593 925 mentio
609 891 700 923 annui
718 899 783 922 non
809 888 897 933 finit,
921 896 972 931 me
996 885 1059 916 file-

190 949 245 977 re,
268 938 318 969 vel
337 938 402 977 ejus
423 935 586 968 dationem
611 932 769 965 Oratione
787 929 966 970 prohiberi:
989 935 1060 970 nam

191 980 274 1012 hanc
295 978 436 1019 ,speciem
460 975 642 1008 donationis
667 973 728 1004 effe
747 995 758 1010 ,
787 970 926 1011 julianus
956 968 1062 1012 scribit

186 1021 208 1054 i.
226 1031 275 1054 22.
301 1020 343 1052 D.
359 1020 393 1050 de
415 1018 494 1059 past.
517 1016 603 1049 dotal.
627 1023 727 1056 puto,
749 1013 770 1045 ss
784 1011 820 1044 fit
834 1010 1059 1053 immodicum-2

189 1071 262 1094 nam
279 1061 341 1093 hoc
357 1059 428 1091 casu
446 1058 533 1101 posse
549 1057 777 1093 donationem,
795 1059 953 1093 tamquam
970 1051 1062 1081 inuti·

187 1104 271 1142 lem,
299 1101 463 1140 revocari,
491 1100 644 1140 Ulpianus
667 1095 774 1128 censet
798 1094 817 1126 l.
847 1103 892 1134 15.
920 1091 1013 1138 D.‚o.
1037 1094 1060 1121 t.

186 1144 239 1177 Ex
253 1153 351 1176 annuo
367 1143 414 1175 vel
428 1139 592 1183 menstruo,
614 1139 781 1179 inquiens,
803 1136 878 1177 quod
892 1142 978 1164 uxori
999 1141 1058 1162 ma·

185 1187 262 1218 ritus
282 1182 420 1227 prestat,
457 1189 526 1215 tunc
547 1183 622 1224 quod
639 1176 786 1221 superest,
818 1176 1014 1210 revocabitur,
1031 1168 1060 1210 fi

177 1227 256 1268 satis
283 1226 467 1258 immodicum
491 1221 539 1265 est.
577 1230 715 1262 nempe,
745 1227 786 1252 ne
809 1218 874 1249 hoc
903 1221 1059 1257 praetextu

188 1268 321 1301 maritus
344 1266 400 1299 fiat
424 1263 614 1306 pauperior;
636 1263 667 1294 &
690 1270 771 1293 uxor
795 1259 901 1291 ditior.
944 1256 1059 1303 Immo-

189 1309 298 1342 dicum
315 1315 422 1340 autem
439 1306 502 1339 effe
518 1305 617 1344 dicit,
633 1302 662 1342 fi
679 1301 721 1342 fit
734 1302 822 1342 supra
836 1300 913 1330 vires
927 1299 1027 1342 dotis..

232 1351 283 1383 Ab
298 1350 391 1382 annui
412 1349 442 1380 &
458 1346 608 1379 menstrui
630 1344 803 1377 donatione
829 1338 935 1372 transit
953 1337 1058 1379 Ulpia-

191 1401 251 1425 nus
265 1391 304 1424 ad
319 1391 421 1422 usuras
437 1391 467 1421 d.
482 1389 499 1419 l.
521 1397 566 1428 ¹5·
581 1387 611 1429 §.
631 1395 659 1418 1.
682 1385 712 1417 dt
728 1384 798 1415 sunt
815 1381 927 1427 verba:
951 1380 984 1410 Si
998 1389 1058 1410 ma-

192 1435 270 1467 *itus
284 1433 371 1464 uxori
381 1430 536 1472 pecuniam
551 1428 716 1463 donaverit,
739 1432 827 1465 eaque
841 1425 944 1461 usuras
959 1430 994 1451 ex
1011 1421 1059 1451 do·

191 1478 266 1506 nata
276 1473 399 1514 pecunia
409 1470 584 1512 perceperit:
606 1466 778 1499 lucrabitur.
816 1463 889 1495 Hoec
902 1464 944 1494 ita
960 1461 1059 1502 Julia-

193 1516 300 1547 nusrin
316 1513 418 1545 marito
434 1512 473 1542 lib
505 1514 558 1544 13.-
571 1505 878 1550 Digestorumscribit.
910 1503 1062 1548 Ulpianus

194 1565 260 1588 non
277 1553 388 1596 quaerit
405 1553 446 1584 de
463 1552 581 1583 donata
598 1547 750 1590 pecunia3
774 1547 901 1587 (cert0,
918 1552 1063 1575 maritum

193 1596 249 1630 tali
265 1595 441 1628 donatione
457 1591 524 1624 fieri
542 1590 764 1632 pauperiorem
780 1610 789 1627 ‚
813 1587 842 1619 &
862 1594 996 1618 uxorem
1020 1586 1063 1616 di-

194 1638 328 1670 tiorem:
351 1635 440 1676 quod
465 1642 530 1665 non
558 1633 626 1664 vult
650 1629 786 1669 Oratio)
810 1629 863 1660 sed
887 1628 928 1658 de
951 1626 1065 1663 usuris,

194 1688 235 1712 ex
262 1679 378 1712 donata
396 1675 531 1717 pecunia
554 1673 725 1715 perceptis.
756 1671 860 1714 docet·
880 1677 979 1706 vero,
1011 1667 1065 1697 has

193 1720 313 1752 cedere
330 1717 436 1750 uxoris
452 1716 561 1748 lucro:
585 1722 621 1746 ut
640 1713 785 1751 videtur,
809 1719 881 1751 quia
902 1718 981 1740 uxor
1004 1708 1066 1738 hoc

194 1761 397 1794 incremento
421 1758 549 1798 quidem
580 1755 616 1788 fit
643 1751 855 1794 locupletior;
887 1758 918 1781 at
936 1749 1067 1782 maritus

192 1811 261 1835 non
276 1800 312 1834 fit
334 1799 516 1842 pauperior.
560 1796 675 1829 Itane?
698 1794 786 1826 usura
810 1799 980 1832 numquam
1006 1789 1068 1836 fuit

193 1852 268 1886 pars
286 1843 413 1875 donata:
437 1839 602 1882 pecuniae3
626 1845 687 1869 nec
703 1835 750 1868 est
764 1844 805 1867 ex
819 1843 857 1866 ea
875 1840 965 1877 nata:
980 1840 1067 1877 >quin

193 1884 286 1919 venit
302 1892 341 1915 ex
358 1882 416 1914 alia
436 1879 545 1920 causa,
567 1879 599 1912 id
616 1878 683 1917 est,
699 1886 739 1909 ex
755 1884 837 1908 nova
854 1874 1067 1917 obligatione:

193 1933 233 1959 ut
249 1925 382 1966 pulchre
401 1922 598 1963 Pomponius
613 1921 633 1952 l.
655 1928 722 1952 121.
739 1917 780 1949 D.
795 1918 829 1948 de
846 1916 926 1947 verb.
939 1913 1068 1956 fignific.

194 1967 284 2001 recte
301 1966 395 2008 igitur
411 1965 498 1996 cedit
519 1962 627 1994 uxoris
645 1961 736 1993 lucro
748 1982 759 1998 ,
781 1966 940 1998 tamquam
960 1954 1068 1995 profe-

195 2009 248 2042 sta
262 2007 309 2042 -ab
325 2007 403 2049 ejus·
418 2003 588 2041 industria,
609 2003 639 2034 ὅτ
664 2002 728 2035 fine
750 2000 810 2032 hac
832 1999 918 2031 nulla
941 1997 1067 2035 futura,

196 2059 240 2083 ne
255 2049 338 2090 apud
355 2048 501 2079 maritum
518 2045 667 2086 quidem,
689 2051 754 2075 non
777 2040 860 2072 facta
881 2039 1068 2071 donatione.

197 2090 277 2124 Inde
294 2088 456 2131 quaesitum
474 2087 604 2119 ulterius
619 2084 702 2126 apud
715 2081 968 2124 Tryphoninum
983 2079 1002 2110 l.
1022 2082 1069 2110 16.

199 2133 228 2165 b.
245 2138 266 2164 t.
291 2132 368 2172 quid
382 2130 458 2171 Juris
481 2129 533 2167 sit;
555 2128 588 2159 Si
602 2136 638 2158 ex
653 2131 766 2157 centum
781 2133 843 2165 quae
858 2123 906 2153 vir
920 2122 1006 2153 uxori
1022 2121 1070 2151 do·

199 2175 303 2212 navit,
324 2171 542 2214 quinquaginta
556 2165 759 2210 perierint,&
775 2164 835 2197 alia
850 2163 1071 2206 quinquaginta

200 2215 346 2256 duplicata
371 2223 407 2244 ex
429 2213 524 2251 usuris
541 2219 615 2242 uxor
630 2207 738 2240 babet?
769 2213 894 2247 poterat
910 2205 1003 2235 alicui
1028 2212 1072 2233 vi-

203 2254 525 2295 deri,quinquaginta
541 2259 613 2291 quae
629 2247 751 2281 mulieri
762 2246 913 2287 perierint
929 2254 986 2286 per
1000 2245 1072 2275 ino-

202 2298 288 2338 piam
306 2296 480 2333 debitoris,
502 2293 542 2324 ab
558 2301 595 2323 ea
613 2292 726 2323 marito
749 2288 811 2320 effe
838 2287 1009 2327 supplenda
1033 2294 1074 2316 ex

203 2338 364 2378 perceptis
383 2336 498 2368 usuris:
520 2342 592 2366 nam
609 2332 651 2364 fic
667 2330 827 2367 obtineri,
850 2338 889 2360 ne
909 2328 959 2358 illa
976 2326 1012 2358 iit
1030 2327 1074 2357 lo·

204 2378 381 2419 cupietior,
409 2379 439 2409 &
464 2377 516 2409 ille
545 2372 726 2415 pauperior.
773 2371 835 2402 Sed
859 2378 969 2400 contra
991 2367 1074 2410 Try-

204 2419 385 2460 phoninus3
409 2418 480 2451 Non
498 2417 566 2458 plus
588 2414 807 2457 quinquaginta
828 2411 900 2456 ejus·
914 2411 1074 2441 donationis

204 2461 318 2492 nomine
340 2461 462 2492 maritus
486 2459 678 2499 consequetur.
729 2453 961 2495 Tryphoninus
987 2451 1072 2490 vult,

204 2500 310 2533 usuras
334 2510 350 2531 a
371 2501 503 2534 muliere
527 2505 695 2540 perceptas
720 2505 760 2528 ex
783 2496 901 2526 donata
919 2493 1073 2534 pecunia,

202 2542 290 2582 apud
313 2551 382 2574 eam
409 2550 570 2573 remanere
600 2540 755 2579 integras:
785 2544 819 2568 ut
843 2543 878 2566 ut
900 2543 1028 2565 centum
1057 2542 1075 2564 a

205 2583 321 2616 marito
337 2583 496 2623 acceperit
512 2581 691 2613 donationis
712 2579 851 2610 nomine.
893 2575 1073 2613 Videlicet,

207 2624 281 2665 quia
300 2624 397 2656 usurae
419 2624 447 2654 ei
472 2633 535 2655 non
553 2622 666 2663 sponte
688 2621 855 2652 obvenere
877 2627 918 2649 ex
936 2625 1074 2657 corpore

208 2667 335 2700 donatae
351 2665 512 2705 pecorino,
530 2663 581 2696 sed
599 2662 761 2703 diligentia
776 2657 985 2701 stipulationis
1003 2667 1074 2698 pro-

206 2706 303 2750 priae;
325 2707 465 2745 ideoque
481 2705 542 2744 ipsa
560 2705 687 2745 quidem
705 2703 742 2735 fit
758 2712 799 2734 ex
818 2699 914 2733 usuris
932 2698 1075 2739 locuple-

208 2750 297 2787 tior3
319 2746 373 2778 sed
390 2745 518 2778 maritus
535 2753 706 2786 propterea
731 2753 796 2776 non
821 2741 868 2774 est
892 2741 1074 2781 pauperior.

204 2789 251 2823 nil
277 2790 361 2820 enim
385 2788 414 2820 ei
438 2787 582 2818 decedit:
613 2787 643 2818 dt
665 2787 686 2818 ss
710 2783 886 2817 retinuiss'et
909 2781 1077 2823 pecuniam

205 2831 294 2865 nulla
316 2829 400 2861 faeta
416 2827 607 2871 donatione,
628 2836 689 2858 nec
703 2826 780 2859 effet
794 2825 883 2857 fimili
899 2822 969 2855 usus
987 2823 1079 2854 indu-

208 2872 300 2910 stria,
323 2880 390 2902 non
415 2866 568 2901 habuiffet
593 2866 706 2899 usuras.
747 2867 876 2899 Tamen
901 2864 1014 2896 mulier
1030 2873 1081 2896 ac-

209 2912 298 2954 cepit
316 2920 466 2948 centum,
490 2910 520 2941 δι
538 2916 661 2939 tantum
678 2908 812 2941 restituit
831 2908 1079 2948 quinquaginta,

209 2954 416 2995 quantumvis
442 2949 618 2990 improbata
641 2949 824 2981 donatione.
871 2949 918 2980 Sit
934 2948 995 2979 ita:
1026 2947 1080 2978 sed

209 2995 437 3036 quinquaginta
461 3000 532 3033 quae
563 2990 726 3031 pei-ierunt
741 3011 751 3027 ,
779 2992 894 3022 marito
917 2988 1080 3030 perierunt

209 3043 370 3077 tamquam
387 3035 538 3068 domino:
560 3031 682 3064 mulieri
708 3038 772 3060 non
797 3031 958 3070 perierunt
974 3053 984 3069 ,
1007 3038 1078 3070 quae

212 3087 318 3116 neque
343 3077 471 3109 domina
497 3074 560 3105 fuit
584 3073 760 3105 donatione
781 3070 879 3110 faeta,
903 3080 1008 3110 neque
1031 3071 1080 3103 his

212 3117 275 3150 litis
290 3118 472 3150 contestatae
489 3123 637 3155 tempore
653 3111 847 3152 locupletior
861 3121 1003 3152 apparet.

251 3157 376 3191 Tenori
391 3161 418 3190 d.
437 3159 456 3189 1.
476 3166 523 3198 15.
545 3155 705 3197 jungenda
721 3152 767 3185 est
790 3152 809 3183 l.
828 3161 860 3192 17
886 3160 920 3183 ut
943 3152 1079 3183 cohaese-

213 3209 281 3233 run.
303 3200 391 3231 olim.
415 3201 446 3230 in
465 3208 502 3229 ea
518 3198 557 3229 sic
581 3196 687 3228 scribit
712 3194 881 3234 Ulpianus:
905 3192 951 3223 De
967 3193 1081 3232 frueti-

215 3242 267 3274 bus
294 3250 406 3283 quoque
427 3240 578 3273 videamus
593 3261 606 3279 ‚
632 3236 656 3273 fi
678 3246 716 3271 ex
732 3235 885 3279 stafilibus
907 3234 1080 3276 prediorum

1011 139 1274 176 Nooot
1333 141 1545 176 coitu.

1102 237 1167 275 quie
1179 228 1285 259 donata
1299 228 1385 269 sunt,
1409 229 1581 270 locupletata
1590 226 1651 268 fit,
1674 239 1712 260 an
1732 230 1763 260 in
1781 228 1897 269 caulam
1919 231 1969 261 do-

1102 270 1228 300 nationis
1248 270 1380 302 cadam?
1410 270 1452 302 Et
1477 270 1623 311 Julianus
1651 269 1822 312 fignificat,
1850 269 1968 307 fruetus

1102 319 1210 351 quoque
1224 333 1234 349 ,
1257 316 1291 355 ut
1305 311 1427 351 usuras,
1444 313 1552 343 licitam
1567 311 1666 342 habere
1681 313 1870 343 donationem.
1893 310 1972 343 Nou

1104 350 1149 395 est
1169 351 1295 397 quaestio
1312 353 1352 384 de
1366 353 1520 385 fructibus
1539 355 1629 384 uxori
1646 362 1662 383 a
1680 355 1794 384 marito
1816 351 1973 393 principa·

1104 392 1174 423 liter
1190 392 1331 437 donatis,
1355 404 1396 426 ne
1410 402 1513 434 putes,
1533 395 1801 435 quemadmodum
1819 394 1905 425 enim
1921 402 1973 424 va-

1103 433 1167 465 leat
1189 441 1271 477 inter
1288 443 1344 466 eos
1369 436 1527 468 donatio:
1558 444 1620 476 qua
1645 439 1767 467 donans
1790 435 1892 475 palam
1915 432 1972 465 fiat

1103 483 1295 520 pauperior,
1318 476 1348 507 &
1363 477 1521 516 accipiens
1546 476 1738 516 locupletior
1754 476 1771 507 ’ἒ
1793 476 1871 507 illud
1886 484 1970 515 quae-

1103 524 1199 553 ritur,
1221 515 1298 554 quid
1312 517 1452 563 juris‘sit:
1477 518 1497 549 fi
1514 516 1605 550 uxori
1623 518 1740 549 donata
1755 526 1771 547 a
1790 516 1903 548 marito
1914 514 1972 547 ssnt

1104 559 1236 596 praedia;
1261 556 1291 587 δι
1308 567 1353 602 ἐκ
1371 558 1417 589 his
1436 561 1577 599 percepti
1599 559 1637 590 ab
1660 568 1697 589 ea
1721 557 1851 590 fructus.
1893 557 1970 589 Hoc

1105 607 1180 628 vero
1200 597 1267 643 casu
1285 597 1381 629 visum
1398 598 1521 638 Juliano
1537 599 1617 639 effe,
1643 598 1799 640 Ulpianus
1815 598 1859 630 ait
1872 621 1882 637 ,
1906 598 1972 630 fru-

1103 639 1169 670 etus
1188 640 1303 669 licitam
1330 638 1446 683 habere
1473 640 1702 674 donationem:
1726 643 1755 672 ot
1772 664 1782 679 ‚
1805 641 1893 680 quod
1917 649 1974 671 no-

1105 680 1254 724 tan-dum,
1278 688 1313 710 ut
1330 680 1499 711 usurarum.
1524 680 1566 711 fic
1588 682 1672 712 enim
1698 682 1822 713 locotus
1846 681 1973 712 videtur

1102 718 1260 759 Julianus3
1297 729 1398 760 eaque
1428 721 1604 761 adjectione
1631 721 1836 762 fignificaffe‚
1864 721 1974 754 uxoris

1103 762 1194 793 lucro
1214 762 1328 792 cedere
1344 761 1464 806 fruetus
1480 763 1562 794 solos
1577 762 1791 802 industrialcs,
1802 773 1865 795 non
1876 763 1972 796 etiarn

1103 803 1277 847 naturales:
1293 803 1366 843 quia
1382 804 1436 835 ioli
1452 803 1647 835 industrialea
1665 805 1781 835 habent
1801 805 1971 845 imaginem

1103 843 1281 890 uiurarum,
1303 853 1369 876 non
1392 854 1409 875 a
1434 852 1562 883 natura,
1587 844 1637 876 sed
1661 845 1700 876 ab
1724 845 1894 884 industria,
1916 856 1971 878 ve-

1103 893 1268 916 nientium.
1279 886 1512 932 consequenter
1530 886 1548 917 si
1564 885 1683 918 fruetus
1700 886 1855 918 naturales
1872 886 1972 919 lucra-

1103 934 1189 957 retur
1220 926 1358 973 mulier,
1380 926 1444 967 ipsa
1477 926 1567 959 fieret
1591 927 1811 967 locupletior3
1841 928 1970 959 maritus

1104 975 1216 1013 contra
1231 976 1417 1008 pauperior:
1442 970 1531 1009 quod
1546 968 1576 1000 in
1599 968 1830 1001 industrialibus
1849 977 1910 999 non
1928 969 1974 1000 est

1103 1016 1157 1039 ita.
1182 1007 1436 1054 sane'naturales
1461 1019 1542 1050 quos
1566 1016 1674 1041 natura
1693 1009 1806 1048 sponte
1824 1009 1974 1049 producit

1103 1048 1166 1080 fine
1183 1048 1321 1096 homi-nis
1339 1050 1444 1089 faCto,
1466 1049 1560 1083 etiam
1577 1051 1640 1083 nati
1655 1049 1804 1089 eisent‚fi
1821 1051 1975 1091 praedium

1103 1091 1186 1137 apud
1203 1099 1349 1136 maritum
1369 1091 1543 1130 manssffet3
1563 1093 1648 1124 nulla
1671 1091 1753 1124 faeta
1775 1091 1973 1124 donatione:

1102 1130 1301 1163 industriales
1319 1142 1383 1177 non
1401 1135 1532 1174 utique;
1553 1134 1673 1174 quippe
1689 1136 1742 1174 qui
1768 1143 1832 1165 non
1859 1132 1973 1173 sponte

1102 1171 1289 1212 nascuntur,
1312 1173 1406 1205 solius
1432 1184 1551 1207 naturae
1568 1174 1744 1213 beneficio,
1769 1174 1822 1207 sed
1844 1175 1974 1206 demum

1102 1213 1238 1260 humana
1267 1222 1366 1254 opera
1389 1215 1420 1247 &
1450 1216 1615 1257 diligentia
1645 1217 1846 1257 proveniunt.
1877 1224 1974 1255 atque

1102 1262 1146 1300 ita
1168 1255 1252 1301 clare
1269 1254 1463 1297 Pomponius
1484 1257 1503 1289 l.
1528 1267 1577 1299 45.
1604 1256 1645 1288 D.
1668 1258 1701 1288 de
1726 1258 1833 1291 utaris.
1875 1256 1974 1289 Plane

1101 1304 1144 1326 ait
1169 1296 1321 1335 Ulpianus
1345 1297 1418 1343 tul.
1440 1307 1486 1338 17.
1511 1298 1541 1340 §.
1569 1307 1592 1330 1.
1617 1299 1644 1329 h.
1668 1303 1690 1329 t.
1718 1297 1740 1330 fi
1763 1298 1838 1338 quid
1867 1297 1974 1330 servus

1101 1339 1237 1368 donatus
1258 1339 1422 1378 adquiiiit,
1444 1339 1481 1370 ad
1499 1348 1571 1370 eum
1589 1339 1642 1377 qui
1663 1340 1812 1377 donavit,
1836 1338 1976 1379 pertine-

1101 1387 1145 1410 re.
1172 1378 1227 1422 hac
1244 1377 1331 1409 forte
1350 1380 1471 1411 ratione
1483 1403 1492 1418 ‚
1516 1381 1604 1419 quod
1621 1380 1698 1411 servi
1716 1389 1822 1418 operae
1839 1389 1900 1411 non
1918 1379 1974 1410 mi-

1102 1428 1160 1465 nus
1176 1418 1319 1458 fuissent,
1343 1420 1398 1452 etsi
1416 1421 1552 1452 donatus
1568 1430 1632 1452 non
1654 1419 1779 1452 fuisset:
1804 1421 1879 1452 licet
1896 1422 1975 1451 alio-

1105 1469 1180 1500 quin
1198 1469 1257 1501 pro
1274 1461 1340 1505 ejus
1355 1460 1460 1492 fructu
1476 1463 1662 1492 habeantur.
1697 1461 1746 1492 Ab
1763 1463 1880 1493 eodem
1897 1461 1971 1492 fon-

1105 1509 1137 1532 te
1157 1502 1327 1547 procedit,
1352 1502 1440 1540 quod
1472 1503 1502 1533 in
1526 1502 1556 1543 §.
1579 1502 1634 1532 ult.
1651 1502 1670 1532 l.
1694 1510 1742 1533 21.
1767 1501 1809 1532 D.
1835 1502 1863 1533 b.
1881 1508 1901 1533 t.
1931 1501 1973 1534 fic

1107 1541 1403 1590 scribit-Ulpianus:
1417 1543 1448 1574 Si
1465 1552 1546 1574 uxor
1568 1544 1637 1573 viro
1657 1543 1767 1573 dotem
1778 1542 1974 1581 promiserit,

1107 1584 1135 1614 ot
1164 1584 1248 1614 dotis
1277 1583 1397 1614 usuras:
1420 1583 1482 1615 fine
1508 1582 1606 1615 dubio
1624 1583 1795 1614 dicendum
1814 1582 1857 1613 est
1874 1605 1883 1620 ,
1907 1585 1975 1623 peti

1107 1622 1212 1656 usuras
1235 1623 1338 1665 poffe:
1362 1624 1530 1665 praefatus,
1554 1632 1621 1656 non
1639 1623 1701 1656 ess'e
1723 1623 1810 1656 islatn
1830 1625 1979 1655 donatio-

1108 1674 1201 1710 nem,
1231 1675 1304 1712 cum
1328 1674 1388 1706 pro
1413 1665 1563 1697 oneribus
1594 1664 1785 1697 matrimonii
1817 1671 1977 1706 petantur.

1110 1706 1198 1748 Quid
1218 1707 1238 1738 ii
1262 1710 1391 1752 maritus
1422 1707 1513 1738 uxori
1538 1706 1690 1738 remiserit
1713 1705 1904 1747 petitionem
1930 1715 1981 1738 ea-

1109 1747 1205 1793 rum?
1229 1746 1369 1793 Ulpiano
1385 1749 1496 1781 eadem
1524 1748 1651 1779 videtur
1668 1747 1823 1788 quaestiO,
1854 1757 1892 1779 an
1920 1749 1980 1779 do-

1111 1797 1200 1820 natio
1224 1788 1261 1820 sit
1285 1789 1405 1821 illicita.
1429 1789 1471 1821 ait
1492 1798 1590 1827 vero,
1615 1789 1678 1820 hoc
1704 1788 1860 1820 diffluum
1882 1787 1978 1828 Julia-

1111 1839 1205 1868 num,
1229 1831 1258 1874 q&
1279 1829 1341 1862 effe
1364 1840 1484 1863 verum.
1514 1831 1626 1871 plane,
1649 1830 1669 1861 fi
1694 1837 1911 1869 convenerat,
1935 1829 1983 1861 uti

1111 1870 1141 1902 se
1164 1871 1277 1902 mulier
1302 1870 1462 1912 pasceret,
1485 1871 1623 1911 suosque
1645 1871 1809 1911 homines,
1832 1871 1891 1912 (id
1916 1870 1983 1911 est,

1111 1913 1245 1953 servos)
1269 1913 1390 1944 idcirco
1415 1912 1518 1954 pass‘us
1541 1912 1605 1950 est,
1628 1921 1697 1949 eam
1716 1914 1791 1944 dote
1815 1912 1867 1944 sua
1892 1910 1981 1950 frui,

1111 1961 1146 1986 ut
1165 1952 1195 1985 se
1211 1953 1348 1999 suosque
1364 1955 1479 1993 aleret,
1501 1953 1567 1986 hoc
1583 1954 1655 1985 fore
1672 1962 1762 1994 putat
1778 1954 1983 1994 expeditum:

1111 2004 1177 2027 non
1193 2003 1278 2026 enim
1301 1994 1388 2036 poffe
1404 1996 1444 2027 ab
1461 2004 1498 2027 ea
1514 1995 1695 2036 peti,quaii
1711 1994 1983 2035 donatum,quod

1112 2036 1355 2075 compensatum
1377 2036 1433 2069 est.

1153 2076 1251 2117 Satis,
1275 2085 1309 2109 ut
1324 2079 1460 2118 opinor,
1483 2076 1729 2110 demonstratum
1748 2075 1812 2116 est,
1836 2077 1920 2108 inter
1937 2076 1986 2108 vi-

1113 2127 1182 2151 rum
1208 2119 1238 2150 ά
1263 2128 1397 2150 uxorem
1416 2118 1579 2159 prohiberi
1595 2119 1806 2150 donationem
1825 2127 1932 2149 veram
1954 2117 1987 2149 δι

1113 2168 1288 2201 propriam:
1312 2169 1501 2201 quamquam
1521 2169 1585 2192 non
1601 2159 1814 2197 omnem3sed
1831 2168 1900 2191 earn
1916 2167 1988 2199 quae

1114 2203 1287 2233 donantem
1302 2203 1545 2243 pauperiorem,
1570 2202 1598 2232 Gt
1617 2201 1830 2242 accipientem
1844 2200 1989 2241 locuple-

1116 2243 1253 2281 tiorem,
1276 2241 1365 2274 facit.
1389 2243 1507 2283 restat,
1536 2243 1666 2282 quando
1689 2243 1810 2274 donans
1832 2242 1986 2281 intelliga-

1117 2292 1166 2315 tur
1184 2285 1353 2329 pauperior
1370 2283 1453 2316 fieri:
1477 2293 1580 2316 utrum
1599 2291 1666 2315 tum
1687 2290 1809 2315 tantum
1824 2306 1833 2322 ‚
1856 2291 1926 2314 cum
1943 2281 1984 2312 de

1117 2328 1310 2366 patrimonio
1334 2325 1388 2356 suo
1407 2325 1482 2366 quid
1501 2324 1648 2356 dimittit:
1678 2334 1717 2356 an
1741 2332 1806 2356 tum
1835 2331 1985 2363 quoque,

1117 2375 1188 2411 cum
1205 2376 1271 2398 tion
1289 2367 1436 2406 adquirit.
1462 2367 1545 2407 prius
1569 2365 1701 2397 affirmat
1727 2364 1901 2405 Ulpianus,
1925 2371 1984 2402 po-

1118 2407 1226 2439 sterius
1249 2417 1342 2449 negat
1365 2408 1385 2439 l.
1416 2418 1445 2449 5.
1469 2408 1497 2449 §.
1518 2417 1565 2448 13.
1590 2406 1629 2438 D.
1652 2408 1680 2438 b.
1699 2411 1721 2438 t.
1743 2406 1894 2445 sequente
1913 2403 1986 2435 usus

1117 2449 1285 2494 exemplo:
1315 2449 1451 2480 Maritus
1477 2450 1515 2480 ab
1544 2448 1650 2488 aliquo
1683 2447 1776 2479 heres
1805 2444 1987 2484 institutus,

1117 2499 1219 2522 uxore
1238 2489 1419 2529 lubstituta,
1444 2498 1498 2521 aut
1524 2489 1642 2521 herede
1667 2486 1705 2519 ab
1730 2487 1880 2518 intestato
1900 2486 1988 2517 futu-

1117 2541 1170 2563 ra:
1200 2532 1346 2571 repudiat
1369 2531 1580 2562 hereditatem
1608 2528 1662 2560 fibi
1684 2527 1875 2560 testamento
1897 2527 1985 2559 dela·

1118 2581 1201 2604 tam.-
1225 2573 1287 2604 hoc
1301 2571 1454 2610 confili03
1471 2579 1507 2602 ut
1523 2579 1603 2601 uxor
1618 2569 1669 2601 vel
1683 2578 1724 2600 ex
1742 2568 1986 2605 substitutione.

1118 2614 1226 2646 velex
1243 2614 1315 2654 lege
1337 2612 1392 2645 fiat
1418 2612 1519 2643 heres.
1542 2620 1607 2642 non
1631 2609 1676 2642 est
1698 2610 1847 2648 dubium,
1871 2609 1990 2646 fastam

1117 2655 1200 2687 inter
1217 2655 1319 2686 virum
1337 2653 1368 2685 δι
1391 2661 1524 2684 uxorem
1541 2651 1603 2683 ess'e
1618 2649 1841 2684 donationem:
1866 2650 1992 2683 heredi·

1118 2695 1192 2727 tatis
1206 2696 1384 2727 commodo
1399 2695 1439 2726 ad
1457 2694 1622 2726 mulierem
1649 2693 1877 2733 perveniente:
1900 2692 1990 2731 quod

1118 2738 1238 2776 absque
1255 2736 1472 2777 repudiatione
1489 2734 1594 2773 foret,
1615 2736 1653 2766 ad
1671 2743 1741 2766 eam
1759 2743 1824 2766 non
1843 2731 1990 2765 venisset.

1120 2778 1387 2823 Illud-quaeritur,
1411 2786 1448 2808 an
1465 2777 1567 2808 valeat
1583 2776 1736 2808 donatio?
1761 2775 1914 2812 Ulpianus
1935 2773 1988 2805 ait..

1121 2823 1218 2860 Atqui
1241 2819 1371 2856 mulier,
1393 2817 1544 2858 adquisita
1561 2816 1737 2849 hereditate
1754 2817 1806 2848 vel
1832 2825 1872 2847 ex
1896 2816 1989 2853 lege.

1121 2862 1173 2893 vel
1190 2869 1231 2892 ex
1246 2858 1484 2897 substitutione,
1508 2858 1590 2890 faeta
1605 2857 1649 2889 est
1667 2857 1869 2897 locupletior.
1912 2855 1989 2888 Non

1120 2904 1246 2944 ignorat
1263 2902 1326 2933 hoc
1344 2899 1512 2939 Ulpianus:
1537 2899 1589 2931 sed
1611 2906 1720 2940 putat,
1744 2897 1893 2930 Orationi
1910 2895 1992 2929 suffi-

1121 2953 1196 2976 cere
1213 2965 1224 2981 ,
1254 2943 1343 2984 quod
1368 2943 1497 2973 maritus
1522 2950 1587 2973 non
1618 2939 1664 2972 est
1685 2939 1786 2971 factus
1810 2940 1989 2980 pauperior.

1122 2984 1235 3017 Itane?
1257 2993 1321 3016 noti
1346 2982 1469 3015 dubitat
1492 2982 1660 3023 Ulpianus:
1691 2989 1763 3012 cum
1790 2980 1829 3012 sic
1852 2978 1992 3019 subjicit:

1121 3026 1239 3067 Neque
1256 3025 1339 3057 enim
1358 3025 1526 3066 pauperior
1548 3022 1585 3054 fit
1603 3022 1656 3063 qui
1671 3031 1736 3054 non
1753 3021 1916 3063 adquirat,
1940 3020 1994 3051 sed

1121 3069 1176 3109 qui
1198 3069 1239 3099 de
1254 3068 1448 3107 patrimonio
1466 3065 1520 3097 suo
1538 3064 1690 3102 deposuit.
1737 3064 1786 3094 Ab
1811 3064 1923 3094 eadem
1946 3070 1995 3093 ra-

1122 3111 1213 3142 tione
1228 3108 1380 3150 Ulpianus
1397 3106 1426 3148 ᾗ.
1448 3115 1496 3144 14·
1521 3105 1551 3137 dt
1575 3105 1615 3145 fi,
1636 3105 1757 3145 inquit,
1780 3103 1919 3144 legatum
1942 3111 1994 3134 re-

1123 3152 1256 3192 pudiet;
1286 3150 1409 3190 placet,
1439 3147 1558 3184 nobis,
1591 3146 1797 3178 donationem
1821 3144 1948 3182 valere,
1970 3142 1994 3175 fi

1124 3192 1238 3223 mulier
1253 3190 1418 3222 substituta
1434 3189 1470 3221 sit
1492 3189 1522 3220 in
1539 3188 1664 3229 legato,
1687 3186 1737 3217 vel
1756 3184 1849 3216 etiam
1877 3185 1896 3216 si
1920 3194 1994 3225 pro·

1126 3241 1227 3273 ponas
1249 3240 1318 3264 eam
1336 3230 1488 3264 heredem
1503 3229 1688 3262 institutam.
1727 3225 1795 3267 Jarn
1818 3235 1876 3268 age
1899 3226 1996 3259 Pom·
