2036 3495
487 92 552 131 An
580 93 669 128 Ltn.
696 89 789 126 XIII.
825 89 925 129 Τῐτ.

60 185 123 225 est,
145 184 232 226 quod
258 184 351 216 etiam
374 192 437 217 non
462 182 678 224 interpellatus
703 180 734 210 in
752 187 840 211 mora
858 180 920 213 est:

55 228 110 270 qui
126 237 166 260 nc
182 229 334 267 attingere
352 227 479 268 quidem
491 233 555 256 rem
572 223 722 267 alien-am,
740 222 856 266 nedum
873 233 919 254 re·

58 279 162 302 tinere
177 270 305 306 debuit,
321 267 423 298 invito
440 267 579 298 domino,
596 274 632 295 an
650 270 743 303 igitur
753 271 919 303 miramur,

56 311 183 349 furem,
207 320 240 341 re
266 318 447 350 perempta,
472 308 558 348 quod
585 304 680 346 ipram
699 305 773 335 dare
789 307 920 346 nequit,

56 355 95 384 ad
110 352 346 383 aestimationem
365 351 495 390 obligari
514 348 533 380 l.
543 352 570 381 8.
587 348 605 377 i.
622 347 676 377 ult.
697 344 738 376 D.
758 346 785 376 h.
804 351 823 376 t.
850 346 921 378 Hac

56 393 199 431 ratione,
222 402 260 424 ne
282 391 378 422 fuerit
407 390 533 431 quidem
559 389 665 426 labor,
691 394 724 418 ut
741 388 920 419 inveniatur

56 445 92 466 ea
108 434 268 465 aestimatio
279 456 288 471 ‚
303 433 460 473 quodnam
477 429 737 461 confiderandum
749 429 918 467 praesertim

57 477 92 508 sit
109 484 243 516 tempus.
262 475 366 515 placet
388 472 488 509 enim,
513 473 600 511 quoti
630 469 782 510 Ulpianus
807 471 835 501 d.
852 470 870 501 l.
890 475 917 504 8.

54 518 82 559 §.
103 527 125 549 1.
144 518 201 555 ait,
219 517 247 547 id
266 513 391 555 spectari
404 521 467 553 quo
478 522 525 544 res
537 521 684 552 umquam
698 513 820 551 plurimi
838 511 917 550 fuit3

54 558 204 599 additque
215 557 294 594 hoc,
311 556 359 586 vel
371 554 444 586 inde
454 553 583 594 intelligi
595 577 603 591 ‚
622 556 708 593 quod
721 553 913 584 tui-deterio-

54 609 120 632 rein
147 608 210 630 rem
235 597 345 628 fastam
372 596 478 627 dando
494 604 557 626 non
576 594 743 626 liberatur:
767 603 807 624 eo
826 593 913 633 quod

52 642 172 681 semper
188 647 304 671 moram
326 636 433 668 facere
449 637 584 668 videtur.
609 635 764 677 Exempla
784 635 848 666 duo
863 635 913 681 ad-

54 682 117 714 fert
135 681 245 713 Paulus
264 679 281 709 l.
305 688 349 719 ¹3·
366 679 384 709 h
412 684 433 709 t.
461 679 546 718 prius
564 677 628 716 est,
653 679 739 718 quod
758 677 787 707 in
806 676 914 707 condi-

53 725 158 755 (tione
175 723 360 761 poculorum
378 729 447 760 quae
465 720 521 751 {int
535 719 614 750 facta
624 729 663 750 ex
682 718 818 758 surrepta
836 726 912 748 mas-

51 765 79 796 sa
97 787 105 802 ,
128 766 220 795 etiam
245 761 278 793 fit
304 761 463 792 coelarurae
488 760 662 792 aeltimatio.
695 761 828 790 alterum
852 757 912 789 est:

54 807 139 845 quod
155 804 173 835 ii
192 803 293 836 infans
312 803 468 843 surreptus
484 803 679 839 adoleverit,
696 800 860 832 aestimatio
877 799 914 830 fit

53 846 277 885 adolescentis,
308 845 452 886 quamvis
484 851 557 875 cura
589 846 618 875 ot
642 842 814 884 sumptibus
837 840 916 872 furis

52 886 198 920 creverit.

93 929 193 969 Spero
210 951 219 967 ,
249 936 354 968 neque
378 928 522 959 inutilem
539 950 549 965 ‚
580 934 685 965 neque
712 923 806 956 taedio
827 947 838 962 ,
870 922 917 954 fu-

53 978 154 1001 turam
180 971 357 1000 orationem
393 968 571 1006 monentis,
589 968 688 1012 ‘quod
712 970 751 997 de
774 966 916 1006 periculo

52 1011 130 1044 suris
154 1011 237 1047 dixi,
262 1009 312 1041 ubi
339 1019 431 1049 periit
457 1021 504 1041 res
521 1010 654 1045 furtiva,
679 1017 740 1039 non
759 1007 821 1039 sine
839 1014 916 1038 tem-

55 1062 239 1094 pcramcnto
256 1051 355 1092 accipi
372 1060 531 1091 oportere.
548 1050 816 1091 quemadmodum
833 1050 917 1081 enim

53 1094 226 1135 periculum
254 1092 313 1124 fuit
332 1093 529 1133 conloquens
555 1101 651 1124 morte
668 1100 758 1131 quam
776 1089 826 1121 fur
843 1092 916 1121 iem·

55 1146 112 1176 pei·
127 1136 231 1166 facere
251 1134 450 1175 intelligitur:
473 1135 514 1165 ita
532 1134 662 1164 rationis
679 1131 722 1163 est
736 1157 744 1169 ‚
767 1132 855 1162 aliter
871 1141 912 1162 re-

56 1178 136 1217 cipi,
164 1184 289 1217 purgata
309 1185 412 1213 mora,
437 1175 466 1206 ὅ(
492 1175 598 1215 postca
618 1174 708 1205 nulla.
732 1172 918 1204 adferuntur

55 1227 160 1249 autem
178 1218 231 1248 sub
249 1216 431 1247 lioc'l'itulo
444 1217 528 1248 modi
541 1218 784 1255 duopurgandae
801 1223 917 1245 morae:

55 1260 177 1290 oblatio
200 1258 240 1289 rei*
265 1257 408 1296 fui·tivae‚
433 1259 461 1289 δι
485 1256 625 1288 novatio.
655 1258 777 1287 oblatio
802 1253 845 1286 est
871 1255 915 1286 rei

55 1301 230 1339 paesentis:
254 1298 314 1329 sola
333 1298 414 1329 enini
434 1300 564 1339 praesens
591 1296 698 1328 offerri
717 1295 840 1339 potest:
863 1296 914 1326 ab·

53 1342 121 1373 sens
147 1348 209 1371 non
235 1339 337 1379 potest
352 1340 369 1370 l.
389 1346 438 1378 22'.
457 1339 484 1380 §.
501 1349 527 1378 3.
546 1338 586 1369 D.
600 1340 632 1369 de
643 1339 724 1374 solut.
740 1347 776 1368 ea
792 1337 915 1368 oblatio

53 1391 103 1414 aut
121 1382 201 1412 nuda
227 1381 271 1412 est
286 1389 338 1411 aut
364 1380 520 1411 solemnis.
546 1381 627 1410 nuda
648 1379 682 1410 fit
701 1379 852 1410 adhibitis
869 1386 914 1410 tem

54 1423 169 1458 stibus,
193 1432 255 1453 non
284 1421 388 1452 secuta
413 1422 631 1462 obsignatione
650 1421 679 1452 ἂ
704 1419 913 1461 depositione.

53 1465 121 1496 talis
146 1463 266 1495 oblatio
290 1472 408 1494 moi-ain
436 1470 564 1503 purgat,
588 1461 824 1493 condictionem
848 1471 912 1492 non

54 1506 155 1537 tollit:
178 1506 304 1543 urique,
329 1505 475 1544 quamdiu
501 1514 548 1536 res
572 1512 677 1534 extat.-
701 1509 732 1533 at
757 1502 913 1542 extincta,

55 1547 149 1577 to'lit.
174 1545 339 1581 videlicet,
362 1545 433 1586 quia
456 1555 543 1577 mora
568 1553 713 1585 purgata,
738 1545 914 1584 periculum

57 1586 166 1618 desinit
190 1585 250 1617 css'e
273 1585 369 1625 fui-is3
395 1587 422 1617 ἃ
447 1587 597 1626 deinceps
615 1585 649 1616 fit
666 1586 803 1617 domini:
826 1586 913 1627 cujus

56 1627 165 1665 foret,
188 1636 250 1657 non
276 1628 358 1658 iacto
383 1626 491 1665 furto,
514 1627 545 1658 id
571 1626 634 1662 est,
659 1635 745 1658 mora
767 1627 806 1658 ab
823 1628 915 1659 initio

57 1678 122 1701 non
148 1667 281 1700 admiila.
304 1668 449 1699 solemnis
472 1668 592 1700 oblatio
615 1668 677 1706 est,
701 1677 792 1706 quam
811 1668 914 1700 secuta

56 1710 93 1743 fit
104 1709 277 1750 obligando
289 1710 316 1740 ἃ
328 1708 494 1749 depositio.
512 1711 577 1750 ejus
589 1709 685 1749 major
696 1710 740 1740 vis
751 1709 810 1747 est,
828 1719 918 1748 quam

56 1753 166 1784 ‘nudaez
191 1752 277 1782 cedit
304 1761 386 1783 enim
411 1755 463 1791 (ut
490 1751 673 1791 intelligitur
696 1761 736 1782 ex
751 1751 768 1782 l.
786 1761 815 1788 9.
834 1752 866 1783 C.
888 1755 921 1784 ile

52 1793 137 1833 solui.
149 1792 183 1827 ἐπ”
199 1794 208 1822 l
239 1801 283 1828 19.
305 1792 337 1823 C.
349 1796 382 1822 ile
397 1794 509 1833 iilicris)
527 1802 584 1831 pro
602 1792 774 1824 iolutione:
789 1793 919 1834 ejusque

57 1835 206 1873 exemplo
223 1841 286 1865 tam
312 1842 439 1866 extante
459 1844 491 1866 re
513 1833 646 1872 furtiva,
676 1843 769 1874 quam
800 1845 920 1875 perem-

56 1880 110 1916 pta
127 1874 358 1906 condiEtionem
371 1875 469 1906 tollit:
488 1876 558 1916 quia
570 1876 699 1914 perinde
717 1876 867 1914 liabetur,
883 1886 920 1908 ac

56 1916 78 1948 fi
95 1926 142 1948 res
159 1916 273 1947 furtiva
291 1917 423 1948 domino
439 1916 674 1948 ess'etrestituta.
697 1915 920 1950 Demonstrata

56 1956 98 1988 fic
114 1966 221 1988 natura
239 1959 398 1997 utriusque
411 1958 581 1989 oblationis
593 1981 602 1996 ,
614 1958 642 1989 δ(
657 1959 746 1989 nudae
765 1959 794 1990 ὃ(
811 1960 919 1991 folem-

56 1999 119 2029 nis:
144 1999 224 2029 ultro
246 1999 362 2038 liquet,
387 2001 460 2036 quid
480 2000 553 2030 velit
571 1999 634 2030 hoc
653 2000 774 2040 ulpiani
794 2000 803 2030 l
831 2006 859 2034 8.
879 2001 919 2034 I).

56 2039 84 2070 b.
98 2045 118 2069 t.
130 2039 162 2070 ln
180 2049 207 2069 re
221 2040 343 2077 furtiva
359 2040 495 2072 conaifflo
511 2043 634 2081 ipsorum
650 2049 798 2081 corporum
814 2049 919 2083 compe>

58 2081 173 2119 iiuseii
189 2088 287 2111 uirum
303 2083 431 2119 tamdiu,
454 2083 592 2123 quamdiu
609 2090 728 2119 extant,-
748 2093 786 2113 (ιη
804 2093 869 2114 vero
884 2083 921 2118 ἐξ

54 2119 83 2158 fi
107 2120 232 2155 :iefieri'tit
251 2122 301 2161 effe
317 2124 347 2153 in
365 2126 447 2153 relius
473 2124 632 2155 humanis?
657 2122 735 2162 Ecfi
747 2126 859 2165 quictem
876 2127 907 2156 oli

60 2162 125 2192 tulii
137 2162 209 2201 fiir,
222 2162 377 2200 fiiieciulii'o
393 2164 475 2195 milla
489 2166 541 2195 eric
561 2165 706 2196 corzdz'fflz'o.
726 2165 754 2203 fi
770 2176 826 2196 non
842 2168 918 2197 oblu-

57 2202 89 2232 lic
101 2226 108 2239 ‚
125 2203 356 2235 ciii-micomli'fflo
371 2203 560 2245 estimationis
576 2206 655 2247 ejus:
672 2215 768 2247 corpus
787 2209 861 2238 enim
877 2209 919 2249 ip-

48 2246 161 2284 suiiipr
181 2242 258 2284 stari
273 2254 328 2275 neri
343 2245 440 2286 pviifl.
457 2246 507 2277 Sic
527 2248 688 2287 Llpianus.
704 2251 742 2279 ad
761 2251 921 2282 eumdem-

56 2293 118 2323 que
136 2294 262 2316 moduni
282 2287 384 2326 potest
396 2289 515 2328 accipi,
532 2294 619 2328 quod
639 2291 678 2320 de
695 2289 861 2321 oblatione
878 2292 919 2323 di-

56 2326 138 2356 Ctum
154 2336 169 2357 a
193 2326 360 2365 Papiniano
380 2329 536 2369 i‚17.h.t.
558 2330 644 2360 Alter
660 2334 772 2361 modus
790 2341 921 2372 purgan-

56 2368 102 2397 dae
115 2377 206 2398 morat
219 2367 262 2399 est
274 2378 421 2400 novatio:
439 2370 500 2400 sive
510 2370 649 2411 fimplice
660 2370 860 2412 stipulatione
871 2372 923 2405 fiat

52 2407 134 2439 inter
151 2411 274 2440 easdem
292 2410 455 2448 personas:
472 2410 533 2442 sne
552 2413 783 2444 interveniente
801 2415 922 2456 delega-

54 2449 140 2479 tione
161 2451 241 2480 inter
260 2451 406 2482 dut-rias.
439 2456 602 2493 utriusque
623 2455 767 2485 meminit
784 2453 920 2494 Papinia«

52 2497 110 2520 nus
126 2492 153 2520 d.
171 2492 188 2521 l.
205 2501 247 2530 ¹7·
266 2502 318 2523 ver
333 2492 418 2524 sfiire
436 2495 621 2533 arbitratus,
645 2503 788 2526 neutram
801 2506 833 2526 re
843 2506 918 2536 prae-

55 2530 140 2560 sente
152 2541 242 2571 cgere
254 2544 261 2564 :
274 2543 342 2570 quia
357 2536 498 2565 noccai‘u
509 2559 518 2572 ‚
529 2538 671 2575 quamvis
682 2547 728 2568 res
742 2537 836 2572 abiit.
854 2547 917 2569 non

54 2570 253 2617 potestmora
271 2583 309 2604 cx
326 2577 409 2605 lutto
420 2586 452 2606 ex
463 2577 573 2608 eniens
584 2577 756 2618 superclio,
775 2578 917 2610 furtiob-

53 2612 574 2657 ligationeinaliamintei·veniente
584 2621 921 2652 novationetranslata.

93 2652 191 2693 igitur
216 2663 365 2699 purgatur
386 2666 404 2688 a
426 2658 495 2691 fure
520 2668 609 2693 mora
624 2660 790 2692 oblatione
807 2662 850 2693 rei
868 2669 922 2693 aut

756 2743 1121 2782 T1TuLus.

590 2798 604 2821 Ὺ

951 88 978 126 1.
1014 91 1064 128 De
1077 92 1261 128 coiidiblione
1269 92 1410 140 furtiva.
1766 96 1836 141 237

964 182 1151 214 novatione.
1174 183 1223 214 An
1247 183 1343 215 etiam
1357 205 1367 222 ‚
1390 183 1411 216 fi
1433 190 1545 225 parato
1572 182 1644 214 fure
1660 181 1839 214 condictio-

964 232 1036 254 nem
1060 226 1229 265 excipere,
1253 234 1309 264 pei·
1332 236 1383 257 me
1405 225 1526 258 steterit
1550 234 1617 256 rem
1641 225 1834 265 condiceret

963 273 1034 295 cum
1060 265 1136 296 effen
1159 267 1189 296 in
1216 267 1308 298 rebus
1334 268 1502 306 humanis,
1521 268 1551 299 ἂ
1576 266 1685 308 postea
1711 266 1746 296 iit
1763 275 1834 305 per·

963 313 1070 344 empta
1085 306 1101 337 ‘s’
1118 305 1353 347 Tryphoninus
1368 309 1386 339 l.
1400 310 1452 341 uli.
1465 311 1492 340 h.
1511 316 1533 341 t.
1553 316 1665 350 negat:
1682 307 1834 345 testatus,

963 345 1099 378 Veteres
1117 347 1270 387 voluiffe‚
1290 349 1351 388 jam
1377 351 1616 382 condictionem
1642 350 1760 380 durare.
1787 357 1832 379 at-

961 388 1015 426 qui
1033 389 1124 419 aliter
1140 390 1258 427 placuit
1276 391 1305 420 in
1323 392 1446 422 caeteris
1462 391 1672 423 debitoribus.
1689 389 1831 421 Demus:

958 427 1037 469 juste
1054 431 1091 459 ad
1107 429 1260 469 judicium
1279 433 1530 469 provocantibus
1548 433 1566 463 l.
1585 442 1633 471 24.
1657 431 1695 462 1).
1715 434 1747 462 cle
1765 434 1832 471 usu-

961 471 1012 499 ris.
1036 471 1078 500 At
1103 472 1143 501 de
1166 471 1237 502 fure
1263 473 1327 502 dici
1352 472 1416 503 hoc
1440 475 1493 513 qui
1522 472 1653 513 potest?
1676 482 1745 505 nam
1764 482 1831 512 ejus

961 519 1132 556 numquam
1148 512 1226 551 justa
1244 512 1332 544 causa
1351 513 1404 545 est.
1429 516 1494 545 imo
1510 523 1623 546 contra
1639 511 1832 554 Tryphoni-

960 560 1039 590 nus,
1064 553 1206 590 videtur,
1231 555 1351 593 inquit,
1375 556 1424 586 fur
1448 556 1501 595 qui
1528 557 1630 595 primo
1654 557 1757 586 invito
1773 556 1830 586 do-

958 593 1126 625 minorem
1156 596 1422 635 contrectaverit,
1446 597 1568 636 semper
1591 598 1620 627 in
1638 596 1830 628 restituenda

958 644 993 664 ea
1009 644 1102 677 quam
1121 645 1181 666 nec
1199 636 1310 667 debuit
1332 638 1477 674 auferre,
1500 647 1619 669 moram
1637 637 1753 669 facere.

997 676 1152 715 Expoiito
1177 677 1229 707 usu
1254 679 1468 710 condictionis
1495 678 1642 716 furtivae,
1676 680 1828 719 deinceps

956 727 992 749 an
1011 717 1179 749 neccffazia
1195 719 1248 757 sit,
1276 721 1446 751 videamus.
1470 719 1548 752 Eam
1574 721 1663 751 litem
1689 718 1758 751 finit
1777 722 1828 759 ju-

955 758 1102 791 stinianus
1117 759 1146 800 ῇ,
1173 768 1215 797 14.
1236 758 1303 799 [iifl.
1319 771 1352 791 ιιε
1370 761 1529 793 ustionibus
1549 761 1653 793 verbis
1671 760 1830 801 sequenti-

960 802 1037 832 bus:
1057 800 1147 831 Plane
1163 802 1222 831 oriio
1238 803 1338 839 furum
1355 813 1409 843 quo
1424 805 1516 843 magis
1520 803 1653 844 pluribus
1667 801 1829 833 aeronibus

958 848 1132 880 teneantur,
1156 842 1286 882 effectum
1305 842 1361 884 eft:
1384 850 1416 875 iit
1439 851 1521 876 extra
1542 852 1657 884 poenam
1679 843 1758 883 dupli
1774 849 1828 874 aut

956 883 1109 925 quadrupli
1120 906 1127 920 ,
1144 886 1182 913 rei
1201 886 1364 924 ricipiendae
1380 888 1492 917 nomine
1499 887 1586 924 fures
1595 888 1679 917 eiiam
1689 887 1742 916 hac
1756 884 1829 916 affl-

957 934 1008 955 one
1028 931 1199 961 teneantur,
1225 925 1258 955 Si
1276 933 1409 966 apparet,
1434 937 1477 958 eos
1493 930 1561 958 dare
1575 934 1717 968 oportere,
1732 935 1831 967 quam-

959 967 1003 996 vis
1022 964 1064 1003 fii:
1090 968 1225 1002 adversus
1243 977 1286 998 (os
1301 970 1387 999 eiiam
1403 970 1459 999 liaec
1472 970 1504 999 in
1518 979 1575 999 rem
1590 968 1662 1000 αὲἶίο
1676 977 1728 1009 per
1743 974 1831 1009 quam

960 1016 1018 1037 rem
1027 1011 1114 1045 suam
1132 1009 1195 1048 quis
1212 1007 1347 1049 effepezic.
1365 1010 1550 1047 ⁸iustinianns
1566 1008 1735 1051 fignificat,
1753 1019 1833 1041 con-

965 1048 1136 1079 dictionem
1153 1048 1302 1081 furtivam
1328 1050 1389 1082 effe
1406 1052 1566 1083 inventam
1583 1052 1723 1089 idcirco,
1743 1050 1831 1092 quod.

961 1091 1069 1121 odium
1094 1088 1200 1121 furum
1225 1091 1415 1131 postularet,
1448 1103 1504 1124 eos
1531 1093 1654 1130 (add0‚
1678 1093 1757 1124 alios
1784 1094 1830 1123 eis

960 1130 1072 1162 similes
1090 1131 1110 1161 l.
1130 1139 1155 1162 1.
1170 1132 1198 1173 §.
1221 1142 1246 1163 1.
1265 1133 1283 1163 l.
1304 1133 1558 1165 2.l).decondi8t.
1577 1134 1689 1172 tritic.)
1729 1134 1831 1165 ravius

961 1174 1081 1210 teneri,
1115 1181 1209 1212 quam
1227 1175 1373 1216 vulgares
1402 1176 1488 1207 malae
1518 1175 1591 1207 fidei
1616 1175 1715 1216 poss'ei
1728 1175 1831 1213 ores,

960 1214 1177 1245 vindicatione
1193 1216 1322 1254 quidem
1339 1215 1500 1248 adstrictos
1531 1218 1570 1248 ad
1595 1216 1831 1248 restitutionem

960 1255 1024 1293 rei,
1036 1255 1061 1297 Ji
1078 1264 1145 1286 eam
1162 1256 1357 1296 poffideant‚
1374 1265 1426 1288 aut
1437 1257 1578 1297 alioquin
1597 1257 1734 1288 fecerint
1750 1259 1829 1289 dolo

959 1297 1063 1334 malo,
1087 1306 1152 1336 quo
1178 1298 1280 1330 minus
1305 1298 1497 1339 poffideant:
1521 1307 1552 1329 at
1578 1298 1740 1330 condictio
1764 1298 1831 1330 fiir-

958 1337 1023 1369 tiva
1046 1337 1222 1370 indistincte
1246 1341 1336 1370 datur
1359 1340 1505 1372 adversus
1529 1340 1631 1371 furem
1651 1356 1660 1379 ,-
1682 1339 1738 1371 etfi
1765 1346 1831 1371 rem

957 1378 1107 1410 furtivam
1125 1389 1188 1411 non
1210 1381 1383 1420 posfideat‚
1407 1391 1467 1412 nec
1492 1382 1568 1413 dolo
1593 1382 1677 1413 malo
1695 1381 1833 1420 fecerit,

959 1429 1024 1460 quo
1052 1422 1153 1453 minus
1175 1422 1328 1462 possideat
1352 1422 1380 1464 ᾗ.
1405 1423 1459 1453 ult.
1481 1421 1551 1463 [nst.
1567 1424 1600 1453 de
1615 1422 1696 1463 ohlig.
1714 1433 1777 1464 quie
1795 1431 1832 1455 ex

957 1461 1051 1493 deli&
1077 1465 1155 1493 nale.
1180 1464 1245 1494 imo
1264 1487 1272 1502 ‚
1305 1472 1340 1494 ut
1367 1464 1502 1494 vidimus
1520 1486 1529 1503 ‚
1562 1471 1690 1495 tenetur
1714 1466 1829 1503 etiam,

956 1513 1029 1534 cum
1056 1513 1124 1534 eam
1150 1504 1250 1536 amisit
1274 1504 1344 1536 casu
1369 1504 1534 1536 fortuito:
1559 1504 1613 1544 qui
1638 1506 1668 1536 in
1692 1505 1737 1537 rei
1762 1506 1834 1536 vin-

958 1545 1151 1576 dicationem
1183 1553 1246 1577 non
1278 1546 1391 1584 venit;
1430 1555 1464 1576 ut
1493 1553 1625 1586 apparet
1655 1552 1696 1577 ex
1728 1547 1746 1576 l.
1784 1549 1830 1578 16.

963 1587 1004 1617 L).
1023 1587 1055 1617 de
1070 1588 1111 1616 rei
1128 1588 1238 1618 vindic.
1256 1587 1292 1622 ἐξ·
1309 1588 1328 1619 l.
1347 1596 1396 1626 40.
1416 1587 1456 1618 D.
1482 1590 1515 1618 zie
1537 1588 1619 1627 petit.
1639 1586 1730 1618 hered.
1748 1586 1833 1619 Indi-

957 1636 1048 1667 caVi,
1073 1637 1137 1666 quo
1156 1628 1239 1659 sensu
1257 1630 1399 1666 dicatur,
1422 1629 1500 1659 odio
1532 1628 1638 1660 surum
1662 1628 1832 1669 placuiffe,

956 1678 1033 1707 eos,
1057 1678 1171 1709 praeter
1189 1670 1346 1701 astionem
1364 1670 1441 1701 furti
1460 1670 1490 1702 ἂ
1516 1671 1559 1701 rei
1580 1670 1833 1703 vindicationem

963 1710 1056 1741 etiarn
1086 1711 1293 1742 condictione
1317 1711 1434 1743 fui-tiva
1455 1711 1621 1753 adstringi,
1646 1712 1675 1743 δι
1700 1711 1833 1752 quidem

963 1752 1077 1793 magis,
1103 1753 1133 1783 id
1158 1753 1221 1791 est,
1245 1753 1388 1793 gravius,
1412 1762 1504 1793 quam
1530 1755 1573 1784 rei
1601 1753 1832 1786 vindicatione.

963 1794 1077 1825 Adbuc
1096 1794 1191 1833 latet,
1216 1804 1274 1835 qua
1291 1796 1412 1826 ratione
1427 1793 1478 1826 fur
1494 1794 1616 1826 dicatur
1640 1795 1679 1825 ad
1694 1795 1835 1827 dandum

962 1835 1169 1866 condictione
1186 1835 1304 1867 furtiva
1322 1836 1506 1868 conveniri:
1529 1845 1600 1867 cum
1611 1835 1835 1868 soliconceda-

963 1882 1013 1907 tur
1032 1876 1183 1915 domino;
1206 1878 1334 1918 ejusque
1353 1880 1439 1918 quod
1453 1877 1498 1909 est
1513 1878 1574 1918 jam
1593 1878 1678 1918 ejus,
1701 1877 1836 1917 ampliu·

963 1919 1112 1949 dominus
1144 1918 1211 1950 fieri
1244 1928 1390 1959 nequeat.
1415 1919 1489 1951 Aliis
1519 1920 1602 1951 aliud
1635 1918 1731 1951 sedet.
1756 1919 1836 1950 mihi

963 1960 1130 2000 probabile
1144 1959 1210 1999 est,
1233 1960 1314 1992 hanc
1330 1961 1462 1992 actionis
1479 1960 1650 1992 formulam
1672 1969 1737 1991 non
1763 1969 1836 2000 pro-

963 2002 1079 2033 cedere
1097 2011 1114 2032 a
1136 2011 1232 2033 vero:
1255 2001 1306 2033 sed
1323 2000 1476 2040 Veteres,
1502 2011 1536 2033 ut
1551 2003 1650 2034 multa
1672 2002 1729 2033 alia
1746 2002 1837 2032 colo-

963 2052 997 2073 re
1020 2042 1129 2083 aliquo
1151 2043 1364 2081 induxerunt,
1388 2046 1430 2074 ita
1453 2043 1483 2074 in
1512 2042 1678 2084 propofito
1703 2042 1837 2074 voluisse

964 2084 1017 2115 sub
1035 2084 1093 2115 isto
1110 2085 1222 2115 colore
1242 2085 1414 2125 periculum
1427 2085 1469 2115 rei
1487 2084 1634 2125 furtivae,
1654 2084 1673 2116 fi
1689 2094 1753 2124 quo
1768 2083 1836 2116 for-

963 2127 1046 2156 tuito
1065 2125 1134 2157 casu
1154 2135 1280 2164 pereat,
1302 2135 1358 2158 reo
1381 2127 1551 2164 eidemque
1568 2125 1648 2164 furi,
1674 2133 1838 2165 tamquam

963 2169 1115 2206 domino,
1142 2176 1260 2199 nocere
1277 2169 1403 2207 potius,
1427 2176 1520 2205 quam
1546 2167 1664 2206 acron,
1686 2169 1723 2198 ad
1740 2172 1839 2206 quem‘

962 2209 1100 2248 alioquin
1116 2208 1185 2249 jure
1210 2210 1342 2241 dominii
1366 2207 1410 2240 rei
1433 2207 1579 2240 interitus
1607 2209 1782 2249 pertineret
1794 2214 1837 2240 ex

963 2252 1077 2291 regulis
1089 2250 1174 2290 juris,

1010 2292 1126 2323 Praeter
1161 2292 1239 2322 certi
1270 2290 1510 2323 condictionem
1537 2299 1578 2321 ex
1603 2289 1693 2321 causa
1715 2287 1836 2323 furtiva

966 2333 1099 2364 domino
1122 2332 1267 2363 adversus
1292 2332 1393 2364 furem
1426 2332 1664 2363 accommodari
1693 2333 1837 2372 lentam,

966 2376 1009 2405 eil
1027 2374 1084 2405 alia
1101 2383 1169 2412 quae
1182 2372 1296 2404 incerti
1317 2380 1468 2404 vocatur:
1485 2375 1682 2413 &competit
1699 2374 1727 2404 ei
1746 2374 1836 2413 cujus

966 2425 1029 2447 non
1056 2415 1232 2446 dominium
1258 2413 1338 2451 fuit,
1364 2414 1414 2445 sed
1442 2413 1598 2454 poil‘effio.
1623 2412 1838 2448 Observatum

965 2457 1146 2496 exemplum
1167 2457 1205 2486 ab
1226 2456 1361 2495 ulpiano
1377 2456 1395 2485 l.
1414 2464 1458 2486 12.
1477 2454 1502 2496 §r
1525 2464 1554 2486 2.
1576 2456 1617 2486 D.
1635 2455 1661 2486 h.
1681 2460 1702 2486 t.
1720 2457 1749 2487 in
1768 2465 1838 2489 cre-

964 2497 1067 2529 ditore
1085 2497 1287 2538 pigneratitio
1307 2496 1352 2528 his
1365 2495 1486 2526 verbis:
1508 2495 1652 2527 Neratius
1661 2496 1739 2527 libris
1750 2507 1837 2529 inem-

963 2539 1121 2570 branarum
1153 2538 1318 2577 Aristonem
1350 2534 1517 2576 existimasse
1542 2537 1660 2576 refert,
1691 2541 1764 2570 eum
1788 2541 1837 2571 cui

959 2582 1074 2621 pignori
1089 2588 1128 2609 res
1148 2580 1216 2610 data
1227 2578 1288 2618 fii,
1310 2580 1414 2610 incerti
1437 2577 1612 2610 condictione
1635 2578 1790 2620 asturum,
1804 2577 1835 2619 st

962 2630 996 2652 ea
999 2622 1139 2662 subrepta
1153 2618 1202 2660 est.

1175 2740 1218 2782 II.

743 2821 794 2858 De
808 2821 992 2856 condiaione
1008 2831 1047 2855 ex
1069 2821 1144 2866 Iege.

56 2901 156 2976 Ex
182 2899 293 2947 ordine
308 2901 456 2950 ¹sequitur
480 2906 643 2939 condictio
673 2917 714 2941 cx
738 2909 828 2949 lege,
859 2908 923 2950 ipsa

149 2943 239 2973 multi
261 2952 371 2983 injure
391 2945 469 2977 usus.
489 2949 528 2978 de
547 2948 603 2979 hac
621 2959 661 2981 iia
680 2951 792 2983 Paulus
815 2952 921 2981 tunic.

53 2984 88 3014 Si
103 2983 237 3023 obligatio
254 2983 312 3025 lege
327 2995 402 3017 nova
417 2988 579 3020 introducta
588 2989 627 3025 fii
637 3014 645 3028 ‚
676 3000 726 3023 nec
743 2999 862 3024 cautum
877 3001 921 3022 ea-

55 3025 117 3056 dem
140 3025 216 3066 lege,
239 3035 292 3099 ῗιιο
327 3037 426 3065 genere
449 3027 568 3060 ustionis
591 3035 788 3071 experiamur,
813 3043 849 3064 ex
866 3032 923 3073 lege

55 3068 199 3108 agendum
213 3067 261 3106 egl.
287 3067 396 3099 l’auius
423 3079 536 3102 noxam
554 3074 689 3110 appellat
707 3075 827 3114 legem,
853 3083 921 3113 quae

54 3105 91 3138 fit
112 3108 172 3139 lata
191 3108 259 3148 post
277 3107 397 3155 Ligtm
418 3109 596 3143 Duodecim
613 3110 826 3145 Tabularum:
850 3124 919 3155 quae

54 3146 134 3188 saepe
156 3157 266 3187 vetuS,
290 3152 352 3182 iiie
371 3153 515 3190 antiqua,
543 3156 715 3192 apiiellatur
759 3154 856 3196 Igitur
873 3156 917 3187 in·

51 3197 148 3223 tenta
170 3191 223 3223 tali
249 3201 334 3226 nova
355 3191 445 3235 Lege
469 3195 685 3238 obligatione,
709 3205 770 3230 nec
786 3199 917 3239 prodito

965 2917 1001 2939 ea
1018 2907 1149 2940 nomine
1167 2910 1301 2941 actionis
1318 2932 1328 2949 ‚
1350 2911 1417 2951 eius
1442 2910 1670 2943 executionem
1686 2911 1837 2946 procum

967 2958 1060 2980 turae:
1084 2950 1201 2991 placuit
1220 2975 1228 2988 ,
1258 2950 1506 2990 Jureconsultis,
1532 2953 1561 2981 in
1588 2949 1657 2981 Fori
1683 2949 1838 2990 Disputa-

967 2998 1056 3022 tione
1080 2992 1120 3023 de
1134 3001 1170 3023 ea
1188 2993 1436 3025 deliberantibus
1459 2994 1478 3024 l.·
1498 3003 1524 3024 2.
1553 2991 1579 3032 §.
1596 2994 1626 3021 6.
1645 2990 1691 3022 D.
1714 2991 1747 3021 de
1764 2993 1838 3034 orig,

962 3032 1025 3073 jur.
1050 3041 1091 3065 ex
1121 3033 1191 3075 lege
1215 3035 1456 3066 condictionem
1483 3033 1672 3064 concedere.
1716 3030 1841 3066 Extant

965 3075 1133 3114 complura
1149 3077 1314 3116 exempla:
1331 3078 1380 3107 led
1398 3074 1551 3114 defungar
1569 3082 1633 3104 uno
1653 3080 1707 3105 aut
1725 3074 1839 3109 altero,

964 3115 1025 3146 tale
1040 3115 1147 3148 aufert
1167 3115 1323 3158 Ulpianus
1341 3118 1359 3147 l.
1378 3123 1423 3155 2'7·
1439 3115 1465 3156 §.
1487 3118 1540 3146 αιε,
1562 3113 1601 3145 D.
1621 3114 1672 3145 Ad
1683 3115 1754 3157 Leg.
1768 3115 1836 3158 Jui„

961 3157 994 3187 de
1011 3157 1106 3189 adult.
1133 3168 1172 3190 ex
1190 3167 1298 3199 capite
1322 3166 1410 3188 notio
1431 3156 1525 3198 Legis
1556 3155 1637 3187 luliae
1654 3156 1695 3187 de
1718 3156 1841 3191 adulte·

960 3198 1028 3230 riis:
1050 3198 1093 3231 fic
1120 3200 1266 3242 loquens.
1309 3198 1341 3230 Si
1359 3197 1467 3231 servus
1489 3198 1641 3231 adulterii
1656 3199 1840 3244 accusetur„

956 3239 1062 3283 ΘΗ
