2036 3495
489 141 554 177 AD
582 139 668 173 LIB.
699 137 795 174 XVI.
824 135 925 170 TiT.
953 133 995 170 ΙΙ.

52 244 84 268 te
101 233 209 267 deberi
235 231 364 264 divortii
391 238 512 271 poenas.
537 227 588 259 Sic
612 227 641 258 iri
662 226 781 273 judicio
800 227 922 273 domos

49 278 134 310 ribus
150 275 233 307 civili
257 274 285 304 ἃ
303 272 473 303 ordinario.
496 277 526 300 at
543 270 572 301 in
586 269 715 308 publico
727 267 755 298 ἃ
768 267 921 298 criminali

53 319 206 358 Ulpianus
222 315 241 346 l.
255 324 281 346 2.
298 313 366 355 ὃς.
386 313 427 344 D.
437 312 486 343 Aa
500 311 553 352 leg.
572 310 636 351 Jul.
656 311 688 340 de
703 309 793 340 adult.
811 317 923 340 conti-a

54 358 163 390 scribit
179 357 242 388 hoc
257 356 371 386 modo:
396 354 429 385 Si
444 352 571 393 publico
585 350 704 388 judicio
721 351 922 381 iiiriritusuxo-

55 409 114 431 rem
128 408 204 430 ream
212 397 311 437 faciat
324 418 333 434 ,
357 405 395 426 an
410 394 542 425 lenocinii
557 392 688 433 allegatio
706 392 823 431 repellat
839 392 924 422 mari-

58 447 120 472 tum
142 441 176 471 ab
199 437 399 473 accusatione?
422 436 463 466 Et
473 439 591 474 putem,
607 442 664 463 riou
691 433 828 472 repellere.
851 433 924 463 lerio-

59 483 168 513 cinium
185 481 276 521 igitur
293 478 390 509 mariti
406 478 496 516 ipsum
512 480 694 512 ouerat‚non
713 474 857 506 mulierem
873 483 921 504 ex-

58 523 146 561 cusat.
168 519 330 552 Clarius&
350 516 472 549 uberius
488 515 566 556 Imp.
583 516 763 547 Antoninus
780 517 826 547 lis).
849 524 923 547 xxx.

60 564 131 594 Coa.
157 563 275 603 Gregor.
293 560 336 590 tit.
354 568 381 589 ε.
400 557 557 588 Habebunt
575 563 670 587 autem
692 563 759 588 ante
774 557 865 589 oculos
878 558 922 587 in·

55 605 185 646 quirere,
200 612 238 634 an
252 610 315 631 cum
332 606 364 630 tu
378 600 481 637 pudice
497 600 625 636 viveres,
644 599 688 629 illi
707 608 817 640 quoque
840 600 922 629 bonos

60 655 149 676 mores
173 643 278 675 colendi
300 640 401 671 arctior
415 637 513 680 fuisti.
533 641 721 681 periniquum
747 641 822 671 euim
851 641 922 670 mihi

57 687 172 717 videtur
188 682 237 724 tffi’
248 706 256 721 ‚
273 688 304 712 ut
315 682 488 722 pudicitiam
498 682 546 712 vir
562 683 695 712 (aliua-ore
704 683 819 722 exigat,
836 691 922 721 quoru

57 728 114 768 ipse
130 735 185 756 uon
202 724 323 755 exhibet.
342 734 402 764 qure
418 733 461 753 res
475 721 565 763 potest
583 722 619 757 δέ)
643 724 744 754 virum
765 724 922 761 damnare,

58 777 113 799 non
137 768 168 797 ob
197 765 446 805 corripensatz'mzem
476 766 571 795 mutui
601 766 732 794 criminis
760 774 818 795 rem
849 766 923 794 iuter

58 814 212 848 utrumque
228 813 388 846 componere
400 830 409 844 ‚
425 805 471 836 vel
486 804 682 846 coufiszabii
697 805 800 836 tollere.
823 804 918 835 Extat

56 851 141 881 idem
168 851 257 879 loeus
284 847 398 879 eodem
428 846 532 885 sensu,
556 856 617 878 non
644 856 792 886 peraeque
808 846 917 878 iisdem

57 889 161 923 verbis
178 889 208 920 in
225 889 244 920 l.
267 897 313 929 13.
329 888 357 929 §.
374 899 403 929 5.
423 888 464 918 1).
483 888 532 919 Aa
546 888 597 929 leg.
613 887 680 928 Jul.
698 889 730 918 de
745 889 837 919 adult.

96 931 309 972 Quacumque
326 931 419 970 igitur
436 929 574 960 excausa
591 929 732 961 debitum
744 930 798 969 fit,
813 929 922 968 utique

57 974 215 1014 privatum
233 972 263 1002 ἃ.
279 972 391 1008 civile,
414 971 478 1011 ejus
494 970 710 1010 compensatio
729 971 792 1010 est,
815 971 835 1002 si
853 981 921 1012 aga-

57 1022 110 1046 tur
135 1012 287 1053 personali
310 1012 451 1043 actione:
474 1021 544 1043 nam
569 1013 627 1042 hac
653 1011 771 1052 petitur
792 1012 922 1053 proprie

58 1056 203 1087 debitum
220 1063 259 1085 ex
278 1053 482 1094 obligatione.
507 1061 538 1084 at
554 1054 692 1084 actiones
709 1052 738 1084 in
756 1063 820 1085 rem
833 1077 841 1092 ,
858 1063 922 1085 non

58 1106 99 1128 ex
111 1095 239 1134 debito,
264 1104 324 1126 nec
339 1105 380 1126 ex
396 1095 593 1135 obligatione
605 1117 613 1132 ,
639 1095 789 1134 veniiint;
812 1095 863 1126 sed
883 1105 924 1126 ex

60 1138 203 1169 dominio
217 1160 226 1175 ,
243 1136 295 1167 vel
307 1137 376 1177 jure
392 1137 422 1167 in
441 1145 493 1173 re,
509 1135 786 1178 proficiscuntur§.
808 1146 833 1168 1.
853 1135 922 1176 Iuli.

62 1181 96 1210 de
112 1178 243 1209 auzonio.
269 1178 312 1208 ita
335 1186 404 1217 quae
429 1177 458 1208 in
484 1177 543 1208 illis
566 1178 738 1216 antiquitus
754 1177 924 1208 obtinebat

61 1218 300 1259 compensatio,
323 1219 352 1249 in
372 1218 417 1250 his
434 1218 593 1259 incognita
611 1218 671 1249 fuit
697 1226 770 1249 ante
785 1218 922 1258 justinia·

60 1270 146 1292 num.
172 1261 288 1300 primus
313 1260 419 1299 (quod
443 1259 620 1290 observavit
647 1258 685 1289 V.
712 1259 770 1291 CL.
789 1259 922 1299 jacobus

63 1302 209 1342 Cujacius
233 1301 280 1331 lib.
308 1310 355 1339 15.
385 1301 505 1339 Observ-
532 1311 554 1330 c.
582 1303 647 1338 ιε.)
672 1300 723 1331 ille
748 1300 923 1340 Imperator

59 1342 363 1381 niutavievetusjus
388 1342 406 1371 l.
430 1341 482 1372 ult.
506 1341 537 1371 C.
553 1342 580 1371 h.
599 1347 619 1372 t.
641 1342 723 1371 unde
747 1343 922 1381 descriptus

59 1383 104 1416 est
121 1383 149 1424 ὃ.
168 1393 217 1424 3ο.
238 1380 309 1422 lost.
327 1383 358 1412 de
374 1381 504 1413 asiiorzib.
522 1383 550 1412 in
568 1391 631 1421 quo
647 1381 687 1412 sic
703 1381 789 1414 infit:
812 1381 923 1422 Nostra

61 1424 232 1465 Constitutio
258 1425 366 1454 easdem
394 1423 627 1464 conzpeusciti'07ies
654 1432 718 1463 quie
737 1424 804 1464 jure
827 1431 922 1464 aperto

61 1468 199 1497 nituntur
218 1488 227 1504 ,
258 1465 346 1495 satiris
368 1466 548 1502 introduxit,
580 1470 613 1495 ut
637 1463 760 1495 aciioues
782 1466 837 1504 ipso
855 1466 925 1506 jure

61 1508 217 1543 minuant,
234 1504 296 1543 five
317 1507 347 1535 in
370 1515 446 1543 rem,
463 1504 526 1542 five
551 1507 581 1536 iu
596 1510 758 1545 personam,
774 1505 838 1544 five
852 1507 925 1538 alias

61 1556 259 1588 quascumque.
274 1546 352 1585 Imp.
366 1546 550 1585 justinianus
568 1548 709 1585 debitum,
727 1548 756 1578 in
775 1556 924 1587 compen-

63 1589 184 1619 iatione
202 1596 274 1618 ante
291 1586 416 1618 solitum
441 1588 558 1618 haerere
581 1588 660 1619 intra
682 1588 859 1626 personales
876 1599 924 1621 ac-

58 1629 185 1665 tiones,
208 1628 246 1659 ad
263 1627 400 1659 actiones
418 1629 447 1659 in
468 1637 533 1659 rem
552 1629 713 1668 porrexit:
737 1630 922 1670 arbitratus,

61 1668 294 1702 restitutionem
307 1668 497 1709 poffeffionis
508 1673 576 1710 qu'ae
593 1668 640 1700 his
652 1670 828 1702 vindicatur
837 1694 846 1710 ,
855 1672 923 1710 jure

65 1711 194 1750 quidem
205 1709 290 1740 civili
301 1710 432 1753 domino
448 1719 510 1742 non
523 1710 629 1742 deberi
639 1720 679 1742 ex
689 1712 752 1751 ejus
762 1713 790 1743 δι
808 1712 922 1752 posses-

67 1752 146 1783 soris
161 1757 392 1783 conventione:
408 1751 459 1783 sed
476 1751 503 1782 ei
514 1752 621 1783 deberi
638 1751 841 1785 nihilominus
854 1755 922 1794 Jure

61 1793 206 1834 gentium
217 1801 255 1823 ex
266 1792 414 1831 primaeva
423 1793 639 1824 conventione
649 1793 862 1826 distinctorum
872 1797 926 1827 do-

63 1834 325 1866 miniorumznon
343 1834 442 1872 male,
461 1843 520 1865 nec
537 1833 600 1865 sine
616 1836 782 1876 exemplo:
796 1846 867 1868 nam
884 1838 926 1869 ita

64 1884 116 1908 res
127 1875 241 1913 habet3
258 1875 287 1905 ἃ
298 1874 360 1905 hoc
370 1876 469 1906 mocio
480 1875 572 1906 etiam
590 1877 709 1907 debitum
721 1878 821 1918 accipi
833 1877 862 1909 in
874 1879 926 1909 de-

67 1916 216 1948 finitione
232 1915 364 1947 aetionis
376 1922 420 1956 pr.
441 1915 511 1955 Just.
528 1918 585 1947 eod.
604 1917 694 1952 tit&
709 1918 728 1948 l.
741 1922 807 1959 178.
827 1919 855 1960 §.
874 1920 926 1951 ult.

65 1956 109 1988 D.
125 1958 158 1987 de
175 1957 250 1987 verb.
261 1954 367 2001 fignif.
384 1956 548 1989 observavi
569 1958 651 1990 alibi.
671 1959 860 1997 justinianus
885 1969 928 1992 ta·

63 2006 138 2029 men
156 1997 194 2028 ab
212 1997 388 2028 actionibus
415 1998 540 2029 caetei·is
563 2000 684 2039 excipit
701 2000 857 2033 aCtionem
874 2002 926 2033 de-

64 2037 158 2080 positi
183 2039 210 2068 d.
231 2037 258 2079 §.
273 2047 321 2078 130.
339 2038 485 2071 nimirum
496 2062 505 2077 ,
529 2049 563 2070 ue
577 2041 632 2077 sub
644 2047 787 2081 pretextu
803 2049 928 2084 compen-

59 2080 184 2120 sationis
200 2079 386 2151 deprigitarum
394 2089 489 2111 rerum
499 2080 715 2122 exae'tioueqiiis
731 2084 927 2122 defraudetur.

65 2119 140 2152 Nec
156 2121 258 2159 impro
284 2130 335 2158 es,
358 2120 380 2152 fi
399 2120 492 2162 sapis,
515 2124 723 2155 reverentiam
748 2125 839 2156 bonae
855 2125 929 2157 fidei

66 2162 101 2193 in
118 2160 251 2201 depositi
275 2162 399 2193 afflone
423 2163 516 2195 etiam
535 2163 686 2196 servatam
705 2165 780 2198 olim
798 2176 813 2197 a
832 2167 929 2199 Paulo

67 2203 115 2233 lib.
137 2212 163 2233 2.
181 2202 308 2233 Seuteut.
327 2203 372 2233 tit.
395 2212 438 2234 12.
450 2204 540 2244 §.ult
558 2203 598 2235 sic
615 2204 788 2238 scribente:
805 2207 841 2239 Iu
860 2219 928 2240 cau-

60 2244 101 2283 Ja
116 2241 230 2283 depofiti
255 2245 473 2283 compensationi
495 2245 571 2275 locus
595 2255 651 2276 uon
667 2245 724 2287 est,
740 2249 792 2288 sed
810 2258 853 2280 res
869 2251 929 2291 ipsa

67 2285 210 2315 recidenda
230 2282 278 2325 est.
309 2285 375 2324 jam
401 2284 483 2316 enim
507 2293 693 2318 annotatum
719 2288 806 2329 supra
827 2290 873 2321 lib.
904 2301 928 2323 1.

68 2324 127 2356 Tit.
142 2328 171 2356 6.
190 2324 236 2355 De
250 2327 293 2356 bis
308 2327 501 2366 quisuutsui
521 2327 567 2357 vel
589 2328 672 2358 alien.
683 2330 745 2369 jur.
760 2331 928 2368 aliquoties

64 2365 134 2398 fieri
158 2367 241 2407 apud
273 2364 427 2405 Veteres,
459 2376 493 2399 ut
517 2368 569 2408 qui
595 2369 712 2409 aliquid
733 2371 901 2404 confirmat
918 2397 928 2411 ‚

65 2406 165 2439 autin
183 2406 269 2439 usum
294 2416 444 2447 revocat,
467 2410 656 2449 ampliatve,
680 2411 710 2442 id
736 2412 928 2446 constituiss'e

67 2449 202 2480 dicatur.
225 2448 329 2489 Magis
345 2450 475 2488 mirere,
493 2451 580 2489 quod
596 2450 771 2490 Imperator
788 2456 814 2484 a.
833 2455 859 2495 §.
878 2465 927 2496 30.

67 2487 215 2529 Excepta,
239 2489 359 2530 inquit,
381 2491 438 2527 sola
462 2489 578 2531 depofiti
603 2492 723 2524 afflone.
750 2494 824 2526 &in
851 2495 878 2537 ἓ.
896 2507 923 2528 2.

68 2530 133 2573 (Li.
149 2530 199 2561 ult.
219 2539 331 2569 praeter
357 2532 455 2571 lianc,
478 2532 571 2563 etiam
599 2534 688 2565 aliam
715 2535 807 2574 ponit
835 2547 927 2569 exee-

67 2577 212 2610 ptionem
228 2571 274 2602 his
285 2572 407 2605 verbis:
421 2572 611 2614 Poffeffioiieiiz
626 2581 719 2606 autem
734 2577 856 2608 alienam
870 2585 930 2617 per-

65 2617 166 2651 peram
180 2614 381 2651 occupantibus
406 2617 588 2655 compensatio
615 2626 672 2647 nou
687 2618 783 2648 datur.
807 2618 868 2650 Sed
886 2619 929 2650 vi-

69 2653 216 2698 deamuS,
236 2661 275 2683 ne
292 2652 473 2698 Imperatori
491 2658 522 2687 in
537 2658 563 2687 cl.
581 2656 609 2698 §.
628 2667 677 2698 30.
698 2668 759 2689 non
777 2658 812 2690 sit
832 2669 929 2701 nego-

69 2699 166 2740 tium,
189 2692 386 2737 appositione
407 2697 514 2734 verbi,
534 2698 612 2736 sola,
636 2701 865 2740 exceptionem
885 2712 930 2733 ie-

71 2733 222 2774 ssringere
246 2735 283 2765 ad
302 2744 396 2778 ‘unam
423 2738 553 2776 depositi
573 2739 702 2771 causam.
729 2743 862 2780 primum
879 2754 930 2784 ap-

66 2782 159 2821 paret
172 2783 363 2821 contrarium
380 2785 419 2807 ex
430 2778 492 2818 ὡς.
509 2789 536 2809 2.
556 2780 671 2812 deinde
689 2782 718 2814 in
737 2782 800 2813 iine
815 2785 929 2822 princi-

71 2825 113 2854 pii
132 2817 270 2862 ejusdem
287 2816 392 2861 legis,
405 2826 477 2849 cum
495 2828 558 2858 quo
583 2823 760 2854 consentire
782 2825 883 2856 (lebet
900 2828 928 2858 d.

67 2856 98 2904 §2
123 2866 173 2896 30.
200 2857 273 2901 inde
297 2857 468 2904 descriptus
486 2882 495 2897 ‚
525 2869 587 2892 non
618 2863 693 2894 dicit
719 2864 929 2907 justinianus,

67 2900 200 2937 AExcepta
217 2898 275 2942 sola
289 2896 400 2938 depositz
424 2898 551 2940 afflone,
575 2902 624 2933 sed
647 2905 706 2943 ait,
731 2905 862 2945 Excepta
878 2909 924 2938 a'e-

61 2938 147 2979 pofiti
163 2937 289 2984 obizone:
312 2940 431 2970 indicio
450 2941 646 2982 indubitato,
671 2948 816 2977 voculam
828 2971 836 2985 ‚
852 2949 926 2989 solu,

64 2981 141 3024 infl.
159 2980 186 3019 ᾖ.
206 2989 255 3020 30.
277 2989 339 3011 nori
357 2981 515 3019 pertinere
541 2985 578 3014 ad
603 2986 814 3018 exclusionem
835 2984 928 3021 exce·

64 3023 180 3061 ptionis
196 3021 294 3051 modo
308 3022 409 3052 allatae
425 3032 466 3053 ex
483 3024 511 3053 d.
528 3023 555 3064 §.
576 3034 600 3055 1.
621 3025 640 3056 l.
659 3027 711 3057 ult,
725 3037 785 3058 nec
802 3031 929 3068 praeci'i‘e

62 3062 240 3106 accipi‘pro
266 3068 399 3094 tautum:
422 3062 473 3094 sed
497 3073 554 3104 pro
573 3068 732 3107 praecipue:
756 3077 790 3099 ut
816 3069 847 3101 iii
864 3072 928 3103 hoc

65 3101 186 3142 Virgilii
201 3102 247 3134 lib.
267 3113 291 3135 1.
307 3103 438 3144 Georgic.
456 3107 530 3144 versss
548 3115 597 3142 29.

101 3145 153 3174 An
187 3143 268 3175 Deus
299 3143 426 3182 immensi
454 3149 555 3177 venias
581 3149 668 3179 inuris
691 3149 727 3182 &⁹
753 3154 806 3180 tuci
832 3159 928 3187 uautae

102 3185 239 3216 Numina
249 3185 309 3223 sola
325 3186 428 3217 colant.

57 3224 158 3266 Quod
174 3225 216 3256 ibi
234 3228 265 3259 in
281 3226 379 3260 Notis
395 3227 543 3262 observat
567 3229 691 3264 Servius
715 3231 920 3278 Honoratus,
964 3232 1103 3265 solvere:
1126 3241 1216 3265 inore
1240 3236 1270 3264 in
1295 3228 1421 3271 jtidieiis
1444 3235 1598 3268 receptog
1622 3227 1660 3259 de
1686 3235 1750 3267 quo
1779 3236 1829 3265 egi

95 3265 170 3298 Τοπι.
194 3266 234 3298 II

1047 136 1097 171 De
1115 135 1417 182 Coiiipcnsati'ouihiis.
1770 143 1835 174 281

967 231 1056 255 vetus
1075 223 1320 258 Grammaticus.
1345 225 1467 257 Eodem
1481 224 1565 257 sensu
1581 224 1760 256 Alexander
1776 224 1794 254 l.
1811 234 1834 255 i,

966 264 996 294 C.
1014 267 1047 294 ae
1066 267 1158 297 bonor.
1173 266 1278 306 PQfflff·
1297 272 1384 298 contr.
1404 269 1451 298 tab
1474 277 1561 308 quam
1578 274 1657 305 prtet.
1675 268 1721 296 lili.
1736 267 1831 306 princ.

968 306 1089 344 Lileri,
1115 307 1234 348 inquit.
1260 314 1361 338 contra
1385 310 1498 339 tabulas
1519 316 1671 347 pareutum
1698 309 1832 338 {ruizorum

963 345 1124 386 poffeffioue
1139 347 1276 387 arivir‘ffa,
1303 349 1372 378 solis
1383 351 1552 388 parentibus
1576 349 1611 383 δὲ’
1628 349 1719 379 liberis
1736 348 1831 388 legata

963 388 1097 427 proflare
1112 392 1268 426 sectantium
1283 388 1420 419 Edit-ium
1437 391 1545 421 debent.
1569 391 1649 421 Cum
1672 390 1733 428 ait,
1749 390 1832 428 solis.

966 429 1119 469 intelligit
1135 431 1293 470 principue.-
1308 439 1379 460 nam
1396 430 1541 462 Edieium
1560 440 1674 471 praeter
1685 439 1833 471 parentes

966 470 995 500 ἀ
1015 470 1152 508 liberos,
1177 473 1273 502 etiam
1297 470 1387 501 uxori
1421 472 1576 511 nuruique
1600 471 1683 504 dotis
1702 474 1832 503 nomine

966 510 1103 551 legatum
1133 512 1267 552 praeslari
1291 511 1394 552 jubet.
1418 512 1570 543 Similiter
1595 522 1673 552 puto
1698 514 1727 544 in
1743 516 1761 542 t.
1784 522 1830 545 12-

967 552 1000 582 C.
1025 553 1058 582 de
1078 560 1151 592 oper.
1176 553 1266 584 libert.
1300 562 1316 583 a
1342 552 1550 585 Diocletiano
1577 554 1605 584 ὅ(
1632 553 1831 585 Maximiano

966 594 1048 629 diei,
1071 604 1127 625 eos
1147 595 1199 634 qui
1224 594 1507 632 manumittuntur,
1531 603 1738 634 patronorum
1761 595 1833 626 filiis

955 634 1050 674 solani
1075 635 1284 666 reverentiam
1312 636 1453 666 debere:
1486 645 1555 666 nam
1581 635 1609 666 δε
1643 645 1755 674 operas
1789 637 1834 667 eis

969 676 1101 714 deberi,
1125 676 1249 708 constat
1268 685 1307 707 ex
1325 677 1344 707 l.
1361 687 1390 717 5.
1414 677 1433 708 l.
1452 686 1478 717 7.
1496 676 1524 718 §.
1542 681 1571 708 6.
1589 675 1714 717 &Jt'qq-
1733 678 1778 708 D.
1797 679 1831 708 cie

965 723 1028 757 oper
1045 717 1133 748 libert.

1006 757 1159 798 Expensis
1188 758 1347 798 plerisque
1380 759 1647 798 compensationis
1670 757 1806 790 articulis
1823 781 1833 796 ,

965 808 1042 839 age,
1066 809 1150 830 iitinc
1169 801 1233 840 ejus
1257 800 1412 837 formam,
1436 799 1523 832 simul
1541 800 1710 839 effefittim,
1735 799 1835 831 consi·

962 843 1119 871 deremus.
1141 841 1184 872 est
1205 851 1282 872 vero
1300 843 1450 882 expedita
1468 843 1691 882 utriusquevia
1708 843 1736 872 in
1755 842 1834 880 judi·

963 882 1020 911 ciis
1039 882 1130 912 bona:
1147 882 1239 913 fidei:
1264 882 1404 913 Praetor—e
1431 884 1460 913 in
1489 884 1535 915 liis
1559 884 1708 922 jubente,
1733 882 1762 912 Si
1782 892 1833 921 pa-

964 930 1031 960 ret,
1055 924 1257 954 condemnari
1277 933 1317 955 ex
1336 923 1398 954 fide
1416 924 1509 956 bona.
1534 924 1574 955 sic
1601 925 1683 955 enim
1701 932 1763 954 non
1783 932 1832 954 te-

965 965 1097 995 nebatur
1119 964 1222 1003 judex
1248 964 1333 1004 sequi
1357 965 1464 1004 apices
1486 966 1559 1005 juris
1577 966 1593 996 l.
1618 975 1666 1002 29.
1693 965 1721 1006 §.
1740 974 1769 1003 4.
1790 964 1832 995 D.

967 1005 1118 1036 Mauciati.
1136 1013 1247 1037 contra
1264 1007 1507 1046 permittebatur
1524 1008 1549 1038 ei
1577 1007 1673 1038 libera
1694 1005 1832 1044 potessas

967 1056 1007 1077 ex
1023 1056 1114 1086 aequo
1132 1048 1161 1078 ὅ(
1177 1047 1265 1078 bono
1282 1047 1471 1085 aestiinandi,
1496 1057 1647 1088 quantum
1671 1047 1768 1078 atior-i
1787 1056 1833 1078 re-

967 1087 1049 1119 stitui
1069 1088 1194 1120 debeat.
1211 1088 1299 1130 §.go
1313 1088 1425 1130 iustae
1440 1088 1495 1120 riti.
1513 1091 1593 1121 :ideo
1606 1097 1728 1129 poterat
1744 1097 1833 1119 com-

968 1129 1205 1168 pensationem,
1229 1129 1248 1161 si
1268 1131 1423 1169 liqueret,
1446 1130 1604 1170 utrimque
1621 1131 1748 1166 deberi,
1772 1139 1831 1170 pro

967 1171 1114 1210 portione
1130 1170 1229 1202 mutui
1248 1172 1344 1203 debiti
1357 1181 1397 1203 ex
1417 1172 1480 1202 fide
1497 1172 1579 1202 bona
1599 1173 1784 1209 admittere:
1802 1172 1833 1202 &
1862 1191 1865 1193 ,

966 1212 1137 1243 secundum
1159 1222 1227 1244 eam
1257 1214 1389 1245 alterum
1416 1213 1454 1243 ab
1475 1213 1576 1244 altero
1594 1213 1623 1243 in
1650 1222 1753 1243 totum
1780 1213 1831 1244 vel

966 1263 1025 1294 pro
1049 1261 1138 1294 parte
1162 1254 1321 1293 absolvere
1332 1265 1342 1283 .·
1363 1255 1495 1293 perinde
1521 1263 1557 1284 ac
1574 1254 1594 1284 si
1610 1262 1722 1284 neuter
1740 1254 1832 1284 alteri

966 1302 1146 1334 teneretur,
1172 1303 1304 1334 utraque
1328 1295 1454 1326 afflone
1476 1295 1541 1335 ipso
1556 1296 1625 1335 jure
1645 1294 1761 1326 sublata
1782 1295 1832 1325 tel

966 1336 1140 1367 imminuta.
1164 1336 1336 1375 videlicet,
1366 1337 1452 1377 quod
1471 1336 1609 1367 creditur
1627 1337 1703 1367 dolo
1722 1345 1832 1375 agere:

965 1386 1096 1416 petens,
1120 1377 1174 1409 fibi
1192 1377 1292 1417 solvi,
1315 1388 1386 1410 cum
1404 1378 1541 1409 invicem
1562 1378 1656 1408 debet
1669 1401 1677 1415 ,
1697 1377 1725 1408 dt
1743 1386 1833 1408 iecu-

966 1418 1007 1448 sat
1025 1419 1205 1458 aequitatem
1219 1419 1351 1459 objeetae
1364 1419 1640 1459 compensationis.
1667 1418 1734 1450 talis
1754 1428 1833 1449 vero

969 1461 1119 1499 exceptio
1132 1483 1141 1498 ,
1164 1461 1315 1500 exemplo
1332 1459 1624 1498 caetei·ai·um,inest
1637 1459 1758 1500 judicio
1779 1460 1836 1490 bo-

968 1510 1014 1532 nae
1031 1501 1105 1532 fidei
1123 1503 1182 1543 l.3.
1202 1502 1244 1532 D.
1262 1504 1295 1533 cle
1314 1502 1432 1542 rtytiurl.
1451 1501 1534 1532 vend,
1552 1500 1570 1530 l.
1589 1506 1636 1538 84.
1653 1500 1680 1541 (ᾗ.
1697 1510 1726 1539 5.
1745 1500 1784 1531 D.
1800 1502 1834 1532 de

975 1543 1059 1583 legat.
1078 1543 1124 1574 lib.
1139 1552 1163 1574 1.
1182 1543 1201 1574 l.
1221 1552 1270 1575 21.
1293 1542 1336 1574 D.
1359 1543 1448 1573 Soliti.
1465 1542 1591 1573 matrim.
1611 1542 1640 1571 ὁ(
1658 1541 1767 1585 officio
1781 1542 1836 1581 Ju-

967 1583 1045 1615 dicis
1072 1585 1275 1623 continetur,
1298 1593 1357 1616 nee
1384 1584 1479 1614 habet
1498 1582 1729 1614 contestatione
1751 1583 1835 1622 apud

966 1624 1139 1656 Praetorem
1158 1635 1250 1665 opus,
1274 1625 1294 1656 l.
1313 1631 1361 1666 38.
1378 1624 1413 1659 ὅ)
1429 1625 1446 1655 l.
1463 1629 1511 1665 58.
1532 1624 1573 1655 D.
1590 1625 1621 1654 tie
1640 1626 1723 1664 petit.
1740 1624 1834 1656 hered.

966 1666 998 1697 id
1024 1676 1102 1698 vero
1128 1676 1193 1706 quo
1221 1665 1359 1708 spestat3
1386 1666 1439 1698 nisi
1463 1674 1498 1697 ut
1521 1665 1675 1706 obligatio
1703 1672 1834 1705 putetur

967 1708 1036 1739 tolli
1058 1707 1125 1747 ipso
1140 1707 1233 1748 Jure?
1257 1708 1308 1739 Sic
1331 1708 1363 1740 in
1381 1708 1473 1739 bonae
1490 1706 1562 1738 fidei
1578 1706 1716 1746 judiciis.
1740 1706 1834 1740 aliter

968 1749 999 1780 in
1014 1750 1139 1789 judiciis
1165 1748 1258 1781 siricii
1274 1750 1367 1789 juris:
1392 1748 1529 1790 angustia
1547 1746 1711 1786 formulae,
1735 1747 1765 1778 Si
1783 1757 1837 1788 pa-

968 1799 1018 1822 ret
1042 1791 1222 1822 condemna
1237 1815 1246 1830 ,
1271 1790 1435 1822 discrimen
1453 1789 1600 1821 faciente.
1625 1789 1704 1820 Rem
1728 1798 1838 1821 exem-

969 1832 1024 1873 plo
1048 1832 1284 1864 demonstrabo.
1306 1832 1404 1872 igitur
1422 1831 1442 1863 si
1458 1831 1545 1862 actor
1569 1840 1609 1861 ex
1629 1838 1757 1868 mutuo,
1782 1838 1838 1862 aut:

969 1882 1033 1913 quo
1050 1874 1111 1904 alio
1124 1875 1244 1914 judicio
1264 1873 1357 1905 strieti
1371 1873 1466 1913 juris,
1489 1872 1570 1912 apud
1590 1871 1762 1902 Praetorem
1780 1881 1836 1912 pe-

970 1922 1016 1946 tat
1041 1922 1170 1945 centum
1186 1938 1195 1954 ,
1227 1915 1316 1956 isque
1340 1915 1468 1946 viciffiin
1492 1923 1547 1945 reo
1574 1913 1689 1945 debeat
1713 1920 1836 1945 tantuin

970 1966 1010 1987 ex
1035 1955 1182 1996 stipulatu
1206 1965 1259 1988 aut
1283 1957 1495 1988 testamento.-
1524 1955 1657 1986 multum
1685 1954 1833 1992 inici-eii,

971 2005 1074 2028 utrum
1098 2007 1168 2029 reus
1195 1998 1337 2029 debitum
1362 2007 1439 2038 pure
1465 1995 1650 2034 inficietur3
1674 2004 1710 2026 ari
1735 1995 1838 2027 corifi.

972 2045 1095 2076 tentor,
1113 2038 1141 2069 se
1159 2039 1297 2077 debere3
1321 2038 1374 2070 sed
1392 2039 1493 2076 dicat,
1514 2037 1565 2068 libi
1582 2036 1719 2068 invicem
1737 2036 1836 2068 debe-

971 2081 1015 2119 ri,
1040 2081 1147 2119 itaque
1174 2081 1251 2112 dolo
1276 2081 1360 2111 malo
1385 2089 1478 2120 agere
1504 2079 1644 2110 atrorem
1669 2078 1721 2117 qui
1754 2078 1836 2117 petit

972 2122 1059 2161 quod
1083 2131 1159 2153 mox
1183 2121 1217 2152 fit
1238 2122 1428 2153 redditurus.
1453 2122 1558 2160 priore
1576 2119 1644 2150 casu
1664 2120 1741 2149 solet
1758 2120 1837 2150 Pice-

973 2171 1024 2193 tor
1038 2162 1138 2201 judici
1151 2186 1159 2199 ‚
1184 2163 1362 2201 postulante
1381 2163 1507 2199 atior-c,
1526 2162 1617 2192 talem
1635 2160 1836 2201 praesci-ibere

971 2203 1199 2235 formulaszi
1216 2212 1324 2244 paret,
1344 2203 1545 2244 GajumSejo
1563 2210 1691 2233 eentum
1709 2211 1748 2232 ex
1767 2211 1836 2232 mu-

974 2253 1029 2276 tuo
1046 2246 1119 2276 dai-e
1136 2252 1306 2286 oportere,
1324 2246 1513 2277 condemna.
1540 2244 1619 2275 Pura
1636 2242 1704 2288 lime
1717 2250 1778 2290 2¹¹?
1792 2243 1836 2274 vi-

973 2287 1045 2325 des,
1062 2287 1216 2318 formula:
1233 2293 1327 2327 atque
1338 2296 1379 2317 ex
1391 2296 1425 2317 ea
1444 2295 1539 2317 unuin
1555 2283 1674 2323 Judicis
1692 2283 1834 2315 officium

972 2328 1186 2368 cognoscere,
1209 2336 1315 2360 utrum
1337 2328 1434 2358 asturi
1462 2336 1477 2357 a
1500 2335 1556 2357 reo
1580 2335 1619 2356 ex
1646 2332 1756 2357 mutuo
1782 2327 1836 2356 de-

971 2369 1105 2400 beantur
1124 2378 1269 2401 centum:
1293 2377 1462 2407 reumque,
1486 2367 1507 2398 si
1530 2374 1655 2406 pareat,
1687 2367 1837 2398 condem-

966 2419 1063 2448 nare,
1096 2410 1171 2442 licet
1196 2410 1463 2451 proclamantem,
1487 2408 1542 2439 sibi
1567 2408 1762 2440 tantumdem
1782 2409 1837 2439 de-

971 2450 1058 2490 beri3
1083 2461 1185 2490 eoque
1202 2451 1344 2490 iniquum
1362 2450 1455 2488 fore,
1478 2450 1508 2480 se
1533 2448 1748 2481 condemnari.
1780 2449 1837 2480 sci-

972 2492 1067 2529 licet,
1085 2493 1155 2532 quia
1171 2491 1272 2531 Jiidex
1288 2501 1352 2523 non
1372 2490 1416 2522 est
1436 2490 1530 2530 jussus
1546 2491 1708 2531 judicare;
1730 2498 1835 2522 utrum

972 2541 1097 2571 aequum
1115 2532 1170 2570 sit,
1194 2533 1397 2564 condemnari
1416 2541 1487 2563 eum
1511 2532 1561 2563 etii
1580 2532 1776 2563 tantumdem
1794 2533 1835 2563 ab

973 2574 1077 2604 atiore
1098 2574 1273 2612 debeatur3
1297 2574 1349 2605 sed
1366 2574 1547 2612 dumtaxat,
1572 2582 1608 2604 an
1625 2572 1721 2603 attori
1739 2583 1754 2603 zi
1778 2583 1833 2604 reo

973 2622 1103 2646 centum
1128 2625 1167 2646 ex
1193 2622 1304 2646 mutuo
1330 2615 1515 2646 debeantur.
1537 2614 1616 2645 ultra
1640 2623 1744 2645 autem
1769 2614 1836 2644 for·

973 2657 1088 2688 mulam
1107 2666 1211 2694 neque
1228 2656 1371 2695 accepit,
1383 2665 1487 2696 neque
1504 2655 1600 2687 habet
1616 2655 1771 2693 judicandi
1790 2655 1835 2684 fa-

973 2698 1135 2729 cultatem.
1156 2697 1333 2729 Foster-iore
1344 2697 1413 2728 casu
1430 2707 1492 2729 non
1511 2697 1590 2728 solet
1606 2696 1836 2734 PraetorJudiei

974 2738 1176 2777 praescribere
1194 2739 1363 2770 formulam
1385 2747 1510 2778 puram;
1535 2737 1586 2769 sed
1612 2746 1645 2781 ut
1665 2736 1835 2783 postulayit

973 2789 1044 2811 reus
1056 2803 1064 2814 ,
1083 2779 1136 2809 sub
1152 2781 1360 2817 conditione,
1377 2779 1440 2811 hoc
1457 2779 1574 2811 modo:
1592 2778 1620 2808 Si
1638 2785 1744 2818 paret,
1771 2777 1835 2806 (Ja-

970 2821 1036 2860 juiii
1053 2820 1127 2861 Sejo
1145 2830 1185 2851 ex
1201 2829 1312 2853 mutuo
1329 2827 1454 2852 centum
1474 2821 1548 2852 dare
1568 2826 1718 2862 oportere
1730 2840 1738 2854 ‚
1756 2826 1834 2847 con-

971 2862 1106 2898 demna,
1131 2869 1220 2894 extra
1243 2872 1334 2904 quam
1358 2860 1378 2893 fi
1402 2862 1494 2893 dolus
1520 2863 1744 2896 intervenerit3
1762 2858 1832 2896 vel,

972 2911 1181 2943 praeterquam
1197 2926 1207 2942 ,
1229 2903 1249 2935 si
1275 2913 1330 2935 reo
1363 2904 1560 2935 tantumdem
1585 2900 1622 2930 ab
1646 2899 1752 2942 attor-e
1779 2899 1834 2944 de-

972 2945 1090 2974 beatur.
1124 2943 1221 2985 Igitur
1243 2946 1390 2977 ordinato
1412 2943 1453 2976 sie
1468 2943 1605 2983 judicio,
1625 2940 1687 2984 jam
1706 2938 1756 2969 hic
1774 2945 1834 2985 erit

972 2986 1094 3023 exitus;
1118 2994 1152 3016 ut
1169 2986 1262 3025 poffit
1278 2996 1366 3025 rens,
1392 2984 1554 3025 postquam
1579 2980 1662 3011 atior
1681 2987 1832 3025 intentio-

972 3035 1042 3058 nem
1061 3025 1141 3058 suam
1158 3028 1326 3067 probavit,
1343 3038 1358 3059 a
1372 3026 1480 3066 judice
1500 3031 1628 3066 petere,
1643 3021 1765 3064 admitti
1781 3031 1834 3052 ex-

970 3067 1152 3107 ceptionem
1170 3068 1456 3110 compensationis,
1481 3064 1544 3095 sive
1561 3062 1624 3107 doli
1644 3062 1730 3093 mali:
1759 3071 1833 3102 pro-

972 3108 1063 3147 bato,
1079 3108 1132 3139 sibi
1148 3109 1286 3141 invicem
1304 3109 1422 3140 deberi.
1446 3105 1517 3148 Nee
1537 3112 1637 3147 minus
1654 3102 1759 3142 potest
1779 3103 1831 3142 Ju-

970 3149 1048 3188 dex,
1072 3151 1201 3191 cognita
1219 3151 1351 3182 veritate
1375 3154 1588 3186 exeepttoiiis,
1614 3153 1703 3188 reum
1726 3144 1833 3176 secun.

969 3190 1040 3222 dum
1060 3190 1249 3230 formulam,
1268 3191 1318 3221 sibi
1336 3199 1351 3219 a
1372 3189 1510 3219 Przetore
1531 3184 1760 3225 prtescriptam,
1778 3186 1830 3228 ab·

1780 3266 1829 3297 liu,

1075 3272 1151 3304 Nu
