2052 3487
1747 91 1814 126 249

166 190 913 281 GERARDI
1039 188 1673 275 NOODT.

537 324 840 396 Jurisconsulti
878 326 927 375 &
965 323 1301 385 Antecefforis‚

34 446 1816 572 OBSERVATIONUM

413 623 817 688 LIBER
906 620 1421 682 PRIMUS.

776 764 990 800 CAPUT
1040 763 1065 797 Ι.

193 871 363 920 Modestini
388 869 469 906 Iocus
494 869 617 915 elegans
635 893 644 909 ‚
676 865 727 910 qui
752 863 794 910 est
819 864 850 897 in
877 863 899 897 l.
922 872 990 908 pen.
1019 861 1064 896 D.
1090 860 1142 895 Ad
1165 861 1260 906 legem
1288 861 1458 897 Corneliam
1484 860 1520 896 de
1537 858 1665 905 sicariis

583 912 623 955 ὃ)
649 925 721 948 vene
736 915 808 956 icis,
836 923 874 946 ex
901 912 1074 958 conjec‘lura
1099 909 1265 955 restitutus.

39 1004 410 1066 stffglgkssodestinus
433 1019 452 1050 l.
466 1024 533 1059 pen.
559 1015 601 1047 D.
628 1015 677 1046 Ad
701 1014 788 1055 legem
805 1012 909 1044 Corne·

41 1069 80 1107 ἢ(
212 1066 247 1104 >53
268 1063 337 1093 liam
359 1064 390 1093 cie
403 1059 517 1099 ficariis
534 1057 570 1093 ὅ)
595 1055 740 1096 veneficis.

41 1111 83 1152 affl}
118 1093 172 1141 M
209 1107 247 1147 {⁹3}ss
292 1103 353 1148 Qui
375 1104 474 1133 caedem
498 1100 674 1145 admiserurzt
683 1100 788 1138 sponte
810 1095 908 1126 dolove

42 1154 80 1193 Ν
143 1192 149 1196 Ι
212 1150 249 1191 >Q
326 1144 471 1191 malonia
489 1143 591 1173 honore
617 1140 711 1186 oliqzio
737 1135 839 1178 positi,
861 1138 907 1167 de-

41 1192 249 1235 sszssissssz
320 1192 429 1227 portari
445 1184 566 1224 solent3
600 1190 650 1217 am
665 1181 793 1219 secundo
813 1179 911 1219 gradu

321 1227 507 1266 lunt,capz'te
519 1224 704 1265 puniuntur,
720 1220 840 1259 facilius
861 1219 910 1249 hoc

122 1275 153 1305 in
170 1272 330 1304 decuriones
341 1268 409 1308 fieri
428 1265 535 1308 potefl3
552 1264 596 1303 fic
614 1270 708 1295 tamen
732 1268 765 1292 ut
788 1260 910 1301 consulto

116 1316 201 1357 prius
222 1311 354 1350 Principe
370 1309 405 1344 ἐξ
421 1309 539 1350 jubente
556 1308 585 1337 id
602 1305 679 1345 fiat:
702 1302 758 1341 nisi
767 1303 846 1342 forte
865 1308 911 1332 tu-

119 1356 227 1388 multus
245 1355 328 1386 aliter
336 1351 435 1391 sedari
458 1359 515 1380 non
532 1346 628 1389 poffit.

45 1399 92 1433 Ita
111 1397 215 1436 paffim
240 1396 361 1427 editur:
387 1401 446 1423 nec
463 1391 648 1431 quisquam,
675 1393 828 1428 quantum
847 1393 912 1416 me·

44 1440 143 1472 moria
158 1434 363 1475 teneo,facit.
380 1430 630 1465 controversiam
648 1436 786 1469 receptae
806 1426 914 1457 lectio-

45 1481 88 1512 ni.
134 1479 269 1511 Audebo
295 1485 399 1507 tamen
417 1498 426 1514 ,
450 1474 533 1514 apud
552 1470 768 1503 Modestinum
786 1478 843 1508 pro
868 1467 914 1497 ho-

48 1520 115 1553 rtore
131 1521 243 1562 aliquo,
267 1518 425 1555 scribere,
448 1516 547 1546 honore
569 1514 624 1545 alto
642 1536 652 1553 ,
679 1512 729 1544 vel
757 1510 856 1541 honore
871 1509 912 1539 al·

50 1564 138 1595 tiore:
164 1562 226 1593 hoc
245 1560 356 1593 modo,
668 1561 670 1563 '

90 1604 154 1649 Qui
170 1605 269 1634 caedem
284 1599 459 1639 admiserunt
466 1598 568 1638 sponte
585 1595 682 1627 dolove
703 1593 775 1625 malo
786 1616 795 1632 ,
818 1592 850 1622 in
868 1591 915 1622 ho·

125 1654 190 1676 nore
211 1645 276 1675 alto
295 1641 398 1683 pofici‚
423 1639 567 1680 deportari
582 1638 692 1677 solent;
723 1636 774 1677 qui
786 1634 914 1675 secundo

124 1687 221 1728 gradu
242 1686 306 1721 sunt
320 1707 329 1722 ,
353 1684 444 1722 capite
458 1681 631 1721 puniuntur.

49 1728 88 1761 Id
104 1735 139 1758 ut
155 1729 305 1763 audeam,
330 1723 452 1755 inducit
474 1730 525 1752 me
542 1721 625 1750 clara
649 1718 679 1749 &
705 1724 793 1748 certa
815 1715 915 1747 ratio:

50 1778 89 1799 ea
105 1770 185 1799 ratio
200 1766 264 1805 est,
283 1766 369 1807 quod
387 1765 440 1804 qui
456 1763 485 1792 in
502 1761 644 1792 secundo
661 1759 758 1800 gradu
775 1757 845 1788 sunt
861 1756 917 1787 ho-

50 1809 177 1841 micidae
195 1831 204 1845 ‚
238 1807 269 1838 hi
296 1805 388 1847 positi
412 1803 479 1834 sunt
500 1803 531 1833 in
559 1801 683 1832 honore
706 1800 833 1839 aliquo:
857 1806 918 1828 nec

53 1858 160 1881 tamen
185 1850 417 1888 deportantur3
449 1843 500 1875 sed
523 1844 626 1883 capite
648 1841 829 1883 puniuntur.
854 1847 918 1869 non

49 1892 148 1932 igitur
164 1890 266 1921 voluit
288 1887 505 1923 Modestinus,
529 1883 687 1925 deportari
709 1882 760 1921 qui
779 1880 847 1911 sunt
863 1888 919 1919 po·

52 1933 103 1965 *fiti
123 1933 152 1963 in
177 1931 302 1962 honore
319 1930 431 1970 aliquo:
461 1928 558 1967 (quae
579 1931 708 1964 recepta
732 1922 827 1953 lectio
849 1920 921 1960 est)

53 1973 108 2012 scd
126 1973 177 2014 qui
196 1972 263 2003 sunt
282 1972 312 2003 in
338 1971 461 2001 honore
479 1969 577 1998 altiore
593 1987 602 2002 ,
637 1965 810 2004 velsummo
824 1986 833 2001 ,
866 1971 922 2002 po·

52 2015 111 2048 fiti.
155 2014 335 2056 Quomodo
367 2011 513 2046 Seneca,
544 2007 592 2039 De
620 2009 684 2037 vita
714 2007 794 2036 beato
823 2014 846 2034 c.
872 2013 920 2034 22.

53 2056 164 2088 Verba
181 2055 321 2087 Senec'ai.
347 2052 528 2098 Quibusdam
546 2053 582 2080 ex
599 2048 641 2079 his
658 2047 798 2078 tribuitur
810 2044 921 2085 aliquid

55 2098 187 2135 honoris,
210 2097 379 2138 quibusdam
400 2093 530 2123 multum.
557 2089 597 2120 Et
616 2088 710 2130 paulo
725 2086 806 2128 post.
831 2086 922 2126 Apud

59 2148 102 2170 me
120 2140 228 2170 divitiae
245 2138 368 2184 aliquem
382 2135 472 2166 locum
489 2134 610 2164 bahem:
633 2130 711 2170 apud
727 2137 752 2159 te
760 2129 921 2168 summum.

54 2179 192 2221 *Propius
219 2180 401 2211 Ammianus
424 2174 629 2206 Marcellinus
655 2172 701 2202 lib.
720 2180 759 2206 29
798 2179 821 2200 c.
847 2178 869 2200 1.
890 2175 920 2208 p.

58 2231 127 2260 424.
150 2222 181 2251 in
192 2214 249 2261 firi.
287 2219 405 2259 Semper
417 2216 506 2257 officio
523 2216 633 2255 locoque
650 2222 731 2254 quem
755 2212 896 2241 retinebat
913 2233 922 2248 ,

51 2263 184 2303 superior
203 2261 357 2292 videbatur
373 2283 383 2298 ‚
412 2260 481 2289 altis
512 2255 746 2293 humilibusque
763 2253 855 2294 juxta
877 2261 923 2282 ac-

59 2310 168 2344 ceptus.
213 2302 253 2333 Et
270 2302 308 2333 ad
335 2310 400 2333 rem
419 2299 600 2330 Marcianus
624 2297 642 2327 l.
663 2305 689 2334 s·-
711 2294 738 2336 §.
756 2305 785 2333 5.
812 2293 853 2324 D.
876 2293 925 2324 Ao

55 2345 148 2386 'legem
171 2343 330 2374 Corneliam
355 2343 387 2372 de
403 2339 535 2379 fico-riis,
560 2340 598 2370 de
626 2346 719 2377 poena
744 2335 925 2367 ficariorum

61 2384 230 2423 disserens,
253 2385 396 2420 Altiores,
421 2384 550 2421 inquit,
579 2382 774 2418 deportamur.
819 2375 926 2406 verim

59 2426 245 2465 Marciani,
277 2424 364 2467 Legis
387 2422 521 2454 Corneliae
543 2423 575 2452 de
592 2419 708 2458 ficariis
732 2418 768 2452 ὅ)
790 2416 926 2456 veneficis

55 2476 143 2509 paena
160 2492 169 2505 ‚
198 2467 295 2507 injicite
321 2465 474 2504 deportatio
492 2461 530 2503 est
548 2486 557 2500 ,
589 2461 624 2496 &²
643 2461 769 2491 omnium
790 2461 927 2489 bonorum

64 2509 209 2549 ademptio.
225 2510 278 2547 sed
291 2507 378 2543 solent
393 2507 470 2536 bodie
487 2507 576 2541 capite
591 2503 709 2544 puniri²
725 2499 779 2538 nifi
794 2497 928 2539 honestio-

61 2557 97 2579 re
117 2551 171 2580 loco
190 2548 420 2589 posicifzierint,
444 2553 476 2577 ut
495 2553 608 2586 paenam
635 2543 723 2584 Legis
746 2541 926 2581 sustineant:

69 2591 223 2621 humiliores
245 2592 316 2620 enim
338 2591 424 2625 fiilent
440 2611 448 2626 ‚
471 2588 517 2617 vel
541 2584 634 2627 bestiis
656 2584 785 2625 subjici3
816 2582 928 2615 altiores,

69 2639 136 2660 vero
159 2631 341 2670 deportamur
361 2633 391 2661 in
414 2629 548 2667 insulam.
605 2626 785 2657 Marcianus
817 2632 927 2654 eorum

64 2670 124 2708 ⁴qui
142 2670 184 2701 ob
201 2671 404 2702 homicidium
430 2670 620 2709 puniuntur,
644 2669 772 2697 ordines
798 2674 861 2695 tres
883 2663 927 2695 fa>

74 2711 142 2756 cit3
166 2711 286 2750 aliquos
309 2712 375 2743 vult
397 2712 556 2751 deportari
580 2710 608 2740 in
629 2707 756 2740 insulam
774 2730 783 2744 ‚
807 2707 931 2745 aliquos

73 2759 178 2791 capite
201 2753 320 2791 puniri,
343 2753 463 2791 aliquos
481 2750 586 2782 bestiis
610 2750 715 2789 objici.
739 2749 790 2787 qui
816 2748 931 2786 depor-

74 2799 206 2829 tantur,
237 2802 292 2823 eos
322 2801 417 2823 vocat
447 2793 581 2829 altiores,
611 2790 673 2822 five
704 2786 855 2830 honestiore
877 2787 933 2817 loco

71 2831 192 2878 poli-zos.-
214 2833 265 2872 qui
288 2833 391 2863 bestiis
409 2833 620 2872 objiciuntur,
643 2841 699 2863 eos
718 2830 856 2870 appellat
882 2829 932 2858 hu·

74 2875 212 2904 miliores:
235 2873 285 2913 qui
303 2876 405 2912 capite
423 2874 612 2913 puniuntur,
635 2873 678 2904 illi
702 2872 770 2902 sunt
787 2872 934 2901 interme·

73 2915 148 2951 dio,
172 2914 234 2946 five
248 2916 386 2952 secundo,
406 2915 502 2953 gradu
519 2913 618 2954 poslti.
644 2915 731 2954 quod
748 2910 934 2942 Modestum

73 2957 247 2994 convenit,
272 2954 322 2987 sed
340 2955 517 2986 emendato.
561 2954 664 2985 Posset
684 2962 787 2985 tamen
805 2952 932 2982 tolerari

61 2996 297 3035 ‘Modestinu33
320 2995 341 3028 sl
365 2996 406 3026 ita
433 2994 604 3034 scripsisset.
647 2995 710 3027 Oui
728 2996 828 3025 cedem
844 2993 933 3023 ocimi-

66 3045 171 3078 serum
179 3038 283 3079 sponte
308 3037 404 3069 dolove
423 3036 494 3068 malo
509 3058 518 3075 ,
550 3037 580 3067 in
603 3028 703 3068 horiffie
732 3036 828 3076 aliquo
848 3031 935 3074 pofiti

111 3232 187 3264 Tom.
213 3232 236 3263 l.

951 1010 1095 1052 deportari
1109 1008 1217 1048 solent,
1241 1015 1294 1039 aut
1313 1014 1387 1039 certe
1403 1009 1495 1049 capite
1506 1009 1684 1050 puniuntur.
1730 1002 1825 1045 Quo-

951 1053 1051 1083 modo
1076 1050 1230 1092 Ulpianus
1259 1050 1278 1081 l.
1304 1050 1359 1081 ult.
1393 1049 1435 1081 D.
1460 1051 1492 1080 cie
1515 1049 1644 1080 incendio
1665 1069 1675 1084 ‚
1703 1048 1824 1081 ruina,

952 1094 1106 1134 naufragio
1125 1116 1135 1131 ‚
1166 1092 1200 1122 Si
1208 1115 1217 1130 ‚
1242 1092 1363 1131 inquit,
1387 1091 1532 1122 humiliore
1555 1092 1610 1121 loco
1625 1087 1707 1127 fini,
1730 1084 1827 1126 hestiis

953 1136 1037 1175 objici
1050 1135 1158 1173 solem3
1175 1132 1204 1170 fi
1220 1135 1250 1163 in
1271 1134 1366 1173 aliquo
1391 1134 1489 1173 groslu
1510 1133 1540 1163 id
1556 1132 1703 1171 fecerint,
1734 1127 1827 1167 capite

949 1178 1133 1217 puniuntur,
1157 1180 1211 1206 auc
1227 1182 1298 1205 certe
1316 1176 1347 1204 in
1371 1174 1496 1211 insulam
1519 1174 1716 1212 deportantur.
1760 1166 1827 1199 Sed

954 1227 1018 1249 non
1048 1217 1088 1248 sic
1121 1215 1239 1255 scripsit
1280 1214 1491 1246 Modestinus.
1527 1212 1696 1245 neceffaria
1726 1209 1824 1250 igitur

955 1257 1138 1290 emendatio
1154 1257 1208 1288 est.
1252 1256 1389 1288 Cavebis
1407 1263 1495 1286 certe
1513 1256 1552 1286 ab
1570 1251 1738 1287 Accudio,
1750 1251 1829 1280 Mo-

954 1300 1109 1332 destinum
1129 1298 1170 1330 fic
1188 1299 1386 1338 accipiente.-
1410 1295 1493 1337 quasi
1512 1297 1610 1335 velit,
1634 1302 1692 1325 eos
1716 1295 1769 1332 qui
1783 1290 1828 1321 se-

954 1343 1062 1372 cundo
1085 1342 1184 1382 gradu
1205 1340 1294 1378 sunt,
1318 1338 1423 1379 capite
1441 1338 1563 1379 puniri,
1587 1337 1617 1367 id
1635 1334 1698 1374 est,
1723 1332 1830 1364 bestiis

956 1383 1079 1424 subjici:
1105 1382 1229 1413 facilius
1250 1391 1328 1413 vero
1355 1380 1424 1412 fieri
1443 1378 1549 1420 posse,
1574 1387 1609 1410 ut
1626 1375 1832 1409 Det-oriones

955 1425 1178 1464 deportentur.
1222 1421 1304 1454 Nam
1321 1420 1598 1453 erratAccurflus:
1623 1427 1682 1450 nec
1698 1426 1739 1448 ait
1757 1416 1834 1447 Mo·

958 1466 1116 1503 destinus,
1140 1464 1264 1496 facilius
1287 1464 1362 1494 illud
1378 1465 1408 1494 in
1428 1462 1630 1494 Decuriones
1657 1459 1736 1492 ficri.
1762 1457 1833 1495 ait,

957 1507 1082 1539 facilius
1104 1510 1155 1537 hoc
1178 1506 1208 1537 in
1233 1505 1436 1536 Decuriones
1463 1504 1541 1535 fieri.
1572 1503 1602 1534 ὅ(
1632 1502 1675 1533 est
1704 1501 1834 1537 senius,

957 1548 1041 1580 Fieri
1059 1547 1153 1579 facile
1169 1570 1178 1585 ‚
1210 1547 1367 1587 (ponitur
1393 1547 1477 1576 enim
1504 1546 1741 1583 comparativus
1764 1548 1834 1582 gra·

960 1591 1017 1622 dus
1034 1599 1093 1631 pro
1111 1588 1274 1629 positivo)
1297 1595 1330 1618 ut
1355 1587 1558 1618 Decuriones
1580 1585 1686 1625 capite
1704 1588 1836 1624 punian-

960 1640 1020 1663 tur.
1044 1632 1129 1663 hunc
1146 1629 1264 1662 lensum
1288 1628 1396 1659 suadet
1416 1628 1567 1668 loquendi
1585 1626 1676 1666 usus3
1701 1634 1762 1657 nec
1779 1623 1836 1656 mi-

958 1683 1018 1705 nus
1035 1683 1085 1704 res
1105 1671 1208 1713 poscit
1243 1671 1324 1710 adeo
1341 1671 1426 1702 enim
1452 1667 1653 1701 Modestinus
1674 1666 1838 1699 Decurio-

960 1725 1015 1746 nes
1032 1738 1042 1752 ‚
1072 1713 1203 1746 admiss'o
1227 1712 1396 1744 latrocinio
1414 1735 1424 1752 ‚
1458 1720 1522 1742 non
1548 1710 1659 1742 liberat
1682 1718 1699 1740 a
1723 1706 1837 1741 mortis

960 1756 1116 1797 supplicio
1131 1778 1141 1794 ,
1165 1762 1200 1785 ut
1217 1763 1256 1785 ne
1272 1753 1366 1794 poffit
1389 1753 1519 1793 quidem
1545 1752 1697 1784 liberare:
1721 1759 1837 1789 cert0,

962 1807 1018 1829 eos
1036 1804 1140 1828 morte
1158 1796 1280 1836 puniri,
1300 1795 1329 1825 ἃ
1348 1795 1423 1825 ideo
1442 1794 1548 1826 servos
1568 1802 1671 1831 poenae
1692 1791 1759 1823 fieri
1777 1792 1794 1822 lv
1804 1793 1837 1823 6.

961 1838 989 1880 ὃ,
1007 1848 1035 1879 7.
1061 1837 1102 1869 D.
1125 1838 1157 1868 de
1173 1834 1296 1877 injusto,
1319 1841 1422 1876 rupto,
1446 1836 1529 1867 irrito
1543 1834 1629 1876 fusto
1655 1831 1839 1875 testamento:

963 1880 1072 1923 estque
1097 1880 1128 1909 in
1161 1877 1331 1909 latrocinio
1360 1885 1424 1917 quo
1450 1878 1490 1908 de
1520 1881 1583 1919 agit
1609 1875 1840 1917 Modestinus}

962 1920 1146 1960 exemplum
1169 1919 1200 1950 in
1224 1919 1242 1950 l.
1261 1928 1309 1959 27.
1333 1918 1361 1960 §.
1382 1927 1409 1949 2.
1444 1917 1484 1949 D.
1509 1919 1541 1950 de
1561 1919 1663 1958 poenis.
1691 1918 1766 1958 quid
1791 1916 1840 1948 erl

963 1963 1032 2004 go?
1056 1968 1179 1992 tantum
1197 1961 1265 1991 vult
1287 1959 1507 1998 Modestinus,
1532 1961 1621 2001 quod
1637 1957 1783 2000 praemisit
1797 1958 1839 1989 de

965 2003 1130 2045 puniendis
1150 2002 1256 2042 capite
1283 2001 1458 2032 latronibus
1484 2000 1611 2033 secundi
1634 2001 1768 2042 gradus3
1793 1997 1839 2030 fa-

965 2046 1027 2076 cile
1052 2045 1200 2076 obtinere
1228 2044 1259 2074 in
1287 2042 1554 2074 Decurionibus:
1587 2052 1668 2083 quos
1692 2039 1755 2073 effe
1769 2050 1840 2072 me·

964 2087 1035 2118 dios
1069 2086 1150 2117 inter
1176 2086 1305 2117 altiores
1330 2085 1359 2116 dc
1386 2084 1570 2116 humiliores
1602 2083 1652 2115 seu
1681 2083 1840 2124 plebejos.

966 2137 1030 2159 non
1055 2128 1141 2159 enirn
1160 2129 1197 2157 ad
1225 2125 1377 2158 summum
1404 2126 1535 2167 gradum
1560 2125 1777 2164 adscendere3
1809 2124 1842 2155 δε

965 2178 1072 2201 tamen
1099 2178 1115 2199 a
1140 2168 1235 2208 plebe
1260 2167 1410 2199 discerni:
1445 2168 1584 2207 denique
1608 2177 1672 2198 non
1697 2165 1841 2197 excusari

965 2221 982 2242 a
1000 2211 1109 2242 mortis
1128 2210 1302 2250 supplici03
1327 2210 1355 2239 ὅ(
1375 2208 1436 2239 effe
1456 2209 1574 2239 liberos
1599 2217 1615 2239 a
1633 2208 1841 2238 damnatione

968 2253 1006 2283 ad
1030 2251 1143 2283 bestias
1167 2252 1194 2281 cl.
1214 2251 1232 2281 l.
1252 2254 1281 2281 6.
1305 2249 1334 2291 §.
1359 2258 1403 2281 10.
1428 2250 1617 2290 caeterisque
1633 2249 1841 2280 humiliorum

969 2295 1019 2325 seu
1049 2293 1246 2333 plebcjorum
1282 2291 1385 2331 poenis
1425 2291 1443 2321 l.
1462 2300 1489 2328 9.
1514 2290 1542 2332 §.
1564 2300 1587 2321 11
1625 2290 1666 2322 D.
1691 2293 1723 2321 de
1737 2291 1843 2331 poenis.

971 2334 1077 2366 Unum
1097 2334 1240 2373 praecipit
1264 2331 1464 2363 Modestinus
1490 2334 1518 2363 cl.
1546 2333 1564 2362 l.
1582 2339 1647 2371 pen.
1674 2341 1714 2362 ne
1733 2331 1841 2361 Decu-

969 2375 1144 2413 riones,0b
1161 2375 1281 2406 caedcui
1300 2373 1412 2413 sponte
1430 2374 1550 2404 dolove
1561 2373 1645 2403 malo
1661 2371 1840 2410 admiss'ain,

969 2417 1074 2457 capite
1097 2417 1289 2456 puniantur:
1320 2414 1372 2445 nisi
1396 2412 1542 2445 consulto
1577 2414 1661 2453 prius
1694 2413 1842 2453 Principe

969 2468 1006 2489 ac
1028 2459 1160 2499 jubente
1180 2457 1210 2487 id
1236 2456 1300 2487 fiat.
1325 2456 1352 2486 &
1379 2455 1463 2485 recte
1485 2467 1493 2487 τ
1526 2456 1653 2494 quando
1681 2454 1842 2485 Mandatis

969 2500 1174 2537 continetur3
1199 2508 1237 2529 nc
1256 2497 1372 2528 debeat
1384 2494 1497 2527 Praeses
1516 2495 1569 2527 fibi
1586 2496 1789 2536 permittere,
1808 2503 1844 2526 ut

970 2540 1191 2572 Decurioncm
1218 2538 1354 2578 puniat3
1385 2545 1555 2577 antequam
1587 2540 1625 2568 ed
1663 2537 1843 2577 Principem

971 2581 1125 2622 scripserit
1143 2582 1181 2611 de
1199 2589 1313 2619 pmna3
1337 2588 1437 2617 caque
1454 2578 1488 2610 su
1506 2579 1569 2618 ejus
1583 2578 1748 2618 Rel‘cripto
1767 2587 1845 2610 con-

971 2622 1092 2654 firmata
1110 2624 1135 2652 d.
1155 2622 1173 2652 l.
1190 2625 1218 2651 6.
1232 2621 1272 2665 ς.
1293 2629 1319 2660 7.
1341 2619 1377 2653 δέ’
1398 2621 1415 2651 l.
1435 2630 1462 2651 ρ.
1487 2619 1513 2660 §.
1538 2629 1563 2651 1.
1591 2620 1629 2651 D.
1650 2622 1682 2651 de
1706 2622 1784 2651 honis
1802 2629 1844 2650 eo-

972 2675 1036 2695 rum
1057 2665 1107 2705 qui
1125 2668 1192 2693 ante
1208 2663 1393 2700 sententiam.
1437 2661 1507 2699 Nifi
1526 2662 1601 2698 forte
1623 2663 1736 2701 (quod
1756 2662 1844 2693 addit

974 2703 1201 2742 Modestinus)
1232 2703 1373 2733 manulius
1409 2702 1494 2734 aliter
1524 2704 1627 2741 sedari
1663 2713 1720 2733 non
1746 2701 1842 2743 poffic.

974 2745 1111 2783 Sensus,
1144 2743 1218 2774 Non
1244 2744 1341 2774 debet
1373 2743 1488 2776 Praeses
1522 2743 1767 2781 Decurioncm,
1798 2743 1842 2773 ob

976 2788 1097 2818 caedem
1124 2787 1239 2825 sponte
1264 2786 1383 2816 dolove
1407 2785 1490 2817 malo
1522 2785 1680 2817 adrniffam
1699 2809 1708 2823 ,
1739 2791 1847 2816 morte.

977 2828 1105 2868 punire,
1131 2825 1311 2858 inconsulto
1334 2826 1498 2865 Principe:
1529 2835 1738 2867 praeterquam
1763 2825 1843 2866 peri-

977 2869 1052 2900 culo
1074 2868 1253 2909 praecipite,
1277 2868 1304 2899 ἃ
1324 2877 1386 2899 non
1413 2870 1555 2908 patiente
1572 2869 1777 2899 dilationem:
1802 2874 1843 2895 eo

978 2911 1066 2949 quod
1094 2910 1244 2940 tumultus
1268 2909 1359 2940 aliter
1386 2908 1483 2940 sedari
1511 2918 1659 2949 nequeat.
1686 2917 1751 2947 quo
1774 2904 1846 2936 casu

978 2951 1062 2982 idem
1085 2958 1248 2989 receptum
1267 2950 1297 2981 in
1315 2951 1531 2990 appellatione
1556 2961 1572 2981 a
1597 2948 1750 2980 sententia
1773 2949 1801 2978 d.
1825 2945 1846 2978 l.

975 2995 1005 3024 6.
1029 2991 1057 3034 §
1076 3002 1104 3029 9.
1128 2991 1164 3027 ὅ)
1186 2992 1203 3024 l.
1229 2995 1275 3024 16.
1300 2991 1342 3024 D.
1367 2994 1399 3024 (Ie
1419 2992 1662 3034 appellationibus.

1453 3225 1483 3257 Ii
1731 3204 1736 3208 ’
1777 3225 1849 3258 σι-
