2036 3495
173 94 244 138 238

181 180 212 212 &
230 176 393 211 accusator
410 173 615 216 quaestionem
634 173 663 201 in
681 180 720 201 eo
738 169 848 202 haberi
867 168 965 206 velit,
990 168 1044 200 du-

181 221 269 261 plum
293 219 426 258 pretium
451 215 584 245 domino
609 211 744 253 praestari
770 211 840 242 Leit
869 212 982 250 iubet:
1013 218 1045 240 at

180 263 234 293 hic
252 259 404 298 simplum.
449 255 521 298 Qua
546 252 696 285 achone?
722 251 790 283 Lex
810 252 925 283 nullam
943 251 1043 283 nomi.

180 311 247 334 nat.
279 307 400 330 tantum
438 296 557 327 indicat
594 294 694 325 debiti
727 292 969 333 obligationem.
1014 300 1045 323 at

179 342 363 374 Marcianus
388 338 398 368 l
435 342 484 371 28.
516 336 685 376 sequente,
710 334 828 376 Quod,
860 334 977 374 inquit,
1005 343 1046 364 eit

181 384 229 414 his
264 379 359 412 causis
388 379 541 415 debetur,
567 386 621 414 per
644 376 882 407 condictionem
908 384 976 414 quae
1006 383 1046 405 ex

183 423 271 463 Lege
300 419 480 458 descendit,
512 419 640 458 petitur.
691 418 783 448 Aliud
808 417 990 456 exemplum
1014 417 1043 446 in

181 465 201 495 l.
222 473 246 495 1.
264 463 296 493 C.
314 462 342 492 h.
363 467 383 491 t.
413 458 608 501 Proponitur
631 459 671 489 ibi
693 458 770 489 Fisci
789 458 915 488 debitor
931 466 970 488 ex
988 457 1046 496 pri-

179 504 309 545 mipilo,
334 503 366 533 id
389 501 451 540 est,
475 511 514 532 ex
538 501 625 531 causa
653 499 843 540 primipilari.
870 497 914 529 est
939 505 1046 528 autem

179 547 234 577 liic
258 543 430 584 primipilus
446 565 456 580 ,
486 551 610 573 annona
635 541 800 572 militaris:
832 539 905 570 alias
932 539 1048 569 dicitur

181 586 285 627 pastus
309 583 457 625 primipili
492 583 659 614 annotavit
684 582 748 612 hoc
763 580 900 620 Jacobus
919 578 1047 610 Gotho-

177 628 288 659 fredus
305 626 379 657 adl.
400 629 429 656 6.
450 625 517 656 Cod.
539 623 639 654 Toeoiz'.
662 623 713 653 De
733 621 895 653 cohortatio.
922 621 951 651 δι
974 628 1047 651 ante

179 668 318 709 jacobus
349 666 496 706 Cujacius
517 665 554 695 ad
581 664 599 694 l.
621 673 649 704 3.
667 663 700 694 C.
724 664 780 694 eod.
805 664 849 694 tit.
896 660 961 704 Qui
978 670 1047 692 eam

177 718 334 742 annonam
359 708 505 744 curabat,
529 705 693 737 dicebatur
719 704 795 735 fisco
811 706 912 735 teneri
931 712 970 734 ex
987 703 1047 742 pri-

177 752 310 791 mipilo,
333 749 397 781 sive
424 758 463 779 ex
480 746 567 778 causa
592 746 793 786 primipilari:
816 746 846 776 &
872 752 906 775 ut
931 744 1046 775 intere-

175 800 225 824 rat
241 791 323 827 filei,
347 791 429 821 hanc
453 790 625 829 diligenter
650 796 746 827 atque
775 796 815 820 ex
838 784 900 818 fide
917 785 1047 816 admini-

176 834 280 865 strari:
303 832 343 864 fic
370 838 459 862 erant
481 830 579 862 multa
601 827 664 859 fisci
689 827 863 868 privilegia.
887 827 969 858 inter
989 835 1047 857 cae-

179 883 246 907 tera
263 872 308 906 est
326 872 436 904 hocin
454 870 617 913 praeseuti;
641 876 676 901 ut
697 869 718 901 fi
742 868 897 901 solvendo
922 877 962 899 ex
989 868 1049 908 pri-

868 952 1228 987 TITULus.

613 84 968 121 GERARD1
1021 79 1281 116 Noonr
1340 79 1547 116 Coiiir.

1088 167 1220 213 mipilari
1236 169 1324 201 causa
1340 179 1404 202 non
1425 169 1461 201 fit
1479 171 1545 211 ejus
1561 170 1707 210 debitor,
1733 171 1764 203 ὅ(
1779 171 1893 207 habeat
1909 176 1962 208 de-
2004 179 2006 183 ’

1088 210 1283 241 bitoremex
1300 210 1390 243 causa
1411 211 1550 243 foenebri
1579 214 1608 243 in
1635 214 1718 244 dieiii
1743 221 1885 253 certum,
1909 216 1962 249 hic

1087 250 1195 282 abillo
1212 253 1378 284 conveniri
1398 253 1508 293 possit,
1535 261 1567 284 ut
1591 256 1624 284 dt
1635 253 1732 284 bitum
1759 257 1961 294 repraesentet

1088 299 1161 322 ante
1185 291 1351 324 definitum
1379 302 1527 334 tenipus:
1552 294 1606 325 etsi
1632 297 1661 325 iti
1688 296 1722 326 lit
1750 305 1861 327 contra
1885 299 1960 337 juris

1088 331 1243 378 formam„
1279 335 1341 365 Sed
1358 334 1590 375 Imperatores,
1616 337 1772 373 arbitrari,
1803 339 1960 376 publicam

1090 373 1258 420 utilitatem
1284 377 1406 415 privata
1430 376 1491 407 else
1521 376 1699 415 potiorem,
1724 375 1870 417 neglecto
1893 380 1959 419 jure

1089 414 1269 460 solemniin
1296 417 1455 449 honorem
1477 415 1559 455 fisci,
1584 418 1611 448 δέ
1630 418 1683 458 ipsi
1708 419 1734 449 ὃς
1756 419 1818 457 ejus
1837 418 1970 452 debito-v

1089 458 1111 485 r‘i
1129 455 1262 487 illumin
1282 455 1378 488 finem
1395 458 1549 490 indulsere
1568 469 1608 490 ex
1625 460 1694 500 lege
1711 460 1957 493 condictionem.

1089 495 1144 542 Est
1169 497 1198 526 ὅ(
1224 497 1307 527 aliud
1330 500 1513 538 exemplum
1545 499 1575 531 iii
1600 502 1618 530 ι,
1641 506 1690 540 05.
1717 500 1756 531 1).
1789 502 1878 534 solut.
1901 513 1960 534 ma-

1090 544 1166 567 trzm.
1190 538 1227 567 ad
1246 546 1338 576 quam
1359 549 1447 570 more
1463 540 1517 571 suo
1538 542 1660 572 erudite
1680 541 1720 572 Ι).
1741 542 1885 581 Cujacius
1910 543 1959 576 lib.

1090 589 1118 610 2.
1144 578 1265 608 Obxerv.
1291 588 1314 608 c.
1331 589 1381 619 34.
1405 580 1506 612 Novo
1524 583 1618 613 etiam
1635 584 1703 623 jure
1724 583 1799 622 lmp.
1821 584 1960 622 justinia-

1090 628 1147 650 nus
1165 617 1368 650 confirmavit
1395 622 1603 655 donationem
1628 626 1713 656 nudo
1737 624 1829 663 pacto
1855 625 1960 665 perfe-

1090 660 1189 697 stam,
1214 670 1253 691 ex
1277 670 1382 700 eoque
1409 663 1639 703 obligationem
1662 665 1743 696 nasci
1765 666 1846 705 jussit
1875 668 1892 696 l.
1911 676 1959 707 35.

1090 702 1118 743 §.
1137 712 1166 742 5.
1178 701 1218 747 VC..
1236 704 1279 746 cle*
1290 703 1387 732 donor.
1412 703 1544 735 astionis
1569 713 1672 737 tamen
1697 716 1812 737 nomen
1840 708 1960 739 nullum

1091 743 1243 783 prodidit.
1262 743 1410 774 servanda
1429 745 1521 784 igitur
1539 746 1590 776 illa
1606 748 1737 778 donatio
1754 749 1958 780 condistione

1091 794 1131 815 ex
1148 784 1229 824 lege.
1253 793 1344 823 quam
1364 786 1458 815 etiam
1475 785 1539 824 ipse
1557 786 1672 820 deiude
1695 787 1799 829 posuit
1817 789 1959 830 Justinia-
1984 795 1997 803 '⁵

1091 834 1148 857 nus
1166 825 1283 856 Novata.
1303 829 1368 856 161.
1388 836 1411 858 c.
1431 835 1455 857 1.
1475 825 1502 868 ᾗ.
1524 835 1549 857 1.

1282 949 1354 987 ΙΙΙ.

831 1027 893 1063 -De
907 1026 1087 1062 ccnzdic‘lione
1114 1024 1294 1061 triticiaria.

264 1123 282 1154 d
299 1122 384 1153 hunc
404 1119 552 1152 Titulum
573 1118 625 1159 qui
650 1115 760 1153 estrDe
776 1115 952 1147 conditione
970 1115 1048 1145 triti-

178 1126 261 1199 Α
284 1164 393 1201 cioria,
417 1163 534 1193 nullam
562 1159 701 1192 adseram
734 1156 1049 1197 interpretationem:

178 1216 242 1237 non
255 1203 400 1236 adsuetus
412 1205 489 1235 alios
503 1204 621 1233 docere
637 1200 723 1241 quod
737 1198 797 1239 ipse
811 1208 873 1229 noti
892 1198 1046 1238 intelligo.

176 1245 330 1279 memoria
349 1253 444 1276 teneo
462 1244 588 1281 omnia,
613 1243 652 1273 de
676 1242 734 1272 hac
761 1239 967 1270 condictione
989 1246 1048 1270 tra·

178 1290 275 1320 ditaa
299 1285 402 1317 Tituli
428 1285 516 1325 hujus
542 1283 794 1323 interpretibus:
829 1280 881 1312 sed
906 1279 1049 1320 expensis

178 1329 325 1362 omnibus
353 1326 545 1367 diligenter.
577 1325 658 1356 adeo
690 1323 765 1354 nibil
790 1322 945 1362 probare,
973 1321 1048 1352 mihi

178 1369 321 1411 permisi:
348 1377 381 1399 ut
403 1376 514 1398 contra
534 1365 614 1406 saepe
638 1364 690 1396 sim
716 1365 862 1401 miratus,
887 1371 948 1393 tani
965 1361 1047 1393 secu-

177 1422 212 1444 re
235 1411 358 1442 tractari
385 1409 561 1439 astionem:
587 1406 672 1444 cujus
698 1414 794 1436 nemo
813 1414 877 1435 non
897 1404 995 1434 niodo
1015 1412 1046 1434 u-

178 1454 262 1490 sum,
287 1459 317 1481 at
340 1459 400 1481 nec
424 1458 540 1480 nomen
559 1471 567 1484 ,
601 1451 638 1477 ad
664 1445 829 1486 probabile
855 1445 1046 1486 explicando

178 1493 321 1526 adduxit.
349 1498 471 1521 tanturn
496 1488 598 1524 abeil,
625 1496 657 1518 ut
684 1488 847 1526 quisquam
877 1494 1048 1525 utrumque

178 1543 231 1568 aut
257 1533 390 1565 alterum
414 1530 449 1562 sit
473 1539 514 1562 ex
537 1528 639 1561 solido
663 1527 888 1568 consequutus.
939 1526 1046 1566 Dixi,

1092 1121 1166 1145 nico
1190 1122 1301 1153 more,
1323 1115 1412 1159 quod
1443 1114 1562 1156 sentio,
1587 1117 1734 1159 ingenue.
1764 1127 1825 1149 nec
1856 1117 1958 1151 offen·-

1093 1156 1148 1200 det
1158 1155 1347 1187 verecundia
1359 1157 1540 1189 abstinentis
1551 1159 1700 1200 exemplo
1711 1159 1838 1198 publice
1848 1162 1959 1191 noxio:

1092 1204 1289 1242 utique-non
1316 1196 1598 1243 effeClurooliuQ
1623 1199 1675 1231 nisi
1701 1207 1734 1230 ut
1762 1201 1814 1231 hic
1836 1201 1863 1231 t&
1885 1201 1958 1233 alibi

1091 1244 1253 1283 incognita
1277 1247 1335 1278 pro
1363 1241 1498 1280 cognitis
1520 1241 1686 1280 jacientur.
1712 1245 1828 1273 utinam
1857 1242 1908 1272 alii
1925 1242 1958 1273 si-

1091 1279 1207 1325 militer
1237 1277 1483 1325 profiterentur,
1516 1283 1545 1312 se
1570 1285 1609 1313 de
1633 1291 1740 1313 natura
1769 1284 1797 1314 ἃ
1830 1283 1954 1315 ratione

1091 1320 1180 1359 hujus
1195 1319 1325 1350 aetionis
1343 1320 1422 1352 nihil
1449 1322 1565 1353 habere
1587 1333 1789 1364 compertum
1813 1324 1895 1354 bona
1922 1323 1958 1355 fi-

1091 1361 1146 1392 de!
1170 1360 1271 1399 posset
1289 1360 1418 1393 fortasse
1434 1362 1474 1394 fic
1489 1364 1620 1403 sperari,
1642 1365 1730 1396 fore:
1755 1374 1788 1395 ut
1806 1366 1958 1395 eruditio-

1090 1412 1139 1433 res
1157 1403 1196 1433 de
1212 1401 1403 1433 obscuritate
1418 1406 1461 1434 rei
1480 1406 1652 1444 admoniti,
1676 1407 1852 1447 cogitarent
1868 1406 1956 1436 dein·

1091 1452 1167 1482 ceps
1196 1443 1235 1473 de
1254 1445 1422 1488 quaerenda
1444 1445 1493 1476 via
1517 1455 1620 1484 nova,
1645 1455 1706 1486 qua
1728 1447 1896 1488 aliquando
1922 1447 1957 1478 li·

1092 1491 1180 1516 ceret
1196 1492 1264 1515 eam
1280 1494 1311 1516 in
1329 1485 1410 1517 clara
1425 1485 1496 1518 lucc
1518 1487 1713 1529 conspicere.

882 1612 1219 1648 TtTuLus
1269 1608 1341 1648 IV.

776 1689 828 1725 De
847 1700 879 1724 eo
899 1688 975 1735 quod
989 1694 1067 1723 certo
1083 1687 1142 1721 Ioco
1158 1686 1227 1720 dari
1247 1693 1370 1732 oportet.

269 1782 365 1816 itulus
383 1805 393 1821 ‚
426 1780 477 1813 De
500 1789 529 1811 eo
551 1780 629 1821 quod
651 1783 725 1811 certo
748 1777 804 1810 loco
830 1778 896 1809 clari
924 1782 1049 1818 oportet,

178 1784 263 1862 T
282 1825 403 1857 indicat
420 1830 540 1854 nomen
559 1821 690 1852 aftionis
706 1830 722 1851 a
734 1818 905 1851 Veteribus
924 1819 987 1849 hoc
1005 1819 1050 1849 lo-

174 1876 216 1900 co
241 1867 421 1906 explicitae3
452 1862 640 1902 constatque
664 1862 771 1902 primis
796 1860 897 1892 Ediffi
925 1859 1051 1898 verbis,

175 1918 241 1949 quo
259 1906 419 1947 proposita
437 1905 487 1936 illa
504 1903 586 1935 aCtio
604 1902 682 1934 fuit:
699 1903 839 1942 ideoque
855 1901 969 1933 Editio
987 1910 1046 1941 op-

175 1952 252 1981 tima
270 1948 333 1980 fide
354 1948 534 1980 restituitur.
580 1944 698 1976 Praeter
720 1943 783 1974 hoc
806 1943 946 1981 conjicio
964 1952 1003 1973 ex
1026 1942 1046 1974 l.

175 2000 204 2023 2.
220 1991 248 2032 §.
271 1999 295 2021 1.
319 1989 356 2021 D.
374 1989 401 2020 b.
421 1995 440 2020 t.
463 1986 579 2018 factam
605 1986 635 2017 in
662 1984 776 2016 Editio
799 1983 887 2015 fuisse
911 1984 1048 2016 mentio-

174 2042 250 2065 nem
267 2030 485 2072 stipulationis,
508 2035 599 2059 cei-to
629 2028 704 2058 loco
721 2027 795 2057 (lari.
842 2025 918 2057 Non
945 2025 1048 2056 minus

175 2071 337 2114 persuasus
355 2071 419 2102 sum
437 2069 652 2109 disputatione
668 2067 697 2109 §.
720 2072 747 2101 8.
765 2068 791 2097 d.
809 2066 828 2098 l.
854 2067 1026 2098 Praetorem
1039 2089 1048 2104 ,

177 2114 200 2147 fi
219 2124 258 2146 ex
276 2123 313 2145 ea
334 2111 536 2153 stipulatione
553 2111 616 2142 alio
633 2111 709 2141 loco
727 2107 944 2149 agatur,fa6ta
961 2117 1049 2139 com-

176 2157 413 2188 memoratione
439 2153 523 2193 ejus,
554 2161 619 2192 quo
646 2150 807 2188 debetur,
844 2148 905 2180 csse
927 2149 1049 2189 pollici-

177 2205 244 2228 tum
261 2197 439 2232 astionem,
462 2195 566 2235 quami
594 2202 626 2223 ea
648 2201 690 2222 res
712 2193 773 2222 eric.
815 2189 980 2221 Postremo
1004 2189 1049 2220 est

176 2239 255 2271 milii
279 2239 478 2268 documento
495 2259 504 2273 ‚
542 2234 714 2265 Praetorem
738 2230 912 2263 meminisse
933 2232 1050 2262 arbitrii

177 2280 314 2320 Judicis,
338 2278 424 2319 quod
442 2277 510 2308 haec
531 2275 614 2306 aftio
631 2276 648 2304 d
677 2275 697 2305 l.
716 2284 743 2304 2.
771 2273 799 2303 ἃ
825 2273 898 2303 alibi
916 2281 1049 2303 vocatur

177 2322 345 2352 arbitrario.
390 2319 449 2350 His
472 2314 663 2358 argumentis
693 2313 782 2346 venit
806 2314 880 2345 mihi
907 2314 937 2345 in
964 2323 1050 2345 rneri-

179 2368 264 2400 tem,
290 2361 389 2393 Edisti
416 2360 550 2391 formam
577 2359 607 2388 in
633 2357 718 2387 hunc
736 2355 866 2386 modum
885 2353 1047 2395 confinge-

180 2412 232 2434 re:
258 2403 302 2433 De
316 2413 344 2433 eo
363 2404 437 2444 quod
454 2407 527 2431 cerlo
549 2399 605 2430 loco
625 2398 691 2429 dari
713 2402 818 2437 oportet
835 2394 1026 2436 exstipulcil-zc
1038 2418 1047 2434 ,

174 2442 202 2481 fi
225 2444 279 2474 alio
294 2441 507 2484 petatur-fasta
530 2441 671 2471 mentione
694 2439 756 2480 ejus
778 2447 833 2478 quo
859 2439 994 2469 debetur.-
1017 2447 1048 2467 α-

181 2484 299 2515 &ionem
316 2487 404 2520 dalm-
428 2490 462 2515 ιιι
485 2483 589 2524 quanti
611 2490 643 2511 ea
667 2489 710 2511 res
734 2481 806 2517 erit,
830 2479 907 2509 tami
930 2478 1048 2509 arbitrio

181 2524 298 2566 Jzidz‘cis
320 2525 482 2565 aeftimezur.
508 2523 588 2556 Haee
603 2521 720 2553 summa
735 2520 837 2551 Edicti
852 2543 861 2558 ‚
885 2519 1047 2560 complexi

179 2566 337 2598 actionem
369 2565 568 2598 necessariam
602 2563 769 2607 stipulam,
801 2560 934 2601 Ephesi,
959 2560 1048 2592 verbi

179 2607 296 2649 gratia,
321 2608 432 2638 decem
460 2607 535 2638 dari.
562 2605 698 2636 habebat
721 2612 804 2634 enim
829 2603 917 2641 isjus
933 2601 1048 2643 Ephesi

179 2658 274 2690 agere
300 2647 424 2678 aftione
448 2648 563 2680 directa
581 2656 625 2677 ex
656 2645 827 2684 stipulatu:
859 2643 932 2674 alibi
955 2652 1048 2683 agere

176 2691 225 2731 Jus
247 2697 312 2720 non
337 2688 490 2721 habebat:
516 2689 586 2729 plus
605 2687 760 2726 petiturus
780 2687 871 2724 loc03
897 2694 1001 2724 eoque
1019 2683 1050 2715 li-

180 2739 248 2763 tem
276 2729 455 2766 amissurus,
479 2739 541 2760 non
574 2728 747 2759 institutam
766 2727 825 2765 ita,
849 2734 883 2756 ut
907 2736 976 2757 eam
1008 2734 1048 2756 ex

180 2773 253 2813 lege
270 2770 480 2811 stipulationis
501 2770 615 2800 institui
636 2769 819 2808 oportebat.
847 2768 902 2798 illo
921 2766 992 2798 sane
1008 2766 1049 2798 fic

180 2813 390 2849 intendente,
414 2811 492 2850 Aj0‚
516 2819 547 2840 te
565 2810 639 2840 milii
659 2810 768 2841 Romae
786 2810 900 2840 decem
925 2809 999 2839 dare
1016 2818 1049 2838 o-

178 2863 310 2898 portere
331 2862 372 2884 ex
395 2851 558 2889 stipulatu:
590 2851 709 2882 Praetor
728 2851 833 2891 judici
862 2850 1049 2890 sequentem

179 2894 406 2938 praescribebat
427 2891 614 2923 formulam:
637 2891 665 2921 Si
691 2900 798 2931 paret,
821 2900 909 2923 reum
935 2892 1049 2922 decem

180 2939 294 2971 Romae
321 2936 396 2966 dare
418 2940 571 2973 oportere
595 2941 635 2976 ex
664 2931 825 2971 stipula'u,
857 2933 1048 2964 condemna.

180 2981 234 3012 Sic
254 2987 331 3009 vero
353 2973 659 3013 ordinato.judic10‚
684 2982 743 3005 una
766 2982 832 3005 erat
846 2974 963 3013 Judicis
992 2983 1049 3004 no-

183 3022 249 3059 tio,
273 3028 310 3050 an
341 3027 429 3050 reum
460 3015 569 3048 Romae
594 3014 706 3044 decem
737 3023 776 3044 ex
803 3014 949 3054 stipulatu
976 3015 1050 3046 dare

183 3067 363 3101 oporteret.
389 3058 476 3098 quod
497 3057 517 3088 fi
534 3064 597 3086 non
615 3062 758 3089 pareret:
782 3056 823 3085 n'il
842 3057 869 3085 ei
896 3056 1050 3094 restabat,

183 3103 240 3136 nisi
256 3110 343 3132 reum
368 3099 549 3135 absolvere3
572 3094 627 3127 etsi
649 3101 792 3135 pareret,
816 3095 930 3134 Ephesi
954 3098 1051 3127 debe-

184 3146 223 3177 ri.
248 3142 398 3172 videlicet
413 3163 421 3177 ,
446 3139 533 3180 quod
550 3147 613 3168 non
627 3135 751 3175 jusserat
769 3135 889 3167 Praetor
903 3136 1052 3176 judicari,

185 3195 226 3219 an
241 3182 374 3224 Ephesi,
398 3181 450 3214 sed
473 3191 512 3214 an
539 3178 648 3213 Romae
673 3177 853 3211 deberetur.
876 3186 893 3210 a
915 3176 1053 3211 formula

1093 1782 1197 1823 autem
1220 1774 1369 1807 Praetoris
1385 1774 1486 1815 Judici
1506 1778 1658 1810 recedere
1682 1776 1712 1809 in
1728 1777 1846 1818 judicio
1864 1775 1959 1809 stricti

1091 1826 1166 1858 juris
1193 1826 1256 1848 non
1282 1817 1405 1862 licebat.
1449 1816 1578 1850 Interim
1614 1818 1692 1850 sileri
1716 1829 1779 1850 non
1805 1827 1957 1859 oportet,

1090 1865 1206 1904 'natam-
1224 1867 1263 1888 ex
1286 1858 1342 1889 illo
1373 1860 1477 1899 rigore
1511 1859 1601 1892 fuisse
1625 1860 1842 1892 difficultatem
1868 1861 1959 1899 plane

1089 1899 1358 1940 inexplicabilem.
1383 1909 1419 1931 ea
1443 1899 1609 1933 difficultas
1633 1909 1715 1932 erat:
1736 1903 1822 1942 quod
1846 1900 1866 1932 fi
1883 1910 1956 1941 pro-

1091 1940 1196 1973 missor
1224 1949 1395 1980 numquam
1420 1942 1542 1972 veniret
1565 1941 1747 1982 Ephesum,
1783 1942 1845 1973 sive
1872 1940 1960 1981 quod

1091 1983 1215 2021 nollet,
1239 1981 1301 2013 sive
1319 1983 1406 2022 quod
1425 1992 1487 2013 non
1506 1983 1624 2022 poss'et,
1649 1984 1698 2014 vel
1721 1984 1836 2014 morbo
1859 1982 1958 2021 impe-

1092 2024 1193 2061 ditus,
1219 2023 1268 2054 vel
1295 2023 1430 2064 negotiis
1458 2023 1638 2062 disti-assum
1661 2033 1832 2062 numquam
1856 2023 1960 2064 posset
2001 2043 2005 2046 -

1093 2066 1130 2096 ad
1155 2064 1240 2095 suum
1267 2066 1375 2094 venire
1400 2063 1580 2104 stipulator:
1611 2066 1695 2096 inani
1726 2065 1870 2102 actione,
1895 2064 1959 2095 alIO

1091 2107 1167 2138 loco
1185 2115 1248 2135 non
1267 2105 1410 2135 habitura
1427 2105 1523 2136 usum.
1565 2107 1705 2147 AEquum
1723 2114 1808 2143 erat,
1833 2105 1958 2143 fateor,

1091 2145 1311 2187 promissorem
1329 2146 1381 2177 tali
1399 2147 1429 2177 in
1446 2146 1515 2177 casu
1533 2148 1624 2186 alibi,
1638 2157 1729 2186 quam
1747 2146 1862 2187 Ephesi
1881 2155 1958 2177 con-

1091 2187 1200 2219 veniri.
1225 2188 1266 2218 At
1280 2188 1352 2218 ’ᾔτεε
1368 2197 1429 2218 non
1448 2189 1486 2219 de
1503 2198 1614 2228 aequo,
1638 2189 1691 2220 sed
1711 2189 1750 2219 de
1764 2189 1851 2228 jure,
1875 2195 1960 2227 quae-
1988 2191 1991 2198 '

1091 2229 1152 2261 stio
1170 2229 1233 2260 est:
1258 2229 1285 2259 &
1302 2229 1476 2260 commode
1497 2229 1624 2268 Celsus,
1650 2230 1819 2270 quidquid,
1845 2229 1958 2269 inquit,

1093 2269 1321 2311 adstringendae
1340 2269 1545 2314 obligationis
1571 2270 1636 2309 est,
1654 2272 1686 2302 id
1703 2270 1755 2301 nisi
1774 2271 1873 2310 palam
1892 2279 1960 2301 ver-

1093 2312 1141 2343 bis
1159 2313 1371 2351 exprimatur,
1395 2311 1537 2343 omiss'um
1552 2311 1792 2352 intelligendum
1816 2310 1859 2342 est
1875 2311 1893 2341 l.
1910 2318 1962 2347 §.9-

1094 2354 1141 2384 D.
1160 2354 1193 2384 cie
1208 2353 1285 2383 verb.
1304 2353 1387 2391 oblig.
1411 2352 1508 2392 igitur
1527 2355 1555 2384 in
1575 2363 1608 2384 re
1626 2352 1793 2384 necessaria
1814 2350 1958 2382 subvenit

1092 2394 1227 2426 Praetor:
1251 2393 1394 2425 concessa
1410 2393 1584 2433 stipulatori
1602 2394 1727 2425 actione
1745 2393 1810 2424 utili
1832 2393 1849 2422 l.
1871 2401 1896 2423 1.
1915 2390 1961 2422 D.

1091 2436 1116 2466 h.
1135 2441 1157 2467 t.
1182 2444 1237 2475 per
1254 2444 1346 2475 quam
1373 2436 1580 2475 permittebat
1603 2434 1720 2473 Judicis
1748 2433 1895 2471 arbitrio,
1920 2442 1960 2462 εε-

1091 2476 1231 2514 stimare,
1256 2477 1363 2516 quanti
1383 2477 1427 2506 rei
1445 2484 1497 2507 aut
1513 2477 1627 2506 actoris
1649 2474 1825 2512 interesset,
1852 2474 1958 2513 potius

1091 2517 1227 2557 Ephesi,
1252 2526 1345 2558 quam
1373 2516 1501 2555 Romae,
1527 2516 1606 2547 solvi
1630 2516 1648 2546 l.
1668 2526 1695 2546 2.
1713 2517 1739 2546 d.
1764 2522 1783 2546 t.
1818 2514 1890 2546 Nee
1914 2522 1959 2545 ta-

1086 2568 1164 2597 ,men
1188 2558 1309 2589 Praetor
1331 2558 1381 2589 vel
1407 2558 1448 2589 fic
1472 2558 1519 2598 agi
1545 2557 1769 2597 permittebat,
1795 2556 1847 2587 nisi
1877 2555 1958 2587 faCta
1986 2559 1989 2561 '

1092 2599 1257 2632 mentione
1280 2599 1344 2630 loci
1367 2600 1396 2630 in
1421 2608 1486 2639 quo
1510 2597 1656 2639 promissi
1680 2606 1746 2628 erat
1771 2597 1896 2628 solutio.
1922 2605 1958 2627 ea

1093 2641 1178 2673 enim
1199 2640 1325 2678 omissa,
1348 2639 1369 2671 fi
1386 2649 1462 2679 pure
1482 2647 1589 2680 ageret
1614 2638 1796 2677 stipulator3
1818 2639 1860 2669 illi
1880 2639 1960 2670 Prte-

1093 2692 1145 2714 toi·
1163 2681 1224 2713 alio
1244 2682 1317 2713 loco
1338 2689 1402 2711 non
1421 2681 1606 2721 indulgebat
1624 2680 1780 2711 actionem
1799 2680 1907 2710 utilem
1925 2678 1959 2709 si-

1093 2733 1134 2755 ve
1151 2723 1363 2758 arbitrariam,
1387 2721 1451 2753 loci
1477 2723 1647 2753 utilitatem
1672 2731 1729 2753 reo
1752 2720 1907 2752 auferenti
1929 2718 1958 2761 §.

1089 2775 1140 2807 33.
1167 2762 1237 2803 Infl.
1256 2765 1289 2794 de
1304 2761 1438 2795 ustionib-

1131 2805 1267 2837 Obtinet
1287 2804 1382 2843 igitur
1401 2795 1477 2835 fiaec
1501 2804 1583 2836 utilis
1606 2804 1668 2836 five
1696 2802 1853 2835 arbitraria
1877 2800 1957 2832 affio

1092 2848 1122 2879 in
1154 2845 1369 2878 contractibus
1400 2845 1493 2877 stricti
1515 2846 1608 2884 juris:
1632 2846 1757 2885 qualem
1789 2845 1818 2875 in
1841 2842 1957 2874 Edicto

1093 2888 1155 2920 esse
1182 2887 1439 2928 stipulationem,
1463 2886 1579 2927 Ephesi
1605 2887 1716 2918 decem
1742 2885 1826 2923 dari,
1852 2891 1957 2915 certus

1092 2931 1201 2961 austor
1219 2928 1263 2960 est
1280 2926 1433 2969 Ulpianus
1454 2929 1473 2959 l.
1494 2939 1521 2960 2.
1538 2927 1566 2968 §.
1591 2937 1615 2959 1.
1632 2927 1672 2959 D.
1699 2928 1726 2958 h.
1745 2933 1767 2958 t.
1792 2927 1838 2957 An
1862 2923 1959 2955 etiarn

1092 2972 1124 3003 iu
1139 2969 1263 3012 judiciis
1280 2970 1372 3000 bonae
1394 2969 1495 3001 fidei?
1518 2968 1571 3001 De
1590 2969 1637 3000 his
1656 2968 1732 3000 nihil
1749 2967 1861 3007 adjecit
1876 2965 1958 2995 Prae-

1095 3021 1157 3044 tor.
1182 3011 1211 3042 ἃ
1234 3011 1329 3042 fuerit
1353 3019 1540 3051 argumento
1571 3010 1635 3041 hoc
1661 3009 1747 3042 Pauli
1766 3009 1784 3038 l.
1801 3017 1827 3045 7.
1846 3011 1893 3045 pr.
1919 3003 1957 3038 &⁹

1095 3054 1123 3097 §.
1144 3063 1169 3085 1.
1188 3054 1216 3084 d.
1235 3059 1255 3084 t.
1281 3052 1318 3083 ln
1334 3053 1413 3083 bonae
1430 3051 1501 3092 fidei
1519 3052 1639 3094 judiciis
1656 3052 1740 3081 eciam
1753 3047 1781 3085 fi
1796 3048 1827 3077 in
1843 3050 1956 3076 contra·

1095 3096 1183 3127 hendo
1206 3095 1356 3131 convenit,
1388 3099 1422 3124 ur
1444 3100 1518 3123 certo
1543 3093 1598 3123 loco
1632 3092 1701 3133 quid
1719 3085 1871 3133 praestetur
1886 3109 1896 3123 ‚
1918 3094 1956 3119 ex

1095 3142 1186 3177 empto
1208 3135 1255 3166 vel
1275 3135 1391 3166 vendito
1417 3134 1462 3165 vel
1486 3133 1601 3173 depositi
1623 3133 1694 3164 aelio
1717 3134 1865 3168 competo,
1898 3136 1957 3157 non

1095 3178 1251 3213 arbitraria
1271 3175 1353 3211 αὲἳίο.
1398 3176 1431 3209 Si
1449 3181 1544 3210 tamen
1563 3179 1635 3206 certo
1652 3172 1707 3204 loco
1731 3166 1961 3251 traditururtbustre
