2036 3495
572 104 640 148 An
664 102 753 147 Lm.
780 95 823 146 X
856 110 955 148 Τῐτ.
981 95 1048 149 IV.
1081 112 1352 150 Adexhibendum0

62 206 263 244 immobilem
274 229 284 246 ,
298 211 333 237 ut
349 204 480 236 domum
498 200 715 239 autfundum‚
731 201 875 234 exhiberi
894 203 926 234 ni
938 219 948 226 -

60 251 105 284 13ss
125 248 262 287 attinet3
277 257 348 281 cum
370 245 399 276 se
416 245 478 285 ipsa
495 243 645 278 exhibeat
660 242 765 273 ultro:
784 244 891 283 itaque
906 253 937 276 u-

61 293 96 324 bi
120 292 157 324 fit
183 291 306 323 mentio
330 288 463 319 aetionis
486 287 524 317 ad
550 284 786 323 exhibendum,
808 284 877 317 fere
893 286 938 317 est

62 333 167 367 sermo
188 333 227 364 de
243 341 277 363 re
297 328 407 362 mobili
422 328 502 368 l.56.
519 326 561 357 D.
581 326 614 356 de
628 327 836 366 procuratorib.
852 335 886 357 ut
898 328 938 359 de

61 374 155 406 servo
173 374 193 406 l.
211 383 240 413 3.
256 372 285 414 §.
302 375 330 402 6.
348 370 388 401 D.
406 370 433 399 h.
451 375 472 400 t.
498 376 622 408 gemma
638 392 646 407 ‚
675 366 775 407 sigillo
790 368 810 399 i.
829 372 857 399 6.
873 369 900 400 h.
917 374 938 400 t.

61 424 132 448 rota
158 414 308 446 vehiculo
333 419 436 452 aptata
463 410 482 440 l.
506 417 533 449 7.
555 408 585 449 §.
606 417 633 440 1.
658 410 699 440 de
717 409 830 453 tabulis
847 409 936 441 testa·

61 457 162 489 menti
189 455 240 486 vel
266 452 421 484 codicillis
446 450 484 482 ab
511 450 630 480 herede
653 451 800 489 petendis
822 452 849 482 d.
867 451 885 481 i.
905 461 936 492 3.

62 498 91 539 ᾗ.
112 503 141 532 8.
166 498 206 528 de
231 495 370 527 stercore
393 492 423 524 in
448 500 550 523 aream
578 499 681 522 meam
698 491 852 532 congesto
869 492 888 523 l.
905 502 935 532 5.

61 541 89 580 §-
105 549 135 579 3.
154 540 195 570 de
212 544 278 568 rate
295 536 325 567 in
352 532 477 567 alterius
504 542 611 572 agrum
629 533 732 563 delata
752 533 780 564 vi
800 533 935 564 fluminis

61 582 89 611 d.
107 582 124 611 i.
142 591 171 620 5.
188 578 216 620 §.
232 588 261 616 4.
284 575 304 611 fi
321 586 360 607 ex
378 574 445 605 uvis
462 575 540 606 meis
558 573 694 607 mustum
710 573 827 605 fecerit
850 573 935 614 quis,

61 621 173 652 velex
190 620 283 650 olivis
300 618 428 655 oleum,
444 616 494 648 vel
511 624 552 647 cx
570 615 638 646 lana
660 615 874 648 vestimentai.
889 625 934 647 11.

60 662 89 705 ἓ.
107 672 136 703 3.
155 662 183 692 &
199 657 358 693 similibus.
610 698 616 703 ι
693 698 699 703 .
789 698 795 703 .

100 703 176 735 Hoc
193 710 256 733 non
274 701 440 731 omittam:
459 698 633 738 (convenit
651 708 734 731 enim
752 708 797 730 rei
816 707 932 738 corpo-

57 744 112 779 rali
136 750 172 775 ac
200 750 315 779 certae,
339 741 395 773 soli
420 739 450 772 in
477 741 558 771 hanc
575 739 753 779 actionem,
775 739 871 780 inque
887 740 931 771 rei

59 783 327 821 vindicationem,
344 781 505 822 venienti)
528 782 636 822 quod,
660 781 800 823 quisquis
820 783 849 812 in
868 790 934 812 rem

57 826 138 868 egit,
156 825 284 857 auftore
300 824 439 865 Ulpiano
457 822 487 854 in
505 823 524 854 l.
544 828 572 854 6.
591 822 633 855 D.
653 825 686 854 de
702 825 743 855 rei
760 823 933 854 vindicatio-

57 877 110 906 ne,
133 876 201 899 earn
222 867 305 898 bene
323 865 482 906 designare
503 865 608 896 debet.
631 866 812 905 eodemque
830 864 928 895 modo

55 911 87 942 in
106 909 124 940 l.
141 919 170 950 3.
192 908 233 941 D.
253 909 281 939 h.
298 913 319 938 t.
343 906 538 939 monstrante
563 904 753 938 Florentino
770 906 929 945 exempla-

55 952 80 982 ri
95 974 103 988 ,
121 949 205 981 idem
225 949 332 982 scribit
350 947 515 988 Ulpianus:
535 947 572 978 In
589 948 643 978 bac
655 946 765 979 afflone
780 946 858 979 αὲἶον
874 956 929 977 om-

56 993 108 1023 nia
123 991 196 1032 noffe
213 992 293 1022 debet
304 1014 311 1028 ‚
339 989 374 1024 &³
390 991 481 1020 dicere
498 995 671 1030 argumenta
687 991 729 1023 rei
744 990 776 1020 cle
791 998 849 1030 qua
866 989 927 1029 agi-

57 1038 116 1064 tur.
162 1037 193 1064 ln
218 1032 372 1064 memoria
397 1031 527 1070 quidem
553 1030 675 1069 habeo,
699 1040 758 1071 pro
775 1032 878 1067 dicere,
899 1028 930 1061 in

58 1074 208 1115 Margine
224 1074 307 1113 apud
327 1073 567 1110 Haloandrum,
592 1070 763 1111 Hugonem
782 1081 798 1102 a
815 1071 930 1109 Porta,

56 1115 164 1156 juntas
177 1138 186 1154 ,
202 1124 263 1147 nec
280 1124 344 1146 non
362 1114 443 1154 apud
457 1112 634 1152 Johannem
651 1113 809 1145 Cruceum
828 1112 928 1145 Picar-

57 1159 132 1188 dum
149 1158 180 1188 in
203 1156 313 1188 Annot.
331 1157 368 1187 ad
390 1158 417 1186 (l.
444 1155 461 1185 l.
486 1164 513 1196 3.
537 1154 686 1194 reperiri,
712 1155 831 1195 discere:
848 1163 929 1185 eam-

57 1207 120 1238 que
139 1198 307 1230 lectionem
324 1196 403 1228 Viro
422 1196 615 1234 Clariffimo,
633 1195 669 1226 C.
687 1194 752 1226 Van
770 1195 927 1236 Bynkers-

57 1239 164 1278 hoek,
186 1239 349 1277 senatori,
372 1239 403 1269 in
422 1237 579 1276 Prcrfcizion
603 1238 639 1267 ad
658 1237 742 1267 libros
758 1246 800 1268 iv.
820 1236 925 1275 Obser-

55 1282 209 1313 vationum
231 1281 312 1312 adeo
335 1279 478 1320 placere:
502 1285 536 1308 ut
560 1279 600 1309 de
626 1287 661 1308 ea
679 1287 742 1309 non
759 1277 821 1308 effe
837 1278 927 1309 dubi-

54 1323 204 1358 tandum,
219 1321 272 1353 sibi
289 1320 418 1360 aliisque
435 1320 521 1350 omni
540 1320 637 1350 modo
649 1318 842 1358 persuadeat.
866 1318 929 1350 Sed

55 1364 132 1395 mihi
151 1363 300 1394 videntur
318 1359 506 1402 pugnantia,
520 1360 661 1391 actorem
678 1359 709 1391 in
729 1360 787 1390 hac
804 1360 930 1395 afflone

54 1413 207 1444 oportere
225 1404 309 1435 ultro
328 1413 367 1434 ex
395 1402 424 1433 se
445 1400 532 1432 noffe
550 1402 656 1432 omnia
672 1400 716 1432 rei
734 1411 794 1441 qua
812 1402 851 1433 de
869 1401 929 1442 agi-

55 1454 105 1476 tur
131 1452 332 1487 argumenta3
357 1444 386 1475 ὃ(
410 1443 535 1474 interim
563 1443 681 1473 debere
698 1452 715 1473 a
734 1452 789 1473 reo
809 1441 928 1474 discere

57 1486 174 1518 omnia.
199 1487 295 1525 quid,
310 1486 332 1517 si
349 1495 389 1516 ne
403 1485 450 1524 jus
469 1484 598 1523 quidem
617 1482 718 1523 ferat,
736 1493 822 1516 reum
842 1493 929 1515 tene-

54 1527 99 1566 ri,
117 1528 212 1558 ziciori
226 1526 333 1558 omnia
351 1524 549 1566 iuppeditare
559 1534 742 1565 argumenta
754 1527 797 1557 rei
809 1527 849 1557 de
867 1535 928 1565 qua

56 1568 182 1610 agitur?
208 1567 278 1599 Esse
301 1576 405 1598 tamen
433 1567 501 1596 liaec
523 1566 750 1607 consequentia
775 1566 925 1606 superiori

55 1608 269 1647 correctioni,
293 1608 385 1640 nimis
415 1607 524 1646 liquet.
570 1607 712 1648 Ignoscat
737 1607 828 1649 igitur
851 1607 926 1640 mihi

59 1650 264 1683 Doeiiffimus
281 1649 435 1687 Senator3
451 1648 598 1687 malenti,
614 1648 643 1679 in
657 1651 685 1680 cl.
700 1649 719 1680 l.
738 1660 766 1691 3.
791 1649 927 1681 retinere

58 1692 210 1729 verbum,
233 1692 341 1728 eiicere,
364 1690 452 1730 quod
469 1689 512 1720 est
531 1689 709 1722 Florentiae.
754 1691 786 1722 Id
806 1691 889 1722 valet
905 1691 926 1722 i-

56 1735 132 1766 dem
151 1733 237 1773 quod
257 1733 371 1769 edere,
388 1730 450 1762 sive
466 1731 519 1776 (ut
540 1730 689 1771 Ulpianus
704 1731 733 1763 in
753 1734 777 1763 d.
798 1732 814 1763 l.
829 1737 857 1763 6.
884 1733 927 1764 lo·

58 1773 187 1815 quitur)
210 1773 388 1812 designare:
411 1774 549 1812 denique
564 1772 650 1812 vult,
673 1772 708 1804 In
727 1773 786 1805 hac
803 1774 928 1805 afflone

56 1816 199 1847 actorem
226 1815 344 1846 debere
361 1815 467 1846 omnia
484 1813 569 1844 nosse
588 1814 616 1845 ἃ
634 1814 748 1853 edere,
771 1814 834 1846 five
850 1815 926 1847 defi-

59 1866 176 1898 gnaoe,
191 1865 374 1897 argumenta
386 1855 430 1886 rei
447 1855 486 1886 de
504 1864 564 1895 qua
580 1854 691 1896 agitur.
709 1855 879 1895 videlicet,
896 1865 929 1888 ut

56 1908 146 1936 reus,
172 1897 267 1929 etiam
285 1906 318 1928 ut
333 1897 455 1937 judex,
471 1895 641 1937 intelligat,
666 1898 742 1938 quid
762 1898 859 1930 actori
875 1908 928 1930 ex-

57 1939 160 1970 hiberi
184 1939 309 1970 debeat.
355 1939 406 1969 Sic
433 1937 519 1968 vides
542 1937 660 1970 sensum
679 1940 803 1979 Ulpiani
819 1939 882 1972 fine
899 1949 929 1972 e-

54 1981 262 2013 mendatione
280 1980 349 2011 sane
370 1980 489 2011 bonurn
502 1988 509 2010 ε
524 1988 630 2018 eoque
645 1979 773 2011 indicari
790 1980 876 2014 fimul
896 1991 930 2013 u-

52 2021 120 2052 ·sum
143 2021 236 2060 juris,
262 2030 361 2060 usque
386 2021 468 2052 adeo
487 2021 551 2052 veri
571 2021 601 2053 ἅ
619 2022 794 2060 explorati:
817 2032 850 2054 ut
866 2023 930 2064 ipse

54 2062 206 2102 Ulpianus
223 2066 262 2093 de
280 2062 366 2101 cujus
382 2061 530 2102 scriptura
551 2060 586 2093 lis
603 2062 666 2102 est,
682 2065 712 2094 in
730 2066 756 2095 d.
777 2064 795 2095 l.
813 2074 841 2105 3.
860 2065 888 2106 §.
899 2074 927 2105 7.

52 2102 108 2135 hic
125 2103 258 2142 ipeciale
278 2103 351 2143 quid
364 2103 513 2135 observet
529 2102 558 2136 in
579 2104 704 2136 astione
717 2106 840 2137 noxali:
856 2116 926 2138 nam

54 2144 86 2176 in
104 2144 164 2175 hac
180 2145 228 2185 (&
247 2144 291 2176 est
308 2145 400 2177 valde
418 2145 613 2186 notandum)
629 2146 766 2188 ambigi,
787 2146 809 2178 fi
826 2147 922 2179 domi—

54 2195 99 2217 no
120 2187 238 2217 servum
257 2185 433 2218 defendere
450 2195 579 2226 parato,
601 2187 688 2219 aeior
703 2187 857 2220 destinare
875 2199 923 2221 ne-

55 2236 170 2267 queat,
195 2227 246 2271 nisi
264 2237 304 2259 ex
321 2228 544 2268 praesentibus,
567 2230 638 2268 quia
655 2237 708 2260 aut
724 2230 845 2262 servum
863 2240 927 2263 non

51 2269 259 2310 recognoscit
272 2292 281 2307 ‚
304 2278 357 2300 aut
374 2279 491 2301 nomen
513 2280 575 2301 non
593 2277 700 2309 tenet,
723 2279 761 2302 an
779 2271 930 2304 exhiben-

50 2311 94 2341 da
112 2309 154 2341 illi
171 2310 207 2341 sit
223 2309 355 2342 familia:
378 2320 449 2342 eum
471 2310 500 2342 in
527 2310 643 2350 finem,
666 2321 699 2343 ut
717 2313 846 2344 noxium
868 2315 925 2345 ser-

54 2360 130 2382 vum
148 2352 315 2391 agnoscat,
334 2352 364 2383 id
382 2351 445 2390 est,
462 2360 496 2383 ut
512 2352 617 2384 omnia
629 2354 726 2385 discat
743 2363 925 2396 argumenta

50 2391 98 2428 rei
112 2395 172 2430 qua
189 2394 229 2424 de
245 2392 354 2432 agitur.
378 2402 464 2432 putat
477 2402 583 2425 autem
595 2418 602 2428 ,
620 2394 684 2425 hoc
702 2394 763 2426 esse
779 2405 924 2436 aequum,

53 2433 81 2479 ᾃ
93 2444 130 2464 ex
141 2434 230 2465 causa
245 2433 313 2465 fieri
324 2444 477 2473 oportere
488 2437 525 2466 ad
542 2435 766 2476 designandum
782 2447 854 2469 eum
872 2448 923 2469 cu-

50 2483 96 2514 jus
109 2476 236 2506 nomine
248 2477 317 2515 quis
334 2477 418 2516 agit,
434 2477 814 2510 recensitionescrvorum
833 2479 923 2511 faeta.

54 2514 100 2545 Sit
116 2514 209 2551 icitur
225 2526 263 2548 ex
277 2518 402 2556 Ulpiani
421 2517 573 2549 sententia
590 2519 619 2549 in
635 2520 661 2549 civ
680 2519 708 2560 §.
728 2528 755 2560 7.
774 2520 792 2550 l.
810 2531 837 2561 3.
854 2521 924 2560 (cui

49 2555 137 2587 ,addo
154 2557 172 2586 l.
189 2566 216 2596 3.
233 2558 261 2597 §.
282 2568 308 2588 2.
328 2557 368 2589 D.
388 2560 420 2589 de
431 2560 615 2599 publicanis)
640 2560 702 2591 hoc
720 2561 810 2600 plane
826 2561 923 2603 fingu-

54 2597 119 2628 lare
139 2606 166 2640 in
179 2599 291 2642 'noxali
310 2599 451 2638 aeiione3
470 2601 500 2632 ἀ
516 2600 546 2632 in
562 2600 621 2632 hac
633 2625 641 2638 ‚
659 2612 692 2632 ut
710 2601 762 2634 ille
780 2604 842 2640 ait,
858 2613 922 2635 non

52 2636 252 2676 simpliciter,
269 2648 328 2670 nec
347 2644 482 2681 leinper,
501 2642 552 2674 sed
569 2650 690 2674 tantum
710 2653 750 2674 ex
768 2644 856 2675 causa
868 2669 876 2683 ‚
892 2646 923 2677 id

53 2677 98 2708 est
110 2701 119 2715 ,
143 2678 231 2709 causa
247 2681 391 2719 cognita,
407 2681 644 2722 indulgendum.
668 2686 751 2716 Alias
768 2686 809 2716 eil
830 2688 923 2718 veris-

53 2718 182 2757 simum,
198 2720 304 2759 (quod
319 2731 347 2751 in
365 2723 394 2752 d.
411 2723 467 2763 Lg.
486 2726 620 2764 dicitur)
647 2725 683 2756 In
700 2727 753 2757 hac
769 2726 878 2758 afflone
894 2738 911 2759 a

55 2759 157 2791 {iurem
171 2763 265 2809 ⁴omnia
282 2761 355 2801 nqffe
372 2763 465 2793 debere
483 2765 518 2798 ἐξ
537 2767 627 2796 dicere
645 2775 816 2809 argumenta
833 2770 874 2799 rei
890 2770 923 2799 de

51 2811 82 2842 qv
96 2812 112 2832 a
129 2808 246 2846 agit-ur:
270 2803 401 2847 perinde
425 2813 456 2834 ut
473 2806 502 2836 in
521 2805 564 2837 rei
584 2807 815 2841 vindicatione:
843 2819 920 2840 utra-

52 2852 116 2882 que
134 2843 256 2874 actione
269 2852 332 2883 pari
350 2845 407 2874 hac
423 2844 452 2875 in
470 2854 576 2885 parte:
592 2857 663 2880 cum
681 2851 711 2881 in
729 2859 876 2883 neutrum
892 2862 920 2882 a·

49 2884 91 2915 iia
103 2885 276 2915 deducatur
292 2895 359 2923 res,
377 2895 467 2924 quarn
480 2889 652 2927 corporalis
670 2892 698 2922 ἃ
716 2901 811 2923 certa.
835 2895 909 2924 ideo

50 2934 113 2965 quc
129 2935 162 2956 ut
172 2935 187 2955 a
200 2935 255 2955 reo
265 2927 293 2956 i&
304 2926 712 2968 judiceintelligatur,bene
722 2934 920 2974 designanda.

93 2968 235 3006 Sequens
261 2967 408 2999 traelatus
426 2969 504 3005 erit,
528 2971 577 3000 cui
596 2981 760 3011 competat
777 2979 814 3006 ad
832 2976 918 3006 exhi·

49 3008 190 3039 bendum
206 3009 296 3039 actio,
326 3008 397 3040 Non
416 3011 510 3050 longe
521 3019 625 3050 petam
637 3014 829 3055 designatum
841 3017 916 3047 Prae-

48 3049 127 3081 toris
144 3050 269 3080 vri-bis:
284 3050 333 3081 At
349 3051 575 3095 epehihencimnfi
592 3062 694 3094 agetur
710 3058 781 3087 abeo
795 3062 845 3099 qui
862 3068 918 3088 rem

43 3091 154 3131 judicia
173 3094 315 3125 lzeiitnriir
331 3095 386 3131 est,
404 3094 434 3122 ub
450 3095 477 3122 id
495 3096 635 3133 quoriflm
653 3097 771 3133 intersit.
799 3101 916 3130 l³raetor

46 3132 124 3163 hain(
139 3133 254 3163 actioni
267 3143 294 3164 m
307 3135 356 3164 dat
375 3133 423 3172 ei,
441 3144 491 3173 qui
511 3145 574 3166 rem
594 3145 684 3175 quarn
700 3139 819 3178 judicio
839 3142 915 3178 peti-

45 3181 131 3204 turus
150 3172 181 3204 fir
194 3197 203 3211 ,
219 3174 273 3204 fibi
293 3174 434 3206 exhiberi
455 3175 608 3214 postulet:
628 3188 668 3209 eo
685 3182 772 3219 quod
790 3182 854 3221 ejus
872 3182 911 3214 in-

44 3214 147 3255 terfit,
163 3224 232 3249 eam
249 3215 305 3249 fibi
321 3217 476 3250 exhiberi.
500 3218 595 3251 Praeit
609 3218 778 3256 Neratius:
794 3225 916 3265 elegan-

1793 127 1857 161 191

981 209 1032 234 ter
1056 203 1211 235 definiens
1238 213 1279 237 ex
1306 203 1459 236 sententia
1481 203 1611 247 Ulpiani
1632 204 1658 237 d,
1675 206 1695 236 l.
1712 206 1741 247 [3.
1760 205 1788 248 §.
1808 215 1856 240 11,

978 244 1117 284 Juciicem
1132 247 1169 276 ad
1184 245 1376 278 exhibendum
1392 245 1531 278 habimus
1546 247 1727 288 cognoscere,
1756 258 1795 278 au
1805 249 1857 289 ju-

972 283 1052 326 stam
1077 285 1114 320 ὅ)
1133 288 1304 326 prohabilem
1327 290 1442 323 caulam
1472 288 1572 320 babeat
1598 289 1719 320 astionis
1738 296 1856 330 propter

980 336 1067 367 quam
1082 328 1207 358 exhiberi
1216 327 1272 365 fibi
1288 328 1429 365 defideret.
1455 329 1605 362 Dicamus
1616 330 1728 371 igitur,
1745 330 1854 363 acturo

981 369 1040 399 hac
1055 367 1182 399 afflone
1200 370 1264 400 duo
1282 370 1344 401 ess'e
1361 371 1540 410 probanda:
1562 373 1720 412 primurn,
1744 371 1794 403 sua
1810 373 1855 404 iu-

981 408 1111 448 teresse,
1136 418 1201 440 rem
1219 419 1312 449 quam
1326 411 1446 450 judicio
1467 413 1623 452 petiturus
1639 413 1703 452 est,
1727 412 1782 445 fibi
1801 423 1855 445 ex-

980 450 1101 482 hiberi:
1118 450 1389 482 deindeinterefle
1399 451 1510 491 sua,id
1526 453 1594 485 fieri
1612 463 1744 495 propter
1753 455 1852 488 astio-

981 500 1052 523 nem
1071 500 1163 531 quam
1177 492 1239 531 jam
1258 492 1370 523 habeat
1383 516 1391 530 ,
1408 492 1574 533 autsperet
1593 495 1727 534 habere,
1746 506 1779 526 re
1798 497 1853 527 ex·-

978 532 1086 564 hibita.
1111 531 1131 563 fi
1148 533 1281 564 alterum
1300 532 1396 573 defit3
1420 534 1514 565 ceffat
1532 536 1569 566 ad
1589 537 1805 569 exhibendum
1824 547 1854 568 a·

979 574 1053 605 erio.
1073 573 1112 605 de
1131 575 1457 611 utroque-videamus.
1483 575 1616 615 primum
1635 579 1678 608 ait
1696 577 1852 618 Ulpianus

978 618 1004 647 d.
1022 616 1041 647 l.
1058 625 1084 657 3.
1095 614 1120 656 §.
1135 624 1165 651 9.
1189 617 1330 647 actorem
1347 617 1483 656 probare
1504 624 1675 657 oportere,
1694 620 1742 649 sua
1760 620 1855 650 intera

975 656 1055 695 effe,
1071 666 1138 688 rem
1156 665 1250 697 quam
1266 658 1385 697 judicio
1402 660 1558 698 petiturus
1577 658 1630 696 iit,
1647 658 1700 690 fibi
1719 662 1853 692 exhibe-

975 700 1018 731 ri:
1042 699 1082 730 de
1096 707 1202 738 eoque
1218 699 1362 737 judicem
1381 698 1559 733 summatim
1574 701 1780 740 cognoicere.
1804 702 1853 733 ln-

979 739 1091 771 teresse
1116 748 1212 779 porro
1237 740 1321 780 eJ'us,
1346 739 1443 781 Gajus
1462 741 1479 771 l,
1504 749 1549 781 13.
1565 744 1592 771 b.
1608 748 1630 782 ιι.
1655 742 1806 781 exponit,
1830 742 1853 775 ii

978 782 1043 822 ejus
1061 780 1179 811 interfit
1194 782 1388 821 peculiariter.
1422 782 1473 813 Sic
1492 781 1663 813 Florentiae
1682 792 1781 821 extati
1818 784 1854 816 In

978 823 1107 863 vulgato
1121 822 1256 854 Accurfii
1275 823 1450 864 exemplari
1467 823 1510 854 est
1523 847 1532 861 ,
1545 827 1755 863 peczimariter:
1773 831 1806 856 ut
1821 827 1855 856 in

972 866 990 896 l.
1003 865 1056 895 uit.
1074 863 1374 905 D.cieprivat.cielic'i.
1393 865 1480 896 forte
1491 864 1612 896 melius.
1639 865 1743 896 Ecce:
1761 866 1852 905 quod

973 905 1017 938 est
1038 904 1144 936 thema
1161 907 1190 937 d.
1208 906 1283 946 l.13.
1307 907 1419 946 aliquis
1437 906 1601 938 hominem
1621 907 1750 938 liberum
1771 908 1855 939 deti-

973 955 1027 980 net
1045 955 1104 987 pro
1117 945 1216 978 servo.
1232 947 1309 978 alius
1324 947 1481 987 postulat,
1497 958 1569 978 eum
1588 948 1742 979 exhiberi.
1767 958 1803 980 an
1822 949 1853 980 ei

973 988 1057 1020 utilis
1080 988 1115 1019 sit
1139 989 1177 1020 ad
1201 989 1416 1020 exhibendum
1441 988 1548 1020 aetio?
1574 988 1672 1030 Gajus
1693 989 1755 1027 ait,
1777 1000 1854 1023 eum

974 1030 1103 1070 quidem
1121 1029 1238 1060 habere
1255 1030 1458 1061 interdictum
1475 1031 1515 1063 de
1533 1030 1634 1062 libero
1653 1031 1782 1063 homine
1798 1041 1854 1063 ex-

973 1071 1135 1103 hibendo:
1159 1072 1314 1112 (nempe,
1330 1071 1350 1103 fi
1370 1072 1447 1103 dolo
1467 1073 1551 1104 malo
1568 1073 1764 1103 detineatur«
1786 1082 1850 1105 nec

973 1114 1001 1144 ei
1026 1120 1195 1144 moveatur
1221 1112 1437 1144 controversia
1463 1114 1502 1145 de
1528 1113 1673 1145 libertate
1689 1114 1707 1144 l.
1726 1124 1754 1154 3.
1775 1114 1805 1156 ἓ.
1822 1124 1852 1155 7.,

972 1153 1014 1185 D.
1033 1155 1065 1185 cle
1081 1154 1151 1185 hom.
1169 1154 1215 1185 lib.
1232 1154 1346 1194 exbih.)
1369 1153 1420 1185 sed
1445 1154 1602 1186 aetionem
1629 1156 1667 1187 ad
1692 1156 1851 1187 exhiben-

971 1194 1098 1227 dumilli
1110 1195 1171 1227 effe
1183 1196 1346 1228 inutilem:
1364 1205 1404 1226 eo
1422 1197 1510 1236 quod
1528 1196 1596 1227 haec
1613 1196 1852 1228 crediturcom-

974 1245 1085 1277 petere
1101 1238 1128 1268 ei
1146 1237 1231 1276 cujus
1242 1236 1602 1277 pecuniariterinterest.
1627 1247 1665 1268 ne
1675 1247 1780 1269 autem
1791 1238 1852 1269 ho-

974 1279 1118 1310 moliber
1134 1277 1286 1309 servitute
1303 1286 1481 1318 prematur,
1498 1278 1626 1310 interest
1642 1279 1770 1317 quidem
1795 1280 1853 1311 lio-

974 1320 1066 1351 minis
1092 1327 1131 1350 ex
1150 1319 1227 1359 justa
1252 1319 1421 1351 affectione
1449 1321 1575 1351 tuendae
1599 1320 1771 1352 libertatis:
1797 1321 1852 1353 sed

973 1371 1037 1392 uon
1063 1360 1192 1392 interest
1211 1361 1276 1401 ejus
1295 1361 1526 1402 pecuniariter;
1551 1362 1624 1402 quia
1643 1362 1768 1393 libertas
1785 1360 1853 1394 non'

973 1403 1017 1434 est
1041 1412 1090 1433 res
1113 1403 1251 1442 privata,
1278 1402 1327 1434 sed
1355 1402 1481 1443 publica
1497 1403 1514 1433 l.
1531 1414 1581 1443 53.
1600 1403 1647 1433 D.
1662 1403 1850 1443 defiacicorm

971 1445 1061 1475 libert.
1079 1443 1120 1475 At
1138 1445 1221 1475 enim
1239 1444 1349 1476 Paulus
1360 1445 1375 1474 ι.
1394 1453 1438 1476 12.
1455 1445 1499 1475 D.
1512 1444 1538 1475 b.
1556 1449 1576 1475 t.
1596 1445 1647 1475 De
1663 1454 1709 1482 eu,
1727 1443 1854 1485 inquit,

971 1486 1125 1516 exhibendo
1134 1495 1215 1526 quem
1225 1487 1289 1527 quis
1305 1486 1335 1516 in
1345 1485 1502 1517 libertatem
1514 1486 1665 1516 vindicare
1675 1486 1745 1516 ‘velit
1755 1510 1764 1524 ,
1782 1487 1851 1517 huie

971 1526 1077 1558 aciiorzi
1093 1526 1169 1557 locus
1185 1527 1235 1567 effe
1249 1525 1346 1568 potest.
1371 1526 1432 1558 Sed
1453 1528 1619 1559 retinenda
1636 1527 1722 1558 Pauli
1740 1527 1850 1559 verba.

971 1577 1036 1599 non
1052 1569 1112 1605 ait,
1138 1568 1259 1607 semper
1275 1575 1372 1608 atque
1387 1567 1564 1599 indistincte
1582 1567 1644 1598 esse
1662 1569 1735 1599 huic
1753 1569 1851 1600 afflo-

970 1610 1002 1640 ni
1020 1610 1143 1646 locum;
1169 1609 1189 1641 fi
1214 1611 1284 1649 quis
1309 1609 1407 1648 velit,
1431 1609 1564 1641 liberum
1583 1609 1728 1640 exhiberi
1748 1609 1851 1641 homi-

970 1661 1042 1682 nem
1062 1660 1156 1690 quem
1176 1651 1211 1682 fit
1236 1651 1450 1683 vindicaturus
1478 1652 1508 1682 in
1527 1651 1725 1683 libertatem:
1749 1650 1801 1682 sed
1819 1651 1851 1682 ei

971 1691 1058 1733 poffe
1076 1692 1183 1723 locum
1212 1691 1283 1723 effe.
1309 1693 1386 1732 quid
1405 1694 1434 1724 ni
1458 1701 1541 1723 enim
1568 1699 1656 1732 petat
1681 1693 1768 1732 quis,
1793 1692 1850 1723 ho-

972 1735 1089 1766 minem
1109 1734 1242 1765 liberum
1268 1743 1363 1774 quem
1388 1734 1465 1765 velit
1491 1735 1655 1764 vindicare
1672 1734 1700 1764 in
1722 1734 1850 1765 liberta-

972 1783 1036 1806 tem
1048 1799 1057 1813 ‚
1073 1774 1128 1807 fibi
1147 1775 1309 1812 exhiheri3
1327 1774 1346 1806 fi
1365 1776 1492 1815 quando
1509 1774 1603 1814 poffit
1620 1775 1684 1814 ejus
1699 1784 1730 1814 pt
1742 1776 1850 1806 cunia-

970 1818 1047 1848 riter
1065 1816 1211 1848 intereffe
1224 1825 1356 1857 propter
1374 1826 1442 1848 eam
1463 1816 1644 1848 actionem&
1664 1815 1760 1847 fuerit
1779 1817 1849 1849 tulis

972 1858 1077 1889 casus:
1100 1859 1215 1899 (quem
1233 1858 1381 1890 observat
1400 1857 1584 1897 Accuriius)
1607 1856 1625 1888 fi
1645 1865 1795 1897 patronus
1815 1859 1850 1889 li-

972 1900 1098 1931 bertum
1117 1899 1201 1932 suum
1219 1898 1272 1940 qui
1288 1900 1326 1931 ab
1348 1898 1410 1931 alio
1428 1899 1601 1939 poffidetur
1618 1906 1766 1938 tanquam
1789 1898 1850 1930 ser-

972 1950 1050 1979 vus,
1073 1940 1151 1973 velit
1170 1941 1329 1973 vind1care
1348 1940 1377 1972 in
1397 1940 1574 1972 libertatern
1612 1940 1740 1971 interest
1762 1949 1849 1972 enim

974 1984 1039 2022 ejus
1056 1982 1266 2023 pecuniariter
1284 2007 1293 2022 ,
1318 1990 1449 2023 propter
1467 1981 1636 2023 obsequia,
1661 1991 1792 2021 operas,
1817 1983 1849 2020 (Sc

974 2034 1097 2056 munus.
1119 2025 1187 2065 jure
1204 2025 1299 2065 igitur
1315 2031 1388 2065 agat
1406 2022 1457 2054 hic
1475 2024 1513 2055 ad
1530 2024 1746 2055 exhibendum
1758 2046 1768 2062 ‚
1791 2023 1850 2055 etfi

971 2066 1043 2097 alias
1063 2075 1127 2097 non
1146 2065 1247 2106 posset
1265 2075 1368 2107 agere.

1010 2106 1404 2148 Oportetigiturafturum
1421 2107 1459 2138 ad
1475 2107 1693 2139 exhibendum
1705 2132 1712 2143 ,
1732 2107 1849 2147 proba·

970 2158 1022 2187 re,
1041 2148 1089 2180 sua
1107 2148 1273 2188 intereffe3
1287 2158 1352 2181 rem
1370 2149 1512 2180 exhiberi
1529 2148 1602 2180 fibi:
1619 2147 1669 2179 sed
1686 2148 1734 2179 sua
1752 2148 1850 2180 inter-

971 2191 1050 2228 effc,
1075 2199 1207 2231 propter
1224 2190 1380 2222 aelionem
1398 2197 1490 2230 quain
1511 2190 1645 2229 habeat,
1671 2199 1725 2219 aut
1741 2190 1848 2229 speres:

972 2232 1123 2263 exhibita.
1171 2231 1289 2272 Estque
1306 2232 1338 2263 id
1356 2233 1407 2264 vel
1423 2241 1463 2263 eo
1484 2233 1680 2268 notandum,
1698 2232 1785 2268 quod
1804 2230 1846 2262 fic

973 2272 1160 2314 intelligitur
1176 2273 1257 2304 hanc
1282 2274 1441 2305 afflonem
1465 2283 1528 2304 non
1553 2272 1614 2304 eise
1639 2271 1847 2313 principalem

972 2314 1154 2355 astionem3
1181 2315 1231 2346 sed
1254 2315 1315 2346 effe
1333 2316 1461 2346 alterius
1477 2314 1609 2346 actionis
1627 2315 1846 2354 praeparatori-

969 2365 1034 2388 am:
1050 2357 1190 2396 ideoque
1202 2366 1265 2387 non
1282 2357 1346 2388 dari
1361 2357 1427 2394 alii,
1445 2364 1537 2396 quam
1551 2364 1602 2394 qui
1621 2356 1724 2393 potest
1742 2354 1846 2387 osten-

969 2399 1062 2437 dere,
1080 2398 1128 2429 sua
1145 2398 1310 2437 imereffe,
1335 2407 1400 2429 rem
1418 2405 1588 2437 propterea
1607 2395 1660 2427 sibi
1680 2397 1843 2429 exhiberi:

968 2441 1054 2479 quod
1072 2439 1108 2471 {it
1134 2439 1256 2471 acturus
1273 2440 1331 2470 alia
1349 2439 1473 2470 actione
1493 2447 1586 2478 quam
1605 2438 1730 2469 demum
1750 2439 1845 2476 poffit

968 2480 1148 2519 instituere,
1168 2490 1201 2512 re
1211 2481 1363 2512 exhibita.
1382 2482 1486 2519 Atque
1500 2479 1564 2510 hoc
1581 2479 1724 2520 indigitat
1738 2478 1846 2518 Ulpia-

967 2531 1025 2553 nus
1043 2522 1063 2553 l.
1086 2532 1112 2553 1.
1131 2523 1157 2553 h.
1175 2527 1197 2553 t.
1229 2522 1339 2553 dicens
1356 2525 1442 2561 quod
1462 2520 1530 2552 haec
1546 2520 1627 2552 οξὶιο
1645 2521 1781 2552 maxime
1800 2522 1845 2552 in-

968 2563 1058 2595 duCta
1069 2562 1114 2595 est
1131 2572 1262 2604 propter
1272 2564 1518 2594 vindicationes.
1540 2563 1674 2602 proinde
1689 2561 1710 2594 fi
1729 2572 1791 2594 non
1810 2572 1846 2594 o-

968 2604 1128 2636 stendatur
1139 2605 1333 2643 vindicatio,
1353 2604 1440 2635 verbi
1458 2603 1572 2644 gratia:
1595 2613 1631 2635 an
1649 2603 1692 2634 est
1711 2614 1793 2644 opus
1811 2614 1844 2635 a·

969 2647 1074 2677 Clione
1090 2647 1127 2676 ad
1150 2645 1385 2683 exhibendum,
1413 2654 1534 2676 tantum
1551 2645 1588 2676 ad
1605 2647 1843 2685 przeparandam

968 2687 1057 2718 aliam
1075 2687 1232 2718 actionem
1251 2687 1459 2727 pertinente?
1486 2694 1597 2717 contra
1621 2687 1704 2718 reete
1721 2695 1762 2717 ait
1785 2685 1843 2717 Ul-

968 2737 1076 2768 pianus
1093 2730 1120 2759 d.
1139 2729 1158 2758 l.
1177 2738 1203 2767 53.
1225 2728 1253 2769 ὃ.
1273 2739 1300 2769 3.
1324 2729 1410 2769 quod
1430 2728 1498 2759 haec
1514 2728 1597 2759 actio
1616 2729 1644 2759 ei
1663 2728 1840 2768 competit,

967 2770 1019 2809 qui
1031 2769 1060 2800 in
1072 2779 1137 2800 rem
1148 2770 1270 2800 actui-us
1289 2769 1333 2801 est
1349 2769 1609 2810 qualicumquein
1622 2780 1686 2801 rem
1697 2770 1840 2800 actione:

966 2812 1061 2842 etiam
1088 2812 1288 2851 pigneratitia
1312 2811 1459 2842 Serviana
1477 2836 1485 2850 ‚
1508 2812 1570 2842 five
1597 2808 1839 2852 hypothecaria.

967 2852 1115 2890 idemque
1134 2853 1161 2882 in
1181 2851 1199 2893 §
1232 2862 1257 2889 4.
1276 2853 1352 2884 dicit
1368 2853 1407 2884 de
1424 2853 1549 2884 actione
1566 2851 1755 2883 confessoria
1775 2859 1839 2887 qua

967 2894 1147 2924 vindicetur
1171 2893 1379 2934 mussi-uetus,
1406 2903 1499 2935 puta,
1525 2895 1567 2925 rei
1596 2893 1729 2923 mobilis.
1774 2891 1839 2922 Sed.

965 2933 1032 2964 haec
1050 2934 1151 2972 actio.
1177 2944 1208 2966 ut
1223 2934 1373 2975 Ulpianus
1391 2937 1445 2967 cil
1470 2936 1540 2976 3.§.
1564 2944 1585 2965 1.
1609 2935 1668 2969 ait,
1693 2941 1755 2961 nori
1778 2932 1838 2963 ilat

964 2976 1042 3006 intra
1062 2977 1315 3015 praeparationem
1332 2978 1488 3010 actionum
1508 2979 1537 3007 in
1558 2983 1620 3005 rem
1632 2997 1640 3011 ,
1658 2981 1690 3003 ut
1708 2972 1838 3017 necesse

962 3017 994 3047 iit
1014 3017 1072 3048 hac
1090 3018 1217 3055 acturo,
1243 3028 1352 3057 utique
1374 3022 1499 3055 uicere,
1528 3019 1555 3046 i‘e
1573 3015 1737 3046 dominum
1758 3014 1837 3045 esic:

963 3058 1014 3090 led
1033 3058 1098 3089 sunt
1116 3060 1141 3090 ὅ(
1164 3060 1228 3091 aiiae
1256 3062 1362 3093 multae
1387 3059 1484 3091 causae
1510 3059 1546 3088 ad
1568 3055 1784 3087 exhibendum
1802 3065 1837 3087 a·

960 3101 1073 3141 gendi3
1097 3101 1151 3132 etii
1168 3103 1281 3134 actoris
1298 3113 1346 3135 res
1364 3112 1426 3134 non
1453 3100 1506 3136 fit3
1530 3099 1628 3128 modo
1655 3098 1719 3136 ejus
1737 3099 1836 3129 inter-

959 3142 993 3172 [it
1010 3145 1036 3172 d.
1056 3143 1066 3172 i
1086 3153 1114 3184 3.
1131 3141 1157 3184 §.
1173 3153 1201 3180 9.
1221 3154 1353 3186 propter
1370 3141 1565 3181 personalem
1587 3138 1757 3184 astionem.
1785 3140 1834 3170 lix

957 3193 996 3214 eo
1011 3193 1128 3223 genere
1142 3186 1184 3216 est
1203 3187 1323 3218 noxalis
1340 3185 1438 3216 aetio:
1461 3183 1499 3212 de
1519 3190 1577 3218 qua
1593 3179 1634 3211 fic
1653 3179 1757 3211 lcribzt
1776 3178 1835 3224 Ui7

959 3226 1070 3266 pianus
1085 3227 1115 3260 d.
1134 3227 1154 3260 l.
1168 3238 1200 3269 3.
1217 3224 1244 3270 §.
1261 3237 1289 3269 7.
1310 3227 1343 3260 Si
1358 3224 1428 3268 quis
1441 3222 1548 3258 noxali
1560 3221 1680 3264 judicio
1697 3228 1836 3296 experigri
