2036 3495
166 101 237 144 452
592 91 624 127 G
656 96 676 124 r.
708 100 730 124 n
762 98 782 124 A
814 95 836 122 n
867 96 892 122 1>
925 96 938 122 1

170 182 196 219 1.
226 190 257 226 7.
287 184 330 217 D.
360 184 388 217 h.
419 188 440 215 t.
472 178 567 219 l'.·17.
599 177 634 209 C.
664 177 724 208 eod.
766 174 969 218 Quamquam
993 173 1045 205 vel

176 228 243 260 hoo
263 227 380 266 recipit
402 216 621 256 difficultatem
645 223 684 249 ex
706 218 726 248 l.
749 226 798 249 20.
822 217 864 247 Ι).
886 218 919 247 de
934 214 1045 247 auctor.

178 274 269 301 tutor.
302 268 356 299 ubi
378 263 499 297 divisio·
517 268 656 301 paternae
679 258 864 290 hereditatis
894 266 935 288 ex
958 264 1046 287 tuto-

177 311 220 342 ris
241 308 428 341 auctoritate
450 303 514 334 fine
536 302 670 334 decreto
693 300 777 331 inter
803 298 941 340 pupillos
963 297 1046 329 susti-

179 358 284 383 netur.
332 348 394 379 Sed
425 345 449 375 is
479 344 570 374 locus
600 341 645 373 est
674 340 853 372 Scaevoiae:
882 340 937 380 qui
970 339 1049 370 vixit

180 400 256 423 ante
277 390 447 424 Severum
478 393 539 416 nec
567 383 675 424 potuit
697 382 851 413 somniare
873 382 913 412 de
937 380 997 411 hac
1019 390 1048 411 e-

179 433 228 474 jus
257 429 438 464 Oratione,
472 425 543 466 post
572 431 710 457 mortem
747 422 830 454 suam
861 422 1047 462 sequutura:

177 472 259 506 ficut
281 479 341 502 nec
364 469 395 500 in
418 468 436 498 i.
458 477 509 508 47.
533 466 575 499 D.
599 467 632 497 de
653 466 828 501 minoribus;
857 472 927 504 quae
950 462 994 494 est
1017 472 1046 494 e-

175 513 302 554 iusdem
325 508 488 542 Scaevolac.
537 535 539 538 ⁴
986 544 991 549 .
1019 544 1026 549 ι

219 553 281 585 Sed
311 552 410 583 redeo
439 550 479 581 ad
507 547 707 580 Orationem.
739 556 780 578 ex
809 555 863 587 ea,
895 553 929 575 ut
962 544 1050 582 dixi,

170 601 244 626 -non
276 592 404 634 poss'unt
434 600 490 632 per
528 589 712 622 divisionem
751 586 877 619 alienari
908 594 1050 631 commu-

177 636 230 668 nia
260 635 419 666 minorum
451 630 681 673 praedia.'·illud
705 629 874 668 quim-itur:
906 636 943 657 an
966 627 1047 659 ,obli-

173 677 247 718 ¹{tari
276 674 425 718 poffint‘?
456 673 518 705 Sed
549 679 643 712 negat
666 669 820 710 Ulpianus
839 691 850 707 ,
880 667 1050 707 obliganda

180 717 250 750 fine
268 719 413 749 decreto.
437 715 467 747 ἃ
491 723 549 754 pro
571 714 695 744 ratione
719 709 860 750 subjicit,
884 710 972 748 quod
996 717 1050 739 ex-

178 758 268 800 cepit
291 756 423 795 Oratio,
447 756 485 787 ad
504 754 572 785 hoc
594 751 917 791 tantumrpertinere:
939 756 973 779 ut
996 758 1050 788 pe-

168 800 312 832 rimatur
333 796 537 834 communi03
560 803 623 825 non
647 800 682 824 ut
704 798 856 832 augeatur
885 789 1052 822 difficultas

179 837 467 874 communionisi.
496 840 525 870 8.
554 835 585 877 §.
616 835 670 866 ult.
702 834 743 865 D.
769 833 798 863 h.
823 837 846 862 t.
892 830 969 863 Non
1001 831 1054 871 igi-

179 890 232 915 tur
255 882 339 913 valet
368 878 481 910 divifio
509 879 593 908 inter
620 876 761 908 minores
779 872 893 911 faeta,
924 871 1052 912 scriptu-

180 933 215 956 ra
235 920 439 961 interpolita,
463 918 512 949 vel
535 917 599 949 sinc
621 917 792 957 scriptura:
824 913 878 946 nisi
901 912 987 944 forte
1009 923 1053 944 ra-

180 972 245 996 tam
267 962 406 995 fecerint
427 959 497 1001 post
520 959 692 1001 legitimam
715 964 842 988 aetatem
865 956 885 987 l.
912 964 937 986 1.
964 954 997 986 C.
1020 954 1054 985 Si

179 1002 377 1047 major.·faft.
400 1007 457 1034 rat.
478 1001 552 1032 hab.
865 1036 871 1042 .
961 1036 967 1042 .
1017 1021 1018 1024 ,

167 1069 169 1072 -
221 1044 388 1079 Postremo
419 1043 463 1074 ait
485 1041 630 1079 Oratio,
660 1039 725 1071 Aut
744 1036 772 1076 fi
795 1037 916 1084 creditor
934 1036 1052 1077 pignori

182 1096 287 1130 agrum
309 1096 327 1118 a
352 1089 473 1127 parente
486 1081 755 1124 ‹pupilliiacceperit
777 1101 787 1117 ,
811 1087 862 1120 jus
886 1084 1052 1118 exequetur.

166 1130 356 1163 Rationem.
374 1124 507 1166 exposui
530 1125 562 1155 in
580 1121 792 1162 superioribus
806 1143 816 1159 ,
841 1119 929 1151 fimul
948 1127 1053 1154 exem·

170 1172 251 1222 vpla:
274 1169 388 1210 quibus
411 1167 492 1199 adde
512 1165 590 1197 fisi.
610 1172 635 1195 1.
661 1162 697 1197 ὅ)
716 1172 743 1194 2.
763 1161 797 1193 C.
820 1161 848 1206 h..
875 1167 896 1191 t.

225 1211 303 1243 Fere
330 1218 415 1242 eram
444 1208 565 1239 oblitus
578 1227 591 1245 .‚
620 1204 710 1245 quod
739 1201 867 1244 promili
884 1224 893 1239 ,
930 1200 1054 1245 tradere

182 1253 333 1286 effectum
363 1248 589 1285 alienationis,
620 1252 733 1278 contra
762 1243 895 1288 formam
926 1241 1053 1287 Oratio-

167 1297 231 1328 -nis
255 1293 356 1325 factas.
399 1290 453 1322 Est
476 1297 581 1321 autem
612 1287 664 1318 hic
687 1293 782 1325 quem
806 1285 923 1316 indicat
948 1281 1053 1322 Ulpia-

182 1346 243 1370 nus
273 1335 292 1366 l.
317 1344 346 1375 3.
379 1333 408 1374 ἓ.
436 1341 482 1372 13.
517 1329 556 1361 D.
588 1329 620 1359 de
642 1327 764 1368 suspect.
799 1326 916 1356 tutorib.
960 1323 1054 1355 Seve-

174 1387 252 1411 rum
268 1398 277 1413 ,
295 1376 459 1414 inquiens,
494 1371 524 1402 ὰ
547 1369 743 1402 Antoninum
775 1364 958 1406 rescripsisse
980 1364 1054 1405 Epi-

179 1419 296 1455 curio,
324 1416 442 1447 'lictores
465 1412 517 1453 qui
546 1420 589 1442 res
618 1411 723 1444 vetitos
740 1406 803 1446 fine
825 1408 932 1438 decreto
954 1403 1056 1446 distra-

178 1456 314 1496 xerunt,
336 1455 408 1487 nibil
430 1452 523 1493 egiffe.
558 1449 640 1486 ‚Nec
662 1450 764 1480 minus
786 1448 856 1485 hoe,
881 1447 1057 1478 Diocletia-

167 1494 262 1533 .tiani
287 1498 316 1529 &
340 1491 573 1530 Maximianii.
597 1499 645 1522 11.
669 1490 702 1521 C.
725 1490 752 1521 b.
777 1494 799 1520 t.
822 1487 1057 1527 senatusconsul-

163 1546 165 1548 “
184 1544 210 1573 zi
235 1539 392 1572 auctorizas
409 1559 432 1574 ,v
450 1538 558 1571 retento
592 1532 714 1563 dominio
743 1531 881 1561 ,donandi
911 1530 992 1560 viam
1014 1529 1057 1559 ob-

170 1580 304 1623 struxit.
353 1576 409 1610 Est
425 1572 739 1618 igiturprobibitae
760 1570 959 1609 alienationis
993 1569 1057 1609 etti⁴

850 1681 1201 1722 Ttruttts

1002 82 1266 120 Noonr

1325 84 1535 121 CoMM.

1088 180 1136 206 tus
1159 182 1202 204 ex
1223 179 1330 204 mente
1363 172 1527 207 Orationis
1545 197 1556 214 ,
1592 181 1626 207 ut
1648 183 1707 216 pro
1731 175 1812 207 nulla
1836 175 1882 210 lit.
1909 178 1955 211 its

1088 224 1153 246 non
1176 214 1272 259 habet
1294 216 1430 256 pupillus
1452 224 1506 248 aut
1528 217 1631 248 minor
1660 218 1691 248 in
1721 217 1878 258 integrum
1910 226 1958 250 ree

1089 256 1253 287 stitutio-ne
1282 255 1428 288 Praetoris
1464 266 1543 298 opus
1571 259 1599 289 d.
1622 258 1640 289 i.
1669 267 1715 290 11.
1753 267 1865 290 contra
1895 255 1954 300 po-

1090 297 1169 335 test,
1192 303 1352 336 tamquam
1375 299 1542 337 domiuus,
1571 308 1621 330 res
1642 299 1791 332 alienatas
1814 299 1868 331 suo
1886 300 1956 339 jure

1090 348 1107 369 a
1129 346 1335 377 quocumque
1364 338 1535 379 poss’effore
1563 340 1723 371 vindicare
1746 350 1817 372 cum
1848 340 1958 372 fructi-

1091 380 1148 410 bus
1166 379 1267 425 ¹medii
1291 381 1461 421 temporis;
1490 380 1511 413 li
1533 390 1596 413 non
1617 379 1712 413 bonae
1733 380 1806 414 fidei
1831 388 1960 423 emptor

1089 420 1188 452 fuerit
1209 420 1228 451 l.
1254 430 1282 451 2.
1305 420 1339 452 C.
1364 421 1398 452 Si
1418 423 1484 464 quis
1506 423 1599 463 ignor.
1631 431 1690 453 rem
1711 425 1812 455 minor.
1834 424 1889 455 etsi
1909 432 1957 454 re-

1091 462 1202 494 stituto
1233 469 1304 492 curn
1335 462 1431 494 usuris
1459 465 1582 504 pretio,
1613 472 1678 503 quo
1700 472 1800 504 usque
1829 464 1860 496 in
1890 472 1958 496 rem

1092 503 1157 543 eius
1182 501 1304 533 versum
1327 501 1374 534 fit.
1395 505 1482 544 quod
1504 504 1525 536 li
1547 514 1612 536 non
1635 503 1788 536 offeratur
1817 513 1834 536 a
1855 505 1957 546 pupil-
1996 512 2006 529 ¹

1090 545 1143 590 lo,
1175 544 1405 589 placet-etiarn
1438 544 1525 586 pofl'e
1554 555 1570 577 a
1602 548 1742 586 petitore
1764 547 1831 586 peti
1861 555 1958 578 exce-

1092 593 1205 626 ptione
1229 584 1294 616 doli
1317 585 1408 617 mali:
1431 595 1488 625 per
1509 595 1602 625 quam
1625 587 1655 618 ἀ
1678 586 1819 627 sumptus
1846 587 1958 619 melio-

1092 627 1160 703 gtil
1175 626 1408 697 praedi1i3r2peti
1428 628 1477 667 jus
1499 627 1560 658 effe
1582 627 1601 659 l.
1628 631 1675 660 16.
1700 628 1719 660 l.
1747 637 1792 660 10.
1817 628 1838 660 1.
1857 636 1904 668 14.
1926 628 1961 660 C.

1164 690 1171 698 .
1193 675 1204 697 1
1233 690 1240 698 .
1297 689 1305 697 .
1346 690 1353 697 .
1371 673 1393 698 t.

1132 706 1188 738 Est
1204 676 1299 747 iggitur
1324 700 1441 739 inutilis
1462 708 1570 747 praedii
1594 707 1698 740 rustici
1723 718 1776 742 aut
1811 709 1958 741 suburba-

1093 748 1124 779 ni
1143 748 1254 789 pupilli
1271 754 1323 779 aut
1342 749 1472 780 minoris
1488 750 1637 780 alienatio
1655 749 1719 781 fine
1735 752 1864 782 decreto
1881 751 1964 784 Prae-

1098 790 1176 821 toris
1209 788 1316 821 facta:
1348 789 1455 821 donec
1486 790 1637 829 perfecta:
1664 792 1764 823 aetatis
1799 791 1872 824 faeti
1898 801 1968 824 eam

1097 830 1356 871 approbaverint.
1380 829 1417 861 fit
1441 838 1546 863 autem
1578 831 1646 862 haec
1668 832 1969 872 approbatiotduo-

1097 872 1154 904 bus
1191 872 1311 903 modis:
1341 872 1391 903 vel
1414 872 1534 912 palam,
1561 871 1625 904 sive
1649 872 1815 904 manifesto
1837 873 1971 905 consen-

1097 913 1149 952 su,
1173 913 1224 944 vel
1246 912 1390 951 silentio,
1415 913 1477 944 five
1500 910 1583 953 lapsu
1606 915 1761 954 'temporis
1783 915 1802 945 l.
1828 924 1856 946 2.
1874 914 1907 946 C.
1931 915 1966 946 Si

1095 954 1197 995 major.
1212 952 1292 993 fact.
1317 954 1401 985 alien.
1420 954 1498 994 faci.
1518 955 1576 992 fin.
1601 956 1701 987 decret.
1731 957 1790 987 rat.
1814 955 1879 988 hab.
1902 956 1965 997 pr?-³

1095 1004 1182 1033 mum
1216 994 1318 1035 palam
1350 996 1526 1036 approbata
1557 996 1706 1028 alienatio
1737 997 1800 1028 sine
1833 999 1967 1028 decreto

1095 1035 1360 1082 faetakperinde
1387 1037 1561 1077 accipitur,
1592 1047 1628 1068 ac
1649 1037 1670 1069 fi
1693 1047 1733 1069 ex
1762 1039 1895 1070 decreto
1923 1038 1970 1070 fa·

1098 1077 1146 1108 &a
1170 1076 1256 1123 esset.
1279 1076 1382 1108 solum
1408 1079 1492 1110 enim
1518 1079 1583 1110 hoc
1606 1080 1691 1120 ag-it,
1714 1088 1774 1111 nec
1796 1079 1877 1110 ultra
1897 1089 1968 1120 per·

1096 1120 1162 1159 git,
1194 1127 1239 1148 vrs
1262 1119 1507 1159 ratihabitionis.
1546 1120 1685 1161 ideoque
1707 1120 1728 1152 ii
1761 1121 1884 1160 minor,
1920 1121 1967 1152 in-

1095 1157 1242 1206 consulto
1269 1169 1377 1190 errore
1403 1160 1503 1201 lapsus
1520 1184 1530 1200 ‚
1558 1163 1646 1202 quod
1670 1162 1830 1203 ignoraret
1855 1171 1966 1194 verum

1095 1208 1252 1241 pretium,
1277 1202 1454 1233 venditioni
1472 1201 1646 1234 consensit:
1666 1211 1710 1234 ait
1736 1202 1918 1235 Gordianus
1942 1203 1964 1236 l.

1100 1251 1124 1273 1.
1143 1242 1176 1273 C.
1196 1243 1256 1273 eod.
1276 1243 1323 1273 tit.
1346 1251 1412 1274 non
1431 1243 1490 1274 abs
1517 1253 1550 1275 re
1571 1240 1653 1283 esse,
1683 1243 1704 1276 fi
1724 1244 1842 1276 bonam
1869 1243 1968 1276 fidem

1096 1292 1162 1315 non
1188 1282 1397 1323 amplectatur
1419 1293 1490 1324 pars
1513 1285 1633 1317 diversa
1649 1308 1659 1325 ,
1688 1286 1719 1317 in
1742 1286 1808 1326 ejus
1836 1286 1968 1317 arbitrio

1097 1326 1195 1364 poni,
1218 1332 1256 1370 an
1281 1325 1359 1355 velit
1382 1325 1602 1365 poffessionem
1618 1336 1690 1358 cum
1707 1325 1862 1358 fructibus
1880 1326 1966 1358 resti-

1099 1374 1207 1403 tuere,
1231 1372 1273 1410 ita
1291 1374 1325 1396 ut
1343 1365 1497 1398 foenebris
1514 1369 1647 1406 pecunia
1665 1376 1736 1399 cum
1754 1368 1968 1407 competenti-

1100 1406 1156 1437 bus
1180 1405 1278 1437 usuris
1297 1405 1488 1438 restituatur.
1530 1407 1572 1438 At
1596 1417 1660 1439 non
1685 1415 1805 1439 tantum
1833 1408 1967 1439 manife-

1099 1446 1142 1478 sta
1166 1446 1392 1478 ratihabitione
1417 1446 1622 1480 confirmatur
1652 1450 1770 1480 inutilis
1795 1448 1962 1480 alienatio:

1099 1487 1153 1560 [εἶά
1178 1488 1285 1560 {dama
1296 1487 1419 1560 figentitio
1436 1489 1516 1521 certi
1541 1490 1719 1530 temporis:
1740 1490 1780 1522 de
1805 1498 1870 1530 quo
1894 1490 1924 1522 in
1944 1490 1964 1521 l.

1099 1536 1154 1561 ut.
1206 1550 1215 1560 .
1235 1537 1262 1560 eo
1287 1551 1295 1560 .
1333 1537 1366 1560 r.

1259 1675 1301 1719 X.

592 1780 643 1823 De
666 1785 857 1823 curatoribus
872 1782 996 1830 furiofii
1030 1779 1071 1822 ἐξ
1094 1783 1166 1818 aliis
1189 1788 1281 1817 extra
1303 1781 1431 1817 minores
1452 1781 1573 1819 dandis.

168 1942 172 1945 ,
204 1902 207 1906 ’
241 1943 244 1946 ⁴
277 1917 290 1942 t
319 1905 514 1948 intelligatur
544 1903 635 1936 series
668 1902 696 1934 δι
727 1902 809 1934 ratio
831 1899 954 1938 Tituli,
991 1899 1061 1945 obi-

170 1908 347 1988 Uter
382 1944 557 1980 meminiffe
598 1951 748 1985 oportet,
786 1943 874 1981 quod
908 1949 981 1972 ante
1019 1942 1062 1971 di-

192 1996 276 2029 Ctum,
296 2015 306 2031 ,
336 1998 444 2022 curam
475 1987 537 2019 effe
566 1987 629 2018 vim
653 1995 689 2016 ac
713 1983 901 2025 potestatem
924 1985 955 2013 in
978 1982 1062 2021 capi-

191 2043 225 2068 te
254 2034 356 2067 libero
392 2031 430 2061 ad
459 2029 577 2060 tuenda
607 2029 691 2058 bona
721 2026 785 2066 ejus
816 2025 869 2065 qui
892 2023 1062 2070 pubeshfa-

192 2078 285 2115 Eius,
327 2079 461 2115 propter
490 2070 645 2101 minorem
676 2075 821 2105 aetatcm‚
859 2073 912 2096 aut
941 2074 1061 2111 maior,

191 2119 236 2151 ob
263 2115 358 2149 animi
389 2120 442 2144 aut
471 2111 620 2150 corporis
649 2109 781 2147 vitium,
811 2107 915 2151 rebus*
936 2105 995 2152 surs
1018 2104 1060 2136 su·

193 2157 314 2201 peress'e
345 2165 410 2187 non
441 2152 556 2194 potest.
607 2149 660 2182 De
689 2157 839 2181 curatore
876 2156 988 2179 minori
1019 2147 1063 2177 ob

193 2208 320 2233 aetatem
349 2195 474 2233 dando,
507 2194 580 2233 quia
610 2192 728 2223 ditium
760 2189 815 2221 suo
844 2189 920 2221 loco
938 2211 947 2227 ,
978 2187 1064 2219 hunc

194 2250 260 2275 non
283 2238 410 2279 attingit
431 2234 566 2277 praesens
588 2232 742 2264 Titulus:
772 2231 824 2263 sed
847 2230 910 2271 agit
940 2229 979 2260 de
1009 2238 1062 2260 cu-

194 2282 351 2315 ratoribus
375 2278 442 2310 aliis
464 2284 554 2308 emta
577 2275 716 2306 minores
739 2272 860 2303 dandis.
883 2270 991 2311 quales
1013 2269 1061 2301 fu-

195 2324 263 2355 rioli
288 2323 318 2354 &
340 2318 482 2361 prodigi:
505 2325 577 2348 nam
603 2315 651 2347 vel
675 2315 753 2345 tales
784 2321 818 2344 ut
841 2312 895 2343 sub
918 2320 993 2343 cura
1016 2321 1062 2343 es-

196 2365 279 2402 sent,
313 2363 448 2404 primum
477 2358 620 2390 moribus
646 2355 739 2387 fuiffe
769 2354 956 2391 induClum3
995 2361 1063 2383 eos—

197 2414 259 2444 que
288 2413 392 2435 mores
422 2409 500 2432 mox
537 2397 624 2438 Lege
654 2396 837 2428 Duodecim
866 2394 1063 2425 'fabularum

196 2445 287 2478 fuisse
310 2443 537 2478 confirmatos,
560 2438 715 2478 Ulpianus
737 2438 780 2468 ait
811 2437 830 2468 l.
858 2445 883 2467 1.
906 2439 933 2466 b.
957 2441 979 2465 t.
1010 2444 1068 2466 ca:-

198 2495 300 2518 terum
326 2486 373 2525 jus
408 2482 589 2515 Duodecim
611 2479 807 2511 Tabularum
829 2500 838 2516 ‚
869 2484 902 2508 ut
932 2474 967 2507 fit
984 2498 993 2513 ,
1016 2478 1068 2506 de-

197 2527 362 2560 suetudine
392 2525 618 2559 obliteratum,
649 2519 758 2562 postea
791 2519 877 2559 Lege
909 2516 1069 2555 Laetoria,

199 2569 288 2610 quus
309 2566 452 2598 meminit
483 2564 684 2603 Capitolinus
714 2563 745 2592 in
767 2561 832 2592 vita
852 2558 902 2590 M.
925 2558 1070 2589 Antonini

200 2607 362 2648 Philosophi
384 2616 407 2637 c.
430 2616 461 2637 x.
484 2605 545 2636 esse
568 2610 757 2635 renovatum
774 2625 783 2639 ,
805 2601 976 2632 admodum
999 2599 1089 2640 pro?

204 2650 309 2683 babile
339 2646 394 2678 est.
443 2646 519 2678 Sunt
550 2646 645 2686 igitur
674 2642 782 2674 furiosi
813 2640 843 2673 ὁ(
874 2641 997 2680 prodigi
1030 2649 1070 2671 ex

201 2689 291 2733 Lege
322 2686 503 2720 Duodecim
531 2685 727 2718 Tabularum
758 2684 788 2714 in
815 2691 888 2713 cura
906 2705 916 2719 ,
947 2682 975 2711 ἃ
1005 2682 1070 2721 qui·

204 2734 276 2765 dem
300 2735 504 2770 agnatorum,
526 2736 559 2759 ut
581 2729 624 2758 ait
646 2725 802 2766 Ulpianus
826 2724 857 2754 in
884 2720 998 2763 Fragm.
1022 2725 1068 2752 tit.

206 2782 255 2807 12.
285 2772 385 2808 adde,
415 2768 586 2808 gentilium.
619 2777 658 2805 ex
697 2766 858 2798 Cicerone
888 2765 936 2794 lio.
972 2772 997 2794 1.
1022 2762 1073 2794 Ait

207 2812 394 2847 Herennium
422 2819 446 2840 c.
472 2817 519 2848 13.
554 2810 582 2839 (ἐξ
613 2808 712 2840 Paulo
742 2808 761 2838 i.
785 2816 835 2847 53.
867 2805 908 2836 D.
939 2805 971 2835 de
994 2806 1072 2835 verb.

170 2886 173 2887 γ
194 2854 307 2898 figitis.
350 2851 438 2883 Idem
461 2857 564 2880 tamen
591 2848 742 2888 Ulpianus
764 2848 783 2879 l.
812 2856 838 2878 1.
861 2847 888 2878 h.
907 2853 928 2876 t.
955 2846 983 2876 δι
1004 2844 1074 2886 post

207 2906 279 2930 eum
303 2892 489 2935 justinianus
518 2889 546 2930 ᾗ.
567 2898 596 2928 3.
633 2888 703 2929 1le.
734 2891 767 2920 de
798 2888 953 2919 curatorib.
980 2886 1074 2918 tradi-

206 2939 270 2977 dit,
294 2930 508 2971 tandemusu
538 2929 725 2969 obtinuill'e3
757 2938 790 2961 ut
824 2928 935 2960 Romae
958 2926 1074 2959 Praefe-

209 2980 276 3011 etus
301 2976 379 3008 Urbi
403 2975 432 3005 ἃ
456 2973 486 3004 in
511 2970 684 3012 provinciis
720 2969 864 3002 Praesides
888 2978 928 3000 cx
952 2967 1075 3009 inquisi-

208 3016 296 3052 tione
319 3017 363 3048 eis
393 3022 557 3046 curatores
577 3011 688 3052 darent
712 3011 897 3051 plerumque
925 3018 1075 3050 agnatos;

208 3060 264 3093 nili
287 3060 317 3090 hi
348 3057 436 3088 forte
459 3054 556 3085 effent
578 3051 741 3084 inhabiles.
766 3051 827 3082 hoc
852 3051 979 3089 voluit,
1009 3051 1076 3090 opi-

209 3111 295 3138 nor,
317 3097 415 3138 Gaius
436 3096 455 3127 Ζ.
483 3105 528 3136 13.
552 3095 580 3125 b.
605 3099 626 3125 t.
652 3091 700 3123 his
723 3091 845 3123 verbis:
879 3093 957 3132 Saepe
985 3093 1022 3122 ad
1045 3101 1075 3122 a·

210 3144 282 3175 lium
303 3150 316 3170 e
338 3139 415 3180 Lege
439 3136 600 3168 Duodecim
631 3129 808 3166 Tabularum
834 3135 944 3163 curatio
967 3130 1078 3171 furiosi

210 3189 261 3217 aut
278 3181 394 3225 prodigi
409 3180 559 3221 pertinet,
587 3176 640 3208 alii
662 3175 774 3210 Praetor
801 3172 1078 3213 administrationem

1104 1896 1178 1930 dat:
1204 1898 1318 1938 scilicet
1339 1907 1405 1930 cum
1433 1898 1481 1929 ille
1509 1898 1651 1940 legitimus
1682 1896 1818 1928 inhabilis
1846 1896 1885 1929 ad
1911 1905 1974 1928 eom

1103 1950 1162 1971 rem
1184 1939 1334 1971 habeatur.

1143 1978 1299 2013 Furorem
1329 1989 1427 2021 porro
1456 1981 1473 2013 a
1499 1989 1564 2022 quo
1595 1978 1754 2018 furiosus,
1786 1979 1902 2012 Cicero
1923 1979 1973 2010 lib.

1104 2022 1135 2064 {3-
1161 2021 1275 2063 Tuscul.
1299 2019 1397 2063 quast.
1420 2031 1445 2053 c.
1469 2032 1500 2062 5.
1529 2020 1641 2053 definit
1671 2022 1785 2053 mentis
1806 2022 1844 2052 ad
1867 2020 1975 2052 omnia

1105 2064 1301 2095 coecitatem.
1339 2072 1446 2103 eoque
1482 2063 1598 2094 morbo
1632 2063 1684 2103 qui
1713 2062 1862 2100 laboret,
1899 2061 1976 2101 quin

1105 2113 1213 2137 mente
1229 2106 1340 2145 captus
1356 2103 1414 2143 fit,
1438 2104 1573 2135 dubitari
1598 2104 1719 2144 nequit.
1744 2111 1935 2143 quamquam
1959 2111 1976 2132 a

1104 2145 1225 2178 furioso
1246 2153 1355 2178 mente
1382 2153 1511 2186 captum
1543 2140 1705 2186 distinguit
1732 2144 1921 2184 Justinianus
1944 2143 1974 2184 ᾗ.

1104 2197 1134 2226 4.
1165 2188 1194 2218 d.
1226 2193 1247 2218 t.
1278 2187 1445 2227 quomodo
1469 2185 1625 2227 Ulpianus
1654 2187 1674 2216 l.
1698 2189 1727 2216 6.
1755 2186 1796 2217 D.
1819 2187 1847 2217 h.
1871 2190 1892 2216 t.
1926 2183 1977 2215 fu-

1105 2237 1210 2260 rorem
1235 2237 1251 2259 a
1274 2229 1457 2266 dementia,
1482 2227 1512 2259 &
1535 2225 1633 2268 Gajus
1663 2226 1786 2259 fatuum
1817 2236 1833 2257 a
1855 2224 1978 2258 furioso

1105 2270 1125 2301 l.
1156 2279 1183 2301 2.
1216 2269 1258 2300 D.
1289 2270 1322 2299 cle
1358 2269 1402 2300 his
1436 2271 1488 2310 qui
1516 2274 1576 2300 not.
1608 2269 1713 2308 infom.
1764 2267 1837 2300 Nec
1872 2267 1978 2299 male:

1105 2320 1177 2342 nam
1200 2311 1304 2342 omnis
1324 2309 1460 2342 furiosus
1483 2309 1528 2342 est
1550 2317 1658 2341 mente
1681 2316 1811 2350 captus;
1840 2308 1891 2340 sed
1913 2316 1978 2338 non

1107 2353 1179 2383 vice
1219 2351 1305 2383 versa
1334 2352 1438 2383 omnis
1473 2359 1582 2383 mente
1619 2358 1730 2391 captus
1758 2350 1804 2382 est
1832 2346 1978 2381 furiosus.
2034 2382 2035 2386 Ἰ

1111 2394 1191 2425 alter
1225 2400 1356 2424 externa
1391 2393 1507 2425 mentis
1533 2392 1620 2424 rabie
1650 2393 1814 2433 agitatur:
1849 2389 1979 2426 alterius

1110 2443 1200 2465 mens
1223 2434 1329 2474 potest
1345 2433 1407 2465 effe
1423 2434 1454 2465 in
1473 2433 1593 2474 quiete.
1615 2441 1768 2474 praeterea
1791 2431 1877 2470 hujus
1895 2438 1980 2460 mor·
2033 2431 2034 2456 l

1109 2476 1169 2507 bus
1186 2474 1256 2506 fere
1280 2475 1324 2506 cst
1341 2482 1530 2517 perpetuus:
1551 2475 1634 2507 illius
1653 2482 1766 2505 contra
1782 2471 1827 2503 est
1843 2472 1982 2511 aliquan·
2032 2473 2033 2516 i

1111 2518 1154 2548 do
1171 2517 1368 2557 temporalis.

1152 2557 1214 2589 Sed
1245 2566 1358 2599 praeter
1381 2556 1518 2588 furiosos
1548 2556 1602 2587 sub
1625 2564 1699 2586 cura
1728 2553 1798 2586 sunt
1829 2552 1982 2595 prodigi,

1112 2597 1236 2630 suriolis
1262 2608 1326 2630 non
1350 2597 1514 2629 absimiles.
1564 2595 1696 2636 Optime
1719 2595 1760 2627 lic
1787 2595 1830 2627 Ι),
1853 2595 1926 2627 Pius
1953 2603 1983 2624 a·
2030 2628 2031 2633 ¹

1113 2641 1178 2680 pud
1202 2639 1373 2679 Ulpianum
1395 2638 1415 2668 l.
1447 2646 1492 2668 12.
1520 2636 1548 2678 ᾗ.
1574 2647 1601 2668 2.
1638 2637 1682 2669 D.
1713 2638 1746 2668 de
1776 2643 1831 2667 tut.
1855 2637 1917 2667 dat.
1946 2635 1983 2666 ab
2029 2646 2030 2651 ¹

1113 2682 1166 2711 his.
1189 2681 1261 2712 Non
1283 2678 1321 2719 est
1344 2687 1452 2710 novum
1473 2680 1627 2719 quosdam,
1658 2677 1708 2716 etfi
1729 2678 1830 2709 mentis
1847 2678 1909 2717 suco
1936 2678 1982 2707 vi·
2028 2670 2030 2721 J

1114 2723 1258 2752 debuntur
1284 2729 1320 2751 ex
1337 2720 1518 2760 sermonibus
1551 2725 1685 2760 compotes
1710 2718 1761 2759 effe
1782 2741 1792 2758 ,
1828 2725 1923 2750 tamen
1939 2715 1984 2755 fic
2028 2724 2029 2750 l

1116 2761 1242 2793 trastare
1264 2763 1336 2792 bona
1357 2762 1394 2792 ad
1411 2766 1443 2799 Je
1460 2762 1636 2801 pertinentia
1653 2783 1664 2799 ,
1696 2766 1730 2792 ut
1754 2758 1809 2797 nisi
1822 2759 1983 2798 subvenia-
2027 2757 2029 2794 j

1116 2809 1165 2834 tur
1186 2804 1230 2834 his
1253 2804 1432 2833 deducantur
1460 2804 1491 2832 in
1514 2799 1664 2843 egestatem
1679 2811 1689 2831 .·
1717 2801 1862 2842 eligendus
1885 2801 1984 2841 itaque
2026 2799 2028 2835 ὃ

1116 2845 1170 2875 erit
1201 2844 1253 2885 qui
1276 2853 1319 2874 eos
1349 2840 1461 2880 consilio
1486 2850 1577 2884 regat.
1608 2853 1677 2873 riam
1706 2851 1817 2883 aequum
1842 2838 1905 2882 cst,
1935 2849 1986 2871 nos
2025 2837 2027 2870 i*

1112 2886 1269 2926 prospicere
1292 2885 1379 2916 etiam
1398 2885 1437 2913 eis
1460 2886 1510 2925 qui
1532 2886 1607 2925 quod
1631 2886 1669 2914 ad
1692 2884 1764 2914 bonu
1779 2883 1903 2923 ipfhrum
1917 2889 1984 2922 per·
2025 2907 2026 2910 ,

1117 2929 1208 2964 tinet,
1224 2926 1374 2966 furiosum
1395 2924 1520 2963 faciunt
1550 2926 1670 2956 exitum.
1713 2922 1829 2955 Talem
1854 2922 1916 2955 essi:
1944 2922 1989 2953 ait
2024 2918 2026 2946 1¹

1118 2964 1274 3008 Ulpianus
1296 2969 1323 2998 d.
1345 2967 1364 2998 l.
1393 2975 1418 2997 1.
1442 2967 1469 2997 b.
1494 2971 1516 2997 t.
1547 2967 1601 3006 qui
1627 2974 1732 3006 neque
1758 2971 1901 3005 tempus,
1932 2972 1987 2995 ne-

1119 3017 1181 3048 que
1204 3008 1298 3039 linem
1324 3006 1529 3049 expensarum
1554 3006 1666 3043 habet.
1691 3006 1744 3037 sed
1767 3006 1852 3037 bona
1876 3004 1926 3036 sua
1943 3004 1989 3035 di·
2022 3005 2024 3043 j

1119 3050 1288 3081 lacerando
1321 3050 1351 3080 δι
1375 3048 1548 3089 dillipando
1577 3047 1731 3088 profudit.

1119 3090 1218 3122 berali
1251 3090 1292 3121 slc
1323 3090 1414 3122 distin
1442 3092 1487 3120 uit
1520 3088 1639 3120 Cicero
1668 3087 1751 3128 apud
1789 3087 1989 3118 Lactantium

1118 3132 1168 3163 lib.
1191 3134 1221 3163 6.
1244 3130 1353 3162 Diviri.
1376 3098 1447 3172 Ιτκῇ.
1476 3140 1501 3162 c.
1528 3139 1574 3172 17.
1600 3138 1670 3161 nam
1697 3129 1749 3160 hic
1771 3127 1922 3168 respicit,
1957 3136 1993 3158 ο-Δ

1118 3174 1234 3214 pinor,
1264 3172 1304 3205 ad
1332 3172 1413 3205 illius
1440 3171 1489 3204 lio.
1513 3181 1543 3205 2.
1573 3170 1616 3208 De
1636 3169 1754 3211 officiis:
1788 3168 1931 3201 Liberalis
1952 3167 1993 3241 est}
2019 3179 2020 3206 ς

1938 3217 1975 3250 4&
2019 3212 2020 3229 ³

1785 3046 1881 3078 Hunc
1904 3054 1919 3075 a
1952 3045 1988 3076 li·
2022 3053 2023 3071 l
