2052 3487
209 157 253 192 30

208 242 281 265 nem
305 231 422 272 redigi,
445 229 599 271 opinione
623 226 761 258 defuncti
787 223 925 256 muneris
945 233 995 270 me
1014 224 1066 255 de-

207 274 345 306 fendam.
389 272 450 303 Res
472 270 516 301 est
539 276 706 310 praeterea,
731 276 801 302 quae
826 266 854 296 ἃ
872 266 1065 296 conditlonis

208 316 353 346 humana:
376 312 635 352 comparatione,
667 310 696 338 ot
720 307 1065 353 Veterum'praeeeptis

208 366 245 386 ac
262 352 524 392 disputationibus
540 352 578 381 de
599 348 775 379 officiorum
793 347 982 387 justitiaeque
999 356 1063 377 exr-

206 398 383 428 stimatione
398 394 480 433 apud
500 393 534 422 A.
555 389 693 421 Gellium
712 388 757 419 lzb.
779 398 802 419 1.
828 387 968 419 Nofflum
985 388 1064 418 Atri-

206 446 304 468 coram
328 445 349 465 c.
375 444 402 473 e3.
429 441 493 464 turn
520 440 624 462 autem
645 429 797 460 Scaevolae
813 427 964 469 responso
984 438 1063 468 quo-

203 479 293 515 dam,
310 469 499 506 adstruatur:
516 473 547 503 in
565 480 630 511 quo
648 476 813 513 peccatum
830 469 894 509 ejus
913 468 1064 508 jurecon-

205 518 273 549 sulti
299 525 360 547 tam
379 512 578 547 manifestum
597 511 662 550 est3
685 519 717 541 ut
736 520 848 548 mirer,
872 510 903 541 id
922 511 1062 542 erudito·

204 569 270 591 rum
289 556 542 588 observationem
564 562 662 593 usque
681 551 784 582 adhue
802 550 871 592 post
888 559 937 582 tot
961 550 1064 582 secula

205 599 355 640 effugere.
396 595 500 627 Verba
520 595 672 625 Scaevolae
689 602 728 623 ex
748 593 829 623 libro
847 591 986 623 secundo
1002 592 1063 623 Re-

202 640 384 681 sponsorum
409 637 578 668 Florentiae
601 634 703 666 forma
729 633 788 664 hac
811 632 879 665 sunt
905 633 923 664 l.
949 643 994 674 14.
1021 633 1062 665 D.

204 685 236 712 (ἐς
260 678 507 711 transactionibus.

243 718 441 758 Controversia
465 720 540 750 inter
565 718 722 759 legitimum
739 715 923 755 &scriptum
939 716 1064 747 heredem

261 769 324 794 orta
351 760 407 801 cst,
436 770 540 801 eaque,
564 758 756 789 transatiione
773 756 880 796 facia,
905 763 982 788 certa
1005 757 1063 799 lege

265 803 348 840 siim
366 801 421 842 est:
443 810 552 842 qutero,
576 803 722 830 creditores
742 808 823 840 quem
838 800 989 828 convenire
1002 806 1063 838 pos-

259 838 355 881 )nm?
381 843 551 881 Respondit,
568 839 596 878 st
620 842 702 871 iideia
721 842 868 871 creditores
885 839 986 880 efferztg
1011 841 1063 880 qni

253 879 632 922 '1ransaet'ionemfeczffent.
677 883 709 911 Si
727 882 777 912 alii
794 881 940 911 creditores
960 880 1061 920 efferret

260 932 373 966 propter
391 930 529 954 incertum
546 921 735 962 i'acceffiom's,
756 929 807 962 pro
821 927 904 962 parte
924 922 1061 954 heredita-

265 968 320 1003 cis,
343 974 430 1006 quam
444 971 561 1005 uterque
577 965 608 994 in
625 965 815 995 transactione
830 963 1010 1004 exprefflerit,
1028 974 1060 995 u-

260 1007 357 1037 rz‘li'ous
381 1006 592 1036 conveniendus
613 1003 660 1045 eft.

203 1049 254 1079 Sic
286 1047 483 1079 Florentiae:
516 1049 568 1077 led
600 1045 710 1077 desunt
740 1046 885 1086 quaedam
915 1041 1062 1084 perfeeto

201 1088 354 1129 Responn
384 1086 496 1118 sensui:
522 1096 591 1128 quoe
615 1088 646 1118 in
672 1087 807 1119 Accursii
835 1089 864 1117 <St
887 1085 1063 1118 Haloandri

201 1130 393 1162 editionibus
418 1129 480 1160 hoc
503 1127 571 1159 fere
596 1127 777 1168 supplentur
801 1128 911 1159 modo.

238 1170 403 1210 Respondi,
422 1168 450 1207 fi
470 1171 554 1201 iidem
571 1172 720 1200 tremores
739 1168 842 1209 effent,
866 1170 917 1210 qui
934 1174 1061 1199 transac-

262 1213 365 1241 tionem
373 1211 509 1250 feciffent
520 1235 529 1247 ,
553 1212 581 1241 id
597 1212 804 1249 observatiam
819 1209 868 1250 effi:
883 1212 914 1240 de
929 1219 980 1240 aere
995 1211 1060 1240 alie-

260 1263 314 1290 πο,
336 1253 412 1293 quod
432 1255 507 1283 z'nzer
524 1262 566 1282 eos
583 1252 771 1292 con-venisset,
793 1251 819 1288 fi
841 1252 892 1282 alii
915 1252 1063 1282 creditores

258 1293 361 1333 efferat,
388 1301 503 1333 proptor
526 1294 666 1323 incertum
683 1291 880 1333 jacceffionis,
910 1301 961 1332 pro
978 1299 1063 1332 parre

261 1335 442 1373 hereditatis,
457 1344 544 1376 quain
560 1342 678 1375 userqae
695 1335 725 1364 in
743 1333 933 1365 transilitione
949 1341 1062 1374 expres-

249 1376 341 1415 serit,
364 1375 483 1406 utilibus
498 1377 707 1406 conveniendos
725 1373 774 1413 esi.

200 1415 278 1448 Non
304 1417 404 1449 male:
429 1426 619 1457 quamquam
643 1426 705 1447 non
726 1416 856 1453 dubito,
881 1415 1062 1456 quinprior

174 1459 177 1461 '
201 1458 369 1498 scriptura,
401 1467 470 1497 quae
497 1457 680 1489 Florentina
707 1457 771 1496 est,
796 1457 886 1497 ipsius
911 1456 1062 1487 Scaevolae

198 1499 253 1531 fit:
276 1499 372 1539 idque
397 1508 431 1530 ut
454 1507 582 1540 putem.
608 1506 719 1529 movet
744 1508 795 1530 me
820 1500 850 1529 in
871 1507 977 1539 primis
997 1497 1062 1536 ejus

199 1540 324 1571 locutio
344 1549 433 1580 aeque
448 1539 654 1580 imperfecta,
674 1549 711 1571 ac
730 1540 838 1570 mutila
851 1563 859 1577 ,
884 1549 923 1570 ne
941 1539 1061 1576 dicam,

198 1581 346 1619 absurda,
359 1590 466 1621 batque
489 1591 528 1612 ex
557 1580 691 1621 subjecta
709 1580 914 1621 responsione
934 1581 1060 1611 demum

198 1622 398 1662 conjicienda
423 1625 453 1653 in
472 1623 490 1653 l.
508 1632 560 1657 ρο.
589 1622 615 1664 §.
640 1631 684 1653 η.
710 1622 751 1653 D.
776 1624 807 1652 de
824 1622 918 1652 liberis
937 1620 972 1655 ὅ)
987 1618 1060 1660 post-

198 1665 301 1695 humis.
344 1664 407 1695 Sed
431 1664 460 1694 in
486 1663 719 1704 praesentiarum
744 1673 794 1695 me
814 1672 877 1694 non
898 1670 960 1693 tam
981 1662 1060 1692 ratio

197 1704 383 1744 scripturae,
425 1713 521 1744 quam
548 1703 688 1744 responsi
706 1727 715 1742 ,
747 1703 915 1735 sollicitum
945 1702 1059 1741 habet,

198 1745 319 1786 speeies
342 1745 425 1777 enim
441 1769 450 1784 ‚
474 1746 513 1776 de
533 1754 593 1786 qua
609 1745 751 1777 Scaevola
769 1744 957 1781 consulitur,
981 1742 1002 1774 fi
1021 1744 1059 1774 ad

198 1796 309 1818 verum
326 1787 484 1828 exigitur,
508 1796 614 1824 neque
629 1786 785 1824 difficilis,
808 1795 914 1825 neque
928 1784 1060 1816 obscura

198 1827 254 1860 est.
300 1827 493 1868 Proponitur
513 1827 639 1866 Titius,
664 1827 855 1859 testamento
878 1826 982 1864 facto,
1007 1826 1059 1855 de-

198 1868 332 1900 ceffisse:
355 1869 470 1900 deinde
493 1868 707 1900 controversia
730 1867 820 1909 super
838 1878 878 1898 eo
894 1875 964 1898 orta
980 1868 1061 1897 inter

196 1910 375 1950 legitimum
396 1911 422 1940 δι
444 1909 590 1950 seriptum
614 1910 763 1940 heredem
789 1910 828 1940 ab
851 1910 910 1940 hac
929 1915 1060 1939 contro-

197 1950 296 1981 versia
320 1951 472 1982 recessum
496 1952 614 1983 rursus:
638 1960 673 1981 ea
699 1951 786 1990 lege,
810 1959 843 1980 ut
867 1950 991 1989 utrique
1010 1949 1058 1988 jus

198 1990 275 2022 essct
298 1993 392 2031 partis
410 2002 447 2022 ex
469 1992 646 2023 hereditate
662 1991 852 2022 auferendae.
876 1990 1056 2033 Quaeritur,

198 2042 294 2073 quern
318 2033 492 2064 creditores
518 2033 691 2064 convenire
707 2033 863 2071 debeant,
884 2040 988 2062 utrum
1007 2030 1057 2061 he-

198 2073 307 2104 redem
335 2073 502 2114 scripturn,
526 2084 562 2104 an
590 2074 783 2115 legitimum,
808 2084 845 2104 an
863 2070 1058 2111 utrumque?

198 2114 268 2145 haee
291 2113 407 2154 species
430 2125 466 2145 ac
491 2115 632 2154 quatstio.
677 2116 725 2146 Ad
741 2115 821 2146 hanc
839 2116 879 2145 ita
896 2113 1058 2151 Scaevola,

180 2155 263 2187 ,Aut
281 2155 347 2186 sunt
365 2157 458 2187 iidem
477 2157 734 2195 creditores,qui
755 2156 994 2187 [ransastionem
1010 2153 1057 2184 fe-

199 2205 329 2234 cerunt,
354 2206 407 2228 aut
429 2196 496 2228 sunt
520 2198 579 2227 alii.
605 2196 625 2228 si
651 2199 747 2227 iidem
774 2200 948 2228 creditores
966 2194 1057 2232 sunt;

198 2239 230 2268 id
253 2237 482 2269 observandum
504 2237 547 2269 est
574 2239 614 2268 de
638 2247 698 2268 aere
719 2239 842 2276 alieno,
866 2238 952 2277 quod
976 2237 1059 2267 inter

199 2288 254 2310 eos
273 2280 435 2310 convenit.
458 2278 479 2310 fi
498 2279 547 2310 alii
566 2280 739 2310 creditores
761 2279 846 2316 sunt;
864 2286 1057 2310 convenien-

198 2321 228 2351 di
250 2320 344 2351 ambo
363 2322 430 2351 sunt
450 2329 506 2359 pro
525 2328 611 2359 parte
629 2320 829 2358 hereditatis,
847 2320 898 2351 sed
918 2319 1059 2357 utilibus,¹

199 2370 263 2392 non
283 2361 408 2392 directis
427 2361 614 2393 actionibus.
645 2360 725 2392 Haec
743 2361 913 2393 Scaevolae:
936 2360 1010 2392 mihi
1030 2370 1058 2390 a-

198 2403 237 2434 lia
263 2411 350 2434 triens
376 2402 428 2433 est.
465 2403 518 2434 ille
540 2402 618 2433 mihi
634 2402 785 2443 praefatus
815 2403 939 2433 videtur
960 2403 999 2433 de
1018 2402 1060 2432 in-

199 2451 289 2474 certo
314 2442 527 2483 succeffionis,
559 2452 654 2483 atque
679 2453 714 2474 ea
739 2443 826 2475 causa
848 2444 886 2475 ad
918 2443 1058 2475 actiones

201 2485 296 2516 utiles
319 2484 485 2515 decurriss'e
503 2508 512 2523 ‚
544 2484 625 2525 quasi
648 2495 687 2516 ex
710 2495 802 2524 aequo
825 2485 853 2516 ἃ
876 2486 974 2516 bono.
1008 2494 1057 2515 res

199 2533 306 2556 autern
329 2524 434 2556 suadet
452 2535 523 2557 eum
547 2526 598 2565 qui
627 2526 815 2557 testamento
834 2527 964 2566 scriptus
992 2525 1057 2564 est,

196 2566 349 2597 heredem
366 2566 446 2604 effe,
463 2567 493 2598 &
513 2567 726 2599 creditoribus
743 2575 842 2599 teneri
864 2567 989 2598 directis
1007 2576 1056 2597 ac-

199 2607 357 2639 tionibus:
389 2609 486 2648 idque
511 2608 539 2639 o't
564 2608 697 2639 Graecus
722 2608 912 2640 Scholiastes
936 2609 982 2639 lili.
1010 2617 1055 2639 XI.

197 2647 313 2685 Basilio.
338 2650 382 2679 tit.
400 2658 426 2679 2.
440 2655 471 2688 p.
488 2653 557 2689 807.
585 2656 650 2680 tom.
671 2659 694 2680 1.
720 2651 758 2681 ad
778 2650 861 2681 hunc
877 2651 984 2682 locum
1004 2659 1056 2679 ve-

198 2689 314 2722 risfime
339 2691 515 2720 annotavit.
546 2699 664 2730 quippe
688 2691 779 2722 heres
811 2690 941 2732 scriptus
964 2697 1057 2729 ante,

202 2740 296 2771 quam
322 2731 459 2768 decidit,
496 2731 704 2764 hereditatem
731 2733 815 2763 adiit.
840 2732 980 2773 alioquin
1005 2733 1057 2771 qui

197 2773 226 2803 ei
253 2771 468 2803 controverfia
492 2771 554 2803 fuit
576 2782 647 2803 cum
671 2773 787 2804 herede
803 2773 972 2813 legitimo?
994 2773 1057 2805 Sed

196 2813 231 2845 id
255 2812 395 2851 constat,
426 2813 515 2844 illum
539 2823 595 2854 pro
619 2813 737 2845 herede
765 2814 883 2854 gessill'e
906 2815 956 2846 vel
983 2823 1057 2845 ante

197 2854 332 2894 paetum.
357 2853 413 2885 iste
437 2854 532 2885 etiam
556 2864 627 2886 curn
654 2855 687 2886 in
707 2856 915 2887 transactione
934 2856 1056 2887 faceret

198 2894 228 2926 se
247 2895 421 2935 legitimam
434 2918 443 2933 ‚
467 2895 543 2927 licet
563 2904 749 2937 perperam,
770 2896 856 2928 illum
873 2906 977 2929 tamen
997 2906 1055 2937 pro

197 2944 288 2976 parte
312 2937 463 2968 heredem
486 2936 547 2968 effe
571 2937 600 2968 ὅ(
624 2936 724 2977 passus
752 2936 848 2970 facile
872 2938 916 2970 est
934 2939 963 2970 ὅ(
980 2947 1054 2969 con·

198 2976 302 3009 seffus.
329 2986 360 3009 at
376 2978 511 3018 primum
529 2978 572 3016 is,
585 2979 637 3019 qui
657 2977 751 3009 semel
769 2978 860 3010 heres
875 2978 956 3018 fuit,
968 2979 1054 3010 dein-

198 3018 239 3049 de
257 3028 321 3049 non
338 3019 444 3057 potuit
463 3018 545 3050 hane
562 3018 727 3059 personam
744 3020 906 3059 deponere
921 3020 937 3051 l.
953 3025 1000 3054 88.
1013 3019 1054 3051 D.

199 3059 232 3088 de
248 3058 392 3090 heredibus
416 3058 608 3101 instituendis.
634 3059 703 3091 Imo
727 3059 782 3092 etfi
800 3060 1008 3093 hereditatem
1023 3063 1054 3091 in

198 3099 264 3138 iure
286 3101 397 3139 cedat,
429 3109 532 3133 tamen
558 3102 708 3132 heredem
728 3110 931 3142 permanere,
955 3102 985 3133 ἃ
1011 3102 1054 3133 ob

198 3139 231 3183 id
248 3141 458 3173 creditoribus
475 3141 616 3174 defuncti
634 3142 809 3183 obligatum
827 3151 972 3181 manere,
998 3142 1051 3173 Ul-

199 3188 310 3219 pianus
332 3181 430 3213 refert
452 3184 481 3214 in
503 3183 665 3225 Fragment.
683 3186 728 3215 tir.
749 3193 794 3220 19.
819 3184 871 3223 qui
888 3184 980 3223 igitur
1000 3183 1053 3214 hic

198 3221 323 3260 patruni
342 3223 460 3255 nudum
484 3224 546 3256 fine
564 3226 634 3267 lege
653 3225 862 3258 hereditatem
885 3224 1051 3256 transferat

808 138 1112 173 Gensiini
1160 132 1388 167 Nooua-

1107 230 1166 261 pro
1186 220 1460 267 par-tequempe,
1486 222 1572 260 quod
1594 222 1747 264 civilcjus
1765 229 1829 255 non
1847 230 1964 264 mutat,

1107 263 1138 293 id
1157 270 1298 301 gentium
1311 271 1379 301 Jure
1399 262 1567 295 mutabitur
1577 264 1602 295 ?-
1618 265 1701 296 haud
1718 264 1760 296 ita
1777 264 1840 296 est:
1859 275 1964 305 neque

1108 308 1200 343 pacto
1231 301 1420 334 rescinditur
1449 302 1696 344 testamentum,
1727 315 1786 337 nec
1811 306 1966 338 hereditas

1108 343 1269 381 defertur,
1292 352 1352 374 nec
1369 344 1531 376 amittitur.
1555 347 1574 378 l.
1590 347 1644 378 ult.
1663 346 1702 378 D.
1721 348 1754 378 de
1763 348 1828 386 suis
1845 346 1881 382 &⁹
1896 348 1964 388 legi-

1107 384 1183 415 timis
1202 385 1357 415 heredibus.
1383 385 1412 426 §.
1426 389 1456 416 6.
1481 385 1551 426 lnft.
1572 395 1623 428 per
1638 397 1709 429 quas
1719 389 1851 429 personas
1865 390 1966 429 cuique

1106 425 1283 466 adquiritur.
1306 425 1354 456 his
1377 426 1478 462 ad'de,
1509 430 1596 468 quod
1626 430 1774 469 quamdiu
1799 437 1850 460 aut
1873 429 1967 460 heres

1106 465 1171 503 est,
1195 473 1248 496 aut
1271 465 1396 497 futurus
1413 467 1551 505 speratur
1567 479 1608 501 ex
1624 469 1764 501 defuncti
1781 470 1965 508 voluntate,

1107 507 1225 538 tamdiu
1248 507 1407 548 legitimus
1427 517 1489 539 non
1509 510 1684 542 admittitur
1701 511 1718 541 l.
1742 516 1790 546 89.
1814 510 1856 542 1).
1872 514 1904 542 de
1923 521 1965 542 re-

1102 549 1182 590 gulis
1192 548 1280 589 juris.
1299 557 1363 579 non
1381 549 1498 589 patitur
1515 552 1610 584 etiam
1630 551 1680 592 Jus
1697 552 1834 583 nostrum
1846 574 1855 587 .,
1878 560 1967 583 eum·

1106 591 1178 620 dem
1206 598 1236 619 in
1258 591 1385 629 paganis
1402 590 1431 621 ὅ(
1449 590 1594 624 testatum
1613 593 1642 624 ἀ
1659 593 1838 624 intestatum
1857 593 1968 624 deces-

1105 629 1171 661 ssffe
1189 629 1208 660 l.
1227 639 1255 669 ῖ.
1278 629 1318 661 D.
1335 631 1392 662 eod.
1411 632 1457 662 rit.
1483 633 1587 673 Atque
1608 633 1677 664 haec
1695 643 1759 674 quo
1777 634 1873 674 magis
1892 643 1969 665 con-

1104 670 1225 708 sidero,
1250 680 1290 701 eo
1314 671 1409 713 magis
1437 672 1571 713 censeo,
1595 675 1772 706 Scaevolam
1791 684 1856 706 nou
1876 684 1916 706 ex
1936 684 1967 704 a-

1105 712 1182 743 nimi
1207 711 1249 742 sui
1271 711 1424 744 sententia
1447 716 1640 754 respondisse
1661 728 1669 748 ι
1703 715 1772 754 scd,
1806 725 1839 746 ut
1862 717 1967 747 amico

1105 760 1314 799 reniogra-tarn
1339 762 1569 796 acceptamque
1594 757 1736 793 faceret,
1760 767 1775 787 a
1791 757 1859 796 jure
1876 764 1967 788 certo

1106 795 1229 834 longius
1256 803 1350 834 quam
1374 804 1559 836 oporteret,
1593 798 1755 830 receffiffe.
1781 800 1867 836 quod
1891 797 1911 829 fi
1935 806 1966 828 e-

1106 837 1169 866 nim
1194 836 1274 866 alter
1300 836 1488 875 testamento
1517 838 1608 870 heres
1626 840 1656 870 in
1673 839 1766 871 assem
1783 839 1883 870 fastus
1902 839 1966 877 est,

1105 876 1135 907 ἀ
1164 876 1373 908 transactione
1399 879 1467 910 talis
1494 889 1598 920 neque
1625 890 1665 911 ex
1683 880 1762 917 asse,
1787 890 1891 920 neque
1909 890 1968 920 pro

1105 926 1194 957 parte
1207 939 1215 955 ‚
1239 916 1300 947 esse
1318 918 1427 957 desiit3
1450 921 1528 951 alter
1547 929 1658 952 contra
1677 931 1738 952 nec
1756 932 1795 953 ex
1814 922 1883 962 lege
1902 923 1970 961 qui-

1106 959 1152 988 vit
1171 968 1227 998 pro
1245 958 1363 989 herede
1385 969 1517 1000 gerere,
1541 963 1736 1002 impediente
1757 962 1967 1001 testamento,

1105 1009 1166 1030 nec
1186 1000 1396 1031 transactione
1419 1000 1607 1042 succedere,
1632 1004 1803 1035 deficiente
1826 1005 1912 1044 jure:
1937 1013 1969 1035 c-

1106 1040 1233 1081 quidem
1260 1050 1323 1071 non
1347 1040 1416 1072 satis
1434 1043 1670 1082 animadvertO,
1696 1046 1746 1085 qui
1765 1045 1818 1076 hic
1837 1044 1969 1076 obscura

1105 1084 1139 1112 ht
1163 1080 1330 1121 success103
1354 1091 1407 1113 aut
1433 1083 1462 1113 in
1485 1084 1657 1123 quaestione
1678 1087 1843 1126 cuiquam,
1868 1085 1968 1127 legiti-

1105 1132 1232 1153 mumne
1253 1125 1447 1161 creditores,
1471 1134 1508 1156 an
1532 1125 1700 1166 scripturn,
1723 1136 1760 1158 an
1778 1134 1966 1166 utrumque,

1106 1164 1134 1194 &
1161 1164 1274 1204 quibus
1295 1164 1470 1196 aetionibus
1496 1168 1672 1199 convenire
1693 1167 1846 1200 debeant:
1871 1168 1924 1199 nisi
1942 1168 1967 1199 is

1105 1204 1140 1236 sit
1165 1204 1295 1236 fortasse
1318 1214 1380 1237 tam
1410 1207 1558 1247 ineptus,
1590 1216 1623 1240 ut
1651 1209 1792 1248 nesciat,
1815 1208 1969 1241 heredem

1105 1246 1135 1276 in
1163 1256 1257 1277 omne
1276 1246 1325 1286 jus
1349 1255 1488 1286 mortui,
1512 1259 1576 1280 non
1595 1257 1716 1281 tanturn
1733 1250 1762 1281 in
1778 1249 1968 1291 finguiarum

1106 1297 1210 1319 rerum
1228 1288 1421 1327 dominium,
1445 1288 1624 1323 succedere.
1650 1290 1733 1323 Nam
1750 1293 1825 1332 quid
1844 1292 1967 1330 dicam,

1106 1330 1301 1360 creditorum
1336 1331 1526 1367 petitionem
1560 1332 1742 1365 debitorum
1768 1333 1968 1373 pactionibus

1106 1379 1166 1415 nec
1183 1370 1250 1400 tolli
1268 1370 1374 1411 posse,
1387 1380 1447 1401 nec
1462 1373 1575 1404 mutari
1591 1374 1609 1403 l.
1629 1384 1676 1414 25.
1697 1374 1729 1405 C.
1752 1375 1784 1404 de
1794 1373 1969 1414 potissmi-

1105 1410 1167 1441 vrsa
1185 1420 1288 1442 tamen
1307 1411 1449 1451 actione,
1475 1412 1540 1444 hoc
1556 1413 1617 1446 ess'e
1634 1415 1832 1456 consequens
1847 1414 1970 1447 senten·

1105 1452 1156 1483 tiae
1174 1452 1345 1497 Scaevolae‚
1369 1454 1478 1494 ecquis
1501 1455 1656 1496 ambigit?
1680 1455 1763 1497 finge
1780 1456 1887 1495 enim,
1911 1457 1966 1497 qui

1105 1502 1145 1524 ex
1165 1493 1233 1535 lege
1251 1502 1336 1526 vemt
1349 1516 1359 1531 ,
1383 1504 1456 1526 eum
1473 1495 1603 1536 inopem
1620 1496 1701 1536 effe3
1724 1497 1808 1539 finge
1826 1507 1887 1537 eo,
1913 1498 1969 1537 qui

1105 1544 1145 1565 ex
1163 1538 1353 1567 testamento
1371 1537 1475 1573 venit,
1501 1539 1736 1577 potentiorem:
1760 1548 1868 1570 nonne
1884 1539 1967 1570 aetio

1104 1576 1168 1607 illic
1195 1585 1253 1616 pro
1279 1583 1367 1617 parte
1384 1577 1483 1609 inanis
1501 1577 1557 1610 fiet
1576 1579 1618 1609 ob
1635 1580 1806 1621 egestatem
1824 1579 1968 1612 adversa-

1104 1619 1159 1663 rii3
1182 1616 1249 1648 istic
1266 1619 1373 1650 durior
1390 1627 1522 1659 propter
1541 1621 1746 1660 potentiam?
1760 1623 1843 1662 jam,
1859 1629 1893 1652 ut
1911 1630 1968 1661 par

1102 1658 1138 1689 ht
1163 1659 1323 1699 utriusque
1347 1660 1514 1699 conditio,
1544 1670 1653 1693 nonne
1676 1663 1783 1703 inique
1803 1661 1967 1702 distringe-

1103 1706 1153 1730 tur
1175 1701 1205 1731 in
1232 1701 1336 1740 plures
1363 1701 1557 1733 adversarios
1583 1705 1626 1742 is,
1651 1704 1703 1743 qui
1720 1705 1759 1735 ab
1775 1713 1838 1735 uno
1858 1703 1967 1735 conse-

1102 1740 1154 1786 qui
1168 1741 1216 1780 jus
1232 1742 1318 1773 suum
1336 1741 1363 1772 ἃ
1383 1743 1493 1774 melius
1511 1743 1604 1782 posfit
1621 1744 1649 1775 ἀ
1667 1744 1815 1777 facilius?
1839 1745 1909 1777 sane
1924 1744 1967 1776 fic

1102 1781 1182 1820 esse,
1208 1783 1256 1813 vel
1276 1783 1338 1822 ipre
1355 1782 1498 1815 Scaevola
1515 1783 1646 1817 fatetur.

1143 1833 1171 1863 3.
1196 1823 1258 1854 Sed
1277 1824 1327 1854 ubi
1343 1823 1464 1863 judicio
1486 1823 1553 1857 usus
1573 1826 1712 1867 ingenuo
1728 1824 1773 1858 est
1791 1834 1844 1858 aut
1862 1825 1966 1859 minus

1103 1863 1268 1902 obnoxio,
1292 1866 1373 1896 libro
1400 1864 1604 1906 Digestorum
1633 1869 1735 1909 prImo
1761 1866 1801 1899 fic
1826 1868 1965 1900 scribens

1102 1907 1135 1936 iu
1153 1905 1172 1936 l.
1190 1915 1220 1945 3.
1240 1906 1280 1936 D.
1300 1908 1333 1937 de
1353 1906 1604 1939 transactionibus.

1140 1945 1324 1986 Imperatores
1342 1948 1509 1980 Antoninus
1528 1948 1564 1983 ὅ)
1582 1949 1674 1981 Verus
1692 1951 1734 1980 ita
1751 1950 1964 1991 rescripserunt.

1161 1987 1294 2018 Prioazis
1309 1989 1491 2028 pactionibus
1516 2000 1573 2022 non
1597 1992 1713 2021 dubium
1733 1989 1771 2030 est
1788 2014 1798 2030 ,
1827 1992 1965 2022 rzonrloedi

1155 2029 1207 2070 jus
1228 2036 1398 2060 caeterorum.
1442 2030 1545 2074 Quare
1571 2030 1781 2068 transafflone,
1805 2041 1867 2073 quse
1889 2034 1964 2063 inter

1161 2070 1285 2101 heredem
1302 2070 1338 2104 ὅ)
1355 2076 1473 2101 matrem
1490 2072 1620 2111 definisti
1630 2071 1716 2113 facia
1734 2070 1792 2111 est,
1815 2082 1905 2114 neque
1925 2080 1965 2103 re-

1153 2109 1330 2150 stamontzmi
1353 2112 1494 2152 resciffzcm
1517 2114 1612 2144 videri
1623 2110 1712 2154 potest
1724 2137 1732 2152 ‚
1755 2123 1844 2155 neque
1858 2124 1963 2145 manu-

1160 2151 1245 2191 miffis
1260 2153 1306 2183 vel
1322 2153 1457 2194 legatarii
1463 2165 1471 2182 r
1488 2153 1612 2185 actiones
1623 2155 1682 2193 sicae
1695 2155 1840 2195 adempzoe.
1878 2154 1962 2198 Qua-

1159 2202 1189 2223 re
1204 2195 1344 2235 ququaid
1360 2205 1395 2226 ex
1414 2193 1576 2234 testamento
1588 2201 1710 2236 petunt,
1724 2197 1868 2235 scriptum
1885 2199 1963 2228 here.

1160 2236 1222 2265 dem
1241 2238 1391 2266 convenire
1415 2238 1529 2274 debent,
1555 2239 1606 2277 qui
1628 2239 1659 2268 in
1678 2236 1868 2269 transactione
1884 2239 1960 2269 here-

1161 2276 1280 2314 dirutis,
1302 2284 1354 2308 aut
1379 2279 1458 2308 cavit
1473 2277 1531 2315 fibi
1547 2284 1599 2318 pro
1621 2280 1751 2309 oneribus
1775 2278 1961 2316 hereditans,

1160 2324 1231 2355 azir,
1247 2317 1276 2355 Ji
1294 2328 1349 2349 non
1367 2320 1464 2356 cavit,
1490 2328 1546 2349 non
1563 2321 1639 2350 dehet
1654 2319 1858 2361 negligentiam
1871 2320 1962 2361 suam

1161 2360 1199 2389 ad
1217 2359 1338 2390 alienam
1356 2360 1495 2401 injuriam
1511 2361 1626 2400 referre.

1103 2399 1183 2432 Haec
1208 2401 1303 2431 verba
1330 2400 1506 2433 Scaevolae:
1538 2401 1655 2442 species
1679 2401 1808 2438 illaest.
1850 2400 1961 2434 Titius

1102 2441 1324 2473 testamentum
1342 2441 1438 2474 facit:
1461 2443 1491 2473 in
1513 2452 1573 2482 eo,
1595 2444 1754 2483 praeterita
1769 2449 1886 2480 matre,
1904 2442 1961 2474 he·

1101 2485 1207 2515 rodem
1232 2483 1336 2523 Sejum
1363 2483 1513 2515 instituit:
1536 2493 1689 2524 praeterea
1719 2485 1819 2525 legata
1836 2485 1961 2524 aliquot

1098 2525 1206 2556 amicis
1232 2524 1363 2555 honoris
1387 2523 1496 2563 causa,
1521 2525 1745 2557 &libertatem
1764 2524 1859 2556 servis
1878 2526 1961 2557 bene

1099 2567 1138 2598 de
1163 2565 1192 2597 se
1214 2567 1332 2597 meritis
1360 2566 1520 2605 relinquit.
1551 2573 1678 2598 mortuo
1704 2566 1822 2597 deinde
1844 2566 1959 2605 Titio,

1098 2607 1163 2639 adit
1187 2606 1273 2647 Sejus
1299 2606 1509 2638 hereditatem
1534 2617 1573 2639 ex
1590 2606 1791 2638 testamento
1818 2608 1961 2647 queritur

1099 2656 1218 2685 mater,
1243 2647 1272 2679 se
1290 2649 1511 2680 immerentem
1536 2658 1552 2678 a
1575 2647 1642 2679 filio
1666 2648 1856 2688 praeteritam
1881 2658 1960 2680 con-

1101 2699 1146 2722 tra
1163 2689 1304 2722 officium
1323 2689 1460 2730 pietatis.
1484 2689 1572 2730 Sejus
1591 2691 1665 2720 dum
1680 2696 1733 2721 aut
1748 2690 1876 2730 negotia
1895 2699 1959 2721 me-

1101 2732 1179 2771 tuit,
1203 2738 1256 2762 aut
1277 2730 1394 2771 injustae
1417 2730 1531 2762 diffidit
1547 2731 1612 2762 liti:
1636 2731 1785 2772 portione
1802 2731 1960 2761 heredita-

1101 2776 1139 2806 tis
1157 2782 1229 2804 cum
1248 2772 1388 2803 def-insti
1405 2780 1506 2803 matre
1522 2772 1651 2803 decidit.
1670 2772 1811 2812 legatarii
1829 2771 1959 2810 dehinc,

1099 2824 1169 2855 quae
1194 2815 1239 2846 eis
1261 2813 1449 2844 testamento
1474 2814 1544 2844 data
1568 2815 1668 2854 legata
1685 2812 1772 2850 sunt,
1796 2822 1832 2843 ea
1851 2822 1867 2843 a
1884 2812 1958 2853 Sej0

1099 2863 1220 2896 petunt.
1262 2855 1310 2885 An
1325 2854 1418 2894 jure?
1442 2861 1606 2895 quaeritur:
1630 2854 1700 2894 quia
1723 2853 1804 2885 facta
1823 2862 1958 2886 transac-

1099 2898 1164 2936 tio;
1187 2905 1254 2927 tum
1279 2896 1422 2936 quaedam
1447 2905 1487 2927 ex
1505 2905 1541 2927 ea
1558 2905 1606 2926 res
1624 2896 1663 2926 ad
1682 2894 1841 2926 testatoris
1861 2904 1957 2926 vene-

1097 2947 1170 2970 runt
1195 2945 1337 2968 matrem.
1383 2935 1462 2968 Haec
1485 2936 1634 2976 quaestio:
1659 2937 1696 2967 ad
1718 2936 1800 2967 hanc
1824 2936 1958 2967 Antoni-

1098 2989 1156 3010 nus
1175 2988 1210 3010 ac
1229 2977 1348 3017 Verus,
1374 2985 1446 3008 cum
1463 2978 1564 3017 iisque
1585 2977 1745 3015 Scaevola,
1768 2976 1870 3008 ferme
1893 2976 1958 3007 hoc

1099 3022 1208 3052 modo.
1251 3019 1338 3050 Bene
1362 3018 1477 3057 habet,
1502 3028 1574 3050 cum
1598 3019 1699 3059 legata
1715 3028 1731 3049 a
1746 3018 1818 3058 Sejo
1834 3018 1886 3057 qui
1904 3017 1958 3048 he-

1098 3071 1147 3093 res
1167 3061 1298 3101 scriptus
1322 3059 1385 3097 est,
1410 3061 1595 3101 exiguntur:
1619 3060 1737 3099 absque
1755 3059 1838 3089 enirn
1857 3067 1956 3090 trans-

1095 3103 1220 3134 actione
1238 3101 1429 3142 querelaque
1445 3100 1552 3139 foret,
1575 3100 1763 3132 testamento
1781 3106 1954 3131 teneretur.

1095 3143 1146 3174 sed
1164 3144 1193 3175 ὅ(
1212 3142 1340 3182 sequuta
1358 3143 1503 3182 querela,
1528 3144 1602 3183 quid
1621 3143 1651 3172 ni
1668 3141 1751 3171 idem
1768 3141 1815 3180 jus
1832 3140 1893 3171 fit?
1917 3150 1955 3171 an

1095 3185 1178 3215 enim
1202 3185 1274 3223 quia
1302 3184 1336 3214 lis
1359 3182 1421 3215 fuit
1449 3186 1487 3215 de
1506 3186 1574 3224 jure
1592 3183 1790 3220 testamenti,
1814 3191 1851 3212 ac
1868 3181 1957 3213 litem

1094 3226 1201 3265 pactio
1221 3226 1370 3266 excepit,
1393 3234 1434 3256 eo
1458 3227 1553 3257 etiam
1567 3225 1614 3263 jus
1636 3223 1846 3263 voluntasque
1868 3223 1958 3253 testa-

1905 3272 1955 3294 [O-
