2036 3495
472 90 503 130 A
513 104 536 130 1>
563 92 593 128 L
603 92 657 128 ia.
686 93 717 128 X
726 92 756 128 X
769 92 783 128 1
795 92 810 127 1
821 92 846 129 I.
881 92 935 129 T1
945 103 978 130 T.
1007 78 1055 127 1'1.
1094 79 1147 130 De
1166 95 1229 130 rit'u
1245 97 1435 143 iiiipti'armm

1763 98 1836 149 385³

40 184 100 221 rit,
122 181 234 220 levius}
257 183 287 222 fi
312 192 378 216 vero
404 182 477 215 clam
499 183 550 214 boc
571 182 762 220 commiserit,
789 184 916 223 gravius
959 182 1012 221 qui
1032 183 1073 214 eit
1091 184 1189 215 latere
1207 182 1280 222 fiat,
1304 187 1334 217 id
1362 186 1427 227 est,
1459 195 1494 219 tit
1519 187 1605 228 dixi,
1635 188 1702 229 jure
1725 188 1832 230 civili,

40 227 173 265 punitur.
196 227 279 267 cujus
294 223 470 262 diversitatis
486 224 538 256 itta
559 225 633 255 ratio
657 222 695 262 est
723 225 799 255 circa
816 226 915 255 matri-

40 267 185 304 monium,
197 268 269 307 quod
284 276 319 298 ex
335 267 423 298 lacere
440 275 496 297 non
512 267 578 296 bene
593 265 791 295 coizimhnur:
804 266 911 311 palum

41 308 253 348 delinquentes,
277 315 309 338 ut
326 313 454 339 errantes
469 332 477 341 ,
493 307 598 347 majore
609 312 696 346 poeiza
712 307 910 345 excusantur.-

40 349 114 378 ctam
135 353 334 380 committentes
349 372 359 388 ‚
381 355 415 379 ut
442 354 616 379 contumaces
637 345 813 392 plectuntur.
866 348 908 378 Ut

42 389 146 420 lucem
167 389 277 422 faciam
295 391 370 421 loco
392 389 711 427 obscuro,atque,ut
726 387 802 418 mihi
822 389 907 420 vide-

41 438 109 467 tur,
134 430 227 462 etiam
246 431 362 462 affeclo
376 453 385 467 ‚
410 432 473 461 duo
491 429 725 468 praemunienda
743 427 822 460 sunt.
846 429 907 469 pri·

39 480 126 502 mum
152 471 215 510 est;
240 473 323 513 quod
342 470 478 502 instituta
500 479 517 500 a
547 470 643 500 Paulo
666 469 711 501 est
734 470 906 510 disputatio

39 515 79 542 dc
97 514 215 545 incestu
233 515 263 545 in
280 510 475 553 cognationis
491 510 572 542 linea
588 511 672 542 refta
697 512 726 542 ἃ
750 518 906 556 transver-

39 556 86 584 ωε
111 564 172 585 non
191 556 230 586 de
257 553 376 585 incestu
398 551 428 583 in
451 551 510 583 hac
528 560 581 583 aut
605 552 654 583 illa
684 551 854 584 adfinitatis
874 551 906 582 li-

39 600 108 624 nca.
133 595 332 636 supputemus
351 593 500 625 summam
524 593 606 625 loci:
629 593 695 624 exit
720 600 842 638 tantum
868 593 907 624 ad

38 635 251 676 cognationis,
275 645 335 666 non
356 635 449 666 etiam
467 635 506 666 ad
521 633 711 672 adfinitatis,
733 636 846 666 lineam
861 644 907 665 re-

38 679 117 709 tiam
134 685 186 708 aut
203 675 419 708 transversam.
444 675 486 707 fic
512 685 590 707 vero
608 684 708 716 puto,
739 675 808 706 haec
839 685 906 706 ver-

40 721 95 757 ba,
118 720 163 749 vet
184 718 307 757 adfinem
323 727 409 759 quam
424 718 594 757 impeditur,
618 716 680 748 effe
698 717 789 756 plane
805 717 905 748 aliena

38 771 53 791 a
72 759 192 791 ratione
211 759 318 798 Pauli3
341 760 450 798 cisque
468 759 593 799 ejectis,
617 758 707 789 scribi
734 765 904 797 oportere,

40 802 104 834 'Oui
120 810 186 831 vero
201 800 333 832 exlatere
348 810 409 830 eam
426 801 542 831 duxerit
557 808 642 841 quam
658 804 795 830 vetatur:
803 798 902 840 siqui-

37 834 115 874 [T'eiii:
146 843 176 873 &
203 843 331 882 reliqua.
356 842 440 880 quod
465 841 559 872 miror
575 863 585 878 ,
615 839 728 882 fugisse
751 839 903 887 haeftenus

40 885 134 915 Viros
153 883 295 914 notros:
319 882 486 922 praesertim
513 881 691 923 cogitantes
722 890 847 921 nuptias
872 890 902 912 in

37 925 213 957 transversa
236 923 392 956 affinitatis
423 923 521 962 linea,
552 924 686 954 florente
711 922 828 960 Paulo,
850 923 902 968 ad7

38 968 102 998 huc
119 966 216 997 nullas
239 965 328 996 fuiffe
346 965 539 1005 prohibitas:
562 973 599 995 ac
614 965 653 996 de
669 965 846 996 mutatione
872 972 902 994 in

41 1018 76 1039 ea
103 1007 172 1047 post
200 1005 339 1038 insecuta
371 1005 660 1037 Constitutionibus
691 1005 902 1050 posteriorum

37 1050 283 1089 imperatorum,
306 1057 367 1087 qua
388 1048 428 1078 de
443 1046 472 1078 in
499 1048 573 1078 loco
591 1048 730 1085 dicetur,
754 1046 903 1078 somniare

37 1099 105 1122 non
129 1088 264 1129 potuifl'e
283 1098 354 1120 eum
373 1091 423 1119 cui
448 1097 616 1128 numquam
639 1087 743 1119 fuerat
763 1089 901 1128 cognita.

41 1132 184 1163 Alterum
215 1131 300 1171 quod
333 1130 599 1170 praemuniendum
623 1128 797 1168 existimavi
817 1152 826 1166 ,
859 1128 904 1159 est

41 1175 129 1212 quod
154 1172 205 1202 hic
228 1170 350 1207 versus,
373 1170 449 1212 Jure
465 1173 596 1211 gentium
620 1169 757 1210 incestum
778 1171 901 1214 commit»

42 1217 98 1253 tit,
121 1214 223 1254 quiex
241 1214 338 1254 gracia
359 1213 588 1250 adsi-erzileiztz'z'cm
607 1212 652 1242 vet
676 1212 903 1250 descendentium

40 1264 158 1286 uxorem
172 1255 305 1290 duxerit,
325 1253 448 1284 videtur
464 1252 599 1284 otiosus:
623 1262 695 1283 cum
721 1261 784 1283 non
810 1261 902 1292 appa-

39 1303 107 1327 reat
131 1297 196 1335 ejus
220 1293 331 1335 scopus
356 1302 409 1325 aut
434 1294 503 1325 finis
528 1294 632 1325 ullus:
662 1302 725 1325 non
752 1293 903 1338 sequente

38 1337 179 1374 deinde,
217 1337 254 1366 ad
285 1336 370 1374 quod
400 1343 436 1365 ea
459 1335 575 1375 spectet
605 1338 799 1375 praeparatio.
830 1343 901 1366 nam

38 1379 126 1418 'quod
143 1385 216 1408 mox
233 1376 410 1418 subjicitur,
427 1376 542 1407 indicat
560 1376 687 1415 quidem
700 1399 709 1414 ,
728 1385 792 1415 quo
808 1376 901 1416 patto

38 1418 139 1449 uxore
157 1417 247 1448 duCta
265 1427 303 1447 ex
321 1417 436 1454 latere,
468 1426 539 1456 quae
560 1425 683 1448 vetatur
701 1417 773 1448 duci
791 1440 800 1455 ,
825 1425 902 1448 tem—

35 1458 174 1500 peranda
197 1457 342 1497 sitpoena
367 1458 501 1489 incestus
526 1464 565 1489 ex
590 1457 688 1489 latere
711 1458 846 1490 admiffi:
870 1466 901 1489 at

37 1503 78 1532 ‘de
101 1509 194 1538 poeiia
224 1498 358 1530 incestus
387 1497 533 1529 adversus
568 1499 618 1539 jus
644 1501 785 1539 gentium
816 1508 901 1531 com-

37 1541 135 1577 miffi,
159 1549 257 1570 uxore
269 1549 307 1570 cx
324 1542 420 1579 gradu
436 1539 689 1571 adscendentium
711 1540 761 1571 vel
779 1541 903 1571 descen-

36 1582 178 1613 dentium
204 1580 294 1610 ducla
311 1581 350 1611 de
370 1589 430 1620 qua
451 1579 648 1617 exspectatur
670 1580 837 1620 tractatus,
861 1582 902 1614 al-

38 1631 106 1653 tum
126 1622 169 1652 est
186 1621 351 1652 silentium.
370 1658 372 1662 ι
398 1620 532 1652 Dicatur
549 1622 640 1661 igitur
657 1622 710 1652 ille
728 1622 830 1653 versus
848 1632 901 1654 cu-

35 1662 84 1704 jus
103 1663 184 1694 nulla
208 1663 343 1700 utilitas,
366 1662 450 1693 nulla
465 1662 565 1700 ratio,
583 1672 598 1692 a
615 1661 712 1694 Paulo
731 1661 903 1708 inconfidef

36 1714 105 1736 rate
122 1703 240 1743 positus
258 1704 288 1734 in
314 1702 403 1734 initio
420 1705 447 1734 d.
465 1704 482 1735 l.
528 1701 657 1735 Ostendi
684 1704 801 1736 nubem
818 1704 903 1736 Pauli

37 1745 201 1777 confilium
219 1743 474 1776 abscondentem.
497 1743 575 1776 Eam
596 1751 630 1776 ut
651 1744 832 1785 discutiam3
848 1754 902 1786 pu-

37 1795 88 1825 ta,
112 1785 251 1817 deficere
273 1785 328 1816 illo
343 1787 373 1816 in
392 1785 479 1817 versu
496 1785 675 1817 membrum
701 1787 739 1818 ad
761 1788 902 1828 comple-

34 1834 178 1859 mentum
207 1827 357 1857 sermonis
390 1826 603 1858 necessarium.
637 1837 737 1868 genus
766 1828 828 1859 tale
858 1828 901 1860 lo-

36 1869 153 1908 quendi
186 1868 467 1907 Anantapoclotum
497 1868 694 1908 appellatur3
717 1867 738 1900 fi
761 1879 828 1901 rem
855 1869 900 1901 di-

35 1919 124 1946 cam,
148 1908 193 1940 est
209 1908 375 1946 vitiosum,
399 1909 428 1940 δι
446 1919 462 1940 a
485 1908 686 1950 Quintiliano
705 1911 821 1942 merito
846 1910 902 1951 im-

33 1951 206 1993 probatum
225 1949 272 1980 lib.
291 1955 318 1984 8-
344 1948 440 1990 Jnstii.
461 1956 532 1981 orat.
558 1960 581 1981 c.
600 1960 627 1982 2.
641 1950 754 1990 'adfiiz
769 1961 786 1982 a
804 1952 901 1983 Vete-

33 1991 119 2022 ribus
136 1998 242 2022 tamen
261 1991 450 2022 Auctoribus
476 2001 539 2022 non
561 2000 661 2031 usque
685 2001 811 2032 quaque
835 1994 901 2024 evi-

36 2040 146 2063 tatum.
201 2030 356 2072 Exempla
379 2032 452 2063 dedi
481 2032 529 2063 lili.
547 2031 625 2074 sing.
655 2033 706 2064 Ad
737 2033 832 2065 Εαῑὲἶ,
869 2031 902 2066 db

29 2073 110 2114 pan.
133 2071 322 2107 &tramittit
345 2083 369 2104 c.
394 2072 444 2104 22.
470 2073 498 2104 δι
516 2074 603 2113 supra
628 2073 684 2105 sub
708 2073 822 2108 Titulo
855 2075 902 2106 De

34 2116 196 2145 iizinoribus.
221 2113 300 2145 infra
328 2118 459 2154 quoque
480 2114 534 2146 sub
566 2114 681 2146 Titulo
697 2138 707 2151 .
736 2116 783 2147 De
804 2117 902 2149 donat.

34 2157 89 2186 im.
114 2155 171 2185 vir.
197 2153 233 2189 fi?
257 2165 340 2186 uxor.
394 2154 491 2188 Nunc
514 2157 543 2187 in
568 2155 711 2196 praesenti
744 2157 785 2188 fic
813 2166 897 2198 puta.

34 2196 149 2228 Paulus
166 2195 318 2228 incestum
336 2195 414 2229 facit
430 2197 606 2237 duplicem:
630 2207 727 2229 unum
744 2198 805 2230 effe
822 2198 899 2230 dicit

30 2237 104 2278 juris
135 2237 296 2278 gentium3
319 2247 457 2278 eumque
480 2239 658 2270 committi:
682 2240 700 2270 fi
724 2241 794 2279 quis
820 2250 898 2271 uxo—

32 2288 99 2310 rein
118 2278 239 2310 duxerit
257 2289 296 2309 ex
312 2280 408 2318 gradu
425 2279 682 2311 adscendentium
701 2281 751 2311 vel
774 2281 900 2313 descen-

33 2319 185 2351 dentium.
209 2320 342 2351 alterum
366 2322 408 2351 ait
431 2319 552 2351 admitti
574 2321 613 2352 ab
630 2330 670 2352 eo
691 2322 743 2361 qui
765 2331 805 2353 ex
825 2322 899 2354 late-

31 2361 66 2393 τε
82 2361 206 2392 duxerit
224 2371 357 2393 uxorein
376 2369 468 2402 quam
488 2369 622 2393 vetatur.
647 2372 711 2402 quo
728 2371 831 2394 autem
853 2365 899 2404 ju·

33 2403 109 2434 reis
130 2402 309 2441 censeatur,
333 2412 396 2434 non
416 2403 576 2443 exprimit.
600 2403 662 2434 effe
686 2409 790 2435 tamen
815 2406 899 2436 incc-

32 2442 110 2474 ssum
137 2443 270 2475 dubitari
293 2446 404 2483 nequit
433 2444 450 2474 l.
475 2454 523 2484 39.
546 2443 575 2485 §.
596 2452 621 2476 1.
646 2444 686 2476 D.
707 2445 732 2476 b.
754 2451 776 2478 t.
807 2455 899 2477 caete-

34 2485 101 2514 rum
119 2482 248 2522 Paulus,
272 2487 343 2516 cum
365 2494 435 2517 eum
452 2485 612 2526 distinguit
635 2495 651 2516 a
676 2487 782 2525 priore
805 2497 899 2528 quem

34 2523 102 2554 vult
123 2525 243 2556 admitti
263 2526 330 2565 jure
347 2528 506 2566 gentium,
531 2527 713 2567 sequentem
726 2528 802 2568 juris
821 2528 897 2560 civi·

34 2563 72 2596 lis
87 2564 167 2600 effe,
190 2565 370 2598 existimaffe
388 2569 565 2599 credendus
583 2568 638 2599 est.
684 2568 731 2599 Sit
751 2569 820 2600 haec
838 2571 897 2610 pri-

30 2614 82 2637 ma
99 2605 138 2636 ad
155 2605 270 2637 dietum
287 2609 405 2640 versum
429 2609 621 2641 observatio.
667 2608 750 2651 Quae
773 2611 896 2643 altera?

33 2647 121 2685 quod
146 2655 244 2677 uxore
274 2648 363 2680 <incia
385 2660 425 2681 ex
450 2653 547 2689 gradu
565 2650 824 2683 adscendentium
845 2653 896 2684 vel

33 2687 310 2726 descendentium,
333 2698 432 2731 ‘poena
455 2691 543 2731 hujus
569 2692 728 2731 incestus,
751 2694 895 2733 quamvis

31 2729 133 2768 palam
150 2729 265 2760 admissi
283 2731 448 2762 contracto
469 2732 692 2772 matrimonio,
715 2743 775 2765 nec
793 2736 867 2765 mari
885 2758 896 2774 ,

32 2778 94 2801 nec
116 2769 252 2801 foeminae
277 2771 465 2810 indulgetur.
495 2782 556 2804 nec
585 2776 622 2806 ad
646 2785 712 2806 rem
737 2778 894 2815 pertinet,

32 2812 120 2850 quod
142 2810 168 2841 is
186 2809 319 2843 incestus
336 2812 459 2842 dicatur
475 2822 529 2851 per
545 2825 702 2853 errorem,
727 2825 790 2847 non
815 2817 894 2847 dolo

31 2852 118 2883 malo
138 2850 296 2884 admissus:
320 2853 391 2897 quia
409 2862 534 2897 putatur
552 2856 612 2888 esse
634 2858 708 2896 juris
732 2858 893 2897 gentium3

31 2895 121 2931 quod
137 2893 287 2924 omnibus
301 2893 480 2926 hominibus
497 2905 512 2926 a
534 2906 643 2929 natura
661 2901 809 2930 traditum
830 2908 893 2930 tam

30 2933 192 2971 foeminis,
216 2940 307 2973 quam
325 2935 478 2974 maribus,
501 2946 516 2967 a
534 2939 620 2970 nullo
636 2940 769 2980 ignorari
787 2940 832 2969 fas
850 2939 893 2970 est

29 2975 48 3006 l.
68 2985 85 3006 2
119 2975 151 3006 C.
166 2975 198 3004 de
215 2976 308 3016 injus
322 2978 461 3007 vocando.
504 2977 579 3010 Hoc
602 2982 631 3011 i'n
659 2981 759 3011 oculis
785 2982 895 3012 habuit

30 3015 145 3048 Paulus
174 3016 331 3057 inprime
355 3017 432 3058 legis
455 3019 562 3058 versu,
592 3020 645 3052 hic
670 3021 737 3060 ejus
763 3022 892 3061 scopus,

29 3056 82 3088 hic
104 3056 184 3088 finis.
233 3058 274 3088 At
295 3067 358 3088 non
391 3057 435 3089 est
458 3061 558 3091 verbis
585 3062 756 3102 expressus.
798 3063 892 3095 Esto:

27 3097 98 3135 sed,
122 3106 155 3128 ut
171 3097 207 3130 fit
224 3098 253 3129 iri
275 3098 453 3139 hujusmodi
472 3100 620 3140 loquendi
639 3112 775 3143 genere,
792 3114 832 3134 ex
849 3104 891 3135 se-

25 3140 196 3177 quentibus
213 3141 423 3181 colligendus.
471 3142 537 3182 Age
554 3144 647 3183 igitur
664 3154 674 3171 i.
686 3144 713 3174 el
731 3144 798 3174 haec
815 3154 891 3177 con»

956 232 1022 254 non
1042 233 1190 269 peraequc
1204 227 1287 258 idem
1306 229 1424 260 censet.
1449 237 1561 262 contra
1578 230 1631 261 hic
1648 230 1829 272 distinguit;

955 272 1059 310 utrum
1076 265 1208 297 incestus
1228 268 1329 306 palam
1348 269 1383 300 iit
1400 270 1547 303 admissus
1570 272 1737 303 contracto
1762 281 1829 304 ma-

954 308 1126 349 trimoni03
1151 316 1187 337 an
1207 309 1397 342 clanculum.
1423 313 1530 351 priore
1547 313 1616 344 casu
1630 322 1702 345 eum
1724 313 1828 345 levius

953 346 1055 391 puniri
1077 347 1200 378 suad'ct:
1225 349 1403 388 posteriore
1423 354 1559 393 gravius.
1588 363 1648 395 qua
1675 354 1827 387 ratione?

951 394 1020 431 ait,
1047 389 1148 427 palam
1178 390 1400 428 delinquentes
1424 394 1522 425 videri
1548 395 1623 434 juris
1646 395 1828 436 ignorantia

951 427 1069 467 laplos:
1092 430 1173 461 clam
1193 431 1434 464 committentes
1453 436 1594 473 peccasse
1611 436 1745 468 scienter
1768 439 1830 468 do-

951 469 983 499 lo
1002 470 1104 513 malo,
1128 478 1224 511 atque
1240 472 1270 502 in
1295 474 1520 507 contumeliam
1547 475 1709 518 sanguinis.
1731 479 1830 518 aequi-

950 510 1021 554 tatis
1045 512 1139 551 igitur
1157 512 1239 550 esse,
1264 513 1321 545 hos
1340 515 1441 555 puniri
1460 524 1494 546 ut
1517 525 1742 552 contumaces:
1765 520 1827 552 illis

951 551 1070 592 ignosci
1089 562 1229 584 errorem
1247 556 1299 594 qui
1318 555 1352 586 sit
1372 557 1449 596 juris
1473 556 1601 598 civilis,
1625 560 1656 591 in
1679 558 1825 592 foeminis

949 595 1138 637 plerumque
1167 595 1362 635 probabilis3
1400 598 1430 628 in
1457 599 1594 630 maribus
1626 601 1825 641 aliquando,

948 633 1120 677 praesertim
1139 635 1324 679 minoribus.
1355 637 1407 669 Sic
1425 638 1507 679 feci,
1532 647 1565 671 ut
1582 640 1680 673 Pauio
1698 642 1825 674 constet

948 682 1029 705 ratio
1049 684 1142 714 quam
1160 675 1328 709 infuscavit
1347 677 1643 720 Anantapodotum.
1674 681 1728 714 Est
1745 693 1825 715 vero

950 715 1018 746 haec
1036 726 1105 747 mea
1129 716 1280 750 sententia
1302 729 1343 750 eo
1366 721 1589 755 verosimilior:
1613 724 1702 764 quod
1724 725 1823 756 etiam

949 756 1034 788 Pauli
1058 763 1238 798 praeceptor
1266 760 1453 800 Papinianus
1477 763 1496 794 l.
1520 769 1568 805 38.
1587 771 1633 805 pr.
1652 764 1682 806 §.
1707 773 1733 797 1.
1750 775 1776 797 2.
1792 776 1823 807 3.

948 797 991 828 D.
1015 799 1064 829 Ad
1080 799 1132 840 leg.
1150 800 1216 839 Jul.
1241 803 1274 832 cle
1297 803 1389 835 adult.
1412 804 1497 835 idem
1523 806 1625 837 tenuit
1646 807 1707 837 iter
1733 807 1763 838 in
1788 817 1824 837 u-

948 845 1059 878 traque
1075 843 1273 880 cognationis
1289 843 1389 881 linea,
1413 845 1442 876 dc
1469 847 1552 878 recta
1576 847 1606 878 δι
1631 847 1820 880 transversa:

947 879 1078 920 ejusque
1108 881 1326 924 auctoritatem
1352 885 1405 916 hic
1438 886 1562 918 secutus
1588 888 1688 920 videri
1715 888 1824 929 potest.

946 919 1077 953 Paulus:
1101 922 1295 956 monstrante
1313 925 1476 966 utriusque
1493 930 1744 961 ratiocinatione.
1757 930 1824 962 Sed

947 964 1045 993 redeo
1069 964 1108 994 ad
1133 963 1274 996 Paulum.
1299 976 1372 999 cum
1395 977 1459 999 non
1488 969 1641 1009 timuisse,
1665 971 1823 1003 incestum

947 1005 1000 1048 qui
1016 1012 1055 1034 ex
1073 1005 1171 1036 latere
1189 1005 1244 1042 iit,
1269 1008 1410 1047 legibus,
1434 1010 1464 1041 id
1480 1011 1525 1042 est
1540 1035 1549 1049 ‚
1570 1011 1628 1052 juri
1647 1012 1752 1049 civili,
1769 1014 1823 1044 ad-

948 1045 1082 1076 scribere
1097 1069 1107 1084 ,
1131 1046 1331 1080 manifestum
1351 1051 1475 1090 prorsus
1493 1052 1537 1083 est
1559 1062 1601 1084 ex
1622 1053 1642 1084 l.
1660 1063 1709 1095 35.
1733 1053 1762 1095 §.
1790 1061 1820 1085 Γ.

947 1084 989 1116 D.
1007 1088 1039 1116 de
1055 1089 1129 1117 verb.
1147 1088 1229 1129 otttg.
1256 1090 1307 1121 ubi
1325 1091 1365 1121 de
1385 1093 1504 1131 nuptiis
1521 1092 1627 1125 fratris
1651 1096 1680 1126 δι
1704 1094 1821 1127 sororis

947 1128 988 1157 ita
1007 1127 1127 1158 scribit:
1152 1128 1222 1160 Item
1239 1133 1312 1172 quod
1327 1132 1399 1173 leges
1411 1134 1480 1171 fieri
1492 1136 1660 1175 prohibent,
1677 1135 1706 1174 fi
1725 1142 1823 1177 perpe-

946 1173 1026 1199 tuam
1048 1172 1163 1211 causum
1175 1172 1362 1209 servaturum
1376 1172 1433 1215 cst,
1457 1175 1540 1216 ceffat
1565 1177 1715 1218 obligdtz'o:
1736 1179 1822 1209 velu-

947 1210 970 1239 ti
987 1207 1017 1246 fi
1043 1212 1163 1248 furorem
1188 1211 1313 1255 [luam]
1345 1222 1502 1254 nupturam
1524 1218 1630 1259 aliquis
1646 1217 1818 1260 stipuletur.

946 1260 1122 1292 quamquam
1136 1254 1221 1284 etiam
1238 1253 1267 1291 fi
1284 1254 1390 1293 που-ἂι
1402 1263 1542 1297 perpetua
1557 1259 1660 1298 causa,
1690 1266 1724 1290 ut
1745 1261 1818 1291 reci-

946 1293 988 1322 ait
1004 1293 1034 1322 in
1050 1294 1142 1332 sorore
1156 1296 1294 1336 adoptiva
1306 1320 1316 1335 ‚
1338 1298 1411 1328 idem
1428 1300 1578 1330 dicendum
1595 1299 1653 1336 fit.-
1674 1303 1743 1342 q'uz‘a
1752 1299 1819 1341 sia-

944 1334 996 1364 vtim
1016 1339 1116 1366 contra
1144 1345 1231 1367 mores
1245 1335 1296 1374 fit.
1352 1338 1463 1370 Paulus
1489 1342 1519 1371 in
1547 1341 1707 1381 principio
1728 1341 1820 1381 hujus‘

945 1374 1022 1419 legis
1038 1376 1180 1415 dixerat,
1205 1378 1235 1408 Si
1252 1376 1403 1420 stipulor,
1415 1388 1448 1411 ut
1469 1381 1500 1412 id
1514 1380 1587 1421 fiat,
1605 1383 1692 1423 quod
1709 1389 1820 1414 natura

944 1415 1012 1447 fieri
1043 1426 1107 1449 non
1137 1419 1317 1458 concedit,
1357 1430 1420 1452 non
1458 1423 1557 1463 magis
1588 1422 1822 1465 obligationem

944 1457 1129 1497 consistere,
1153 1468 1246 1499 quam
1271 1470 1341 1492 cum
1364 1461 1514 1503 stipulor,
1539 1469 1574 1495 ut
1595 1465 1706 1504 detur,
1729 1467 1823 1505 quod

945 1498 1009 1529 dai-i
1032 1509 1095 1530 non
1122 1500 1237 1541 potest.
1270 1511 1355 1533 nunc
1379 1504 1409 1534 in
1439 1503 1468 1545 §.
1497 1512 1521 1535 1.
1553 1503 1700 1544 subjicit,
1731 1507 1820 1539 idem

945 1539 1006 1570 ess'e
1026 1541 1056 1570 in
1075 1550 1113 1571 eo
1130 1543 1217 1581 quod
1235 1543 1320 1583 leges
1336 1542 1402 1575 fieri
1423 1545 1614 1584 prohibent,
1637 1546 1692 1578 eifi
1709 1554 1822 1578 natura

945 1582 1165 1620 permittatur:
1190 1585 1261 1622 quia
1281 1585 1329 1615 vel
1354 1584 1417 1615 hoc
1435 1594 1491 1626 pro
1514 1587 1696 1627 impoffibili
1721 1588 1820 1619 habe-

945 1630 995 1652 tur
1012 1622 1030 1651 t.
1053 1632 1098 1663 15.
1123 1623 1163 1655 D.
1182 1625 1215 1654 αι’
1233 1626 1338 1656 condit.
1351 1624 1442 1666 instit.
1466 1629 1601 1659 maxime
1623 1636 1729 1661 nutem
1753 1629 1820 1661 huc

944 1663 969 1694 it
995 1663 1133 1702 Paulus3
1165 1665 1183 1696 si
1206 1674 1362 1706 perpetua
1384 1667 1420 1698 fit
1449 1668 1538 1699 causa
1562 1669 1818 1711 prohibitionis,

944 1706 1086 1744 quamvis
1111 1706 1232 1746 legibus
1254 1707 1356 1740 factae.
1396 1718 1457 1748 ac,
1487 1708 1528 1741 tie
1559 1710 1678 1742 deeffet
1710 1720 1821 1744 exem-

944 1745 1057 1785 plum,
1090 1749 1182 1787 ponit
1206 1749 1285 1781 tale:
1317 1749 1338 1781 fi
1368 1749 1505 1782 sororem
1529 1750 1612 1783 suam
1640 1753 1818 1787 naturalem

944 1791 1112 1827 nupturam
1131 1788 1185 1822 sibi
1203 1789 1312 1829 aliquis
1327 1790 1501 1832 stipuletur,
1522 1800 1613 1834 putat
1627 1793 1723 1835 igitur
1739 1794 1820 1826 Paua

945 1828 1012 1866 lus,
1035 1830 1158 1869 nuptias
1181 1830 1286 1864 fratris
1310 1832 1340 1863 ἀ
1363 1833 1478 1865 sororis
1496 1834 1582 1874 poss'e
1597 1835 1665 1866 fieri
1684 1836 1822 1876 permit-

946 1872 1034 1899 tente
1050 1878 1176 1903 natura:
1199 1871 1251 1904 sed
1269 1873 1390 1914 legibus
1408 1877 1526 1912 vetari,
1543 1884 1640 1917 atque
1655 1876 1687 1908 in
1705 1885 1820 1918 perpe-

943 1917 1051 1950 tuum,
1073 1912 1135 1943 five
1156 1912 1187 1944 in
1211 1913 1307 1952 patris
1325 1915 1483 1956 potestate
1502 1915 1591 1949 soror
1616 1917 1670 1957 sit,
1691 1916 1756 1949 five
1779 1917 1818 1950 fit

943 1952 1149 1997 emancipata.
1191 1954 1266 1987 Hoc
1282 1956 1312 1986 in
1331 1958 1474 1990 naturali.
1519 1958 1581 1990 Sed
1605 1956 1679 1991 fac:
1702 1959 1818 2000 aliquis

943 1993 1104 2032 stipulatus
1121 1992 1165 2026 est
1177 1996 1249 2034 ,fibi
1269 2005 1439 2037 nupturam
1457 1998 1598 2031 sororem
1615 2000 1818 2041 adoptivam.

944 2032 1043 2072 hanc,
1066 2036 1230 2068 constante
1247 2037 1442 2078 adoptione,
1466 2040 1584 2073 ducere
1600 2043 1664 2073 non
1692 2040 1816 2081 potest:

943 2074 1032 2105 finita
1052 2077 1163 2116 potest.
1185 2077 1230 2109 est
1247 2079 1341 2120 igitur
1358 2080 1446 2112 causa
1471 2081 1561 2121 huius
1588 2081 1814 2122 prohibitionis

944 2124 1009 2161 non
1035 2126 1207 2158 perpetua,
1242 2119 1294 2152 sed
1318 2124 1513 2162 temporalis.
1545 2124 1621 2164 quid
1651 2123 1814 2156 dicimus?

944 2156 1179 2197 stipulationem
1198 2160 1303 2192 valere
1325 2162 1385 2194 hac
1411 2163 1443 2195 in
1469 2164 1598 2204 specie?
1621 2164 1744 2205 Aliquis
1765 2165 1814 2197 di-

942 2207 1012 2236 cat,
1036 2201 1123 2238 quod
1141 2201 1255 2234 Praeses
1278 2205 1449 2243 provinciae
1474 2205 1681 2245 prohibetur,
1704 2205 1814 2238 muiiess

942 2248 1007 2270 rem
1025 2242 1249 2281 provincialem
1261 2245 1414 2282 ,durante
1432 2246 1718 2283 administratione,
1735 2251 1816 2279 uxo·

943 2290 1009 2312 rem
1026 2283 1162 2315 ducere:
1185 2284 1292 2324 finita,
1315 2295 1378 2318 non
1398 2288 1604 2327 prohibetur;
1627 2288 1657 2319 ἀ
1683 2289 1811 2321 interim

942 2322 1046 2361 potest
1060 2333 1127 2355 eam
1145 2326 1330 2366 desponsare
1347 2327 1365 2357 l.
1384 2332 1432 2368 38.
1456 2328 1494 2359 D.
1510 2329 1536 2359 b.
1553 2335 1576 2361 t.
1588 2329 1663 2369 quid
1680 2329 1711 2360 ni
1721 2330 1808 2361 idem

944 2364 994 2394 vel
1010 2364 1108 2396 (imile
1132 2365 1168 2397 fit
1191 2368 1221 2397 in
1237 2367 1344 2399 sorore
1364 2368 1541 2408 adoptiva?
1569 2369 1631 2401 Sed
1649 2369 1744 2402 aliter
1768 2370 1813 2403 se»

942 2403 998 2435 det
1022 2405 1131 2437 Paulo.
1163 2408 1292 2448 quaeso,
1322 2417 1384 2447 qua
1408 2410 1526 2442 causa?
1557 2410 1627 2451 quia
1645 2433 1655 2449 ‚
1685 2412 1811 2453 inquit,

943 2445 1045 2478 statim
1061 2455 1173 2480 contra
1197 2457 1302 2480 mores
1323 2450 1377 2481 fit:
1400 2459 1551 2491 apparet,
1573 2452 1722 2492 Paulum,
1745 2460 1813 2485 mo·

942 2496 996 2533 res·
1008 2487 1130 2530 legibus
1155 2491 1397 2531 terminantem,
1427 2491 1587 2534 ‹iefignare
1609 2503 1712 2526 mores
1735 2495 1825 2526 civi-'

942 2535 1032 2566 tatis,
1063 2537 1127 2561 non
1150 2539 1338 2563 communes
1361 2541 1479 2564 naturae
1501 2543 1628 2574 mores3
1657 2537 1809 2577 exemplo

941 2569 1085 2602 Cornelii
1104 2570 1263 2612 Nepotis,
1287 2573 1481 2614 Proefutt'one‚
1505 2576 1544 2607 de
1560 2575 1664 2607 fratris
1681 2577 1711 2609 δί
1728 2577 1810 2608 soro-

940 2611 979 2642 ris
1003 2612 1207 2644 matrimonio
1233 2614 1275 2645 ita
1295 2615 1478 2656 loquentis:
1501 2617 1537 2648 Id
1559 2614 1663 2658 nostris
1684 2619 1809 2649 moribus

938 2652 1021 2691 nefas
1036 2654 1163 2685 babetur.
1205 2654 1318 2688 Sensus
1343 2658 1437 2697 igitur
1453 2657 1537 2689 Pauli
1562 2660 1627 2697 est,
1649 2659 1736 2698 quod
1759 2657 1811 2689 sti-

938 2694 1059 2733 pulatio
1085 2696 1124 2726 de
1150 2696 1292 2727 ducenda
1323 2697 1430 2730 sorore
1453 2699 1600 2740 adoptiva
1626 2699 1725 2730 statim
1759 2697 1806 2730 est

937 2736 1035 2774 turpis
1061 2736 1221 2775 moribus,
1244 2737 1307 2769 five
1332 2740 1470 2780 legibus,
1493 2741 1640 2771 civitatis.
1665 2747 1706 2770 ex
1729 2747 1808 2778 prae-

936 2776 1012 2806 senti
1030 2785 1133 2807 :iurem
1151 2778 1320 2810 aestimatur
1338 2779 1514 2820 stipulatio,
1537 2790 1599 2812 non
1625 2788 1665 2810 ex
1691 2778 1804 2810 futuro

936 2817 954 2846 I.
976 2826 1038 2856 137.
1059 2818 1086 2858 ᾗ.
1104 2821 1133 2848 6.
1154 2818 1194 2850 l).
1208 2821 1240 2850 de
1256 2822 1332 2851 verb.
1349 2822 1428 2863 oblig.
1448 2831 1556 2854 contra
1573 2820 1617 2851 est
1633 2822 1663 2850 in
1683 2821 1804 2860 nuptiis

937 2857 1075 2889 Praeiidis
1098 2868 1169 2891 cum
1186 2862 1317 2894 mutiere
1332 2864 1537 2902 provinciali:
1560 2870 1628 2900 quae
1645 2859 1698 2891 etsi
1710 2860 1804 2892 Man·

938 2901 1017 2930 datis
1044 2899 1195 2941 Principis
1220 2902 1278 2934 [int
1301 2904 1437 2942 illicitae;
1468 2912 1531 2936 non
1550 2902 1670 2933 idcirco
1693 2909 1803 2942 turpes

939 2939 1114 2981 habentur3‘
1136 2942 1209 2982 quin
1240 2944 1385 2985 deposito
1409 2945 1518 2976 officio
1542 2941 1622 2972 fiunt
1642 2941 1749 2981 justae,
1779 2942 1803 2975 ss

937 2981 966 3011 in
983 2982 1092 3013 eadem
1110 2984 1275 3016 voluntate
1301 2986 1521 3027 perseveretur
1542 2983 1560 3013 l.
1584 2987 1635 3022 65.
1658 2982 1686 3028 §.·
1706 2993 1733 3027 1.v
1758 2983 1802 3017 D.

936 3023 963 3052 h.
984 3028 1004 3054 t.
1050 3022 1156 3055 Restat
1181 3027 1292 3066 igitur,
1323 3027 1446 3066 nuptias
1469 3025 1498 3055 in
1522 3025 1695 3055 transversa
1718 3025 1801 3057 linea

935 3071 951 3094 a
968 3062 1201 3103 jurisconsultis
1227 3076 1347 3099 tantum
1373 3066 1477 3103 civili,
1518 3073 1582 3108 non
1608 3066 1703 3097 etiam
1725 3076 1802 3107 gen-

937 3104 1032 3144 tium,
1056 3106 1124 3146 jure
1140 3108 1272 3139 incestas
1289 3108 1399 3137 videri.
1443 3106 1482 3137 At
1501 3113 1583 3136 enlm
1603 3105 1800 3147 Pomponius

934 3145 953 3177 l.
979 3152 1006 3181 8.
1032 3147 1071 3179 D.
1094 3150 1120 3179 b·
1148 3155 1168 3179 t.
1194 3150 1380 3184 Liternum,
1403 3146 1523 3187 inquit,
1554 3146 1716 3180 libertinam
1738 3159 1800 3180 ma-

19 3177 200 3214 fideremus·.
244 3180 356 3214 Paulus
380 3181 538 3223 disputans
567 3185 681 3217 deinde
704 3186 745 3217 de
769 3186 890 3220 incestu
931 3193 1003 3221 trem
1024 3196 1077 3222 aut
1105 3194 1225 3222 sororem
1252 3197 1370 3221 uxorem
1390 3189 1492 3221 ducere
1521 3196 1579 3219 non
1594 3187 1702 3230 potest:
1730 3191 1800 3231 qum

63 3220 141 3253 Tom.
166 3221 209 3252 ΙΙ,

1098 3229 1168 3261 Ccc
1748 3231 1799 3261 hor
