2052 3487
524 115 833 157 Paommtrum
884 121 1010 167 Juizis
1061 120 1238 156 C1v1Lls

1293 119 1384 155 [ΑΒ.
1427 119 1477 154 ΙΙ.

1849 134 1896 168 39

166 216 296 266 jacium.
347 213 396 248 Ea
412 212 505 247 verba
528 223 585 245 non
603 209 728 256 fabium
747 210 845 256 qualis
862 210 960 256 qualis
975 210 1102 244 cciltirrae
1118 207 1160 249 ὅ)
1176 221 1257 244 curce
1276 236 1285 252 ,
1307 208 1368 255 sed
1378 211 1455 256 jos,
1485 208 1675 256 fignificare.
1735 211 1828 247 Bonae
1846 213 1891 259 fi·

172 267 220 300 (ici
236 261 399 310 piffiſj'oris
420 288 428 302 ‚
464 262 514 306 qui
533 272 597 294 rem
620 261 733 305 arcepit
752 271 790 294 ex
800 260 889 307 justa
910 258 1021 306 cansa,
1048 259 1183 294 naturali
1209 259 1324 294 rarione
1336 258 1545 305 fierifmcius
1563 285 1573 301 ,
1609 269 1666 293 non
1692 267 1816 295 tantum
1843 263 1890 296 in-

170 313 328 360 dirstriales
338 338 348 355 ,
365 309 424 356 sed
439 308 480 348 Εἴ
507 309 672 343 naturales.

170 397 336 429 ustinianus
360 395 389 427 in
414 393 443 435 §.
471 403 520 434 35.
546 391 618 434 Inst.
647 394 682 425 de
704 402 800 424 rerum
830 391 978 430 divisione.

177 439 209 470 Si
240 439 305 478 quis
333 448 351 468 a
375 445 431 467 non
461 436 598 473 domino,
635 444 717 476 quem
749 435 895 465 dominum
928 434 980 475 effe

189 480 339 510 crediderit
354 500 363 516 ,
396 478 467 507 bona
486 477 547 516 fide
563 477 700 516 fundum
721 476 844 513 emerit,
875 475 921 506 vel
945 486 980 506 ex

188 521 363 557 donatione,
402 518 497 548 aliave
524 519 650 559 qualibet
681 515 759 556 insta
787 517 874 555 Cirtisa
904 527 981 558 (eque

187 563 260 592 hona
288 560 351 600 side
381 561 545 599 atceperz't:
577 559 708 590 mritirtzli
736 559 845 588 ratione
870 558 982 602 pincti-it

178 602 300 643 fricfftus
314 625 324 640 ‚
348 610 418 642 quos
432 602 579 641 percepit,
603 602 664 644 ejirs
680 599 731 640 effe
742 607 795 640 pro
813 599 928 630 cultura
946 598 982 633 ω’)

188 654 269 674 curu.

122 685 296 727 Quaeiitum
312 683 375 722 est,
406 690 511 714 utrum
536 681 694 723 postrema
713 681 809 712 verba
824 703 833 719 ,
866 682 982 712 cultura

122 728 151 758 ἅ
174 736 244 757 cum
265 750 273 763 ‚
306 726 389 756 idem
419 723 531 755 sonent
555 733 594 755 eo
622 724 652 755 in
683 724 757 753 loco
776 746 785 760 ‚
817 731 855 752 an
879 723 980 753 diver-

122 768 184 799 sum
212 768 371 808 quidpiam
404 775 441 796 ac
473 764 646 806 separatum
666 764 682 795 .9
718 762 759 794 Et
787 762 851 793 hoc
884 764 980 804 magis

122 809 201 845 esse,
225 819 296 839 cum
323 805 486 839 Accurfius
506 807 642 837 credidit
657 829 666 844 ,
692 812 758 835 tum
782 804 929 843 Cujacius
949 806 980 835 in

123 850 218 882 Notis
237 851 275 881 ad
298 851 323 880 d.
350 849 376 890 §.
403 858 452 888 35.
498 848 558 879 Sed
576 847 654 879 mihi
677 852 789 880 contra
808 845 926 880 Visum,
959 846 981 877 i-

122 895 193 923 dem
219 891 417 932 significare:
442 890 525 920 utin
543 889 599 920 illo
619 886 743 929 Virgilii
767 886 816 917 lib.
845 896 869 919 1.
895 887 981 918 Geor-

143 943 258 963 reorum.

118 943 139 975 g
162 993 211 997 —-
233 993 284 997 ——
308 972 380 1017 Quae
398 982 468 1004 cura
485 972 586 1011 boum,
608 971 675 1012 quis
689 971 785 1001 cultus
800 969 926 1001 habendo

161 1015 204 1045 Sir
224 1017 326 1055 pecori.
349 1033 399 1037 —-
421 1032 474 1037 —

121 1055 204 1088 Nam
219 1081 228 1094 ‚
253 1065 287 1087 nt
305 1056 430 1086 Servius
456 1061 568 1094 notat,
601 1061 653 1084 aut
675 1051 858 1094 epexegesis
882 1050 927 1082 est
949 1052 980 1083 in

122 1098 294 1136 sequenti3
328 1097 389 1127 hoc
415 1105 448 1128 ut
472 1095 507 1127 sit
525 1119 534 1134 ,
566 1096 619 1136 qui
648 1096 749 1126 cultus
776 1094 924 1124 habendo
947 1093 982 1124 sit

121 1149 250 1180 pecori,
276 1140 362 1178 quod
388 1137 452 1175 est,
485 1146 554 1176 quae
577 1145 652 1167 cura
676 1136 793 1172 boum3
817 1142 870 1165 aut
892 1142 981 1165 certe

123 1181 182 1210 mr·
204 1183 289 1216 ἐξοχνρν
312 1182 354 1210 ait
370 1203 379 1217 ,
409 1179 511 1209 boves
530 1201 539 1215 ‚
569 1178 597 1208 ἀ
620 1176 728 1217 postea
758 1176 865 1206 intulit
888 1183 980 1206 caete-

122 1231 157 1253 ra
179 1230 316 1261 pecora;
341 1229 374 1250 nt
392 1220 487 1259 maJ'us
505 1219 617 1249 animal
634 1217 754 1258 separet
770 1226 786 1247 a
803 1216 980 1248 minoribus

122 1262 182 1294 &c.
206 1262 271 1300 jam
290 1261 423 1292 Ovidius
441 1259 491 1290 De‘
504 1261 622 1290 remedio
637 1260 750 1290 anzorir.

159 1303 246 1334 Rura
272 1311 382 1344 quoque
406 1301 544 1332 obleeiam
569 1302 677 1332 animos
692 1323 702 1339 ,
725 1297 914 1341 studiumque
936 1308 980 1330 co-

234 1344 309 1374 bandi

78 1414 80 1417 ,
200 1384 339 1426 Qtaelibet
356 1384 421 1415 huic
438 1393 511 1414 curce
529 1384 620 1414 cedere
635 1392 706 1413 cura
725 1380 825 1422 potest.

120 1425 241 1457 Seneca
265 1435 393 1466 quoque
417 1425 464 1456 lib.
492 1435 519 1457 2.
543 1424 590 1455 De
616 1422 765 1459 Beneficiis
794 1434 817 1454 c.
842 1432 887 1454 11.
911 1423 979 1455 Per-

120 1470 184 1504 der,
209 1468 329 1507 inquit,
352 1467 493 1507 agricola,
520 1464 732 1508 qzcodspaiflt,
749 1463 778 1502 fi
792 1465 976 1505 lahoressuos

122 1507 251 1549 destituet
267 1511 297 1539 in
312 1509 430 1549 sernine.
474 1507 578 1539 iutilia
601 1517 675 1538 cura
690 1509 753 1543 lata
774 1508 976 1547 perducuntur

121 1553 313 1590 adfegecem:
344 1550 417 1580 nihil
440 1550 471 1580 in
490 1547 628 1589 frustum
639 1548 772 1589 pervenit
786 1571 796 1586 ,
828 1548 902 1588 quod
919 1555 976 1578 non

120 1602 138 1622 a
149 1599 240 1631 primo
263 1600 352 1632 usque
368 1592 405 1621 ad
425 1596 583 1621 extremum
609 1589 726 1632 aequalis
751 1589 874 1620 cultura
886 1588 975 1628 proste-

119 1634 231 1674 quitur.
273 1632 335 1663 Sed
359 1632 389 1663 ἃ
413 1631 628 1676 Quintilianus
657 1631 703 1661 lib.
725 1639 751 1662 1.
776 1628 848 1670 Infi.
868 1636 974 1662 orator.

120 1684 145 1704 c.
164 1683 210 1705 12.
236 1674 296 1705 Cur
312 1683 369 1704 non
396 1675 466 1704 idem
476 1673 632 1713 suademus
654 1671 786 1712 agricolis
807 1695 817 1710 ,
849 1680 883 1702 ne
904 1681 979 1702 arva

115 1713 204 1754 firmil
216 1714 252 1749 ὅ)
268 1716 367 1745 vineta
383 1714 420 1748 ἐξ
435 1715 505 1746 oleas
518 1713 553 1748 ὅ)
569 1712 687 1753 arbusta
705 1711 840 1745 colant?
862 1722 897 1743 ne
910 1719 978 1753 pra-

117 1758 158 1787 *tis
182 1756 217 1790 ὅ)
239 1757 385 1796 pecoribus
409 1755 446 1790 ὅ)
472 1757 560 1786 hortis
586 1755 622 1790 ὅ)
648 1755 812 1787 alvearibus
827 1764 978 1784 accommo-

123 1799 192 1828 dent
214 1797 347 1828 curam?
381 1795 476 1828 Unde
493 1804 642 1837 apparet,
664 1796 811 1827 culturam
831 1796 936 1827 valere
958 1795 980 1825 i-

123 1839 197 1869 dem
223 1848 296 1868 curae
321 1839 402 1877 apud
422 1837 638 1877 justinianum.
660 1837 751 1868 causa
772 1844 878 1868 autem
902 1846 979 1867 con-

118 1879 270 1920 jungendi
301 1887 470 1918 utrumque
499 1880 632 1910 verbum
658 1877 736 1909 mihi
766 1877 821 1908 ista
853 1878 980 1908 videtur

123 1920 185 1951 ess‘e
206 1944 214 1957 ,
246 1921 332 1960 quod
357 1929 392 1950 ea
417 1920 601 1960 conjunctio
625 1919 804 1951 orationem
824 1917 901 1949 facit
926 1919 978 1949 ali-

122 1970 243 2001 quanto
274 1961 519 1992 modulatiorem
557 1961 587 1992 ἃ
617 1962 714 2000 magis
746 1968 849 1997 aptam
882 1967 978 1999 atque

123 2003 305 2041 efficacem,
329 2012 423 2043 quam
446 2002 466 2034 fi
484 2002 667 2043 simpliciter
683 2001 738 2041 sit,
770 2002 977 2041 dicaturque,

119 2051 171 2085 pro
187 2046 312 2075 cultura.

163 2085 197 2117 ld
221 2095 285 2125 quo
311 2084 454 2125 spectat?
478 2093 613 2125 nempe,
636 2090 672 2115 ut
687 2082 897 2125 intelligamus
916 2082 976 2114 Im-

122 2134 302 2166 peratorem
321 2126 525 2165 justinianum
542 2125 645 2163 velle,
667 2123 788 2156 fruetus
808 2133 870 2156 tam
889 2134 978 2156 natu·

122 2169 222 2208 mles,
247 2178 338 2209 quam
357 2166 552 2199 industriales
569 2190 578 2204 ,
609 2165 679 2197 fieri
698 2166 790 2197 bonae
813 2164 884 2197 fidei
903 2175 977 2206 pos-

121 2208 262 2248 sefforis,
287 2219 339 2249 qui
362 2208 496 2240 fundum
516 2209 643 2247 accepit
660 2217 700 2239 ex
716 2207 901 2248 emptione,
926 2208 977 2238 vel

122 2251 229 2291 legato
243 2274 252 2288 ,
276 2251 327 2281 vel
347 2250 434 2281 simili
449 2249 525 2290 justa
544 2248 657 2280 causa:
688 2258 729 2279 eo
753 2248 842 2288 quod
867 2249 896 2279 ἃ
915 2249 980 2280 cul-

124 2298 190 2321 tura
210 2291 239 2322 &
264 2300 337 2321 cura
355 2301 414 2330 pro
440 2300 500 2331 qua
516 2291 560 2322 illi
585 2289 706 2321 fructus
728 2289 905 2321 indistinete
928 2291 980 2323 atl-

126 2332 205 2362 ‹iicit
226 2332 416 2372 imperator,
440 2333 479 2363 ad
501 2339 671 2372 utrumque
694 2330 854 2363 fruetuum
883 2341 981 2372 genus

123 2372 313 2405 referuntur.
366 2373 569 2415 Quamquam
592 2380 627 2403 ut
651 2373 763 2404 melius
788 2373 981 2414 intelligatur

123 2424 173 2445 res
206 2424 270 2445 non
304 2415 405 2445 minus
433 2414 587 2454 elegans,
624 2423 717 2454 quam
752 2413 912 2453 difficilis,
951 2415 980 2447 &

123 2459 301 2495 (quantum
319 2455 410 2496 scio)
431 2455 573 2486 nondum
597 2454 809 2487 demonstrata
828 2455 867 2486 ab
895 2456 979 2489 aliis:

123 2505 222 2535 porro
245 2497 355 2528 addam
374 2520 383 2534 ,
416 2496 503 2534 qnod
522 2495 702 2536 Imperator
718 2519 729 2535 ,
764 2506 838 2527 cum
861 2496 980 2530 fruens

125 2537 218 2569 bonae
235 2538 307 2569 fidei
325 2537 483 2578 possessori
499 2538 621 2569 addicit
634 2545 684 2577 pro
702 2538 819 2570 cultura
841 2537 869 2569 &
887 2548 979 2573 cura,-

123 2588 186 2610 non
205 2578 375 2619 fignificat,
399 2578 519 2611 fruetus
535 2580 601 2620 ejus
617 2578 685 2610 fieri
705 2588 764 2619 pro
788 2579 870 2619 quali
895 2580 979 2619 quali

126 2621 246 2652 cultura
270 2621 299 2650 Gt
322 2630 413 2652 cura:
444 2621 610 2661 (alioquin
634 2619 791 2652 debuisset
818 2630 874 2652 eos
901 2630 979 2660 quo-

126 2669 188 2701 que
220 2660 396 2694 adscribere
426 2661 589 2703 poss'effori
613 2662 704 2694 malae
729 2660 828 2694 fidei:
859 2671 932 2694 nam
955 2662 980 2694 is

777 2771 991 2809 CAPUT

1023 402 1113 433 aeque
1139 393 1295 426 culturam
1325 394 1355 426 &
1390 402 1495 426 curam
1527 392 1630 426 fundo
1661 395 1817 435 adhibet,
1850 405 1889 428 ae

1023 434 1174 473 poss'ess‘or
1196 436 1288 467 bonne
1315 435 1417 474 fidei,
1452 436 1532 466 licet
1545 436 1649 469 nullos
1674 436 1794 469 fructus
1816 436 1887 470 suos

1023 475 1147 518 faeiat)
1182 478 1288 516 potius
1321 477 1422 508 voluit
1456 476 1631 517 imperator
1660 477 1778 510 fruetus
1809 479 1886 510 ideo

1023 517 1116 548 bonae
1142 516 1216 549 fidei
1244 517 1422 558 possessbris
1452 517 1532 549 effe:
1557 519 1629 559 quia
1649 519 1697 558 ei,
1720 519 1804 560 quasi
1828 520 1887 551 do-

1025 558 1132 597 mino,
1157 559 1200 590 eil
1214 559 1262 598 J'us
1278 559 1405 590 colendi
1422 558 1452 590 &
1468 561 1597 591 curandi
1613 559 1748 592 fundum
1760 584 1768 599 ‚
1788 570 1886 601 quem

1020 598 1098 639 justa
1115 609 1155 630 ex
1175 599 1266 631 causa
1283 610 1300 631 a
1317 610 1382 631 non
1399 600 1532 631 domino
1555 602 1681 641 accepit
1706 602 1790 633 bona
1809 601 1886 634 fide.

1023 641 1121 681 idque
1139 640 1180 672 fic
1197 641 1392 673 demonstro.
1437 641 1546 673 Placet
1564 665 1572 679 ‚
1602 641 1722 675 fruetus
1749 642 1812 674 five
1830 645 1887 675 do-

1024 683 1112 713 mino
1131 706 1140 718 ‚
1172 681 1235 713 sive
1254 682 1414 723 posl'ell‘ori
1434 683 1527 714 bonae
1546 682 1619 714 fidei
1637 707 1647 722 ,
1679 685 1801 724 adquiri
1816 685 1885 725 jure

1024 723 1205 755 acccffionis
1222 746 1231 761 ,
1264 731 1360 764 atque
1383 724 1464 755 adeo
1484 719 1555 764 ‘jure
1582 727 1728 764 corporis
1754 735 1794 757 ex
1820 735 1886 766 quo

1024 763 1268 805 proficiscuntur
1298 765 1316 796 l.
1350 776 1397 805 25.
1426 765 1454 806 §.
1485 775 1511 796 1.
1546 765 1588 797 D.
1615 767 1647 796 de
1671 767 1777 805 usuris.
1821 767 1887 798 Pri-

1024 815 1108 836 mum
1120 829 1127 843 ,
1149 805 1175 850 si,
1188 807 1257 846 quis
1275 806 1319 838 est
1338 808 1483 839 dominus
1500 806 1589 838 fundi
1607 806 1658 838 seu
1676 808 1821 847 corporis
1845 817 1886 839 ex

1025 855 1089 886 quo
1118 848 1285 878 nascuntur
1310 847 1429 880 fruetus
1445 871 1455 887 ,
1487 849 1511 880 is
1535 849 1666 879 naturali
1693 856 1816 880 ratione
1840 848 1886 880 est

1025 887 1172 918 dominus
1196 887 1355 920 fruetuum
1383 899 1423 920 ex
1446 899 1486 920 eo
1511 898 1658 924 natorum
1682 889 1710 931 ᾖ.
1740 899 1784 927 19.
1808 889 1885 931 Inft.

1023 930 1056 960 de
1079 938 1176 959 rerum
1201 929 1366 967 divifione:
1397 929 1460 962 five
1486 930 1543 962 sint
1568 931 1789 970 industriales,
1820 931 1886 963 live

1023 969 1200 1009 naturale53
1224 971 1385 1011 inprimis,
1415 971 1468 1003 ubi
1492 971 1656 1003 eoliaerent
1674 982 1747 1005 cum
1769 982 1885 1014 corpo·

1023 1020 1074 1042 re:
1099 1018 1166 1042 tum
1184 1013 1269 1043 enim
1286 1011 1408 1043 faciunt
1428 1021 1549 1053 partem
1565 1015 1711 1054 eorporis
1728 1014 1747 1046 l.
1770 1023 1821 1054 44.
1839 1013 1883 1045 D.

1023 1053 1055 1082 cle
1071 1054 1112 1082 rez'
1125 1052 1342 1090 vindicatione,-
1365 1053 1395 1084 &
1412 1053 1543 1094 oportet
1559 1064 1631 1086 eum
1648 1056 1698 1095 qui
1718 1056 1761 1086 est
1780 1055 1884 1087 domi-

1024 1101 1082 1123 nus
1097 1094 1261 1133 corporis,
1278 1093 1340 1125 ess‘e
1357 1095 1520 1126 dominum
1540 1096 1674 1136 partium
1694 1097 1768 1137 ejus.
1797 1096 1886 1135 hoe,

1024 1143 1097 1164 cum
1115 1135 1257 1174 pendent
1274 1134 1414 1174 fruetus,
1438 1136 1467 1167 ὅ(
1491 1136 1655 1168 cohaerent
1679 1148 1751 1169 cum
1769 1147 1887 1178 corpo-

1024 1185 1068 1206 re.
1094 1176 1190 1215 quid,
1225 1176 1245 1207 si
1271 1178 1415 1217 percepti
1439 1176 1516 1209 sint:
1549 1179 1579 1210 id
1601 1178 1645 1209 est
1663 1201 1673 1216 ‚
1703 1188 1719 1210 a
1744 1188 1885 1220 corpore

1024 1216 1153 1256 separati
1170 1216 1187 1248 ,9
1217 1217 1303 1249 idem
1327 1218 1498 1249 dicendum
1518 1217 1562 1250 est
1578 1242 1587 1258 ,
1619 1229 1679 1250 nec
1696 1220 1795 1251 refert
1810 1243 1819 1259 ,
1851 1230 1885 1251 u-

1024 1264 1106 1289 trum
1125 1267 1142 1288 a
1159 1258 1311 1297 domino,
1335 1268 1374 1290 an
1392 1259 1431 1290 ab
1453 1260 1515 1291 ulio
1538 1260 1685 1299 separati,
1711 1261 1785 1293 sint:
1810 1262 1883 1302 quia

1022 1307 1094 1330 ante
1111 1298 1242 1331 fuerunt
1263 1301 1404 1339 domini,
1430 1310 1537 1341 neque
1560 1301 1757 1339 separatione
1779 1303 1884 1334 conti-

1021 1342 1068 1380 git
1085 1341 1257 1380 quidquam
1273 1351 1338 1381 quo
1361 1341 1539 1374 desinerent
1562 1342 1623 1373 ess'e
1639 1344 1666 1373 d.
1684 1343 1702 1374 l.
1728 1353 1775 1383 25.
1799 1343 1827 1385 §.
1856 1353 1883 1375 1.

1022 1382 1084 1412 Sed
1108 1389 1141 1412 ut
1166 1383 1306 1421 fruetus,
1339 1382 1404 1417 sive
1428 1384 1608 1422 naturales,
1633 1383 1697 1416 sive
1721 1385 1885 1416 induiti-ia-

1021 1423 1094 1465 les,
1112 1422 1180 1455 sunt
1197 1424 1317 1455 domini
1340 1426 1486 1464 corporis
1503 1435 1543 1456 ex
1561 1435 1626 1465 quo
1643 1426 1707 1457 nati
1729 1425 1818 1458 sunt:
1841 1427 1886 1457 ita

1021 1463 1158 1503 fruetus,
1183 1473 1245 1496 tam
1264 1466 1442 1504 naturales,
1466 1476 1559 1506 quam
1576 1466 1790 1505 induiti-iales,
1815 1476 1886 1499 cor·

1018 1506 1104 1546 poris
1125 1505 1211 1537 bona
1227 1506 1290 1538 fide
1306 1507 1429 1546 posscffi
1445 1508 1493 1539 vel
1515 1517 1553 1538 ex
1570 1509 1736 1548 emptione
1754 1508 1804 1539 vel
1820 1518 1885 1549 quo

1018 1547 1105 1579 simili
1120 1547 1202 1587 justo
1223 1549 1338 1587 titulo,
1363 1548 1432 1579 sunt
1450 1550 1541 1580 bonae
1560 1548 1634 1581 fidei
1656 1548 1834 1590 poss'efforis
1854 1550 1883 1582 cl.

1018 1588 1047 1630 ᾗ.
1071 1598 1122 1630 35.
1146 1589 1283 1621 maxime
1299 1613 1308 1628 ,
1338 1599 1410 1621 cum
1436 1590 1598 1630 pendent,
1631 1600 1735 1631 neque
1754 1591 1822 1622 sunt
1841 1590 1887 1622 se·

1022 1630 1121 1670 parati
1146 1639 1161 1660 a
1180 1639 1318 1671 corpore
1346 1641 1388 1662 ex
1410 1640 1474 1671 quo
1495 1631 1564 1663 sunt
1587 1632 1650 1663 nati
1669 1643 1677 1664 ε
1710 1640 1774 1663 tum
1799 1633 1886 1664 enim

1021 1671 1243 1711 intelliguntur
1266 1681 1338 1712 pars
1363 1674 1523 1712 corporis,
1557 1682 1654 1714 porro
1685 1673 1779 1705 bonae
1810 1672 1886 1705 fidei

1022 1711 1199 1754 poffess'or,
1228 1713 1284 1745 etsi
1309 1723 1373 1745 non
1401 1712 1436 1746 sit
1459 1715 1603 1755 corporis
1627 1715 1775 1747 dominus
1793 1737 1803 1753 ,
1842 1722 1887 1746 ta-

1021 1763 1094 1786 men
1123 1754 1258 1786 habetur
1283 1755 1429 1787 dominus
1456 1756 1613 1796 corporis.
1638 1755 1773 1788 habetur
1789 1756 1888 1798 igitur

1022 1796 1052 1826 ἀ
1071 1796 1217 1828 dominus
1238 1797 1371 1837 partium
1387 1798 1551 1837 corporis:
1576 1797 1605 1828 id
1623 1797 1686 1836 est,
1711 1797 1884 1829 fruetuum.

1022 1837 1065 1867 ica
1083 1859 1092 1875 ,
1124 1846 1196 1868 cum
1221 1838 1364 1877 pendent
1389 1836 1521 1869 fruetus.
1555 1838 1657 1878 quid,
1692 1838 1712 1870 fi
1737 1839 1885 1880 percepti

1021 1877 1099 1909 sint:
1123 1878 1187 1908 hoc
1204 1878 1275 1916 est,
1306 1878 1436 1920 separati
1461 1889 1477 1910 a
1499 1889 1638 1919 corpore
1652 1880 1669 1911 ‘?
1693 1881 1797 1911 adhuc
1819 1889 1884 1911 tna-

1022 1926 1099 1950 nent
1116 1918 1293 1959 possessoris
1316 1920 1409 1950 bonae
1432 1919 1528 1959 fidei3
1558 1920 1621 1953 sive
1640 1920 1679 1952 ab
1702 1920 1791 1961 ipso,
1820 1921 1886 1953 five

1022 1960 1060 1990 ab
1089 1960 1150 1991 alio
1166 1984 1176 1998 ‚
1207 1959 1339 2001 separati
1366 1961 1441 1993 sint:
1474 1963 1546 2003 quia
1570 1969 1643 1993 ante
1667 1971 1739 1993 cum
1764 1963 1884 2002 pende-

1020 2009 1119 2040 rent,
1155 2002 1217 2041 jam
1254 2002 1384 2034 fuerunt
1417 2004 1508 2043 ejus,
1546 2012 1651 2043 neque
1686 2005 1886 2044 separatione

1021 2043 1193 2083 quidquam
1216 2042 1332 2075 saelum
1359 2043 1403 2075 est
1430 2054 1495 2085 quo
1524 2044 1704 2075 desinerent
1730 2044 1792 2076 esse
1813 2047 1840 2075 d.
1863 2044 1884 2076 l.

1020 2093 1069 2124 25.
1096 2084 1123 2125 §.
1157 2093 1181 2115 1.
1205 2084 1224 2115 l.
1247 2090 1296 2123 48.
1320 2085 1361 2116 D.
1387 2087 1421 2116 de
1443 2087 1621 2127 adquirendo
1637 2095 1733 2117 rerum
1749 2088 1883 2117 dominio.

1020 2124 1048 2157 ls
1072 2124 1173 2158 sensus
1201 2125 1363 2166 Jusliniani
1392 2128 1421 2157 in
1445 2128 1473 2157 d.
1498 2127 1527 2168 ᾗ.
1551 2137 1600 2168 35.
1631 2128 1683 2165 qui
1709 2126 1730 2158 fi
1754 2128 1884 2168 placet:

1020 2175 1152 2207 apparet
1168 2190 1177 2206 ,
1209 2168 1365 2199 culturam
1391 2169 1420 2200 ὁὶ
1442 2177 1548 2199 curam
1573 2169 1603 2199 in
1631 2169 1687 2199 illo
1710 2168 1728 2210 §
1757 2178 1820 2200 non
1841 2168 1887 2199 sa-

1021 2208 1105 2239 ctum
1123 2208 1316 2248 significare,
1341 2208 1393 2240 sed
1417 2210 1465 2250 jus
1482 2210 1612 2240 culturae
1636 2210 1664 2240 δε
1687 2219 1769 2241 curae
1795 2209 1884 2250 quod

1020 2249 1113 2280 bonae
1137 2249 1211 2281 fidei
1234 2249 1418 2290 poffeffori,
1442 2250 1525 2290 quasi
1550 2251 1683 2282 domino
1698 2273 1708 2290 ,
1731 2251 1884 2282 concedi-

1021 2298 1069 2322 tur
1091 2291 1355 2332 interpretatione
1380 2292 1473 2323 bonae
1499 2291 1582 2323 fidei.
1626 2291 1743 2332 Neque
1763 2292 1886 2324 inusita-

1022 2340 1053 2363 ta
1077 2332 1189 2365 nostris
1215 2343 1251 2364 ea
1272 2334 1447 2373 loquutio:
1479 2342 1549 2364 nam
1585 2332 1726 2365 similiter·
1753 2334 1886 2365 alluvio-

1024 2382 1095 2405 nem
1114 2382 1173 2413 pro
1190 2375 1259 2414 jure
1275 2375 1461 2412 alluvionis‚
1486 2374 1628 2406 haustum
1650 2384 1710 2413 pro
1727 2375 1794 2415 jure
1812 2375 1886 2406 hau·

1023 2415 1124 2446 riendi
1140 2438 1150 2454 ,
1179 2415 1283 2447 atrum
1307 2425 1366 2456 pro
1384 2416 1452 2456 jure
1476 2416 1588 2455 agendi
1608 2438 1617 2453 ,
1650 2416 1711 2447 iter
1736 2425 1795 2457 pro
1816 2416 1885 2455 jure

1023 2456 1138 2494 eundi,
1171 2456 1333 2497 appulsum
1362 2466 1421 2498 pro
1435 2458 1504 2497 jure
1523 2457 1722 2496 apprehendi,
1756 2457 1784 2488 ὅ(
1805 2457 1887 2488 fimi-

1023 2497 1078 2536 lia‚
1104 2498 1237 2539 legimus
1253 2499 1271 2528 l.
1296 2502 1341 2529 16.
1362 2500 1405 2531 l).
1430 2500 1463 2529 cie
1479 2498 1654 2539 adquirendo
1678 2507 1773 2529 rerum
1796 2499 1884 2529 domi-

1022 2548 1082 2576 no,
1111 2539 1130 2570 l.
1156 2549 1183 2577 5.
1217 2539 1246 2580 §.
1273 2548 1298 2570 1.
1329 2539 1349 2569 i.
1379 2549 1424 2581 13.
1455 2538 1485 2580 §.
1510 2549 1538 2571 2.
1561 2539 1605 2570 D.
1637 2541 1671 2571 de
1696 2541 1885 2577 servitutibus

1018 2580 1191 2618 praediorum
1209 2579 1390 2621 misticorum.
1432 2579 1534 2619 Dixi,
1558 2580 1633 2619 quid
1651 2581 1780 2612 sentiam
1797 2583 1836 2613 de
1854 2582 1883 2611 d,

1021 2620 1050 2666 ᾗ.
1075 2631 1133 2694 ἐς.
1165 2622 1216 2653 cui
1247 2622 1396 2663 objicitur
1425 2621 1446 2654 Ι.
1478 2631 1528 2663 45.
1554 2621 1596 2654 D.
1620 2623 1654 2654 de
1674 2622 1778 2663 mitris.
1821 2622 1883 2654 Sed

1021 2665 1072 2694 tru
1101 2671 1143 2694 ra.

1053 2772 1223 2811 VIII.

131 2865 164 2889 1.
203 2855 404 2901 Hypothecam
416 2860 489 2905 jure
506 2860 663 2895 honorario
685 2859 826 2907 constitui
842 2860 916 2894 nudo
934 2861 1022 2905 ραέῖο
1039 2888 1049 2904 ,
1084 2857 1125 2899 &³
1141 2861 1224 2896 tolli:
1246 2859 1276 2905 fi
1292 2863 1505 2904 conveniatur,
1532 2871 1575 2897 ne
1590 2861 1712 2909 pignus
1736 2869 1881 2906 petatur.

199 2905 290 2939 Nova
312 2907 508 2952 interpunfflo
530 2906 571 2947 ἐξ
587 2910 748 2955 explicatio
770 2909 789 2942 l.
807 2918 824 2942 2
832 2918 862 2952 3.
883 2909 913 2942 C.
932 2909 965 2943 de
988 2910 1176 2955 pignoribus.

199 2965 287 2992 rum,
314 2961 428 2988 taxatae
441 2955 612 3000 sententiae.
665 2969 697 2993 2.

1232 2910 1350 2956 Cujacii
1368 2938 1378 2954 ,
1413 2910 1534 2953 Fabri,
1570 2911 1716 2957 Gifanii,
1749 2906 1879 2947 &alio-

724 2957 826 3007 ⁴Quid,
845 2955 878 3001 fi
902 2960 1122 3002 conveniatur,
1149 2970 1192 2993 ne
1205 2958 1355 2994 debitum
1371 2962 1534 3004 petatur?
1563 2961 1749 2994 Marcianus
1776 2958 1814 2991 ab
1831 2958 1878 2990 in-

196 3003 286 3047 genio
306 3005 452 3036 correctus
468 3005 578 3039 duobus
595 3006 664 3040 locis
681 3007 701 3040 l.
721 3016 752 3048 5.
772 3007 813 3040 D.
841 3006 963 3054 Quibus
978 3009 1074 3042 modis
1086 3009 1202 3054 pignus
1220 3009 1270 3043 vel
1283 3009 1446 3055 hypotheca
1458 3007 1604 3055 solvitur.
1655 3018 1687 3051 3.
1716 3006 1822 3041 Severi
1838 3003 1880 3045 εἷ’

198 3051 347 3084 Antonini
355 3048 464 3096 Jimsus
480 3053 511 3085 in
526 3053 546 3087 l.
564 3064 595 3088 2.
617 3055 648 3090 C.
665 3055 699 3089 de
715 3052 885 3102 remiffione
896 3056 1046 3101 pignoris.

128 3153 156 3177 1.
184 3146 253 3218 D
269 3154 286 3175 e
322 3145 506 3187 hypotheca
539 3147 608 3187 jure
645 3149 817 3182 honorario
849 3149 984 3182 nascitur·
1024 3153 1064 3184 tis
1081 3153 1165 3185 enim
1183 3151 1344 3185 vinculum
1368 3161 1433 3190 quo
1455 3152 1521 3183 solo
1546 3150 1728 3190 sustinetur,
1752 3151 1880 3191 aequita‘

280 3187 373 3227 pasto
402 3187 511 3226 acrio,
543 3189 573 3220 ὅ(
604 3190 751 3222 tollitur:
783 3201 844 3222 nec
871 3193 982 3224 mirum

125 3224 188 3265 est,
210 3227 324 3268 pasto,
343 3229 478 3270 perimi,
500 3228 521 3263 fi
540 3230 633 3272 paeto
651 3231 832 3273 perficitur:
855 3235 979 3274 aequita-

1024 3203 1057 3225 te
1079 3195 1305 3226 conventionis
1330 3193 1506 3224 dissolvitur
1523 3216 1533 3230 ‚
1565 3193 1595 3223 ἃ
1619 3193 1701 3231 perit
1722 3192 1792 3232 'ipso
1813 3193 1882 3232 jure

1025 3245 1089 3276 qno
1105 3235 1281 3274 colligatur,
1323 3233 1411 3265 Nolo
1431 3257 1439 3271 ,
1470 3233 1534 3266 hoc
1552 3233 1628 3265 milii
1647 3235 1772 3266 credas:
1797 3232 1882 3302 sitqfi-

1826 3283 1881 3304 tes
