2036 3495
159 97 225 138 158
573 88 605 124 G
637 98 657 122 a
689 94 712 122 n
744 94 763 121 A
794 96 818 119 n
849 85 873 119 'n
906 91 919 119 1

155 183 220 215 hoc
242 182 296 220 sit,
321 179 416 221 quaeri
440 174 547 208 solet?
570 176 600 206 δι
621 182 722 215 puto,
746 181 810 204 non
836 172 897 204 effe
925 172 1027 206 aliud:

155 224 392 264 qualiscumque
402 215 605 258 fitimpensa,
625 215 680 246 etii
696 214 876 246 necessaria.
892 223 942 246 res
961 223 1027 245 cer-

157 274 188 296 ta
206 275 246 296 ex
262 265 280 294 l.
298 272 346 302 353.
360 260 404 292 D.
429 261 461 289 de
483 256 604 288 conditi.
629 257 720 287 indeb.
735 255 754 286 l.
775 265 823 294 14.
842 256 887 286 D.
912 257 945 286 de
970 255 1025 286 dol.

155 306 223 336 mal.
241 308 347 342 except.
365 302 385 332 l.
401 310 445 338 14.
458 299 486 340 §.
506 308 530 330 1.
547 297 591 329 D.
608 297 758 328 Commun.
775 297 867 328 divid.
888 297 907 328 l.
924 301 974 335 48.
986 296 1027 327 D.

156 347 184 377 h.
201 352 221 376 t.
246 345 336 375 Adeo
352 343 502 373 cautione
520 348 600 379 opus
617 338 661 369 est
674 337 854 379 poffessbri,
871 338 1026 378 impensas

155 388 186 417 in
212 395 246 416 re
261 385 361 415 aliena
385 381 516 413 facienti
536 382 591 411 suo
608 381 757 417 nomine,
782 389 823 410 ne
839 378 1027 419 poffesfione

153 426 296 458 excidat:
321 423 461 464 alioquin
479 431 552 453 cum
575 422 771 461 exceptione
789 430 919 452 omnem
936 419 1026 452 amis-

154 468 240 499 surus
257 466 342 507 spem
359 464 621 504 easrrecipiendi:
638 461 796 494 aaronem
811 469 900 492 certe
917 471 975 502 pro
993 462 1029 493 iis

151 518 218 540 non
239 508 401 538 habiturus
420 506 525 537 ullam.
557 514 628 536 nam
646 505 685 536 de
701 503 836 535 indebiti
851 504 1029 534 00ηάῑᾶἰο-

151 548 336 582 ne'constat
351 557 391 578 ex
400 549 427 577 d.
439 548 517 587 l.33.
542 554 638 586 atque
653 547 777 585 optima
795 546 919 575 ratione
935 553 1027 584 quam

151 591 197 622 ibi
216 591 290 622 licet
305 589 463 629 reperii-e:
488 590 518 619 ἃ
535 587 640 626 potest
660 587 731 617 addi
750 586 883 625 sequeris
901 586 1026 626 regula:

155 631 209 663 Ex
226 633 330 673 quibus
346 629 438 668 cuufis
453 629 638 660 retentionem
654 629 767 669 quidem
784 628 934 664 hahemus,
953 627 1027 667 peti-

155 674 263 704 tionem
281 678 379 704 autem
394 681 451 702 nou
467 671 620 708 habemus,
636 678 669 700 eu
679 665 708 706 fl
723 669 907 706 solverimus,
926 675 1030 708 repete-

153 724 185 746 re
212 724 269 745 non
290 713 434 754 poffumus
451 712 470 742 l.
489 721 540 752 51·
561 711 604 741 D.
624 712 657 741 de
674 709 795 740 condiet.
812 711 904 740 indeb.
942 709 1030 740 Idem

153 755 257 787 sentio
273 757 312 787 de
330 754 454 785 ae'tione
466 753 672 793 negotiorum
688 750 865 792 gestorum:
882 750 1029 782 obstante

154 797 221 837 ejus
237 805 366 835 natura,
383 805 422 826 ne
437 795 544 825 locum
560 793 686 827 habeat.
710 793 753 823 ita
769 802 829 823 nec
846 791 889 822 est
907 801 1029 823 metue-

151 849 188 870 re
205 839 254 869 al.
270 842 298 869 6.
316 838 343 879 §.
363 847 390 878 3.
416 837 456 867 D.
481 837 513 866 cie
530 841 623 876 negot.
637 832 707 876 gest.
739 833 795 865 etsi
819 833 1030 865 molestissima

150 880 254 912 bacin
265 888 363 920 parte.
386 886 456 909 nam
472 876 532 908 effe
547 884 730 914 corruptam
742 898 750 913 ‚
766 875 826 914 jam
838 875 954 906 dudum
970 876 1028 906 ob-

152 920 291 952 servavi:
315 920 410 951 etiam
431 919 515 950 malo
533 918 707 950 remedium
732 916 824 955 dedi,
848 917 886 948 ad
905 917 1027 948 intelle·

153 963 238 994 ctum
259 961 398 999 salubre,
421 959 476 991 sub
494 969 535 991 eo
551 959 686 995 Titum,
711 958 740 989 &
755 957 892 989 anteiit.
913 968 940 998 3.
954 958 1026 989 Pro-

153 1004 236 1034 habit.
252 1014 275 1034 c.
295 1013 324 1041 9.
370 1003 416 1033 Ari
435 1001 602 1032 extricabo
620 1001 716 1031 etiam
735 1006 885 1038 excerpta
902 1009 942 1030 ex
961 1000 977 1029 l.
993 1009 1023 1039 5.

155 1045 190 1076 C.
207 1045 233 1076 h.
249 1051 269 1076 t.
294 1044 392 1076 vei-ba
409 1043 584 1083 sequentia:
608 1041 699 1072 Malae
714 1039 949 1081 fideipoffq'sores
965 1041 1026 1082 ejus

153 1088 228 1128 quod
243 1088 275 1117 iu
298 1096 356 1117 rem
378 1085 501 1116 alienam
516 1085 708 1124 impendunt,
731 1092 788 1113 non
804 1091 900 1112 eorum
916 1083 1028 1123 negoti-

153 1138 203 1159 um
216 1133 346 1168 gerentes
357 1150 366 1163 ,
389 1135 511 1168 quorum
526 1135 569 1156 res
585 1123 641 1165 est,
664 1124 775 1155 nullam
790 1124 911 1153 habeant
927 1123 1026 1163 repeti·

155 1171 280 1208 tionem,
309 1167 364 1207 ulfi
381 1167 545 1208 neceffarz'os
552 1167 690 1207 sumptus
700 1165 836 1204 fecerint.
887 1163 1028 1195 Extrica-

153 1211 215 1242 bo:
233 1220 303 1242 nam
320 1219 360 1241 ex
372 1209 418 1240 his
437 1208 530 1249 poffit
547 1207 639 1239 alicui
657 1208 756 1238 videri
773 1204 921 1244 poffcffor
937 1207 1027 1236 malae

152 1252 228 1284 fidei
239 1253 363 1283 utilium
378 1250 505 1291 quidem
515 1259 623 1280 carere
633 1248 846 1289 repetitione:
863 1246 946 1286 quasi
962 1257 1026 1278 non

153 1293 244 1334 gesto
269 1293 391 1324 domiui
413 1290 566 1332 negotio,
589 1290 648 1321 illis
673 1298 793 1320 temere
816 1288 847 1319 in
871 1298 903 1319 re
927 1289 1028 1320 aliena

150 1335 246 1367 saetis
265 1334 329 1366 fine
351 1334 472 1365 domini
493 1333 682 1363 voluntate:
705 1331 845 1369 ideoque
869 1337 976 1370 parata
998 1339 1026 1361 ei

152 1375 354 1416 objectione,
373 1385 428 1405 cur
438 1383 490 1405 eas
506 1371 622 1404 fecerit
633 1373 663 1403 in
675 1381 707 1403 re
722 1380 816 1412 quam
832 1369 951 1402 sciebat
965 1370 1026 1402 effe

152 1419 307 1449 alienam:
325 1417 376 1448 sed
392 1417 422 1446 in
439 1413 614 1446 necefl'ariis
627 1413 800 1453 sumptibus
816 1421 885 1443 eam
903 1413 1026 1443 temeri-

149 1466 253 1491 *tatem
270 1468 335 1490 non
353 1457 430 1488 effe:
446 1464 558 1487 contra
573 1464 669 1486 nemo
688 1461 802 1494 neget,
818 1451 878 1484 ess'e
895 1463 951 1494 per
967 1454 1026 1485 lios

152 1501 246 1532 valde
262 1499 382 1530 utiliter
406 1506 442 1527 ac
459 1495 630 1527 iieceffario
646 1495 768 1537 gestum
785 1496 905 1526 domini
927 1504 1026 1536 nego-

153 1541 250 1577 tium,
280 1540 328 1570 liis
353 1538 469 1570 omiffis
497 1537 659 1577 perituro,
683 1544 738 1567 aut
765 1537 926 1568 deteriore
941 1537 1026 1567 futu·

150 1592 211 1621 ro,
230 1582 317 1621 quod
333 1589 418 1611 nunc
438 1579 625 1611 vindicatur.
649 1579 725 1618 quid
743 1579 773 1609 ni
791 1578 885 1618 igitur
901 1587 1026 1618 aequum

151 1624 277 1664 putari,
300 1621 474 1654 necessario
496 1620 598 1652 fafilos
616 1620 718 1659 repeti
734 1619 859 1650 afflone
881 1621 1027 1660 negotio-

150 1675 221 1697 rum
237 1663 423 1705 gestorum?
440 1663 507 1693 hoc
517 1671 594 1693 vero
611 1660 632 1692 fi
647 1662 676 1692 in
688 1661 776 1692 malae
797 1659 868 1691 fidei
881 1660 1028 1700 poffeffo-

148 1716 186 1738 re
201 1708 249 1746 jus
266 1705 328 1738 est:
352 1705 383 1736 in
394 1704 489 1735 bonae
506 1703 581 1735 fidei
598 1701 768 1742 poffeffore
785 1701 1025 1741 quantojustius

150 1747 314 1789 intelligi?
332 1746 384 1778 Sic
402 1744 432 1776 in
452 1747 477 1776 ci.
498 1745 515 1775 l.
530 1754 559 1784 5.
576 1745 675 1783 prima
693 1744 815 1774 ratione
832 1743 1024 1775 Gordianus.

151 1790 198 1822 At
213 1788 234 1820 si
252 1798 318 1820 rem
336 1795 503 1828 putemus:
526 1795 590 1817 non
610 1784 654 1816 est
675 1784 739 1816 hoc
757 1785 799 1815 illi
818 1783 1024 1824 propositum.

152 1831 230 1871 quid
247 1829 343 1871 igitur
359 1829 375 1860 ’ἐ
406 1836 523 1868 nempe
539 1827 625 1867 quod
643 1826 731 1858 malae
749 1825 823 1856 fidei
842 1825 1026 1865 poss‘essiircs

149 1873 186 1904 in
202 1880 268 1903 rem
279 1871 413 1902 alienam
430 1868 758 1909 quidimpendentes,
770 1876 939 1907 numquam
958 1866 1027 1898 sunt

150 1913 218 1945 hoc
234 1913 340 1944 animo
352 1934 360 1950 ‚
376 1919 411 1942 ut
428 1919 539 1941 eorum
559 1918 696 1949 quorum
713 1919 761 1940 res
780 1908 842 1946 est,
860 1909 1027 1949 negotium

151 1962 283 1995 gerant,
307 1963 406 1985 eosve
424 1952 477 1984 sibi
497 1951 641 1992 obligent
658 1951 723 1990 ejus
740 1950 879 1981 nomine.
904 1958 1026 1981 tantum

151 1997 184 2027 se
202 1995 362 2036 spectant,
379 1993 506 2033 &quod
525 2001 616 2023 exre
634 1990 683 2022 sua
700 1991 761 2022 est:
777 1991 869 2023 alium
888 1991 1027 2023 minime.

152 2037 248 2069 utiles
271 2037 367 2077 igitur
391 2033 544 2075 impensas
566 2033 698 2064 domino
719 2033 806 2073 cnjus
823 2042 873 2064 res
899 2033 963 2071 est,
987 2042 1027 2064 ne

151 2080 314 2120 imputent
329 2076 440 2109 invito.
464 2077 494 2108 &
512 2074 642 2107 sufficiat
660 2073 823 2116 aequitati,
847 2075 935 2106 malae
953 2073 1027 2106 ridci

983 78 1249 120 No'obr

1310 83 1520 120 Curtii.

1070 172 1229 213 poffeffori
1247 173 1389 214 permitti
1405 172 1588 212 licentiam,
1612 171 1802 207 eastoile're
1816 160 1944 207 'fineiae-
1981 204 1985 208 ,

1068 213 1156 245 fione
1164 215 1278 253 prioris
1289 215 1384 246 status
1401 216 1457 247 rei.
1473 213 1516 246 fin
1533 221 1640 245 autern
1658 211 1840 246 neceffarias
1855 214 1942 253 fecea

1070 255 1129 292 rit,
1146 254 1208 287 efl'e
1227 257 1354 297 quidem
1373 265 1481 288 earum
1498 255 1790 296 repetitionemzat
1805 263 1943 329 nonffiet

1898 305 1943 329 cit

1059 295 1227 328 aetionem
1243 299 1447 339 negotiorum
1464 296 1646 338 gestorum3
1662 305 1735 327 nam
1751 298 1871 335 ejusde
1919 298 1928 317 “»

1072 338 1102 382 βε
1124 337 1194 370 finis
1218 339 1247 370 ἃ
1272 339 1370 370 ratio:
1392 339 1446 371 sed
1466 339 1521 369 suo
1543 339 1643 370 modo
1660 337 1774 377 &jure
1789 339 1941 378 cognito4

1070 378 1182 425 idest,
1198 379 1219 411 fi
1237 380 1407 420 poffideat,
1423 378 1569 421 opposita
1579 380 1776 419 exceptione
1793 379 1945 413 dolimass

1071 420 1102 450 li.
1119 420 1284 452 itadiserte
1298 421 1433 453 Veteres
1450 431 1479 453 in
1491 421 1583 452 bonae
1594 420 1667 452 fidei
1679 418 1849 461 pofl'effore
1863 419 1881 451 l.
1891 425 1942 459 48².

1072 461 1119 491 D.
1137 462 1162 492 li.
1180 467 1199 492 t.
1218 463 1238 493 Ι.
1258 472 1304 502 14.
1323 462 1350 504 §.
1371 472 1395 495 1.
1416 464 1461 494 D.
1480 464 1628 495 Commun.
1647 462 1739 493 divid.
1754 461 1773 491 l.
1793 470 1840 499 14.
1857 460 1898 492 D.
1909 463 1943 493 de

1070 508 1178 573 3⁶?ss
1193 504 1495 585 dss531⁷sssssspfffii³t¹213³·
1516 513 1641 577 Sui-32
1660 502 1944 577 Ξὲῗέἐὲεῗόιῑέἇ

1072 566 1149 624 quid
1164 566 1269 632 liaereo
1285 585 1410 626 ineptus
1422 587 1438 618 ’ἒ
1462 555 1527 618 ngr]
1549 587 1639 618 aliam
1660 585 1778 625 inelligi
1797 569 1883 616 eoin
1897 585 1944 617 lo-

1072 634 1113 656 co
1139 634 1366 666 repetitionem
1385 651 1395 665 ,
1424 637 1517 668 quam
1543 637 1601 668 per
1624 628 1851 667 exceptionem
1877 627 1944 658 doli

1072 667 1164 702 mali.
1188 669 1419 700 evidentissime
1442 679 1572 709 apparet
1588 679 1628 701 ex
1651 669 1736 700 facto
1751 668 1942 708 Imperatori
1995 649 2027 704 ,¹

1074 708 1113 739 ab
1137 708 1316 740 Herasiano-
1333 711 1472 749 quodam
1495 712 1534 741 ad
1557 710 1792 742 rescribendum
1817 711 1941 741 oblato.
1963 749 1968 751 Π

1070 758 1145 780 nam
1162 750 1291 787 infacto
1307 750 1361 782 illo
1378 751 1403 782 is
1419 751 1472 791 qui
1487 751 1642 792 impensas
1660 751 1795 792 repetit,
1811 751 1856 782 est
1873 760 1945 791 pos-

1073 790 1182 837 seffor:
1206 800 1303 832 atque
1328 793 1414 823 idem
1438 793 1568 824 domum
1590 803 1660 833 quae
1678 793 1875 831 vindicatur,
1901 793 1947 823 di-

1072 839 1154 863 citui·
1170 832 1357 873 occupafl'e3
1374 834 1403 863 dt
1419 832 1528 865 officio
1543 834 1661 873 judicis
1677 833 1737 865 effe
1749 833 1859 874 Jufl'us,
1877 835 1944 874 ejus
1992 863 1994 865 ,

1070 873 1290 914 poffeffionem
1315 873 1448 906 domino
1471 874 1635 907 restituere
1653 885 1725 907 cum
1740 875 1943 917 pensionibus

1070 924 1147 955 quas
1163 917 1326 956 percepit,
1351 916 1380 947 &
1398 915 1485 947 omni
1502 917 1600 948 causa.
1615 926 1655 948 ne
1674 925 1778 948 tamen
1794 918 1941 948 dominus

1070 965 1111 987 eo
1127 958 1226 988 modo
1244 966 1316 988 cum
1337 957 1433 1002 ipsius
1448 958 1559 998 iniuria
1580 958 1635 989 fiat
1652 959 1865 998 locupletior,
1888 957 1944 989 im·

1069 997 1179 1038 pensas
1197 997 1379 1030 neceffiirias
1394 1000 1433 1030 ab
1452 1008 1493 1030 eo
1509 1001 1634 1039 repetit.
1658 1009 1723 1040 quo
1741 999 1865 1030 modo?
1888 1008 1945 1039 per
1995 1005 2001 1037 ἴ

1071 1040 1299 1079 exceptionem
1318 1041 1383 1071 doli
1400 1041 1490 1072 mali:
1514 1041 1604 1072 aliter
1620 1045 1685 1072 non
1702 1039 1818 1081 potest.
1850 1058 1853 1061 -

1111 1080 1262 1121 Explicui
1275 1080 1422 1113 Edictum
1439 1082 1604 1114 Praetoris:
1623 1081 1760 1113 dominis
1778 1081 1882 1113 amissa
1897 1083 1944 1113 rei

1071 1120 1132 1152 suae
1149 1122 1339 1162 poffeffione
1355 1123 1484 1155 civilem
1500 1122 1531 1155 in
1541 1133 1608 1155 rem
1624 1123 1781 1155 astionem
1797 1123 1943 1155 adversus
1962 1125 1963 1128 ’

1070 1163 1257 1204 poffeffores
1277 1165 1499 1204 proponentis.
1543 1165 1644 1197 Porro
1666 1166 1706 1196 de
1732 1165 1885 1196 Praetoria
1898 1165 1943 1196 di-

1070 1214 1158 1237 cam:
1182 1215 1253 1237 nam
1271 1215 1344 1237 cuni
1360 1205 1459 1237 ess'ent
1481 1206 1595 1246 quibus
1610 1206 1746 1238 amiffam
1761 1215 1828 1238 rem
1844 1206 1944 1237 vindi-

1071 1255 1143 1278 care
1167 1256 1231 1277 non
1258 1247 1372 1278 sineret
1397 1248 1537 1289 angustia
1548 1247 1623 1289 juris
1646 1248 1768 1286 civilis;
1792 1257 1832 1278 eo
1855 1248 1943 1287 quod

1069 1297 1134 1318 non
1152 1287 1324 1328 effentejus
1342 1289 1536 1329 dominijui·e
1555 1288 1640 1320 civili
1656 1297 1710 1320 aut
1723 1289 1884 1330 gentium:
1901 1295 1945 1320 ta-

1069 1338 1142 1360 men
1163 1330 1250 1370 quod
1269 1330 1422 1361 haberent
1437 1331 1567 1370 aliquod
1586 1331 1616 1362 in
1635 1339 1671 1361 ea
1694 1331 1760 1370 jus,
1784 1331 1814 1361 in
1836 1339 1943 1369 eoque

1070 1369 1169 1402 deseri
1187 1380 1262 1409 eos,
1285 1380 1350 1402 non
1367 1370 1442 1402 effer
1460 1381 1605 1412 aequum;
1623 1371 1743 1403 Praetor
1761 1371 1941 1403 molliturus
1989 1384 1992 1387 ⁴

1066 1412 1143 1458 juris
1161 1411 1296 1451 rigorem
1307 1436 1316 1451 ,
1333 1412 1426 1444 etiam
1440 1412 1604 1453 eis‚.quafi
1621 1411 1757 1444 dominis
1769 1435 1778 1451 ,
1794 1411 1942 1444 adversus

1069 1453 1252 1493 possessores
1269 1454 1528 1486 accommodavit
1546 1455 1576 1486 in
1601 1464 1667 1486 rem
1686 1454 1862 1489 actionem.
1887 1453 1940 1484 sed

1069 1495 1189 1526 utilem.
1215 1495 1315 1534 Hujus
1333 1495 1534 1527 humanitatis
1551 1495 1694 1527 meminit
1713 1494 1942 1535 lmp.Justinia-

1070 1545 1128 1566 nus
1144 1536 1171 1577 §.
1190 1546 1217 1577 3.
1239 1534 1309 1576 lust.
1327 1537 1359 1566 de
1373 1536 1507 1568 aetiouib.
1527 1537 1556 1568 ὅ(
1574 1546 1632 1576 pro
1649 1537 1800 1575 exemplo
1820 1545 1859 1566 ex
1874 1535 1901 1576 §.
1911 1546 1940 1575 5.

1072 1578 1131 1608 erit
1148 1578 1228 1608 aetio
1240 1576 1421 1616 rescifl'oria‚
1435 1579 1497 1618 jam
1513 1578 1663 1618 explicita
1680 1577 1768 1617 supra
1787 1575 1945 1614 sub'lituy

1071 1619 1103 1649 lo
1122 1618 1237 1663 Quibus
1253 1628 1289 1649 ex
1304 1618 1383 1660 caus?
1400 1620 1500 1655 major.
1540 1620 1632 1651 Aliud
1651 1617 1785 1659 praesens
1804 1617 1941 1659 suggerit

1071 1659 1202 1691 Titulus
1219 1661 1249 1691 in
1268 1656 1498 1699 superficiario:
1516 1670 1611 1700 quein
1629 1659 1726 1700 Gaius
1743 1661 1773 1691 in
1793 1659 1811 1690 l.
1831 1669 1876 1695 19.
1896 1659 1939 1691 D.

1068 1703 1101 1731 (ie
1116 1703 1212 1732 damn.
1228 1702 1325 1741 infest-
1351 1703 1393 1733 ait
1416 1712 1478 1733 non
1497 1703 1595 1733 videri
1613 1703 1799 1739 dominum3
1822 1699 1874 1733 sed
1890 1699 1944 1732 3114

1069 1743 1164 1782 ηυίιί,
1190 1744 1220 1774 id
1237 1743 1300 1782 est,
1318 1751 1352 1773 ut
1367 1743 1439 1774 alibi
1459 1743 1614 1782 observo,
1638 1744 1721 1775 aliud
1740 1743 1836 1783 quid,
1858 1743 1890 1773 in
1908 1751 1944 1773 re

1067 1784 1113 1824 jus
1141 1784 1267 1815 babere.

1070 1826 1088 1855 l.
1106 1835 1153 1866 74.
1173 1826 1208 1860 ὅ]
1226 1826 1244 1856 l.
1263 1836 1311 1866 75.
1331 1827 1356 1857 fn.
1375 1832 1394 1858 t.
1424 1828 1467 1857 ita
1491 1825 1629 1858 scribunt
1651 1825 1802 1866 Ulpianus
1820 1826 1850 1856 ἃ
1867 1827 1944 1857 Pau-v

1070 1867 1135 1898 lus:
1161 1868 1364 1907 Superftciurz'o
1375 1891 1383 1906 ‚
1406 1869 1435 1898 ici
1457 1865 1514 1908 cst,
1539 1870 1588 1909 quz'
1603 1870 1635 1898 in
1651 1868 1741 1898 alieno
1756 1867 1809 1902 lolo
1819 1865 1943 1907 superfi-

1069 1910 1139 1939 ciem
1156 1910 1197 1939 itu
1214 1911 1295 1939 [mlier
1306 1931 1314 1947 ‚
1339 1916 1373 1939 ut
1389 1916 1494 1940 certavi
1511 1909 1670 1949 peiifiouem
1682 1906 1814 1949 praestet,
1835 1908 1944 1939 Praetor

1071 1952 1157 1983 causa
1179 1951 1293 1991 cognitu
1308 1951 1339 1980 iu
1356 1960 1413 1981 rem
1437 1950 1575 1981 (actionem
1587 1951 1745 1991 pollicetur.
1791 1949 1943 1981 Edictum

1070 2001 1134 2036 non
1146 2001 1287 2032 appono,
1313 1992 1413 2023 exstat
1429 1991 1511 2022 infra
1526 1993 1572 2022 lili.
1589 2002 1638 2033 43.
1654 1992 1699 2022 tit.
1721 1995 1765 2026 18.
1782 1989 1829 2021 De
1840 1993 1940 2032 super-

1063 2034 1202 2072 ficiebus:
1225 2033 1336 2075 ibique
1356 2032 1544 2074 expositum.

829 2159 1171 2196 T1Tuitvs
1226 2157 1278 2194 11.

785 2237 840 2272 De
855 2236 1037 2271 Publiciana
1054 2237 1084 2270 in
1101 2247 1166 2270 rem
1183 2237 1312 2272 afflone.

151 2329 336 2404 Succedit
351 2327 434 2360 aliud
452 2326 635 2367 exemplum
647 2325 807 2358 Prcctoriae
822 2326 868 2357 rei
886 2326 1026 2357 vindica·

221 2371 336 2408 tionis,
361 2369 543 2400 Publiciana
565 2368 597 2399 in
616 2377 682 2399 rem
700 2367 801 2400 actio:
825 2367 867 2398 sic
889 2368 1026 2407 appella-

151 2418 205 2449 ta,
230 2413 380 2452 quoniam
400 2420 417 2442 a
435 2410 576 2442 Praetore
601 2409 748 2440 Publicio
766 2410 796 2440 in
816 2408 932 2440 EdiCto
952 2418 1025 2449 pro-

150 2453 252 2491 poiita
268 2453 311 2484 est
331 2452 357 2494 §.
375 2463 403 2491 ii.
421 2451 492 2491 lust.
510 2453 543 2482 de
558 2449 692 2482 aetionis).
718 2452 789 2488 quis
805 2458 910 2481 autem
929 2449 1026 2481 fuerit

150 2493 207 2524 ille
225 2494 402 2532 Publicius,
425 2502 489 2525 non
507 2491 554 2524 est
569 2492 665 2523 facile
683 2492 777 2524 dietu.
799 2492 945 2522 meminit
961 2492 1026 2531 qui-

153 2534 229 2565 dem
255 2534 370 2566 Cicero
388 2535 445 2566 Pro
466 2534 597 2565 Cluentio
615 2543 637 2564 c.
652 2543 700 2574 45.
728 2533 771 2577 Q.
791 2533 923 2565 Publicii
944 2532 1025 2564 Prae-

149 2576 250 2607 toris:
273 2575 325 2606 sed
343 2584 375 2606 ut
395 2586 446 2608 um
464 2575 508 2607 illi
533 2575 688 2607 debeatur
705 2575 773 2606 haec
791 2574 893 2612 aCtio,
917 2573 1026 2614 (quod

150 2624 247 2657 putat
261 2616 452 2660 Rei-trandus
464 2640 473 2656 ,
492 2615 538 2647 De
554 2619 626 2647 vitis
643 2616 944 2656 sz’wonfhhorum,
955 2621 1025 2655 pag.

151 2658 244 2697 244.)
266 2666 303 2688 an
322 2657 390 2696 aliu,
414 2658 457 2689 est
474 2657 568 2689 facti:
592 2659 621 2688 in
642 2667 706 2697 quo
731 2656 795 2689 fine
812 2657 878 2688 aliis
894 2657 1025 2688 admini-

151 2699 231 2731 culis
242 2699 433 2738 disputando
452 2699 527 2730 nibil
539 2698 660 2730 definiri
672 2723 681 2738 ,
700 2699 862 2730 suadeam:
879 2708 951 2729 cum
969 2707 1026 2738 po-

151 2740 275 2772 tuerint
291 2740 395 2779 plures
410 2738 501 2770 fuiffe
520 2740 675 2772 Praetores
694 2750 734 2772 ei<
751 2748 849 2781 gente
866 2738 1024 2777 Publicia,

153 2790 249 2822 quam
267 2780 406 2823 Quintus
423 2789 440 2810 a
457 2780 615 2813 Cicerone
633 2782 799 2813 adduC'tus.
841 2781 992 2812 Similiter
1009 2789 1026 2811 a

151 2823 330 2856 Macrobio
347 2821 395 2852 lib.
410 2829 436 2851 1.
454 2820 604 2853 Saturnal.
621 2833 645 2854 c.
657 2833 684 2863 7.
701 2822 843 2854 adfertur
853 2821 924 2853 Lex
941 2831 1026 2860 quae-

154 2866 228 2897 dam
254 2863 400 2896 Publicia
420 2861 594 2907 delcereis‚
617 2865 746 2905 ejusque
764 2864 874 2895 auEtor
891 2863 1027 2895 Publici-

153 2916 191 2938 us
207 2905 373 2937 Tribunus
391 2903 511 2944 plebis:
529 2913 592 2934 non
612 2911 716 2936 tamen
735 2906 809 2937 hinc
828 2904 1028 2944 sequitur,ei

153 2948 279 2980 idcirco
297 2945 406 2978 deberi
433 2953 564 2984 quoque
581 2944 754 2977 Publiciam
772 2948 812 2978 de
829 2947 930 2986 ludis,
953 2946 1027 2978 alle-

152 2996 260 3032 gatam
280 2997 296 3019 a
317 2986 414 3018 Paulo
431 2986 450 3016 l.
467 2995 493 3027 3.
511 2984 554 3016 D.
574 2986 606 3015 cie
623 2986 765 3017 aleatorib.

196 3029 315 3061 Utilius
341 3026 538 3068 investigabo
562 3025 666 3057 Edicti
689 3028 800 3059 verba:
824 3038 895 3061 narn
914 3039 974 3061 nec
994 3038 1030 3060 ea

156 3072 283 3112 liquent
299 3069 471 3111 haetenus„
484 3067 519 3099 ln
536 3068 555 3099 l.
571 3076 596 3099 1.
610 3067 637 3108 §.
650 3077 674 3098 1.
687 3067 712 3098 h.
732 3073 750 3098 t.
775 3068 937 3108 sequentia
956 3080 1028 3111 pro-

157 3113 206 3144 dit
220 3111 394 3152 Ulpianus:
411 3110 445 3141 Sz'
460 3109 524 3150 quis
539 3109 569 3139 id
582 3109 657 3149 quod
672 3109 798 3139 traditur
815 3119 851 3140 ex
861 3110 943 3150 justa
959 3122 1028 3143 cau·

149 3155 189 3195 sa
203 3162 261 3186 non
277 3162 295 3183 α
311 3153 440 3189 domino,
464 3149 500 3185 55⁹
516 3152 642 3182 nondum
658 3149 828 3189 asumptum
839 3157 936 3190 petet,
949 3153 1028 3191 judi·-

155 3196 233 3230 ez‘um
247 3194 331 3227 dabo.
352 3194 414 3227 Sed
431 3192 568 3233 primum
584 3191 683 3232 illud,
710 3190 867 3231 Traditur,
891 3191 1028 3226 offendit

1070 2323 1271 2356 Franciscum
1285 2324 1481 2356 Hotmanum
1493 2324 1522 2355 &
1533 2325 1707 2357 Antonium
1720 2322 1852 2354 Fabrum
1863 2333 1870 2355 :
1882 2328 1944 2363 pro*

1070 2376 1110 2398 eo
1128 2375 1286 2407 ponentes
1298 2389 1307 2405 ,
1325 2366 1486 2398 Traditum.
1512 2365 1546 2398 In
1566 2366 1713 2397 omnibus
1730 2372 1836 2395 tamen
1853 2363 1940 2395 libris

1070 2407 1133 2447 est,
1157 2407 1314 2439 Traditur:
1337 2409 1434 2447 idque
1460 2406 1523 2438 dici
1548 2417 1607 2448 pro
1625 2406 1798 2441 Traditum;
1822 2413 1855 2435 ut
1872 2405 1941 2436 Ori-

1069 2456 1136 2488 tur,
1149 2457 1207 2489 pro
1221 2449 1316 2480 Ortus
1330 2449 1359 2480 in
1379 2450 1397 2479 l.
1414 2453 1461 2482 28.
1480 2448 1506 2489 §.
1523 2458 1544 2479 1.
1561 2449 1593 2479 C.
1610 2449 1642 2478 de
1652 2447 1778 2486 Episcop.
1793 2446 1941 2480 &Cleria

1069 2492 1188 2522 dudum
1206 2490 1431 2521 animadvertit
1457 2488 1638 2520 Accurfius:
1663 2488 1693 2519 δε
1710 2486 1842 2527 praesens
1860 2495 1941 2518 tem-

1069 2541 1128 2572 pus
1145 2540 1204 2572 pro
1220 2532 1382 2571 praeterito
1407 2530 1487 2570 saepe
1513 2531 1609 2570 poni,
1635 2529 1692 2560 suis
1711 2529 1866 2569 exemplis
1884 2538 1942 2559 nu-

1069 2583 1126 2613 per
1141 2573 1283 2604 ostendit
1297 2572 1434 2611 jacobus
1451 2571 1658 2608 Perizonius,
1682 2569 1722 2601 V.
1739 2570 1799 2602 CL.
1817 2570 1891 2601 Not.
1902 2571 1941 2601 ad

1069 2614 1184 2645 Saneiii
1205 2613 1337 2645 Minerv.
1355 2613 1401 2644 lib.
1422 2622 1447 2643 Ι.
1464 2623 1488 2643 c.
1509 2622 1553 2653 ¹3-
1573 2612 1627 2644 Illa
1643 2621 1740 2651 porro
1759 2611 1872 2649 verba,
1894 2610 1943 2642 Ex

1062 2654 1147 2697 justa
1168 2656 1274 2695 causa,
1289 2654 1364 2685 mihi
1385 2663 1449 2685 non
1467 2654 1615 2685 videntur
1626 2653 1688 2685 esse
1708 2652 1872 2685 Praetoris:
1888 2651 1942 2683 sed

1071 2697 1208 2737 Ulpiani.
1247 2696 1387 2734 Praetor,
1411 2705 1462 2727 me
1480 2695 1682 2736 conieftorffi
1705 2695 1828 2733 edixit,
1851 2693 1942 2725 Emit.

1068 2739 1187 2770 indicio
1210 2738 1228 2768 ὶ.
1246 2748 1271 2775 7.
1288 2738 1314 2778 ἓ.
1342 2746 1386 2768 11.
1407 2746 1450 2777 15.
1474 2741 1521 2768 16.
1553 2738 1630 2769 item
1655 2736 1672 2767 l.
1690 2746 1718 2776 3.
1734 2735 1761 2777 §.
1782 2745 1806 2767 1.
1824 2735 1860 2769 ὅ)
1876 2735 1895 2765 l.
1912 2739 1941 2769 8.

1069 2781 1095 2812 h.
1115 2785 1135 2811 t.
1157 2779 1209 2810 sed
1226 2777 1382 2819 Ulpianus
1397 2778 1545 2811 Praetoris
1564 2777 1668 2810 verbis
1685 2776 1859 2815 praeferens
1877 2776 1942 2816 ejus

1071 2820 1278 2856 sententiam,
1302 2829 1362 2859 pro
1386 2821 1488 2858 Emit,
1512 2829 1584 2851 eum
1608 2820 1640 2851 in
1666 2817 1802 2856 Editio,
1825 2825 1892 2849 tum
1908 2817 1941 2849 in

1070 2865 1097 2894 d.
1106 2863 1124 2894 l.
1133 2872 1161 2903 3.
1171 2861 1199 2903 §.
1214 2871 1238 2893 1.
1262 2861 1386 2900 posuit,
1403 2862 1455 2893 Ex
1466 2860 1548 2903 justa
1564 2861 1658 2895 causa.
1674 2869 1738 2891 non
1755 2859 1818 2890 sine
1835 2867 1942 2890 exem-

1070 2905 1143 2944 plo:
1159 2912 1230 2935 nam
1251 2902 1348 2935 fiinile
1365 2903 1438 2944 quid
1455 2904 1486 2934 iu
1498 2902 1686 2934 recitatione
1702 2899 1798 2942 Legis
1809 2900 1942 2941 Aquiliae

1073 2945 1188 2986 Gaium
1213 2943 1323 2976 fecisse
1347 2944 1364 2976 l.
1390 2955 1418 2976 2.
1441 2943 1481 2975 D.
1507 2944 1558 2976 Aci
1582 2944 1636 2984 leg.
1654 2941 1757 2983 Aquil.
1775 2939 1942 2972 observavi

1072 2987 1119 3018 lib.
1128 2985 1268 3028 fing.Ad
1284 2986 1354 3027 Leg.
1372 2986 1476 3027 Aquil.
1492 2996 1517 3017 c.
1536 2996 1566 3017 2.
1590 2984 1790 3016 Exciderunt
1815 2982 1940 3022 insuper

1074 3038 1113 3060 ex
1130 3027 1246 3059 Editio
1270 3029 1385 3067 Verba,
1409 3027 1491 3058 Bona
1503 3027 1572 3067 fide.
1596 3024 1730 3057 servavit
1748 3024 1818 3054 haec
1834 3022 1942 3063 Ulpia-

1074 3079 1132 3102 nus
1149 3070 1176 3100 d.
1188 3069 1205 3100 l.
1225 3078 1253 3107 7.
1271 3068 1299 3110 §.
1318 3078 1365 3100 11.
1389 3068 1419 3100 ἀ
1442 3068 1514 3109 quia
1539 3069 1578 3100 ad
1607 3067 1676 3098 haec
1691 3066 1830 3106 pertinet
1846 3066 1942 3095 etiam

1072 3119 1165 3142 tenor
1182 3112 1207 3142 d.
1224 3110 1252 3152 ᾗ.
1275 3119 1309 3151 15
1327 3109 1364 3145 ἐξ
1381 3113 1427 3141 16.
1453 3108 1572 3148 miror,
1595 3107 1803 3141 Bertrandum
1820 3104 1860 3137 V.
1877 3104 1939 3137 CL.

1070 3152 1238 3193 sequutum
1263 3151 1402 3183 Accursii
1430 3149 1574 3183 Gloffam
1592 3173 1602 3189 ,
1625 3157 1759 3190 negare,
1783 3157 1819 3179 ea
1844 3147 1944 3178 verba

1074 3192 1176 3227 Edicti
1194 3192 1266 3227 effe.
1291 3192 1445 3226 Praeterea
1468 3200 1569 3234 puto,
1592 3190 1767 3226 Praetorem
1783 3189 1942 3262 hoijsg

1856 3239 1884 3262 ci

1313 1784 1365 1815 De
1390 1785 1453 1816 boc
1480 1782 1696 1825 superficiario.
1712 1785 1743 1815 in
1763 1784 1781 1814 l.
1800 1793 1849 1824 73.
1867 1783 1895 1824 §.
1914 1793 1947 1815 1.
