2036 3495
138 113 206 154 >1⁴28
552 101 585 137 G
615 110 636 134 r.
668 109 691 134 R
721 108 742 133 A
773 104 797 131 it
827 106 853 131 n
886 104 900 130 1

140 199 162 229 ti
179 221 190 236 ,
212 195 340 238 cognati
358 203 413 234 per
431 189 528 221 virilis
547 187 639 218 sexus
658 183 914 230 conjunctionem
929 190 1009 214 coii-

136 237 258 279 juncti,
280 236 363 277 quasi
388 244 404 266 a
429 239 518 271 patre
540 235 688 269 cognati:
720 226 820 257 veluti
842 224 940 255 frater
964 233 1006 255 ex

138 281 254 311 eodem
270 286 358 318 patre
377 268 597 308 natus‚fratris
613 266 870 306 filius‚neposve
887 273 927 296 ex
945 274 1005 304 e03

136 321 216 352 item
240 326 382 359 patruus,
407 316 436 344 δι
462 312 562 352 patrui
587 309 667 341 filius
682 332 692 347 ,
715 316 860 348 neposve
884 315 924 337 ex
953 315 1005 337 eo.

137 362 181 394 At
197 362 249 401 qui
274 368 329 399 per
351 351 508 387 foeminini
531 351 622 383 sexus
640 348 788 391 personas
812 346 1008 393 cognatione

135 402 326 443 junguntur,
348 394 472 437 adgnati
496 402 562 425 non
587 393 676 430 sunt,
699 390 752 422 sed
776 389 852 421 alias
875 388 1007 432 naturali

134 445 203 483 jure
217 439 353 480 cognati.
378 439 488 475 itaque
503 435 609 466 amita>
625 440 688 478 tuaej
698 430 781 463 filius
797 429 927 476 non-est
951 429 1006 460 tibi

136 479 370 523 adgnatus‚sed
386 475 602 519 cognatus:&
618 476 756 506 invicem
776 479 809 502 tu
833 471 877 502 illi
894 470 1007 502 codem

131 525 203 565 jure
218 519 434 561 conjungeris:
457 518 531 556 quia
548 516 659 556 quiex
683 523 720 545 ea
745 512 932 550 nascuntur,
957 520 1007 551 pa.-

136 563 211 603 tris,
239 572 304 594 non
329 562 438 593 matris
460 558 611 591 familiam
633 557 806 596 sequuntur
829 552 859 595 §.
885 561 913 584 i.
935 551 1007 592 Infl.

133 605 197 637 lm.
242 603 324 638 Illud
340 602 520 635 addendum
546 598 609 636 est,
632 597 719 638 quod
743 604 781 641 ne
804 603 862 635 per
885 601 1007 634 patrem

134 645 276 686 quidem,
289 643 449 684 conjuncti
479 640 552 673 alias
581 649 640 680 pro
674 644 797 679 agnatis
830 635 1007 674 habentur,

134 695 230 727 quam
246 686 266 719 fi
284 685 315 717 in
334 685 446 717 eadem
467 681 586 714 familia
608 685 768 712 maneant.
792 678 876 708 adeo
901 685 1007 707 ernan-

134 728 233 768 cipati
247 727 351 768 agnati
368 725 430 758 effe
446 723 589 759 desinunt
605 720 633 762 §.
649 720 703 751 ult.
721 716 792 764 [rifi.
808 718 836 748 (ἰ.
853 723 874 748 ε.
890 717 955 763 l.'2.
972 716 1005 747 C.

133 768 161 800 h.
178 775 200 800 t.
214 769 232 801 1.
255 778 299 800 10.
316 768 344 810 §.
365 777 390 799 1.
415 765 456 797 D.
473 766 506 795 de
525 763 639 804 gradib.
673 760 825 800 Ulpianus
847 760 874 789 d.
898 763 944 788 tit.
961 766 1006 789 xt.

133 810 162 852 §.
177 819 206 850 4.
248 809 325 842 Non
345 809 427 839 idem
444 806 476 837 in
492 804 540 837 his
554 804 627 844 qui,
652 807 786 843 propter
802 807 940 831 mortem
956 808 1007 840 pa-

133 851 210 890 tris,
234 848 364 890 suijuris
389 846 570 879 efficiuntur
591 844 610 875 l.
637 852 704 883 195.
718 841 746 883 §.
763 851 791 873 2.
816 840 858 872 D.
876 841 910 871 de
928 841 1007 871 verb.

133 891 232 934 lignis.
249 900 311 926 nec
329 890 393 921 hoc
403 887 526 920 omittit
541 885 640 926 Gaius
657 885 677 916 l.
691 893 720 921 9.
738 882 779 913 D.
795 881 822 913 b.
840 888 862 913 t.
884 880 1008 926 Quod,

130 933 155 967 fi
170 933 275 973 plures
290 931 360 963 sunt
375 930 497 971 agnati3
522 927 686 969 proximus
701 923 833 956 tutelam
857 921 1007 954 nancisci-

132 981 184 1007 tur
195 983 208 1008 ε,
226 974 257 1006 &
272 972 293 1005 fi
315 971 432 1005 eodem
446 970 545 1012 gradu
561 969 667 1010 plures
688 966 767 1004 sint,
790 972 905 1008 omnes
924 971 1007 1009 tute-

130 1016 195 1049 lam
215 1012 443 1048 nanciscuntur.
464 1011 584 1043 scilicet
601 1019 610 1041 :
640 1008 714 1050 quia
746 1013 911 1046 proximus
932 1004 1007 1050 ‘¹¹9¹'

131 1064 202 1097 tur,
225 1056 277 1089 cui
294 1064 389 1088 nemo
403 1052 579 1094 antecedit.
601 1050 620 1082 l.
638 1060 688 1088 92.
705 1048 747 1079 D.
762 1048 795 1078 de
812 1047 891 1077 verb.
900 1043 1007 1089 sign-if.

130 1099 226 1141 igitur
242 1099 296 1132 ille
313 1097 367 1138 qni
382 1096 466 1128 solus
483 1093 528 1126 est
543 1093 563 1125 I.
582 1102 649 1133 155.
665 1089 702 1125 ὅ)
716 1090 822 1135 l.·162.
836 1089 864 1119 d.
879 1093 899 1118 t.
923 1087 1004 1117 talis-

132 1151 197 1184 que
214 1140 278 1173 suit
297 1138 380 1171 ordo
398 1135 552 1169 intestatae
568 1132 791 1174 succcffionis2
813 1138 877 1169 quo
899 1136 1005 1173 autem

133 1183 234 1216 tutela
250 1181 355 1219 redit,
377 1188 417 1211 eo
435 1178 625 1219 plerumque
639 1174 669 1206 ἀ
683 1172 842 1216 hereditas
857 1177 1006 1213 peryenit

130 1225 151 1257 l.
168 1234 218 1267 73.
234 1223 275 1255 D.
291 1224 325 1256 de
341 1220 448 1262 regulis
458 1219 558 1261 juris:
579 1217 696 1249 summa
720 1214 774 1260 (ut
789 1219 831 1243 ait
855 1211 1005 1252 Ulpianus

131 1266 152 1298 l.
171 1278 194 1298 ι.
213 1263 255 1297 D.
271 1264 300 1296 b.
317 1260 598 1302 typi-ovidentia:
621 1264 657 1288 ut
680 1264 735 1297 qui
759 1253 920 1297 sperarent
941 1250 1005 1297 suc·

132 1307 327 1343 ceffionem,
349 1303 448 1335 iidem
472 1307 639 1333 tuerentur
663 1297 767 1333 bona,
791 1303 831 1325 ne
856 1293 1006 1333 dilapida-

132 1356 254 1381 rentur.
276 1343 466 1386 Justinianus
480 1344 528 1373 tit.
545 1338 617 1382 Inft.
633 1340 666 1370 de
684 1337 803 1378 legitim.
818 1340 932 1380 patron.
949 1338 1005 1365 tut.

133 1390 217 1423 hanc
235 1388 289 1420 dat
311 1385 489 1418 rationem:
512 1382 600 1424 quod
622 1379 675 1412 ubi
699 1376 899 1410 succeffionis
915 1374 960 1406 est
977 1384 1005 1405 e-

132 1431 390 1464 molumentum,
414 1425 457 1456 ibi
482 1424 512 1455 &
538 1422 646 1453 tutelae
669 1428 750 1451 onus
775 1416 853 1456 effe,
880 1425 1007 1457 aequum

132 1471 189 1505 est.
234 1469 331 1502 Plane
350 1466 404 1498 etfi
422 1465 521 1496 tutela
540 1463 728 1503 plerumque
753 1458 901 1498 sequatur
918 1459 1007 1503 here3

132 1514 286 1547 ditatem:
310 1507 471 1540 interdum
489 1512 594 1536 tamen
621 1501 696 1534 alibi
721 1498 767 1531 est
790 1498 910 1538 tutela,
931 1498 1009 1531 alibi

131 1552 301 1588 hereditas,
342 1547 419 1581 Hoc
438 1545 526 1585 fieri,
550 1546 593 1577 ait
608 1540 798 1588 Ulpianus-l.
821 1549 845 1571 1.
861 1539 891 1582 §.
915 1548 942 1571 1.
966 1539 1008 1572 D.

131 1596 189 1629 lm
221 1592 244 1626 fi
265 1590 303 1624 fit
327 1587 564 1629 consanguinea
583 1585 725 1628 pupillo:
757 1581 790 1614 id
815 1582 879 1628 eil,
910 1580 1008 1613 soror.

130 1645 206 1671 nam
222 1631 384 1667 hereditas
398 1629 528 1671 quidem
543 1627 582 1661 ad
597 1627 921 1669 adgnatamtpertinet
931 1645 941 1661 ,
960 1629 1037 1669 ιιι-αᾖ

127 1678 195 1711 tela
212 1682 320 1708 autem
335 1672 374 1704 ad
391 1678 559 1713 agnatum,
582 1669 671 1710 quod
693 1665 836 1708 plumbus
851 1664 1008 1711 eitemplis

129 1719 236 1753 firmat
258 1714 541 1755 Hermogenianus
563 1711 584 1745 l.
604 1719 652 1743 10.
676 1708 718 1741 D.
734 1708 763 1745 b.
780 1705 862 1752 l.-&'
876 1714 909 1737 in
932 1704 961 1747 §.
980 1713 1007 1738 1.

127 1759 235 1798 addit,
252 1756 341 1796 quod
357 1755 466 1788 surdus
483 1754 512 1786 &
531 1753 637 1785 mutus
652 1759 715 1783 nec
732 1749 864 1789 legitimi
883 1754 1007 1792 tutores

127 1801 190 1835 efl'e
206 1798 342 1841 possunt.
367 1795 483 1837 quibus
498 1795 581 1827 adde
597 1792 633 1826 fis
649 1792 808 1824 minorem
823 1797 865 1821 ex
882 1786 1008 1834 Consti-

128 1843 254 1876 tutione
271 1838 433 1881 justiniani
448 1837 466 1869 l.
485 1836 541 1868 ult.
557 1835 592 1867 C.
609 1835 636 1866 b.
654 1841 676 1865 t.
698 1834 730 1865 in
746 1840 815 1874 quo
832 1837 938 1862 tamen
954 1829 1007 1861 ali-

127 1892 179 1917 ter
195 1882 399 1920 observatum
415 1877 508 1911 fuisse
521 1877 592 1919 jure
613 1884 744 1915 vetere,
767 1879 860 1915 putat
882 1869 927 1903 D.
946 1869 1008 1903 Cu-

120 1925 225 1968 »jacius
241 1924 261 1957 l.
283 1932 330 1963 17.
349 1921 419 1961 Obs.
436 1930 460 1952 c.
477 1924 528 1954 28.
887 1955 893 1960 ¹
914 1953 921 1959 ·

169 1966 242 1999 Lex
261 1965 356 2007 igitui-
369 1972 429 1995 ΧΠ.
444 1959 641 1993 Tabularum
664 1957 745 1990 ficut
770 1955 809 1988 ad
833 1955 1007 1996 legitimam

127 2007 341 2042 hereditatem
353 2028 363 2043 ‚
387 2005 431 2036 ita
445 2003 484 2035 ad
503 2001 679 2043 legitimam
696 1997 850 2034 tutelam,
873 2005 938 2028 non
948 2005 1007 2027 vo-

127 2051 215 2082 cavit
239 2055 393 2089 cognatos
409 2068 422 2083 ,
453 2044 507 2076 sed
532 2050 677 2084 agnatos.
711 2047 744 2071 at
774 2038 840 2070 hoc
870 2038 1008 2069 mutavit

129 2091 323 2132 Justinianus
344 2086 463 2120 Novell.
491 2089 557 2119 118.
580 2093 606 2115 c.
623 2092 652 2122 4.
677 2081 715 2117 ὃ)
742 2090 771 2119 ς.
804 2079 894 2111 omni-
918 2077 1009 2124 diffe-

130 2135 232 2165 tentia
249 2128 431 2171 agnationis
448 2134 580 2167 utraque
606 2124 638 2156 in
656 2123 762 2164 specie
782 2121 912 2152 sublata.
934 2120 1010 2165 inde

131 2172 274 2215 quisquis
291 2170 415 2212 pupillo
431 2169 476 2201 est
494 2168 659 2208 proximus
675 2163 843 2207 sanguine,
859 2163 884 2193 is
900 2169 1009 2202 proxi-

132 2225 201 2248 mus
217 2213 263 2246 est
280 2213 319 2244 ad
335 2212 399 2252 ejus
415 2209 550 2242 tutelam
567 2214 663 2246 atque
682 2205 905 2237 hereditatem.
931 2210 1009 2246 prrae-

131 2264 218 2288 terea
233 2253 353 2296 placuit
374 2250 564 2293 justiniano,
587 2248 684 2279 etiarn
701 2252 836 2278 matrem
861 2244 892 2276 &
908 2251 1010 2275 aviam

132 2296 302 2330 admittere
327 2294 366 2326 ad
391 2290 446 2325 filii
471 2299 524 2323 aut
549 2289 678 2328 nepotis
702 2287 834 2320 tutelam
851 2307 862 2324 ,
885 2293 1010 2329 *easque

134 2337 281 2372 omnibus
305 2343 370 2368 tam
385 2334 526 2375 agnatis,
549 2340 643 2372 quam
667 2330 812 2371 cognatis
828 2327 868 2358 ab
884 2325 1009 2358 intesta·

133 2388 171 2412 to
189 2377 356 2421 praeferre:
380 2374 573 2407 abstinentes
595 2380 702 2404 tamen
726 2380 743 2402 a
762 2368 907 2401 secundis
930 2375 1010 2408 nup-

134 2421 188 2454 n'is
203 2443 213 2459 ‚
235 2420 266 2452 δι
283 2414 565 2450 senatusconsulto
583 2412 751 2454 Veiiejano
768 2411 853 2451 apud
868 2408 937 2455 acta
963 2417 1011 2439 re·

133 2461 327 2496 nuntiantes.
352 2459 440 2500 quod
457 2465 531 2488 ante
548 2455 748 2496 aliquatenus
775 2460 843 2484 erat
867 2450 1011 2481 introdu-

135 2504 223 2536 ctum
240 2502 259 2532 l.
278 2510 306 2532 2.
324 2499 359 2535 &²
378 2510 404 2540 3.
423 2499 455 2530 C.
475 2498 596 2543 Quanti.
612 2496 681 2527 mul.
701 2494 782 2526 tutet.
799 2492 872 2534 offic.
892 2491 948 2537 'sed
961 2491 1011 2531 ju-

137 2555 173 2577 re
190 2541 417 2576 Pandectarum
435 2549 498 2572 non
517 2538 676 2570 obtinuit:
700 2535 755 2568 nifi
773 2532 948 2575 specialiter
964 2541 1012 2564 es·

136 2587 183 2619 set
198 2595 216 2617 a
234 2581 380 2621 Principe
397 2580 556 2613 indultum
572 2580 590 2610 l.
607 2579 662 2611 ult.
682 2578 721 2609 D.
742 2580 775 2608 (le
792 2575 902 2607 tutelis.

179 2628 224 2659 Ut
245 2624 335 2664 supra
355 2621 437 2658 dixi,
460 2621 533 2653 Lex
550 2630 609 2653 xii.
634 2619 833 2651 Tabularum
858 2624 924 2648 non
947 2622 1014 2647 tan-

140 2676 210 2700 tum
226 2662 347 2707 agnatis
364 2661 469 2693 defert
486 2663 619 2694 tutelam
632 2659 703 2693 :sed
717 2659 813 2691 etiam
830 2656 1015 2699 gentilibus.

141 2710 194 2749 qui
212 2715 290 2738 vero
307 2704 366 2736 sint
380 2701 514 2743 gentiles
531 2704 560 2734 δι
583 2702 752 2743 quomodo
774 2701 815 2732 ab
830 2699 952 2740 agnatis
968 2698 1012 2729 di·

141 2751 357 2790 stinguantur,
387 2744 479 2775 latius
508 2744 697 2782 tractarunt,
729 2741 843 2783 quibus
864 2740 928 2772 hoc
943 2747 1013 2779 pro·

141 2792 279 2835 positum
297 2786 380 2824 fuit,
403 2785 561 2822 Alciatus,
583 2786 634 2819 lib.
661 2795 686 2819 1.
711 2783 808 2815 Parer
830 2807 837 2815 .
859 2792 883 2814 c.
909 2790 955 2813 12.
979 2779 1016 2816 ὃ)

143 2845 190 2877 ¹3·
216 2829 401 2866 Revardus,
423 2825 470 2857 lib.
487 2834 515 2865 5.
541 2825 614 2857 Var.
636 2836 661 2858 c.
680 2835 708 2858 1.
732 2825 814 2857 Brec
840 2831 924 2862 aeuS,
943 2820 1016 2853 For-

142 2875 270 2911 nei-ius,
298 2869 368 2907 alii,
391 2868 430 2900 ad
452 2867 472 2898 l.
493 2875 545 2907 53.
569 2866 611 2897 D.
635 2869 668 2898 de
688 2868 767 2898 verb.
783 2865 888 2908 signif.
928 2862 1015 2895 Mihi

141 2918 212 2949 satis
229 2915 312 2950 erit,
335 2910 425 2941 velut
446 2908 478 2939 in
502 2906 632 2938 tranfitu
649 2907 776 2939 dixiffe:
799 2907 888 2950 quod
911 2914 946 2938 ut
969 2905 1017 2937 fa-

142 2956 227 2992 milia
248 2964 266 2987 a
289 2959 409 2996 gente,
430 2949 473 2984 fic
488 2948 594 2991 agnati
615 2957 632 2980 a
648 2949 820 2991 gentilibus
838 2947 1020 2983 discernun-

963 92 1228 130 Neon-r

1286 92 1496 128 Consi.

1050 191 1109 214 tur.
1133 182 1214 214 adeo
1238 183 1292 223 qui
1315 182 1457 223 ejusdem
1482 180 1628 219 famili-te,
1657 180 1780 222 agnati:
1809 182 1862 220 qui
1887 189 1924 213 e·.

1046 224 1170 264 jusdem
1197 226 1319 264 gentis,
1344 224 1479 264 gentiles
1503 222 1660 254 dicuntur.
1684 222 1830 253 continet
1849 231 1920 261 por-

1049 275 1084 297 ro
1102 274 1180 305 gens
1214 267 1319 305 plures
1342 266 1486 296 familias,
1523 263 1644 295 familia
1667 273 1776 295 contra
1814 264 1918 304 gentis

1049 315 1120 346 pars
1142 305 1197 338 est.
1243 306 1320 338 Inde
1337 306 1524 343 Suetonius,
1548 305 1666 337 Nerone
1687 315 1710 336 c.
1731 314 1756 337 1.
1779 304 1829 336 Ex
1847 313 1919 345 gen·

1048 354 1076 378 te
1094 346 1225 378 Domitia
1238 350 1302 379 duco
1314 348 1439 386 familiae
1454 348 1632 378 claruerunt.
1674 346 1717 377 Et
1735 346 1767 378 in
1792 346 1876 386 Julio
1895 355 1920 376 c·

1049 391 1078 433 6.
1101 388 1132 419 A
1150 387 1259 420 Venere
1274 389 1371 429 Jutst,
1393 389 1477 431 cujus
1497 389 1593 429 geniis
1609 388 1730 428 familia
1753 385 1791 426 est
1813 383 1920 426 nostra.

1049 429 1205 461 Similiter⁴
1223 428 1332 461 Livius
1353 430 1401 460 lib.
1432 435 1480 470 33.
1503 439 1528 460 c.
1552 433 1602 469 58.
1627 429 1664 460 P.
1688 429 1782 470 Scipio
1806 426 1919 465 Ncistca

1049 473 1205 502 orationem
1223 471 1324 501 babuit
1335 471 1452 510 plenam
1467 472 1545 502 veris
1560 473 1705 501 decoribus
1721 479 1778 501 non
1792 479 1919 500 commu-

1050 513 1126 543 niter
1138 511 1275 544 Corneliae
1288 513 1389 553 genti,
1406 513 1456 550 led
1465 514 1580 552 proprie
1594 512 1721 551 familiae
1737 516 1804 546 luce.
1850 509 1917 540 Vo-

1051 553 1107 584 luit
1129 553 1223 593 igitui·
1250 551 1337 590 Lex,
1367 554 1499 585 tutelam
1529 553 1639 593 pupilli
1663 553 1747 592 cujus
1770 558 1859 592 pater
1882 550 1920 582 fit

1049 594 1215 626 intestatus
1231 603 1396 634 mortuus,
1414 593 1476 626 esse
1490 603 1675 634 agnatorum
1694 596 1723 625 dt
1740 591 1918 635 gentilium.

1050 634 1167 667 Utrum
1191 635 1278 667 fimul
1296 657 1306 674 ,
1338 644 1376 665 an
1404 634 1598 667 successive?
1634 636 1728 675 possit
1762 634 1919 665 dubitari:

1049 677 1123 715 quia
1142 676 1210 708 Lex
1228 676 1326 714 dixit,
1349 678 1546 717 [ignatorum
1571 677 1812 716 gentiliumque.
1856 674 1919 706 Sed

1049 717 1148 749 Paulo
1171 717 1190 748 l.
1212 726 1262 758 53.
1286 716 1328 748 D.
1353 718 1387 747 de
1408 718 1487 748 verb.
1505 714 1636 757 figmfic.
1666 717 1781 756 placuit
1796 740 1806 755 ,
1836 716 1920 753 hoc,

1049 759 1240 799 Agnaiorum
1271 757 1507 799 gentiliumque,
1548 766 1608 797 pro
1642 757 1838 798 separatione
1869 766 1920 787 ac-

1050 802 1168 872 gipere.
1192 808 1259 831 non
1288 799 1382 841 igitui-
1411 798 1500 831 fimul
1529 799 1687 838 venient,
1718 798 1771 830 sed
1793 798 1848 830 suo
1871 807 1922 830 or-

1072 850 1133 873 me.

1090 881 1253 914 Hactenus
1284 882 1323 913 de
1346 880 1485 923 legitima
1517 888 1704 922 agnatorum
1729 880 1826 911 tutela
1849 888 1919 918 quae

1049 923 1237 955 nominatim
1254 923 1417 954 descendit
1433 933 1473 954 ex
1497 922 1587 964 Lege
1614 921 1796 954 Duodecim
1812 919 1923 952 Tabu-

1049 965 1160 997 larum.
1176 964 1333 1009 'sequitur
1351 964 1451 996 tutela
1474 972 1695 1004 patronorum:
1728 972 1798 1003 quae
1820 962 1923 993 fimili-

1051 1014 1101 1050 ter
1123 1006 1263 1046 legitima
1280 1014 1438 1038 vocatur:
1469 1015 1534 1037 non
1558 1005 1631 1046 quia
1653 1003 1843 1036 nominatim
1870 1012 1924 1034 ve-

1050 1055 1096 1078 nit
1114 1056 1155 1078 ex
1174 1047 1279 1078 verbis
1297 1046 1411 1088 Legis;
1434 1046 1486 1079 sed
1503 1046 1575 1079 auia
1593 1046 1682 1077 venit
1699 1055 1741 1077 ex
1757 1045 1825 1085 ejus
1836 1054 1924 1076 men-

1051 1095 1093 1120 te.
1114 1088 1195 1119 solet
1212 1088 1297 1120 enim
1321 1089 1474 1126 verbum,
1497 1087 1549 1119 Ex
1571 1088 1680 1128 legibus
1695 1109 1705 1125 ,
1732 1086 1775 1118 fic
1797 1086 1920 1125 accipi,

1049 1137 1114 1161 tarn
1136 1139 1178 1161 ex
1201 1128 1297 1170 Legis
1320 1129 1491 1167 sententia,
1522 1138 1615 1170 quam
1638 1138 1679 1160 ex
1703 1127 1798 1169 Legis
1817 1126 1922 1159 verbis

1048 1171 1067 1201 l.
1083 1174 1113 1202 6.
1132 1170 1161 1212 §.
1189 1180 1213 1203 1.
1237 1170 1279 1202 D.
1297 1171 1330 1202 de
1346 1172 1414 1202 verb
1431 1169 1537 1210 fignif.
1561 1178 1633 1201 cum
1652 1169 1730 1201 scire
1746 1170 1848 1209 Leges
1866 1169 1899 1200 sit
1911 1191 1922 1207 ,

1048 1221 1114 1244 non
1132 1212 1228 1243 verba
1245 1221 1352 1243 earum
1372 1221 1499 1249 tenere,
1523 1211 1575 1243 sed
1592 1210 1656 1242 vim
1676 1220 1714 1242 ac
1730 1209 1922 1251 potestatem

1047 1253 1066 1285 l.
1087 1262 1135 1293 17.
1159 1253 1201 1284 D.
1218 1254 1251 1284 de
1271 1253 1389 1293 legibus.
1432 1252 1541 1293 Atque
1563 1254 1605 1284 ita
1628 1251 1688 1284 est:
1711 1260 1922 1294 patronorum

1047 1295 1148 1326 tutela
1164 1304 1229 1326 non
1250 1295 1385 1326 debetur
1403 1294 1508 1326 verbis
1524 1293 1641 1334 Legis:
1674 1294 1833 1334 loquentis
1855 1294 1923 1333 qui·

1048 1336 1121 1368 dem
1144 1337 1184 1367 de
1207 1344 1394 1375 agnatorum
1418 1336 1517 1367 tutela
1534 1357 1544 1373 ,
1574 1336 1627 1366 sed
1650 1336 1690 1367 de
1714 1343 1924 1375 patronorum

1048 1377 1147 1408 tutela
1163 1385 1227 1408 non
1244 1375 1415 1416 loquentis.
1438 1375 1565 1407 interim
1589 1385 1646 1415 per
1663 1375 1922 1412 consequentiam

1050 1417 1235 1449 hereditatis
1254 1417 1358 1449 verbis
1388 1416 1484 1457 Legis
1507 1417 1695 1448 nominatim
1719 1418 1860 1457 patronis
1891 1426 1922 1447 e-

1049 1459 1180 1500 xemplo
1197 1466 1381 1499 agnatorum
1406 1458 1541 1495 delatae,
1565 1456 1695 1498 perinde
1719 1466 1853 1497 accepta
1877 1456 1923 1489 in·

1051 1500 1282 1541 terpretatione
1298 1498 1344 1530 est
1365 1506 1577 1539 patronorum
1598 1499 1698 1529 tutela
1713 1520 1724 1536 ,
1747 1507 1784 1529 ac
1806 1498 1828 1529 fi
1852 1507 1923 1529 ver,-

1051 1541 1098 1574 bis
1123 1540 1220 1582 Legis
1247 1539 1427 1572 introducta
1450 1537 1538 1570 effet.
1590 1537 1751 1570 Caeterum
1779 1539 1867 1578 quod
1890 1539 1924 1570 in

1051 1591 1190 1623 patrono
1206 1581 1324 1623 placuit
1339 1604 1350 1620 ,
1372 1589 1435 1613 non
1459 1588 1552 1620 aeque
1572 1579 1604 1611 in
1630 1586 1764 1620 patrona
1785 1577 1925 1618 placuit:

1050 1624 1123 1665 quia
1139 1623 1240 1656 tutela
1253 1622 1298 1655 est
1318 1631 1432 1655 munus
1448 1621 1632 1663 publicum:
1654 1630 1672 1652 a
1693 1629 1758 1661 quo
1781 1619 1925 1652 foeminae

1050 1673 1256 1698 removentur
1271 1664 1291 1696 1.
1310 1674 1339 1696 2.
1355 1663 1397 1696 D.
1416 1665 1450 1696 de
1465 1673 1524 1706 reg.
1538 1663 1604 1705 Jur.
1627 1661 1763 1703 proinde
1777 1661 1837 1694 erit
1857 1663 1928 1702 qui-

1050 1708 1124 1739 dem
1139 1713 1272 1748 patrona
1296 1705 1403 1739 liberti
1428 1705 1522 1737 heres
1548 1704 1587 1735 ab
1612 1703 1790 1743 intestat03
1812 1702 1865 1735 sed
1888 1703 1929 1735 ad

1050 1748 1117 1788 ejus
1144 1747 1276 1781 tutelam
1298 1757 1339 1780 ex
1368 1745 1459 1789 Lege
1483 1755 1550 1778 non
1563 1744 1662 1777 venit.
1685 1751 1707 1778 t.
1729 1746 1777 1779 tir.
1796 1742 1878 1786 lust.
1893 1746 1928 1776 de

1048 1790 1128 1832 legit.
1140 1794 1257 1831 patron.
1274 1790 1356 1821 rutel.
1372 1788 1392 1820 l.
1414 1797 1442 1821 1.
1466 1787 1496 1829 §.
1517 1796 1543 1820 1.
1568 1786 1612 1819 D.
1631 1788 1658 1819 b.
1675 1792 1698 1818 t.

1090 1830 1254 1872 Exemplo
1276 1830 1485 1870 patronorum
1502 1836 1631 1870 recepta
1645 1827 1691 1860 est
1708 1827 1740 1859 ἃ.
1769 1827 1828 1859 alia
1845 1833 1928 1859 tute-

1049 1874 1096 1906 la:
1125 1881 1197 1913 quae
1220 1872 1250 1904 ὅ(
1273 1872 1337 1911 ipsa
1369 1871 1510 1913 legitima
1537 1879 1555 1902 a
1575 1869 1748 1911 Justiniano
1780 1877 1928 1901 vocatur.

1049 1924 1123 1948 nam
1137 1913 1160 1947 fi
1182 1914 1253 1953 quis
1269 1912 1368 1946 filium
1384 1920 1438 1945 aut
1460 1911 1578 1951 filiam,
1601 1918 1752 1952 nepotem
1775 1919 1829 1942 aut
1853 1920 1930 1951 nep-

1050 1964 1116 1988 tem
1135 1965 1175 1988 ex
1190 1954 1257 1987 filio
1273 1955 1303 1987 &
1331 1954 1484 1993 deinceps
1508 1951 1776 1994 emancipaverit3
1796 1953 1841 1983 ait
1866 1951 1929 1984 lm-

1049 2005 1200 2040 perator3
1219 2006 1292 2028 eum
1309 1996 1488 2037 legitimum
1504 2004 1613 2026 eorum
1632 2002 1773 2026 tutorem
1792 1993 1865 2024 sore
1880 1995 1930 2025 tir.

1052 2037 1125 2077 Inli.
1144 2040 1178 2070 de
1199 2038 1279 2079 legit.
1300 2043 1415 2079 parent.
1442 2043 1500 2068 tut.
1547 2037 1699 2075 Ulpianus
1729 2035 1748 2066 l.
1769 2044 1798 2076 3.
1823 2033 1852 2076 §.
1874 2034 1929 2066 uic.

1053 2080 1097 2112 D.
1114 2082 1143 2111 b.
1161 2085 1182 2112 t.
1205 2081 1265 2117 ait,
1289 2088 1361 2111 eum
1384 2077 1488 2110 vicem
1505 2076 1636 2118 legitimi
1663 2075 1777 2108 tutoris
1803 2074 1929 2107 sustine-

1053 2131 1098 2154 re.
1123 2122 1155 2153 in
1184 2120 1382 2162 Fragmentis
1405 2120 1451 2151 tit.
1474 2128 1519 2151 xr.
1544 2118 1572 2160 §.
1591 2129 1621 2160 5.
1654 2117 1852 2150 fiduciarium
1875 2127 1929 2157 ap·

1053 2162 1161 2204 pellat.
1184 2161 1334 2200 Nempe,
1350 2160 1514 2203 postquam
1533 2167 1623 2200 pater
1646 2159 1799 2199 exemplo
1822 2166 1931 2197 patro-

1053 2205 1084 2236 ni
1102 2202 1165 2235 fuit
1186 2202 1331 2235 admissus
1354 2202 1393 2234 ad
1409 2201 1635 2234 successionem
1657 2199 1713 2232 filii
1737 2200 1930 2239 emancipati

1053 2244 1214 2276 contracta
1231 2243 1365 2283 fiducia,
1391 2242 1471 2275 teste
1483 2242 1657 2284 justiniano
1680 2242 1711 2273 in
1730 2240 1766 2314 ῖς.
1783 2241 1837 2272 ult.
1856 2239 1928 2281 lust.

1052 2286 1178 2328 delegit.
1202 2291 1302 2328 agnat.
1312 2284 1429 2326 succeff.
1453 2284 1484 2316 ἂ
1500 2283 1585 2325 Gaio
1608 2284 1658 2316 lib.
1685 2291 1711 2314 1.
1747 2280 1803 2323 nst.
1828 2282 1873 2312 tit.
1893 2285 1925 2314 6.

1053 2328 1170 2360 deinde
1186 2335 1221 2359 ut
1237 2333 1387 2367 patronus
1400 2326 1490 2358 venit
1505 2327 1543 2358 ad
1561 2323 1808 2356 tutelamliberti
1820 2331 1928 2354 exem-

1054 2369 1110 2411 plo
1125 2376 1332 2410 agnatorum:
1355 2366 1397 2400 fic
1412 2367 1456 2399 est
1472 2374 1563 2408 pater
1582 2366 1620 2398 ad
1638 2365 1769 2397 tutelam
1792 2362 1846 2395 filii
1870 2363 1926 2393 ad·

1053 2409 1159 2443 miffus
1176 2410 1326 2451 exemplo
1345 2410 1490 2450 patroni:
1515 2416 1621 2440 tamen
1638 2415 1711 2438 cum
1733 2406 1797 2436 hoc
1821 2402 1927 2435 discri-

1054 2453 1141 2484 mine
1157 2460 1164 2482 :
1187 2453 1275 2490 quod
1293 2450 1396 2482 liberti
1411 2450 1571 2481 hereditas
1587 2455 1723 2488 patrono
1741 2446 1811 2486 lege
1835 2443 1928 2476 Duo-

1055 2494 1161 2525 decim
1176 2492 1373 2524 Tabularum
1388 2491 1511 2523 directo
1534 2489 1693 2522 defertur:
1715 2486 1837 2528 parenti
1862 2496 1930 2519 non

1054 2534 1143 2567 item.
1166 2533 1239 2566 inde
1254 2532 1380 2574 patroni
1397 2532 1516 2570 tutela,
1538 2538 1573 2562 ut
1595 2527 1739 2570 profecta
1755 2537 1796 2559 ex
1819 2537 1929 2560 mente

1056 2575 1172 2617 Legis,
1194 2574 1335 2616 legitima
1351 2574 1508 2614 appellata
1530 2572 1549 2603 l.
1575 2580 1601 2602 1.
1619 2569 1660 2600 D.
1680 2570 1708 2601 b.
1728 2576 1749 2600 ι.
1774 2577 1930 2608 atparen-

1057 2618 1097 2649 tis
1114 2616 1230 2655 tutela,
1241 2615 1319 2647 ficut
1337 2615 1436 2654 magis
1453 2611 1541 2644 venit
1558 2621 1598 2643 ex
1613 2610 1776 2642 contracta
1795 2608 1929 2650 fiducia3

1056 2659 1098 2690 ita
1123 2665 1213 2698 pater
1228 2656 1359 2697 proprie
1382 2654 1499 2686 dicitur
1524 2653 1672 2685 sustinere
1694 2653 1798 2683 vicem
1826 2653 1930 2692 legiti-

1056 2708 1117 2731 mae
1132 2697 1261 2736 tuteiae,
1284 2697 1314 2728 &
1338 2695 1518 2728 fiduciarius
1541 2701 1637 2726 tutor.
1668 2702 1775 2733 eoque
1798 2692 1930 2725 nomine

1057 2747 1149 2780 patre
1166 2745 1294 2771 mortuo
1311 2737 1406 2770 etiam
1422 2736 1484 2769 defi
1510 2744 1602 2768 natos
1624 2733 1716 2766 fuiffe
1734 2734 1799 2774 ejus
1816 2732 1900 2765 filios
1915 2758 1927 2773 ‚

1058 2780 1261 2814 Modestinus
1276 2778 1374 2810 docet
1389 2778 1407 2808 l.
1426 2787 1457 2818 4.
1509 2801 1516 2809 .
1534 2778 1561 2808 b.
1578 2782 1599 2807 t.
1623 2784 1811 2816 quamquam
1828 2775 1858 2806 id
1875 2785 1930 2806 no-

1057 2832 1131 2856 men
1149 2821 1276 2854 tandem
1295 2818 1434 2852 constitit
1451 2818 1519 2851 fere
1536 2819 1567 2850 in
1586 2817 1713 2856 liberis,
1735 2816 1768 2848 id
1786 2815 1850 2855 est,
1873 2816 1929 2848 filii

1059 2862 1248 2904 emancipati
1276 2860 1443 2893 fratribus:
1473 2869 1546 2892 cum
1571 2868 1661 2900 pater
1683 2859 1745 2899 jani
1770 2857 1928 2898 legitimus

1058 2905 1286 2946 appellaretur:
1309 2910 1343 2934 ut
1360 2902 1450 2933 latius
1466 2903 1497 2934 &
1514 2900 1656 2933 disertius
1672 2899 1822 2932 observat
1836 2898 1929 2938 janus

1059 2956 1079 2980 a
1094 2945 1189 2981 Costa
1207 2946 1244 2979 ad
1261 2944 1320 2978 Tit.
1334 2941 1407 2985 Just.
1423 2945 1457 2977 de
1465 2942 1561 2985 fiduc.
1579 2941 1660 2976 ταῖσι.

1803 3227 1931 3265 'siu-tr.
