2036 3495
336 100 399 137 Ar>
426 101 515 139 Lus.
541 83 673 140 XVIII.
709 97 809 134 Tir.
838 97 902 136 IV.
932 98 982 137 De
999 98 1165 136 hereditate
1182 100 1233 136 vel
1250 99 1365 137 afflone
1380 98 1514 136 vendita.

49 192 232 231 contineat,
255 191 340 233 quod
372 191 471 232 prima
493 190 633 227 ratione,
665 187 696 219 id
718 185 782 225 est,
812 188 914 235 primo

49 235 222 275 adspectu,
243 233 357 271 fuerit,
381 242 418 264 an
444 234 474 264 id
496 231 582 272 quod
607 232 710 261 duret.
733 228 794 275 Sed
811 232 912 261 credi-

51 284 118 307 tum
136 276 198 314 est,
221 272 377 312 sufficere,
402 274 500 313 pretia
515 271 606 304 senfel
623 269 799 317 pervenisse
812 295 821 310 ‚
848 280 914 302 mo·

52 317 95 349 do
118 326 190 349 cuni
206 313 320 347 effectu
344 315 564 355 pervenerint,
588 314 641 342 etii
667 312 844 343 venditoris
866 311 911 342 fa-

52 359 104 389 tio
132 356 306 399 perveuiss'e
337 355 501 387 desierint:
532 354 604 394 quia
632 352 671 383 sic
703 351 799 382 habet
823 353 911 392 quod

50 398 106 430 fibi
124 402 258 439 imputet
272 397 292 428 i.
314 406 379 437 155.
398 397 443 428 D.
453 398 485 427 cle
501 405 557 436 reg.
567 395 631 436 jur.
648 401 799 433 praeterea
815 395 911 425 dona-

50 439 136 471 tione
153 439 285 479 accipit,
308 437 454 469 beneficii
479 436 675 473 debitorem,
699 443 806 473 eoque
829 436 911 466 locu·

49 481 167 522 pletior
183 480 284 511 factus
300 479 396 510 videri
414 476 510 508 debet
524 476 542 507 l.
555 486 602 517 23.
621 477 665 506 l).
681 477 714 506 de
724 476 814 506 berea.
825 477 910 516 perit.

48 522 145 555 Aliud
165 521 229 560 est3
252 520 270 551 11
287 518 361 560 quid
383 519 483 559 prima
505 517 632 559 quidem
656 519 778 547 ratione
797 527 908 556 perve-

47 564 115 602 nit,
131 562 182 594 sed
197 560 321 594 retineri
338 569 400 591 non
413 559 537 599 potuit:
555 559 594 590 fic
603 559 687 589 enim
705 568 776 589 cuni
795 557 911 589 effectu

47 613 111 636 non
131 603 284 644 pervenit.
307 601 491 641 exemplum
516 600 651 641 Ulpiano
668 600 695 631 d.
715 600 734 630 l.
752 608 778 630 2.
800 599 827 640 §.
846 609 874 639 3.
893 599 911 629 11

46 644 160 684 heres,
175 645 321 683 idemque
342 643 491 674 venditor
507 641 709 678 hereditatis,
734 640 911 681 legatorum

48 686 175 718 nomine
200 685 273 725 quid
299 684 459 725 praessitit:
485 693 548 714 non
574 684 658 714 enim
684 681 809 712 videtur
827 704 836 719 ,
869 683 912 712 in·

47 728 117 767 quit
132 725 305 767 Ulpianus,
329 726 366 757 ad
385 734 457 756 eum
475 723 657 764 pervenisse.
683 724 830 767 idemque
849 721 913 761 cst,

46 769 69 802 fi
92 769 163 809 quid
190 768 259 799 aeris
284 766 376 798 alieni
395 766 459 805 est,
482 766 533 798 vel
558 766 645 805 cujus
664 765 790 809 alterius
806 765 913 809 oneris

48 808 244 842 hereditarii:
266 807 442 850 pervenisse
467 807 551 839 enim
573 808 639 838 haec
656 814 769 838 merito
786 805 910 846 negabi-

49 852 199 892 tur3quia
210 849 256 881 his
275 859 308 881 ut
325 849 530 890 pervenerint
548 849 649 887 primo
659 846 823 886 adspectu,
838 856 898 877 ven

48 893 134 924 ditor
144 893 323 932 utiquenon
334 890 378 922 est
390 899 461 921 cum
473 889 588 921 effectu
598 889 788 929 locupletior
799 887 911 920 fastus.

91 935 190 966 Porro
208 933 294 965 addit
312 932 488 971 stipulatio,
516 931 621 962 Dolove
644 930 716 961 malo
738 937 786 960 ιιιο
795 929 914 973 facturn

46 973 85 1048 gl
97 977 218 1014 ‚eritve‚
237 984 290 1016 quo
308 976 402 1005 minus
415 974 572 1014 perveniat.
599 972 697 1004 Hisce
715 980 791 1002 vero
809 970 913 1001 verbis

85 1017 204 1057 lpianus
227 1020 254 1047 d.
281 1015 298 1046 l.
316 1025 340 1047 2.
370 1015 398 1057 §.
415 1026 443 1055 5.
467 1015 509 1045 ait
527 1036 536 1052 ‚
573 1012 756 1053 significari,
787 1012 805 1044 11
838 1012 913 1051 quid

49 1059 128 1090 dolo
150 1057 232 1088 malo
248 1066 358 1088 eorum
378 1055 496 1087 facium
515 1054 578 1093 est,
600 1054 777 1093 quominus
800 1053 838 1084 ad
856 1062 913 1083 eos

47 1100 232 1141 perveniat,
257 1099 285 1130 δι
303 1098 365 1128 hoc
382 1096 517 1137 emptori
536 1095 742 1136 praestandum
760 1094 832 1125 eise.
848 1092 914 1140 ‘Fe-

49 1140 124 1172 ciss'e
148 1148 252 1171 autem
278 1149 349 1170 eum
372 1139 447 1170 dolo
474 1139 556 1169 malo
578 1137 700 1176 inquit,
724 1146 788 1176 quo
814 1144 915 1166 rriinus

48 1181 239 1222 perveniat,
270 1179 332 1211 five
355 1180 504 1211 alienavit
531 1179 674 1217 aliquid3
704 1179 754 1208 vel
779 1185 916 1216 accepto

47 1232 143 1264 quem
169 1222 332 1260 liberavit3
356 1221 406 1252 vel
429 1222 460 1251 id
484 1221 549 1261 egit
575 1219 650 1251 dolo
672 1219 754 1249 malo
770 1242 779 1257 ,
812 1228 850 1248 ne
878 1218 917 1262 de

47 1264 226 1296 hereditate
242 1263 478 1303 adquireretur,
497 1263 545 1292 vel
567 1270 605 1291 ne
622 1260 839 1300 possessionem
855 1259 916 1289 adi·

48 1305 241 1346 pist-eretur,
265 1313 358 1340 quam
382 1302 483 1342 poffet
509 1301 645 1341 adipisci.
675 1301 725 1331 sed
751 1300 822 1344 &fi
851 1308 916 1329 non

50 1347 126 1377 dolo
143 1346 242 1382 maio,
263 1345 316 1376 sed
339 1345 398 1375 lata
415 1344 507 1382 culpa
523 1341 680 1373 admiserit
698 1341 834 1384 aliquid,
857 1340 914 1370 uti-

49 1396 110 1426 que
137 1385 305 1418 tenebitur.
362 1384 536 1424 Deperdita
565 1392 670 1414 autem
696 1383 725 1413 ὅ(
753 1385 916 1412 deminuta

48 1427 113 1461 fine
131 1425 302 1459 venditoris
320 1426 397 1458 dolo
415 1425 498 1456 maio
515 1433 607 1464 negat
625 1423 776 1463 Ulpianus
795 1422 913 1463 praesta·

48 1469 93 1507 1i,
117 1468 171 1500 etss
195 1467 271 1499 levis
295 1468 387 1508 culpa
411 1466 636 1497 intervenerit:
662 1464 714 1497 nisi
740 1465 800 1495 huc
821 1465 916 1496 modo

50 1511 214 1550 negligens
239 1508 335 1539 fuerit
361 1509 392 1539 in
415 1506 618 1538 custodienda
643 1516 675 1538 re
700 1516 768 1546 quae
786 1506 823 1536 ad
842 1514 914 1536 eum

48 1550 112 1592 jani
130 1549 310 1590 pervenerit
332 1548 350 1578 l.
366 1558 394 1588 3.
424 1549 465 1578 D.
484 1548 510 1578 b.
531 1553 552 1578 t.
578 1556 648 1578 nam
667 1556 741 1578 ante
761 1547 913 1577 venditio-

51 1600 126 1622 nem
145 1600 204 1621 non
223 1588 555 1629 pecctivitznegligens
572 1597 637 1619 rein
658 1589 745 1628 cujus
763 1596 829 1618 erat
850 1589 912 1626 ple-

53 1641 98 1664 no
119 1632 187 1672 jure
203 1631 355 1661 dominus.
382 1638 529 1660 caeterum
554 1628 725 1661 custodiam
746 1629 788 1660 rei
810 1628 914 1660 vendi·

53 1679 96 1704 tae
113 1675 238 1703 demum
257 1672 352 1702 debet
365 1672 439 1702 adie
457 1671 655 1702 venditionis.
679 1671 752 1702 inde
771 1672 862 1711 igitur
878 1671 917 1701 de

52 1713 116 1746 levi
141 1713 232 1753 culpa
260 1719 402 1750 tenetur,
426 1712 573 1750 exemplo
595 1720 782 1742 caeterorum
812 1710 915 1742 vendi-

52 1761 156 1786 torum
174 1777 183 1792 ,
206 1762 301 1794 atque
317 1763 357 1785 ex
375 1753 592 1785 communibus
610 1753 782 1794 emptionis
801 1753 830 1784 ἃ
847 1752 919 1784 veii-

53 1796 185 1828 ditionis
201 1795 327 1836 regulis.
653 1825 657 1831 ‚

93 1836 254 1868 Postrema
272 1835 364 1866 verba
382 1834 586 1876 stipulationis
604 1844 718 1875 emptae
736 1836 918 1868 hereditatis

49 1878 187 1916 voiunt,
210 1877 346 1918 emptori
364 1886 381 1907 a
401 1878 566 1909 venditore
585 1878 715 1917 praestari
735 1886 914 1918 quamcum-

51 1928 115 1960 que
139 1919 316 1956 achonem,
341 1919 546 1957 petitionem,
578 1919 851 1959 persecutionem,
875 1928 915 1949 eo

50 1960 182 1992 nomine
198 1962 226 1990 ei
247 1968 496 2000 competentem.
540 1959 617 1991 Earn
636 1961 800 1992 elauiulam
819 1969 915 2001 expo-

49 2010 148 2039 nens,
173 2009 206 2031 ut
231 2001 313 2038 dixi,
339 1999 490 2039 Ulpianus
507 2001 525 2031 l.
549 2006 612 2041 178.
631 2002 657 2043 §.
681 2011 706 2033 2.
728 2001 767 2032 D.
791 2003 916 2032 cleverly.

43 2037 149 2084 signif.
174 2042 241 2080 ait,
272 2041 399 2073 aetionis
423 2042 555 2073 verbum
579 2042 641 2073 elle
667 2043 696 2074 <St
720 2043 867 2083 generale
892 2043 920 2073 &

49 2082 194 2124 speciale.
218 2092 287 2114 riam
306 2082 462 2114 actionem
479 2082 559 2121 dici,
577 2083 638 2114 five
658 2083 692 2114 {it
708 2084 738 2114 iii
757 2083 919 2123 pei-sonam

53 2124 159 2162 aetio,
189 2123 251 2155 five
276 2125 304 2155 in
330 2134 405 2155 rein.
436 2125 518 2155 illam
551 2125 581 2155 iri
613 2124 716 2164 specie
742 2126 918 2163 astionem,

52 2165 135 2197 hanc
161 2164 364 2205 petitionem,
395 2166 511 2196 vocari.
537 2174 635 2204 porro
653 2166 808 2197 actionem
827 2167 918 2198 aliam

53 2206 114 2238 effe
136 2206 321 2237 ordinariam
338 2229 347 2244 ,
370 2215 441 2245 quae
465 2211 590 2246 proprie
616 2207 730 2238 dicitur
757 2209 857 2245 atho,
890 2218 906 2238 a

52 2248 125 2280 liam
158 2246 435 2278 extraordinariam
467 2256 536 2286 quae
567 2248 662 2288 magis
694 2248 917 2286 persecutionis

52 2289 269 2328 appellatione
296 2287 494 2328 designatur:
526 2297 560 2318 ut
584 2288 915 2328 fideicommiss‘orum,

53 2331 83 2362 ἃ
107 2330 125 2361 11
150 2339 218 2368 quae
238 2329 305 2360 sunt
321 2329 386 2360 aliae
404 2339 473 2368 quae
493 2339 552 2359 non
572 2330 641 2360 hab«
656 2331 777 2370 ntjuris
797 2330 907 2361 ordina

52 2372 89 2404 rii
117 2371 364 2402 exsecutionem.
395 2380 470 2410 quas
496 2371 572 2410 ipsas
602 2380 728 2411 quoque
754 2371 863 2410 partim
889 2372 919 2402 in

54 2422 140 2450 rem,
164 2413 275 2452 partim
303 2411 331 2442 in
352 2412 514 2449 personam
533 2411 612 2449 esse,
642 2412 824 2449 Papinianus
845 2412 919 2442 aitl.

54 2457 101 2487 28.
128 2453 166 2484 1).
188 2455 220 2483 de
231 2453 305 2494 oblig
335 2452 371 2486 {5⁹
388 2453 443 2483 aci.
490 2451 576 2497 Quid
594 2452 686 2493 igitur
705 2454 772 2484 eit?
797 2452 919 2490 stipula-

55 2494 100 2525 tio
122 2495 189 2524 vult
208 2496 345 2533 emptori
362 2504 378 2524 a
403 2495 571 2525 vendit-»re
590 2494 721 2533 praestari
741 2504 920 2533 quamcum—

55 2543 119 2574 que
141 2533 291 2565 actionem
309 2558 318 2573 ,
350 2536 537 2575 petitionem
555 2559 564 2572 ,
599 2536 869 2574 periecutionem‚
893 2537 922 2567 ei

57 2584 314 2614 competentem,
332 2584 462 2617 propter
480 2577 687 2607 hereditatem
701 2578 797 2606 :adeo
814 2578 922 2616 (quod

57 2616 209 2654 Ulpianus
226 2615 370 2647 observat
387 2623 412 2647 (l.
432 2619 451 2647 l.
472 2627 499 2649 2.
518 2617 536 2659 ᾗ
563 2622 612 2656 8.)
637 2628 700 2648 non
719 2617 812 2648 solum
833 2618 917 2649 here·

57 2657 182 2688 ditarias
209 2656 365 2694 actiones,
382 2657 432 2689 sed
447 2660 541 2690 etiam
560 2660 768 2696 obligationes
787 2668 860 2698 quas
876 2661 920 2697 ip-

55 2697 88 2728 se
111 2699 202 2729 lieres
231 2696 412 2729 constituit:
434 2698 507 2738 fac,
534 2699 742 2740 fidejull'orem
765 2700 920 2739 accepisse

59 2739 99 2770 ab
116 2739 306 2770 hereditario
325 2739 489 2770 debitore:
513 2741 562 2771 sed
581 2743 609 2772 ἃ
626 2741 645 2773 fi
665 2749 846 2777 novaverit,
873 2741 921 2772 vel

58 2780 89 2811 in
111 2780 261 2819 judicium
279 2780 445 2810 deduxerit
469 2781 642 2820 astionem,
670 2782 812 2823 praestare
828 2783 921 2813 debe-

58 2830 93 2853 re
111 2821 192 2851 hanc
207 2820 301 2858 ipsam
319 2820 493 2858 actionem,
509 2831 601 2860 quam
618 2825 743 2855 nanetus
763 2823 806 2854 cst
844 2823 922 2864 Quo

57 2862 180 2894 niodo?
198 2860 233 2892 fit
259 2863 338 2899 lioc,
362 2871 432 2891 cum
451 2871 501 2893 eas
517 2863 619 2902 cedit,
643 2866 672 2896 id
691 2865 753 2902 est,
780 2868 924 2902 mandat,

58 2903 214 2942 emptori,
242 2902 280 2932 ab
305 2912 344 2933 eo
372 2910 530 2940 tamquam
554 2914 570 2935 a
589 2908 839 2943 procuratorem
858 2915 923 2936 rem

57 2943 141 2975 suam
159 2945 364 2975 exercendas.
389 2942 498 2982 estque
522 2945 552 2975 id
579 2947 780 2978 necessarium
799 2956 922 2987 empto-

58 2987 104 3023 ri,
128 2985 268 3022 volenti,
294 2985 335 3015 uti
355 2985 530 3016 actionibus
546 2986 691 3027 directis,
710 2990 846 3028 personae
866 2989 913 3018 liae

59 3027 144 3058 redis
165 3025 408 3058 inhaerentibus:
432 3026 520 3056 aliter
543 3036 638 3067 atque
664 3039 692 3060 in
712 3029 837 3060 utilibus
856 3029 874 3059 l,
894 3038 922 3066 4.

60 3067 94 3097 C.
119 3069 144 3098 h.
166 3073 187 3098 t.
213 3076 282 3097 nam
308 3067 361 3098 has
393 3076 520 3105 emptor
551 3077 590 3100 ex
616 3069 780 3106 Refer-ipro
808 3070 848 3102 D,
879 3069 924 3100 Pii

58 3107 156 3139 habet
179 3107 308 3148 proprio
331 3109 397 3147 jure
424 3109 442 3139 l.
464 3112 511 3140 16.
540 3108 578 3140 D.
603 3112 636 3141 de
652 3110 747 3152 paciis
775 3111 785 3141 l
810 3121 860 3152 55.
879 3109 923 3142 D.

58 3150 92 3180 de
103 3150 305 3188 procurritorz'b.

97 3189 363 3265 P⁰sse72fffi⁰fita
378 3192 477 3225 videri
495 3190 654 3234 stipulatio
671 3200 785 3236 emptae
801 3192 924 3232 hei-etih,

1767 107 1836 145 315

957 190 1048 221 tatis:
1075 187 1128 221 nifi
1144 189 1285 227 cupienti
1303 187 1587 230 jurisprudentiam
1607 186 1758 229 adjuvare
1776 197 1831 219 nea

955 230 1002 262 fas
1019 230 1115 268 esset,
1135 231 1322 263 dissiniulare
1339 231 1561 272 quaestionem:
1579 230 1628 261 cui
1646 230 1831 269 adquiratur

957 271 1139 302 hereditatis
1166 281 1273 311 portio
1290 295 1299 308 ,
1331 283 1347 303 a
1374 273 1551 304 venditoris
1576 271 1737 303 coherede
1762 280 1827 302 non

956 313 1056 343 adita:
1082 313 1149 343 aliis
1173 314 1334 352 emptori,
1358 315 1425 344 aliis
1450 314 1630 351 venditori,
1656 313 1701 352 jus
1716 313 1828 344 adcre-

954 353 1059 384 scendi
1083 354 1344 394 adjudicantibus.
1392 354 1488 394 igitur
1506 363 1540 385 ut
1563 363 1603 385 ex
1623 354 1723 386 solido
1741 363 1830 385 com⁴

954 401 1091 434 ponatur
1115 396 1152 426 lis
1176 401 1265 425 vetus
1298 395 1326 425 ὅ(
1353 395 1490 426 nobilis:
1531 398 1595 426 duo
1630 404 1722 426 erunt
1741 397 1827 426 inve·

954 435 1102 475 stiganda.
1126 444 1221 466 unum
1240 434 1303 472 est,
1328 437 1388 466 utri
1408 435 1565 466 adcrescat
1586 436 1737 467 deficiens
1755 446 1828 478 por-⁵

955 476 1020 513 tio,
1051 476 1208 515 emptori,
1233 486 1269 507 an
1293 478 1468 508 venditori:
1495 476 1648 516 alterum,
1667 488 1704 509 an
1722 487 1830 510 tenea-

955 517 1268 557 tui·veriditor,quod
1280 518 1830 559 eifflcreverst,actiuncexliipuia-

955 567 988 589 tu
999 581 1008 594 ,
1020 565 1071 588 aut
1081 568 1120 588 ex
1133 566 1244 599 empto
1254 558 1284 588 in
1296 568 1475 599 emptorem
1488 559 1666 590 transferre.
1680 559 1779 602 Quod
1790 561 1830 592 ad

956 608 1041 640 prius
1052 601 1253 630 attinet:iiiea
1264 598 1832 640 fertopini0,deficienteiiiheredita-

957 641 996 671 tis
1008 649 1128 680 partem
1141 650 1204 671 non
1216 641 1434 681 emptori,sed
1446 642 1828 683 venditori,adcrci'cei·e;

956 690 1052 722 atque
1075 682 1195 720 optima
1222 691 1362 713 ratione:
1387 682 1598 719 servantibus,
1623 691 1657 712 ut
1675 693 1830 723 oportet,

954 723 1028 763 juris
1046 721 1190 754 formam.
1219 723 1267 754 illa
1286 726 1364 754 ratio
1380 723 1442 763 cst,
1466 725 1553 764 quod
1573 723 1719 755 venditor
1746 728 1832 757 adita

959 765 1135 795 hereditate
1154 764 1245 795 heres
1263 764 1382 802 satius,
1399 776 1434 796 ea
1452 765 1579 796 vendita
1598 765 1688 796 heres
1708 775 1830 805 manet,

958 814 1018 836 nec
1042 804 1144 836 minus
1178 815 1293 836 retinet
1326 806 1558 838 hereditatem:
1590 816 1628 837 eo
1659 809 1745 846 quod
1778 808 1831 839 illa

957 845 1050 877 etiam
1082 845 1144 877 fine
1170 847 1234 876 ullo
1259 857 1397 887 corpore
1423 847 1518 878 habet
1541 847 1611 884 ¹,uris
1634 848 1831 881 inteiietium

957 888 976 918 l.
995 897 1046 927 50.
1076 888 1121 918 l).
1153 889 1185 917 de
1209 888 1300 919 (iered.
1322 890 1405 928 perir.
1438 898 1549 920 contra
1582 899 1710 930 emptor
1737 891 1786 920 cui
1811 899 1830 922 a

960 929 1126 960 venditore
1152 929 1313 968 praeiiatur
1338 930 1492 969 quidquid
1523 940 1561 962 ex
1586 930 1761 962 hereditate
1788 932 1830 963 ad

957 979 1029 1000 eum
1047 971 1247 1009 pervenerit,
1274 980 1338 1001 non
1356 973 1476 1002 idcirco
1496 971 1531 1003 fit
1549 973 1658 1011 lieres,
1684 981 1743 1003 nec
1764 981 1829 1005 tam

957 1012 1073 1051 accipit
1099 1010 1328 1049 hereditatem,
1353 1013 1442 1054 (quae
1461 1021 1580 1043 tantum
1602 1023 1641 1044 ex
1666 1013 1832 1045 testamen-

958 1060 1011 1090 to,
1035 1060 1087 1082 aut
1113 1052 1181 1092 lege
1207 1053 1245 1082 ab
1269 1054 1419 1084 intestato
1447 1053 1589 1085 defertur
1619 1054 1638 1095 §
1674 1055 1727 1087 ult.
1760 1054 1830 1096 inst.

961 1094 1016 1124 Per
1037 1103 1108 1134 quas
1119 1093 1229 1133 perfim.
1247 1096 1321 1135 cuiq.
1341 1096 1428 1136 adq.)
1460 1105 1552 1135 quarn
1571 1096 1654 1126 bona
1673 1097 1831 1127 heredita-

961 1136 1022 1172 ria;
1045 1136 1094 1172 (St,
1121 1143 1154 1166 ut
1174 1135 1323 1175 Ulpianus
1350 1137 1367 1166 l.
1394 1142 1437 1170 18.
1455 1136 1482 1178 §
1501 1147 1517 1168 2
1552 1137 1589 1167 D.
1609 1138 1657 1168 Ad
1681 1139 1831 1170 Setiatusc.

963 1175 1078 1206 Trebell.
1102 1174 1162 1213 ait,
1187 1178 1272 1213 quod
1290 1176 1351 1207 fuit
1379 1177 1581 1215 hereditatis,
1606 1188 1634 1209 in
1652 1189 1758 1219 eoque
1779 1180 1833 1210 ha·

962 1217 1054 1248 betur
1072 1215 1245 1262 successor,
1270 1227 1332 1249 non
1348 1218 1409 1258 jam
1428 1218 1624 1258 universalis,
1644 1221 1692 1251 sed
1712 1231 1751 1251 cx
1768 1230 1833 1251 eii-.-

961 1267 1018 1299 pto
1041 1259 1250 1297 particularis:
1275 1269 1345 1291 narii
1370 1261 1492 1300 emptio
1515 1261 1544 1292 ὃς
1575 1262 1715 1291 ιεηόίῐίο
1743 1271 1833 1293 nurn-

960 1309 1052 1339 quam
1071 1308 1294 1331 annumeratur
1317 1301 1414 1331 causis
1439 1309 1490 1332 aut
1512 1302 1610 1332 modis
1629 1303 1831 1341 adquirendae

959 1349 1011 1372 aut
1030 1341 1212 1372 ainittendae
1239 1343 1440 1380 hereditatis,
1465 1344 1494 1373 id
1520 1342 1582 1380 est,
1610 1343 1832 1376 univer-litatis.

960 1382 1021 1414 Sed
1039 1381 1140 1419 cess‘o,
1165 1392 1231 1414 rem
1257 1391 1375 1414 certam
1394 1392 1490 1423 atque
1512 1385 1721 1415 indubitatam
1743 1395 1832 1416 tanto

960 1433 1057 1463 opere
1083 1423 1230 1455 firmare:
1261 1424 1337 1455 olim
1363 1425 1445 1464 quali
1476 1435 1532 1465 pei·
1558 1435 1664 1456 manus
1691 1428 1832 1466 tradito,

960 1474 1031 1495 eum
1053 1464 1104 1504 qui
1126 1465 1220 1497 semel
1240 1465 1329 1496 heres
1356 1466 1476 1503 faetus,
1502 1467 1585 1497 nulla
1604 1467 1689 1507 polle
1708 1470 1832 1499 ratione

958 1506 1104 1544 efficere,
1130 1516 1168 1537 ne
1187 1508 1276 1536 lieres
1295 1506 1348 1542 sit,
1374 1514 1406 1538 ut
1427 1516 1460 1538 ut
1478 1509 1631 1539 translatis
1648 1517 1699 1538 aut
1720 1510 1831 1541 amiffis

960 1548 1051 1578 bonis
1075 1548 1272 1579 hereditariis
1296 1548 1312 1577 l.
1333 1552 1382 1581 88.
1410 1548 1448 1579 I).
1474 1549 1506 1579 de
1523 1550 1611 1578 bere-d.
1633 1547 1722 1585 instit.
1743 1551 1760 1580 l.
1779 1560 1832 1591 43.

958 1588 985 1630 §.
1006 1590 1060 1619 ult.
1088 1589 1126 1620 l).
1150 1592 1183 1619 <le
1204 1589 1286 1630 vulg.
1313 1588 1349 1623 &⁹
1366 1590 1466 1629 pupill.
1486 1588 1601 1629 substit.
1645 1590 1750 1629 AEque
1771 1593 1833 1623 cla·

960 1639 1028 1667 ret,
1052 1630 1191 1661 aCtiones
1209 1630 1341 1661 dii-edas
1362 1631 1519 1661 venditori
1538 1632 1565 1661 <St
1584 1632 1729 1663 adversus
1755 1642 1831 1663 ven-

961 1672 1098 1702 ditorem
1119 1695 1126 1708 ,
1159 1671 1240 1711 quasi
1275 1671 1382 1702 heredi
1416 1672 1445 1703 ἃ
1477 1671 1621 1703 adversus
1654 1673 1831 1712 heredem,

963 1713 1090 1744 vendita
1109 1712 1304 1751 hereditate,
1329 1722 1515 1751 competere
1532 1713 1549 1743 l.
1577 1723 1593 1745 2
1624 1713 1656 1744 C.
1681 1716 1713 1744 cle
1735 1716 1831 1746 bereri.

960 1756 1048 1785 vend.
1094 1753 1167 1784 Hoc
1184 1764 1261 1785 vero
1279 1754 1298 1785 11
1318 1754 1377 1785 est:
1402 1754 1470 1791 dic,
1496 1753 1514 1785 11
1533 1764 1644 1794 potes,
1670 1764 1735 1794 quo
1752 1755 1833 1787 indi-

959 1796 1030 1832 cio,
1053 1803 1106 1825 aut
1124 1804 1189 1834 quo
1205 1795 1336 1830 colore,
1362 1797 1507 1832 evincas,
1533 1800 1714 1835 portionem
1732 1797 1833 1829 cone-

959 1837 1043 1867 redis
1061 1837 1165 1875 potius
1182 1838 1318 1875 emptori
1338 1837 1540 1875 hereditatis,
1569 1847 1661 1877 quam
1687 1839 1838 1870 vendito-

960 1880 1003 1915 ri,
1028 1877 1219 1909 adcrescere.
1244 1887 1280 1908 an
1309 1880 1456 1917 cuiquam
1476 1880 1674 1919 incognitum
1698 1878 1760 1917 est,
1782 1880 1834 1919 jus

960 1919 1163 1950 adcrei‘cendi
1191 1927 1310 1950 tantum
1337 1921 1484 1950 obtinere
1504 1922 1586 1951 inter
1603 1921 1789 1960 conjunftos
1812 1921 1836 1954 l.

959 1964 988 1991 6.
1015 1960 1053 1990 1).
1070 1962 1101 1990 cie
1118 1962 1211 1991 bonor.
1228 1960 1330 2001 paffeff
1360 1971 1419 1992 nee
1438 1961 1500 1991 effe
1517 1963 1613 1999 tales,
1640 1971 1752 2001 praeter
1776 1971 1835 1993 co-

962 2001 1112 2032 heredes:
1138 2011 1201 2032 uno
1227 2000 1289 2032 fine
1311 2002 1386 2041 juris
1413 2003 1632 2040 adcrel'cendi,
1658 2013 1696 2035 ne
1721 2003 1835 2035 defun·

963 2042 1029 2074 Ctus
1054 2042 1203 2074 heredem
1230 2043 1343 2074 habeat
1363 2053 1420 2082 pro
1439 2053 1538 2083 parte.
1584 2044 1644 2075 Sed
1663 2055 1709 2076 res
1733 2046 1837 2085 loqui-

964 2092 1031 2122 tur,
1058 2092 1239 2123 portionem
1267 2084 1468 2122 hereditatis,
1494 2086 1655 2117 coh-:rede
1684 2085 1836 2118 deficien-

964 2133 995 2156 te
1014 2149 1022 2163 ,
1060 2135 1123 2155 non
1157 2127 1322 2166 emptori,
1352 2125 1401 2157 sed
1430 2128 1591 2158 venditori
1630 2128 1834 2166 hereditatis,

963 2175 1122 2205 tamquam
1148 2168 1320 2204 coheredi,
1345 2167 1526 2199 adcrescere
1551 2168 1652 2199 inviro
1681 2169 1709 2198 dt
1741 2169 1833 2208 igno-

963 2209 1040 2238 ranti
1060 2209 1070 2237 ί
1096 2217 1135 2247 53
1168 2207 1204 2238 D.
1226 2211 1258 2238 de
1280 2209 1336 2250 adq
1359 2207 1462 2240 ‘berem
1513 2210 1579 2240 Fiet
1601 2212 1662 2239 hoc
1688 2209 1832 2241 testatius

961 2249 1112 2288 exemplo
1139 2250 1232 2288 partis
1266 2249 1452 2281 hereditatis
1482 2261 1521 2282 ex
1546 2251 1831 2283 Seiiatusconl'ulto

960 2289 1170 2320 Trebelliano
1190 2291 1356 2321 restitutae:
1384 2292 1401 2322 11
1421 2291 1535 2322 deinde
1551 2290 1678 2323 deficiat
1695 2293 1832 2325 coheres

963 2331 1126 2362 fiduciarii.
1151 2331 1210 2362 uti-i
1228 2333 1311 2362 enim
1337 2332 1490 2363 adcrescit
1514 2333 1576 2372 ejus
1599 2342 1723 2372 portio:
1747 2332 1835 2365 fidei-

963 2370 1193 2410 commissario,
1218 2382 1253 2402 an
1275 2372 1465 2405 fiduciario?
1483 2372 1502 2404 fi
1522 2376 1615 2413 lapis,
1634 2374 1715 2405 hunc
1734 2375 1834 2407 dices:

964 2414 1080 2448 lcieiis,
1103 2413 1150 2452 jus
1169 2414 1371 2444 aderescendi
1397 2424 1459 2445 non
1487 2416 1604 2446 habere
1629 2416 1754 2454 iocum3
1779 2415 1835 2449 nifi

965 2455 1048 2485 inter
1065 2454 1272 2493 conjunctos:
1298 2455 1397 2494 qualis
1422 2465 1481 2486 non
1509 2456 1552 2487 est
1580 2456 1834 2489 fideicommissa·

965 2496 1050 2532 rius,
1083 2494 1133 2525 i'ed
1157 2494 1359 2527 fiduciarius:
1390 2498 1442 2535 qui
1475 2498 1616 2529 aditione
1650 2499 1836 2531 hereditatis

965 2535 1058 2566 heres
1084 2535 1201 2574 faetus,
1240 2537 1304 2576 ejus
1336 2537 1534 2569 restitutione
1569 2540 1658 2570 heres
1682 2539 1743 2571 esse
1770 2550 1835 2573 non

966 2576 1064 2607 desiit.
1107 2576 1200 2608 Scio:
1232 2576 1533 2612 fideicommiffarius
1556 2590 1595 2612 ex
1621 2581 1836 2613 Senatuscon-

965 2618 1045 2662 l'ulto
1073 2617 1281 2650 Trebelliano
1307 2620 1430 2650 heredis
1461 2622 1534 2652 loco
1562 2621 1714 2662 habetur-3
1738 2625 1832 2661 eique

964 2660 993 2690 ἂ
1010 2669 1039 2690 in
1057 2668 1147 2697 euni,
1172 2668 1330 2699 tamquam
1352 2661 1459 2692 heredi
1477 2663 1505 2692 ὅ(
1521 2665 1549 2693 in
1565 2663 1734 2701 heredem,
1759 2667 1834 2693 ‹lan-

967 2709 1047 2730 tura
1066 2701 1205 2731 Praetore
1233 2703 1324 2735 utiles
1350 2703 1485 2734 actiones
1501 2702 1528 2744 §
1549 2714 1578 2743 4.
1600 2704 1668 2744 lnft.
1689 2707 1720 2733 sle
1735 2704 1832 2742 fideic.

966 2742 1058 2772 bereri.
1112 2742 1173 2772 Sed
1196 2751 1275 2773 cave
1295 2767 1303 2779 ,
1337 2753 1444 2783 putes,-
1467 2745 1508 2776 ob
1536 2746 1564 2775 id
1589 2744 1653 2776 fieri
1681 2745 1833 2776 heredem

963 2783 1030 2822 jure
1050 2784 1154 2813 civili:
1179 2793 1229 2813 aut
1256 2783 1423 2816 succedere
1447 2787 1474 2816 in
1495 2787 1543 2826 jus
1565 2788 1649 2826 quod
1668 2787 1756 2815 heres
1778 2784 1835 2814 ha-

969 2824 1022 2854 bet
1046 2823 1143 2863 magis
1169 2824 1328 2857 beneficio
1362 2827 1462 2867 legis,
1493 2837 1585 2867 quam
1619 2836 1656 2856 ex
1692 2825 1835 2857 defundi

968 2865 1160 2895 voluntate:
1199 2867 1291 2905 quale
1320 2867 1364 2898 est
1384 2869 1431 2907 J'us
1463 2865 1661 2899 adcreicendi
1680 2888 1689 2901 ‚
1723 2867 1834 2898 heredi

968 2914 1062 2936 etiam
1084 2907 1186 2937 invito
1209 2908 1235 2938 c&
1257 2908 1446 2947 prohibente
1466 2909 1612 2939 testatore
1631 2915 1832 2943 competens.

968 2955 1113 2986 putemus
1128 2945 1239 2988 igitur,
1265 2951 1446 2988 portionem
1463 2948 1637 2979 deficientis
1660 2948 1833 2980 coheredis

968 2997 1006 3018 ex
1027 2987 1193 3020 subtilitate
1208 2989 1282 3029 juris
1310 3000 1372 3022 non
1395 2987 1698 3025 fideicommiil'urio,
1723 2988 1773 3019 sed
1797 2989 1835 3021 fi·

968 3029 1107 3060 duciario
1124 3031 1314 3062 adcrescere.
1359 3033 1399 3063 At
1415 3032 1496 3061 enirn
1518 3028 1669 3068 Ulpianus
1683 3029 1702 3060 l.
1721 3040 1770 3070 123-
1791 3030 1833 3063 D.

968 3071 1018 3100 Aa
1041 3071 1188 3102 Senatum.
1216 3071 1322 3103 Trebell
1356 3073 1396 3103 sic
1421 3070 1540 3100 lcribit:
1564 3070 1745 3109 Papinianus
1770 3079 1834 3102 zra-

968 3110 1044 3142 ἑῖαῐ.·
1059 3111 1088 3150 fi
1103 3114 1167 3153 quis
1184 3113 1260 3144 heres
1282 3112 1430 3152 institutus
1453 3120 1490 3140 ex
1512 3110 1633 3150 semrffie,
1657 3118 1775 3153 rogatus
1790 3112 1833 3151 fit

966 3150 1111 3192 restituere
1135 3154 1343 3190 hereditatem,
1376 3151 1411 3186 &²
1444 3161 1504 3182 eam
1531 3151 1692 3192 suspectam
1716 3155 1833 3192 dicens,

965 3194 1119 3267 compfilsus
1136 3198 1219 3236 adit,
1243 3196 1342 3227 deinde
1350 3193 1629 3234 fideicoiiiiiizffizrius
1647 3195 1767 3237 ignarus
1777 3194 1833 3267 ficti,

1074 3245 1090 3268 Τ
1111 3244 1129 3268 2
1785 3246 1802 3267 ss
1823 3251 1835 3263 “
