2036 3495
345 158 411 198 An
437 161 486 197 Li
499 171 529 196 B.
559 154 584 195 Ϊ.
622 153 679 195 Tr
691 168 724 194 T.
755 153 835 194 VH.
871 157 921 194 De
938 160 1146 208 adoptionibus
1163 161 1205 204 ἐξ
1221 165 1513 212 eiiianpra'tionibus
1530 165 1598 207 &a

65 267 115 298 40.
131 252 160 298 §.
179 255 251 287 2.b.
269 259 290 285 t.
314 260 505 295 quamquam
530 257 592 281 una
618 255 741 281 tantum
767 255 857 280 extat
883 248 947 290 spe-

70 300 153 331 cies:
177 306 251 328 cum
276 295 313 328 sit
337 296 361 327 is
387 295 478 325 locus
503 301 543 323 ex
566 291 613 322 lz'b.
633 300 657 322 1.
691 288 946 336 Dfflerencz'ariirn.

71 340 170 373 Simili
198 338 297 375 modo
317 338 393 369 licet
410 337 440 367 in
459 336 567 367 locum
591 339 720 373 nepotis
746 333 796 363 vel
821 334 945 373 neptis,

70 381 262 424 pronepotis
287 379 340 411 vel
367 377 549 418 proneptis,
574 374 625 405 vel
642 374 794 414 deinceps
814 376 945 415 adopta-

70 433 106 456 re
149 422 294 464 quamvis
309 420 407 452 filium
424 420 493 459 quis
510 425 574 447 non
595 414 710 446 habeat
725 414 755 456 §.
771 427 800 456 5.
818 416 846 446 d.
868 422 889 446 t.
904 416 945 463 ,⁶⁶

70 465 91 497 1.
111 447 160 506 5⁹37.
181 464 222 495 D.
238 464 268 494 b.
285 468 305 493 t.
339 460 438 492 modo
462 467 519 500 per
545 465 672 488 aetatem
694 455 812 488 habere
838 457 942 496 poflit.

72 507 302 540 P-raetereatam
319 501 424 544 potest
434 500 503 542 quis
520 497 619 531 filium
632 499 769 544 alienum
787 502 816 530 in
836 500 943 545 locuni

71 548 202 589 nepotis
226 548 396 586 adoptare,
419 550 513 583 quam
539 549 694 581 nepOtem
712 549 743 571 in
764 540 871 571 locum
889 539 944 572 filii

70 589 100 632 §.
116 594 145 621 6.
166 585 237 628 Insl.
254 588 281 618 b.
299 592 319 617 t.
345 584 363 617 li
378 593 451 616 eum
467 590 540 614 ante
556 582 815 622 emancipaverit.
832 581 896 613 hoc
913 592 945 613 e-

72 633 140 664 nim
157 630 236 661 facit
252 637 315 659 non
331 635 364 657 ut
381 635 476 663 avus,
496 623 547 656 sed
564 632 598 654 ut
616 623 753 669 quilibet
767 623 787 654 l.
810 632 854 664 15.
874 623 903 665 §.
917 633 944 655 1.

71 674 101 705 b.
117 679 138 704 t.
159 679 278 702 tantum
296 667 507 704 desideratur,
525 666 633 706 (quod
650 674 681 696 in
698 665 876 696 transcursu
892 674 945 696 an-

70 713 213 753 notabo)
230 711 248 743 si
266 716 360 750 quem
377 709 504 749 nepotis
523 707 598 738 loco
615 707 768 746 adoptet,
785 714 945 751 tamquam

73 765 114 788 ex
129 762 221 786 certo
236 751 322 790 filio,
347 758 422 792 puta
440 750 562 786 Lucio,
587 748 638 780 vel
659 750 789 791 naturali
805 748 856 779 vel
871 748 946 778 ado-

59 797 185 837 ,ptiv03
209 802 243 825 ut
259 803 298 825 eo
317 793 387 824 casu
406 791 487 823 filius
505 791 623 822 Lucius
639 790 838 828 consentiat3
861 798 901 820 ne
917 797 945 819 a·

71 838 192 878 lioquin
211 837 239 867 ei
256 835 359 867 invito
378 834 446 865 suus
462 833 555 864 heres
569 830 773 877 adgnascatur
790 830 817 871 §.
832 827 945 871 7.1nst.

72 880 100 912 b.
116 886 137 911 t.
161 879 249 919 quod
274 886 339 908 non
361 875 406 907 est
430 883 531 915 opus;
556 873 577 904 11
589 881 666 918 eum
685 873 838 917 adoptet,
862 869 946 918 quasi

73 931 115 954 ex
132 923 258 951 incerto
268 918 337 950 filio
347 926 474 949 natum:
491 915 563 956 quia
579 914 621 945 sic
638 913 713 944 nulli
729 912 945 954 adgnascitur,

74 970 236 1002 tamquam
264 960 334 991 suus
357 959 376 989 l.
401 967 452 997 44.
476 957 503 988 b.
521 963 542 987 ε.
567 964 604 986 ac
619 954 792 986 secundum
808 954 874 985 haec
892 963 943 985 ex·

73 1003 224 1046 plicanda
241 1002 260 1032 l.
272 1005 291 1032 6
322 1001 349 1031 h.
366 1007 389 1032 t.
411 999 494 1037 Sed,
510 1005 545 1028 ut
560 1006 601 1028 eo
616 997 742 1041 redeam
754 1019 763 1034 ,
781 995 948 1041 postquam

74 1045 213 1087 placuit,
228 1043 376 1074 foeminas
395 1050 454 1073 nec
472 1039 628 1071 naturales
647 1038 763 1082 liberos
779 1046 810 1068 in
827 1039 875 1068 sua
892 1045 948 1076 po-

74 1085 186 1118 testate
204 1085 342 1121 habere,
359 1085 454 1114 etiam
473 1082 532 1112 fuit
550 1080 664 1120 regulis
679 1079 754 1120 juris
770 1086 948 1125 receptum,

74 1138 115 1160 ne
142 1126 257 1167 possint
279 1125 433 1164 adoptare
459 1124 508 1154 vel
535 1129 683 1161 arrogare
701 1143 711 1158 ‚
735 1120 818 1160 quasi
842 1127 949 1167 natura

74 1177 140 1202 non
160 1169 312 1208 patiatur,
330 1175 381 1196 eas
399 1167 429 1196 in
447 1163 497 1195 sua
516 1163 673 1203 potestate
696 1161 812 1192 habere
831 1161 949 1192 llberos

76 1211 247 1251 adoptivos
260 1231 268 1247 ‚
297 1216 364 1247 qum
381 1207 410 1237 in
431 1205 587 1245 potestate
605 1212 669 1233 non
686 1201 814 1249 possunt
831 1201 949 1248 habere

75 1252 195 1283 liberos
219 1250 385 1280 naturales.
410 1256 506 1286 atque
531 1254 573 1276 ita
595 1253 633 1275 ex
662 1245 713 1274 uiu
731 1244 773 1274 sui
791 1251 946 1283 temporis

76 1291 229 1333 Ulpianus
245 1292 275 1322 in
293 1289 406 1329 Fragm,
419 1290 464 1318 tic.
481 1287 548 1327 8.§.
562 1290 588 1320 8.
615 1285 754 1315 obtinuit
773 1291 877 1331 tamen
896 1285 948 1330 ad-

75 1333 183 1365 versus
209 1331 329 1372 regulas
345 1331 440 1370 juris,
465 1336 497 1359 ut
516 1337 554 1358 ex
574 1326 770 1371 indulgentia
788 1325 946 1372 Prmcrpis

77 1377 171 1406 ctiam
189 1373 341 1412 adoptare
359 1370 474 1411 poffint
489 1367 632 1400 foeminae
650 1368 682 1398 in
698 1368 842 1399 solatium
859 1376 950 1413 amis-

75 1416 179 1448 sorum
205 1414 376 1444 liberorum
403 1411 432 1453 §.
461 1419 506 1442 10.
537 1407 608 1455 InJl}z
625 1409 692 1454 [με.
717 1416 754 1439 ac
779 1408 950 1449 permisere

74 1457 108 1489 id
124 1456 215 1496 primi
234 1453 453 1486 Diocletianus
470 1453 497 1482 ὁ(
520 1451 733 1482 Maximianus
748 1449 772 1496 l:
784 1460 816 1496 5.
837 1450 869 1481 C.
888 1451 947 1482 lut.

74 1497 222 1538 Longum
249 1495 365 1534 fuerit,
389 1494 410 1526 fi
435 1492 575 1524 adferam
599 1500 704 1523 omnia
719 1511 729 1529 ‚
752 1492 948 1524 similitudini

75 1538 234 1571 natur-az&
246 1537 430 1577 adoptionis
449 1535 686 1574 consequentia.
711 1542 774 1563 non
789 1532 886 1564 fuerit
905 1541 947 1564 ta-

77 1590 150 1613 men
173 1587 262 1610 extra
288 1577 504 1617 propositum,
528 1584 679 1620 monere,¹
704 1577 790 1615 quod
813 1575 843 1606 ὅς’
868 1573 948 1606 fecit

78 1620 265 1662 justinianus
280 1619 309 1659 §.
328 1623 356 1652 8.
377 1615 446 1658 [nst.
465 1617 492 1647 h.
511 1624 531 1647 ι.
553 1618 584 1647 in
602 1616 742 1655 plurimis
760 1615 855 1648 causis
875 1625 948 1648 eum

80 1663 134 1703 qui
153 1662 322 1700 adoptatus
342 1660 390 1690 vel
408 1659 576 1698 adi-egatus
588 1657 653 1696 est,
669 1657 831 1688 adsimilari
849 1658 877 1688 ei
895 1659 948 1698 qui

80 1712 121 1735 ex
145 1703 290 1743 legitimo
313 1700 518 1731 matrimonio
541 1708 631 1731 natus
652 1698 708 1729 est.
740 1698 848 1729 tramit
864 1701 949 1731 enirn

80 1746 135 1785 (ut
151 1744 266 1775 dictum
285 1743 313 1773 in
332 1740 538 1779 definitione)
556 1742 585 1771 in
602 1739 752 1770 familiam
765 1742 859 1780 patris
875 1742 950 1772 ado-

107 1786 180 1822 tivi‚
197 1785 227 1816 6<
240 1784 283 1815 ibi
299 1783 334 1814 fit
355 1783 422 1814 suus
439 1783 530 1814 heres
549 1781 568 1812 l.
588 1790 612 1813 1.
631 1781 659 1823 §.
677 1791 704 1813 2.
727 1780 768 1812 D.
787 1782 895 1822 desitis
911 1782 948 1817 δέ)

94 1827 201 1868 egizim.
226 1825 357 1865 perinde
373 1833 409 1855 ac
428 1823 449 1855 si
469 1833 508 1855 ex
529 1823 592 1863 ejus
616 1821 850 1855 matrefamilias
871 1823 950 1855 effet

81 1874 184 1900 natus.
208 1867 252 1898 ita
271 1865 421 1897 Proculus
435 1865 454 1896 l.
472 1876 519 1905 44-
542 1868 560 1895 b
586 1870 608 1896 t.
634 1865 730 1895 verba
749 1864 893 1897 Proculi:
918 1866 950 1897 Si

74 1908 119 1950 fic
145 1909 314 1948 adoptavit.
338 1913 371 1938 ut
391 1908 477 1938 etiam
492 1907 561 1947 jure
583 1907 652 1947 legis
677 1912 759 1946 nepos
780 1910 851 1943 suus
866 1906 949 1947 eſj‘et,

81 1949 164 1992 quasi
179 1958 215 1981 ex
233 1950 325 1980 Lucio
349 1949 459 1989 (puta)
480 1948 545 1988 filio
561 1954 609 1982 suo
625 1947 662 1982 δέ)
679 1957 716 1979 ex
731 1950 952 1987 matrefamilz‘as

79 1992 141 2032 ejus
156 1997 244 2021 natus
261 1990 333 2030 effer.
366 1991 407 2021 ita
425 1989 530 2020 editur
553 1989 720 2020 Florentiae
740 1988 809 2021 satis
830 1991 950 2021 idoneo

77 2032 186 2064 sensu:
209 2031 264 2062 etsi
287 2032 317 2062 in
336 2031 523 2071 quibusdam
549 2031 636 2063 libris
652 2040 717 2063 non
735 2032 862 2072 inepte,
887 2032 953 2064 imo

78 2075 182 2113 aptius
207 2072 312 2112 forte,
337 2074 469 2113 legitur:
498 2071 541 2103 Ut
567 2079 625 2103 tam
642 2073 713 2113 jure
735 2073 848 2115 legeque
869 2081 953 2114 nepos

79 2115 143 2156 effer
159 2113 242 2156 qztafi
258 2124 294 2145 esc
310 2115 402 2144 Lucio
418 2114 542 2154 (puta)
559 2113 623 2153 filio
638 2121 688 2152 suo
707 2113 743 2148 ὅ)
760 2123 797 2145 ex
814 2115 949 2154 matrefa-

78 2156 173 2187 miliar
182 2155 243 2197 ejus
251 2162 339 2186 natus
354 2155 428 2195 effet.
452 2156 549 2195 idque
563 2156 682 2187 malunt
698 2155 871 2188 Balduinus
888 2156 951 2188 Νο-

80 2198 120 2228 zis
129 2198 166 2228 ad
182 2197 256 2227 hunc
275 2196 404 2227 'siculum
421 2196 655 2236 Ρανιαεὲῗανατη,
672 2197 701 2229 &
721 2197 887 2229 Duarenus
902 2198 952 2231 tib.

78 2248 109 2272 2.
136 2238 223 2278 Disp.
247 2238 392 2277 anniversi
412 2248 435 2269 e..
457 2247 502 2277 14.
536 2237 581 2269 Ut
596 2246 631 2269 ut
650 2239 729 2278 erit,
752 2239 797 2270 ait
812 2239 954 2279 justinia-

79 2289 139 2310 nus
159 2280 187 2310 d.
206 2278 234 2320 §.
253 2279 281 2313 9..
300 2277 368 2310 fieri
387 2288 425 2310 ex
443 2278 507 2311 hoc
522 2280 698 2320 principi03
722 2288 757 2311 ut
770 2279 792 2312 fi
811 2281 881 2321 quis
897 2290 958 2322 per>

77 2320 306 2361 Imperatorem
322 2329 442 2361 autper
457 2320 629 2353 Praetorem
640 2323 690 2353 vel
701 2321 865 2354 Praefidem
881 2331 954 2363 pro-

78 2363 194 2393 vinciae
215 2361 352 2402 aliquem
369 2363 589 2402 adoptaverit,
613 2363 704 2403 poffit
730 2364 880 2395 eumdem
903 2365 953 2396 alii

77 2403 112 2435 in
129 2402 340 2443 adoptionem
351 2404 441 2435 dare:
456 2411 560 2440 certo.
583 2406 671 2445 quod
681 2404 725 2436 est
735 2414 792 2446 per
806 2406 953 2446 adoptio-

77 2453 153 2476 nem
170 2444 200 2476 in
219 2444 284 2484 ejus
302 2443 454 2477 familiam
477 2446 656 2478 translatus.
703 2446 800 2486 Igitur
817 2447 954 2479 efficitur

78 2494 228 2526 quoque,
251 2494 322 2517 eum
348 2487 427 2525 patri
447 2486 695 2528 adoptivofieri
719 2488 873 2520 heredem
896 2499 952 2520 no-

79 2527 191 2565 minis,
213 2528 376 2567 pecuniae,
401 2528 430 2559 ἁ
455 2527 625 2560 sacrorum.
656 2530 740 2562 clare
757 2529 875 2562 Cicero
894 2530 952 2563 Pro

79 2569 158 2598 domo
175 2577 201 2599 c.
215 2576 261 2608 13.
284 2568 369 2610 Quas
384 2569 548 2610 adoptiones
562 2571 731 2603 hereditates
745 2573 870 2604 nominis
880 2596 889 2611 ,
902 2579 953 2613 pe·

82 2609 198 2647 cunioe,
217 2609 388 2649 sacrorum,
411 2611 564 2651 consecutae
586 2615 667 2651 sunt.
712 2612 755 2644 Et
782 2615 865 2653 apud
889 2613 954 2644 Vo-

80 2648 201 2690 piscum
224 2649 381 2681 Aureliano
404 2661 428 2683 c.
455 2660 500 2690 14.
524 2653 604 2693 Jube
618 2655 732 2695 igitur,
754 2661 788 2686 ut
803 2656 861 2697 lege
883 2665 953 2697 oga-

82 2697 153 2728 zur,
170 2688 266 2730 fitque
289 2691 467 2723 Aurelianus
491 2694 748 2735 heressacrormn‚
771 2698 896 2728 nominis
918 2696 954 2731 ὅ)

80 2731 234 2768 bonorum,
256 2732 398 2773 totiusque
408 2733 488 2773 juris
506 2734 591 2775 Ulpio
611 2736 732 2769 Crinito.
772 2738 814 2769 At
829 2737 907 2769 sicut
924 2747 955 2769 a-

82 2772 236 2812 doptivus
253 2769 335 2802 filius
359 2774 514 2814 adoptivo
531 2777 630 2816 patri,
653 2778 684 2809 in
702 2779 789 2819 cujus
805 2778 955 2812 familiam

84 2812 210 2851 transit,
234 2811 269 2843 fit
292 2811 362 2844 suus
385 2815 495 2859 lieres:
518 2817 560 2847 ita
575 2819 654 2857 patri
672 2821 803 2851 naturali
819 2822 849 2852 in
868 2821 956 2860 cujus

81 2854 204 2887 familia
221 2852 284 2884 ess'e
301 2854 434 2894 desinit,
455 2855 493 2887 fit
509 2865 686 2890 extraneus.
718 2859 957 2904 QuintilianuS,

82 2894 215 2928 Decium.
241 2898 312 2936 346.
339 2894 454 2927 Danao*
468 2898 501 2928 in
515 2900 689 2938 adoptionem
698 2902 750 2942 jus
767 2912 847 2934 omne
863 2909 958 2934 trans-

82 2937 176 2968 latam
192 2934 240 2976 est.
265 2935 408 2968 Tantum
425 2939 542 2970 retinet
559 2941 605 2979 jus
625 2950 763 2982 naturae3
778 2944 809 2976 id
827 2944 890 2983 est,
911 2944 960 2984 jus

81 2978 306 3020 cognationis,
330 2977 438 3010 amiffo
458 2979 527 3019 jure
545 2983 731 3021 agnationis.
777 2984 830 3016 Sic
850 2985 957 3026 Ulpia-

81 3027 141 3051 nus
156 3019 176 3050 l.
189 3029 222 3058 ⁴4.
240 3017 269 3058 §.
291 3027 336 3051 10.
360 3018 403 3051 D.
422 3021 455 3051 de
466 3022 615 3061 gradibus.
641 3022 845 3065 Quintilanus
861 3028 889 3058 d.
906 3027 957 3058 loc.

81 3061 114 3092 ἀ
133 3061 216 3101 apud
233 3058 426 3092 Terentium
445 3063 564 3103 Adelph.
588 3072 612 3094 1.
638 3074 665 3095 2.
689 3068 762 3104 vers.
779 3072 827 3106 4⁶-
855 3068 959 3099 Micio

83 3101 210 3134 Natura
226 3106 260 3132 tu
279 3101 323 3132 illi
341 3107 425 3142 pater
440 3111 487 3142 es,
511 3104 634 3141 confiliis
651 3115 710 3147 ego.
750 3106 795 3138 Ita
813 3109 889 3148 quid
906 3109 961 3140 ini-

83 3142 174 3182 rum,
188 3142 277 3183 quod
293 3143 441 3174 observat
463 3143 571 3182 Dion,
596 3146 641 3176 lib.
660 3151 709 3185 46.
725 3155 797 3190 pag.
815 3154 894 3190 366,
918 3149 962 3181 O-

84 3183 220 3215 &avium
235 3207 245 3221 ‚
269 3184 458 3225 adoptatum
481 3186 671 3218 testamento
695 3192 866 3230 avunculi,
894 3191 961 3234 Caji

79 3223 154 3263 Julii
170 3224 317 3264 Caesaris,
331 3227 447 3258 deinde
462 3229 656 3268 appellatum
672 3230 763 3262 fuisse
782 3231 893 3272 Cajum
910 3233 960 3274 Ju-

83 3264 161 3299 lium
184 3265 339 3299 Caesarem
370 3266 594 3304 octavianum.
624 3272 773 3308 nimirum
800 3274 961 3317 assumpsit

1827 171 1870 214 23

990 261 1195 294 praenomen,
1220 261 1356 292 nornen.
1382 256 1412 288 &
1435 253 1646 299 cognomen,⁴
1670 259 1770 299 patris
1793 256 1869 289 ado›

989 298 1087 336 ptivi‚
1105 304 1234 328 retento
1252 297 1326 336 suo,
1343 297 1395 330 sed
1413 296 1544 331 inflexo.
1569 299 1792 340 Superioribus
1808 301 1868 330 eri·

988 346 1038 369 am
1061 337 1261 378 consequens
1289 338 1366 371 fuit:
1391 341 1480 381 quod
1498 341 1542 372 ait
1561 340 1672 372 Paulus
1688 343 1708 374 l.
1730 351 1779 383 23.
1798 341 1825 372 b.
1842 347 1866 371 t.

987 389 1059 411 eum
1076 380 1128 420 qui
1141 380 1172 410 in
1191 381 1399 420 adoptionem
1410 383 1519 420 datur,
1537 382 1585 413 his
1601 383 1716 423 quibus
1733 385 1868 424 adgnas-

988 421 1093 459 citur‚
1117 421 1147 452 ἂ
1171 430 1343 462 cognatum
1369 422 1455 455 fieri:
1479 423 1592 464 quibus
1617 435 1696 457 vero
1721 434 1787 457 non
1812 424 1865 457 ad·

987 462 1146 504 gnascitur
1163 485 1174 501 ,
1202 472 1263 494 nec
1286 472 1471 505 cognatum.
1496 466 1525 496 (St
1552 465 1634 497 lianc
1657 468 1744 498 addit
1766 466 1863 498 ratio-

987 514 1076 537 nem:
1093 505 1180 546 quod
1198 505 1330 545 adoptio
1348 515 1412 538 non
1427 506 1473 546 jus
1491 506 1664 547 sanguinis,
1682 508 1734 540 sed
1750 509 1868 550 adgna-

988 547 1104 585 tionis,
1126 545 1241 577 adfert.
1266 546 1296 578 δι
1312 548 1406 586 ideo,
1432 547 1554 588 inquit,
1578 547 1599 580 si
1619 548 1718 582 filium
1734 552 1868 591 adopta-

990 588 1109 626 verim,
1133 597 1215 618 uxor
1229 597 1299 618 mea
1316 588 1358 620 illi
1376 590 1483 621 matris
1501 589 1576 620 loco
1594 599 1659 622 non
1675 591 1740 623 est:
1759 601 1866 632 neque

988 633 1073 662 enim
1102 627 1299 670 adgnascitur
1323 633 1371 669 ei,
1393 638 1527 671 propter
1543 631 1632 672 quod
1649 641 1710 663 nec
1727 642 1867 674 cognata

989 671 1055 711 ejus
1074 670 1120 702 fit.
1146 672 1222 702 item
1246 680 1307 702 nec
1326 680 1426 704 mater
1443 681 1515 704 mea*
1536 673 1613 704 aviae
1638 673 1714 705 loco
1740 675 1785 707 illi
1803 674 1867 708 ests.

989 713 1142 753 quoniam
1160 712 1208 743 his
1225 713 1276 751 qui
1295 720 1384 745 extra
1402 713 1553 746 familiam
1573 723 1675 746 meam
1694 715 1780 755 sunt,
1798 723 1868 748 non

989 753 1206 794 adgnascitur:
1225 753 1276 785 sed
1293 753 1365 786 filiae
1384 765 1463 786 meae
1473 757 1497 787 is
1508 765 1602 796 quein
1619 757 1789 798 adoptavi,
1804 758 1868 789 fra-

991 802 1037 825 ter
1054 794 1108 827 fit:
1134 796 1285 835 quoniam
1301 796 1332 828 in
1347 795 1467 829 familia
1484 806 1554 829 mea
1570 796 1615 830 est
1630 797 1703 830 filia.
1722 800 1810 840 quod
1825 799 1867 830 ab

989 834 1131 876 Ulpiano
1149 835 1355 868 confirmatur
1374 838 1391 869 l.
1414 848 1439 871 1.
1457 838 1486 880 §.
1503 850 1532 879 4.
1549 839 1591 873 I).
1634 839 1721 872 Unde
1738 841 1868 882 cognati.

990 885 1141 908 caeterum
1157 877 1212 908 etsi
1236 879 1432 918 adgnascitur
1454 881 1535 921 patri
1559 882 1716 922 adoptivo
1735 883 1870 923 ejusque

990 919 1151 959 adgnatis:
1166 919 1336 950 auctoritas
1354 928 1459 952 tamen
1478 931 1590 954 eorum
1607 924 1689 955 inter
1705 933 1786 964 quos
1799 925 1869 964 jura

991 960 1178 1000 adgnatonis
1194 959 1453 1001 consequuntur,
1477 973 1546 996 eam
1562 966 1594 997 in
1610 974 1678 997 rem
1697 965 1870 999 necessaria

992 1010 1057 1032 non
1074 1000 1119 1032 est
1133 1000 1152 1030 l.
1170 1009 1198 1041 7.
1218 1000 1244 1031 b.
1265 1007 1287 1032 t.

1033 1042 1112 1074 Illud
1138 1041 1249 1082 quale:
1273 1043 1361 1083 quod
1385 1043 1498 1078 Paulus
1518 1047 1538 1078 l.
1556 1057 1605 1088 35.
1621 1049 1649 1081 b.
1668 1055 1690 1080 t.
1708 1050 1868 1092 dignitaS,

992 1084 1113 1124 inquit,
1130 1092 1186 1123 per
1202 1083 1412 1124 adoptionem
1431 1096 1495 1119 non
1513 1090 1683 1130 minuitur,
1707 1091 1759 1123 sed
1773 1102 1873 1134 augea

993 1125 1069 1157 tur?
1093 1125 1122 1156 ἃ
1142 1126 1324 1165 exemplum
1346 1125 1443 1159 Paulo
1460 1129 1492 1160 in
1509 1129 1682 1163 Senatore:
1698 1133 1783 1173 quia
1799 1135 1871 1166 Ple·-

991 1167 1065 1207 bejo
1080 1167 1250 1205 adoptatus
1261 1190 1271 1205 ‚
1288 1166 1495 1202 nihilominus
1510 1180 1617 1203 manet
1627 1173 1773 1206 Senator.
1791 1175 1874 1207 fimi-

991 1208 1062 1239 liter
1084 1207 1244 1239 Senatoris
1264 1207 1346 1239 filius
1367 1218 1384 1239 a
1403 1211 1532 1251 plebejo
1550 1214 1740 1255 adoptarus3
1765 1217 1871 1249 adhuc

991 1248 1075 1289 quasi
1092 1250 1253 1281 senatoris
1269 1250 1349 1282 filius
1361 1253 1486 1284 videtur
1501 1253 1521 1284 l.
1534 1265 1563 1293 5.
1583 1254 1620 1288 ὅ)
1635 1261 1664 1286 6.
1677 1262 1725 1296 pr.
1747 1257 1783 1292 &⁹
1799 1258 1828 1299 §.
1842 1268 1871 1291 t.

994 1291 1035 1322 D.
1052 1293 1084 1321 de
1103 1292 1263 1323 Senatorii).
1287 1292 1357 1323 vice
1374 1294 1470 1325 etiam
1487 1294 1574 1326 versa
1586 1295 1750 1329 siSenator
1767 1299 1873 1331 homi-

991 1341 1065 1364 nem
1077 1332 1236 1373 plebejum
1252 1335 1407 1373 adoptet;
1423 1336 1550 1375 placet,
1568 1339 1757 1378 adoptivum
1775 1340 1871 1372 Sena-

993 1374 1072 1406 toris
1087 1373 1186 1405 filium
1201 1375 1333 1416 intelligi
1350 1376 1397 1407 dd.
1411 1377 1440 1407 u.
1460 1377 1590 1418 ejusque
1606 1380 1779 1419 privilegiis
1795 1383 1871 1414 eum

992 1416 1087 1447 etiam
1105 1416 1134 1446 in
1155 1425 1257 1456 poenis
1276 1416 1337 1447 frui
1356 1418 1375 1448 t.
1392 1418 1445 1449 ult.
1464 1418 1493 1460 §.
1510 1429 1536 1450 1.
1556 1419 1597 1450 D.
1617 1422 1651 1451 de
1661 1417 1762 1462 poeni's.
1789 1423 1871 1456 Haee

992 1457 1067 1488 ideo
1079 1464 1180 1489 noto:
1200 1458 1272 1497 quia
1287 1457 1457 1498 sicliquet,
1474 1470 1545 1500 quae
1556 1470 1572 1491 a
1583 1460 1744 1495 Cicerone
1760 1465 1873 1497 Proda-

991 1508 1035 1530 mo
1054 1508 1078 1529 c.
1102 1507 1146 1537 14.
1167 1507 1281 1530 contra
1294 1499 1401 1531 Clodii
1417 1503 1655 1543 arrogationem
1676 1514 1693 1535 a
1709 1506 1873 1540 confusio-

991 1547 1032 1571 ne
1049 1541 1153 1581 gentis
1171 1541 1308 1579 patriciae
1334 1541 1533 1582 plebejaeque
1550 1545 1791 1586 producuntur,
1815 1557 1872 1581 aut

991 1581 1134 1613 oratorio
1150 1591 1240 1613 more
1255 1582 1316 1613 dici
1335 1591 1393 1623 pro
1408 1583 1516 1623 causa,
1534 1593 1586 1616 aut
1604 1587 1747 1618 moribus
1765 1598 1873 1631 popu-’-

992 1623 1012 1654 li
1034 1622 1169 1654 Romani
1198 1623 1313 1655 deinde
1336 1624 1506 1657 evanuisse.
1552 1625 1613 1659 Sed
1631 1628 1703 1660 talia
1727 1630 1874 1670 pendent

992 1665 1090 1705 magis
1110 1664 1149 1699 ab
1166 1664 1299 1697 arbitrio
1324 1668 1502 1704 utentium,
1527 1677 1620 1708 quam
1639 1679 1655 1700 a
1672 1672 1804 1703 naturali
1827 1682 1873 1705 ra·

993 1711 1093 1737 tione.
1120 1704 1166 1736 Ut
1185 1715 1218 1737 ut
1233 1707 1311 1745 erit,
1328 1707 1414 1747 quod
1429 1717 1469 1739 ex
1490 1708 1585 1741 Paulo
1603 1710 1742 1751 dictum,
1755 1713 1804 1753 jus
1820 1714 1877 1746 fu·

993 1748 1016 1779 it
1032 1746 1200 1779 constante
1216 1749 1404 1789 adoptione.
1429 1748 1517 1781 finita
1534 1752 1618 1784 enim
1637 1754 1734 1793 patris
1745 1756 1872 1797 adopti-

994 1790 1024 1821 vi
1042 1788 1260 1829 potestate‚in
1277 1791 1364 1821 omni
1382 1790 1528 1833 ferejure
1546 1802 1586 1825 ex
1597 1794 1729 1834 pristino
1747 1797 1872 1831 nullum

993 1833 1149 1864 retinetur
1174 1830 1366 1873 vestigium:
1390 1833 1528 1875 denique
1552 1834 1581 1866 δι
1606 1836 1706 1876 patria
1733 1837 1872 1879 dignitas

995 1883 1050 1913 per
1065 1872 1274 1912 adoptionem
1291 1873 1434 1914 quaesita‚
1459 1884 1495 1906 ea
1514 1874 1603 1907 finita
1620 1877 1805 1919 deponitur.
1828 1881 1874 1914 ita

994 1915 1182 1955 Papinianus
1200 1914 1219 1944 l.
1241 1924 1287 1954 13.
1305 1915 1332 1945 h.
1348 1920 1370 1946 t.
1397 1917 1548 1958 additque
1565 1918 1764 1960 Pomponius
1782 1921 1802 1954 l.
1823 1931 1878 1963 14.-

994 1959 1090 1988 etiam
1115 1964 1269 1997 nepotem
1288 1965 1327 1988 ex
1346 1955 1413 1988 filio
1436 1960 1519 1999 apud
1541 1959 1731 2001 adoptatum
1748 1972 1874 2003 patrem

995 2006 1192 2036 conceptum
1211 1997 1242 2029 ὅ(
1266 2005 1393 2038 natum,
1417 2008 1474 2040 per
1499 2002 1792 2043 emancipationem
1805 2007 1876 2047 jura.

995 2040 1103 2070 omnia
1117 2039 1262 2079 perdere.

1034 2080 1177 2113 Tantum
1196 2081 1236 2112 de
1247 2079 1437 2114 definitione
1452 2083 1655 2125 adoptionis&
1671 2085 1812 2128 sequitur
1826 2089 1875 2122 di-

996 2121 1083 2154 visio.
1106 2121 1162 2153 Est
1178 2122 1263 2153 enim
1277 2123 1427 2163 generale
1452 2127 1638 2165 adoptionis
1655 2137 1795 2169 nomen,
1820 2130 1875 2164 sed

997 2164 1052 2204 (ut
1067 2162 1269 2194 Modestinus
1287 2164 1329 2194 ait
1344 2163 1364 2196 l.
1378 2174 1402 2196 1.
1421 2164 1450 2208 §.
1465 2175 1488 2198 1.
1506 2167 1533 2199 h.
1547 2167 1590 2209 t.)
1608 2169 1638 2201 in
1656 2171 1733 2202 duas
1751 2171 1877 2212 species

997 2206 1166 2237 dividitur:
1182 2213 1313 2244 quarum
1329 2205 1426 2238 altera
1436 2208 1570 2248 adoptio
1580 2209 1724 2244 similiter
1739 2213 1875 2246 dicitur:

997 2247 1094 2278 altera
1109 2246 1279 2286 arrogatio.
1295 2247 1488 2288 adoptantur
1497 2248 1707 2284 filiifamilias:
1723 2254 1879 2295 adrogan-

997 2296 1048 2319 tur
1066 2287 1119 2328 qui
1136 2285 1269 2327 suijuris
1288 2286 1366 2320 sunt.
1409 2290 1463 2322 Ait
1479 2299 1585 2324 autem
1604 2292 1702 2334 Gajus
1719 2295 1738 2325 l.
1757 2305 1787 2326 2.
1807 2297 1835 2329 b.
1852 2302 1876 2330 t.

997 2329 1207 2369 adoptionem
1219 2327 1285 2375 fissfj
1304 2329 1441 2370 imperio
1458 2332 1671 2373 Magistratus.
1698 2335 1733 2367 A.
1747 2335 1877 2371 Gellius

995 2371 1042 2401 lib.
1059 2381 1089 2412 5.
1107 2379 1132 2402 c.
1155 2379 1198 2406 19.
1216 2370 1313 2409 dicit,
1338 2380 1395 2411 per
1410 2372 1597 2407 Praetorem.
1621 2376 1753 2415 addam,
1777 2378 1829 2410 vel
1845 2389 1879 2412 a·

996 2412 1090 2449 lium,
1115 2412 1197 2450 apud
1220 2420 1315 2452 quern
1340 2413 1418 2455 legis
1444 2415 1527 2446 aelio
1545 2415 1602 2455 sit,
1626 2425 1661 2448 ut
1681 2417 1879 2462 Consulem,

996 2453 1048 2484 vel
1068 2452 1231 2484 Praefidem
1250 2453 1269 2484 l.
1289 2463 1317 2495 3.
1339 2453 1376 2489 ὅ)
1390 2465 1419 2494 4.
1439 2455 1479 2486 D.
1499 2456 1537 2491 ὅ)
1551 2457 1570 2487 1,
1594 2466 1619 2489 t.
1638 2458 1670 2490 C.
1687 2459 1715 2491 h.
1734 2466 1755 2493 t.
1795 2460 1877 2495 Non

995 2495 1090 2536 igitur
1112 2493 1148 2525 fit
1173 2495 1308 2535 adoptio
1332 2496 1464 2536 tabulis,
1489 2497 1566 2530 licet
1589 2508 1646 2541 per
1669 2501 1880 2537 tabellionem

995 2534 1225 2574 conficiendis,
1251 2536 1302 2568 sed
1319 2535 1450 2569 solemni
1465 2539 1542 2579 juris
1561 2541 1675 2574 ordine
1694 2545 1778 2585 apud
1795 2545 1880 2577 Prae-

996 2577 1113 2617 fidem,
1136 2577 1224 2608 verbi
1249 2579 1367 2618 gratia,
1391 2577 1471 2611 solet
1494 2582 1637 2622 copulari
1659 2583 1679 2616 l.
1698 2594 1728 2623 4.
1748 2586 1781 2618 C.
1807 2587 1836 2619 h.
1853 2593 1878 2621 t.

998 2618 1154 2650 Ordinem
1180 2618 1329 2651 describit
1357 2619 1546 2660 justinianus
1570 2623 1590 2654 l.
1614 2624 1668 2657 ult.
1693 2627 1726 2658 C.
1754 2628 1811 2660 eod.
1829 2629 1878 2663 tit.

997 2660 1060 2692 fuit
1076 2667 1181 2691 autem
1199 2660 1279 2692 talis.
1326 2659 1423 2693 Filius
1439 2672 1457 2694 a
1474 2663 1562 2703 patr'e
1587 2668 1720 2700 naturali
1739 2670 1828 2710 qu'us
1844 2671 1878 2702 in

997 2701 1158 2747 potestate
1180 2710 1267 2740 erat,
1297 2711 1355 2743 per
1382 2712 1423 2736 aes
1440 2704 1470 2736 dc
1488 2703 1599 2739 libram
1620 2711 1702 2748 patri
1719 2712 1876 2749 adoptivo

998 2742 1146 2774 venditus
1164 2750 1324 2787 tamquam
1337 2743 1459 2788 servus,
1475 2747 1516 2788 ab*
1525 2757 1565 2779 eo
1581 2752 1876 2783 manumittebatur.

1000 2785 1025 2816 is
1047 2782 1248 2830 manumissus
1272 2784 1401 2827 exlege
1424 2787 1552 2823 Romuli
1571 2791 1708 2832 relapsus
1726 2794 1756 2824 in
1780 2793 1878 2832 patris

1000 2826 1152 2857 naturalis
1169 2824 1376 2865 potestatem,
1389 2828 1427 2860 ab
1438 2838 1478 2861 eo
1491 2831 1606 2864 iterum
1623 2835 1704 2873 patri
1721 2833 1876 2873 adoptivo

1001 2866 1347 2914 yendebatur‘nummo
1362 2870 1547 2912 imaginario
1558 2897 1567 2912 ,
1584 2876 1610 2905 ἃ
1622 2873 1763 2906 similiter
1779 2874 1817 2904 ab
1835 2883 1876 2906 eo

1001 2915 1116 2939 iterum
1134 2910 1425 2943 manumittebatur.
1459 2914 1596 2956 relapsus
1612 2921 1715 2946 autem
1733 2916 1762 2945 in
1780 2916 1878 2954 patris

1002 2949 1153 2995 naturalis
1165 2949 1376 2991 potestatem,
1399 2956 1497 2988 tertio
1521 2957 1718 2988 vendebatur
1741 2958 1821 2995 patri
1845 2966 1877 2988 a·

1002 2991 1159 3029 doptivo.⁴
1183 2998 1251 3023 tum
1268 3003 1345 3025 vero
1364 2993 1404 3026 ab
1428 3006 1469 3027 eo
1488 3006 1550 3028 non
1571 2997 1877 3038 manumittebatur‚

1003 3031 1055 3063 sed
1072 3031 1103 3062 in
1118 3032 1187 3072 jure
1203 3042 1310 3067 coram
1327 3035 1516 3078 Magistratn
1534 3037 1583 3068 cui
1601 3047 1637 3068 ea
1657 3035 1730 3078 legis
1745 3038 1830 3077 adio
1846 3049 1878 3071 e·

1002 3081 1067 3119 rat,
1084 3073 1302 3108 vindicabatur
1323 3088 1362 3109 ex
1384 3079 1453 3118 jure
1470 3078 1645 3122 Quiritium
1665 3078 1825 3119 tamquam
1843 3078 1878 3112 fia

1003 3114 1080 3154 lrus3
1105 3115 1132 3146 ἃ
1150 3124 1214 3148 non
1231 3120 1529 3151 contravindicante
1552 3119 1602 3148 vel
1625 3125 1878 3162 cedente'patre

1005 3157 1154 3196 naturali,
1169 3166 1186 3188 a
1198 3158 1384 3200 Magistratu
1395 3162 1445 3191 cui
1460 3159 1581 3200 caiegis
1592 3159 1676 3192 actio
1693 3164 1881 3203 erat,‘addi-

1005 3197 1146 3230 cubatur.
1164 3208 1261 3240 atque
1278 3199 1342 3232 hoc
1361 3201 1445 3232 sensu
1465 3201 1563 3241 Gajus
1581 3202 1607 3231 d.
1625 3201 1645 3233 l.
1661 3211 1698 3243 2,
1715 3204 1777 3242 ait,
1793 3205 1878 3237 hanc

1005 3239 1223 3281 adoptionem
1233 3240 1301 3273 fieri
1313 3242 1449 3282 imperio
1466 3241 1678 3283 Magistratus.
1703 3247 1740 3277 A.
1752 3244 1879 3282 Gellius

1003 3281 1033 3313 d.
1058 3290 1085 3316 c.
1105 3290 1153 3318 19.
1170 3282 1220 3314 lib.
1240 3293 1271 3325 5.
1287 3282 1330 3315 fic
1361 3283 1522 3323 exprimit.
1546 3284 1742 3326 Adoptantur*
1755 3294 1844 3329 quum
1860 3290 1880 3321 ὰ

1824 3336 1879 3371 ra·
