2036 3495
296 112 360 147 An
386 112 433 148 L1
445 120 477 146 Β.
506 107 638 146 XVIH.
674 106 776 143 T1·1·.
804 105 831 143 I.
856 106 912 143 >De
927 108 1132 145 contrahenda
1149 109 1298 156 emptione
1317 105 1359 148 δέ’
1374 107 1408 143 de
1422 106 1522 155 podis
1540 103 1615 146 &a

61 209 155 234 nem:
178 201 242 233 five
260 211 338 242 pure
356 201 551 238 vendantur,
574 198 636 230 five
652 196 707 228 sub
724 196 932 241 conditione,

62 243 206 282 quamvis
230 243 377 282 constet,
401 253 449 274 res
472 241 592 273 futuras
607 239 670 270 emi
686 238 797 279 posse3
820 239 930 270 Videli-

62 293 137 323 cet,
160 288 231 325 quia
249 284 294 316 fas
313 294 375 316 non
394 283 458 323 est,
483 281 664 322 hujusmodi
688 279 775 325 casus
800 281 928 320 exspec—

62 334 129 357 tare
145 329 172 357 (l.
188 326 207 357 i.
227 335 276 367 34.
295 325 323 367 §.
341 336 367 357 2.
383 326 410 355 b.
425 331 447 356 t.
463 323 537 355 Hoc
553 324 636 353 inter
652 321 800 352 scientes,
816 321 904 352 Idem
916 343 926 360 ,

60 367 82 400 fi
101 376 227 407 emptor
245 367 319 406 scit,
344 376 414 398 cum
432 365 580 396 venditor
595 363 753 407 ignorat-l.
767 372 814 403 70.
833 361 925 405 D3h.

61 411 82 441 t.
100 418 208 447 certe,
232 408 284 440 ubi
303 417 366 439 non
385 413 473 438 tenet
495 404 694 443 contractus,
718 403 761 434 ibi
781 413 840 435 nec
854 404 927 435 acti-

61 460 158 482 onem
183 449 262 482 effe:
287 449 338 480 hic
361 458 401 480 eo
421 446 551 488 justius,
571 445 643 484 quia
668 446 709 478 sic
726 454 823 476 nemo
839 443 926 477 laesus

59 491 266 523 fraudatusve
283 490 327 521 est
342 489 362 521 l.
379 493 408 520 6.
428 488 468 519 D.
484 487 512 518 h.
528 494 548 518 t.
566 486 675 529 Quid,
698 486 719 518 si
739 486 822 518 inter
837 486 926 526 igno-

58 542 165 564 rantes
181 541 234 563 aut
250 539 336 564 certe
352 530 517 573 ignorante
536 537 685 568 emptore
709 527 871 573 contrasta
883 526 926 572 'sit

58 573 204 606 venditio
215 572 258 604 rei
269 579 463 603 commercio
472 579 629 610 exemptae
639 593 648 606 ,
665 570 755 602 liberi
767 570 905 600 hominis
915 590 925 606 ‚

58 615 149 646 verbi
173 613 296 655 gratia?
322 611 457 643 Videtur
478 621 495 642 a
524 612 696 643 Veteribus
722 612 753 642 in
779 609 850 640 For-i
870 608 926 640 Di.

59 656 241 696 {putatione
258 652 348 685 fuiffe
367 654 564 685 dubitatum:
588 656 673 694 quod
696 654 735 683 ab
759 661 818 682 una
836 659 926 695 parte

57 697 154 729 staret
175 697 247 736 juris
270 696 399 737 regula,
423 695 643 727 venditionem
669 693 808 725 hominis
827 692 926 738 ,liberi

57 738 258 778 improbans:
282 738 321 768 ab
338 738 434 768 altera
451 737 600 777 aequitas,
623 736 808 779 ignorantiae
826 733 924 779 indul-

56 789 152 822 gens,
184 788 317 819 propter
341 778 561 811 difficultatem
590 777 799 818 dignoscendi
822 777 910 806 homi

56 830 131 854 nem
151 820 284 851 liberum
304 830 320 850 a
335 821 425 851 servo
437 845 445 859 ‚
469 822 579 851 eadem
609 821 774 859 utriusque
791 816 889 856 figura
906 816 925 846 l.

55 873 87 903 5.
113 863 140 893 b.
169 868 191 894 t.
217 862 323 902 Atque
355 863 417 893 boc
441 862 537 903 magis
564 860 731 902 placuisse,
762 859 926 890 auctorem

57 904 166 936 habeo
185 903 344 935 Licinium
364 903 511 935 Rufinum
530 903 583 934 lib.
600 907 628 937 8.
651 900 860 943 Regularum,
885 907 927 946 eit

58 954 124 984 quo
141 943 301 985 sequentia
317 944 462 984 adscripsi
490 946 584 975 verba
608 945 629 975 1.
658 953 705 984 70.
731 945 757 973 h.
784 947 806 973 t.
826 942 927 972 Liberi

58 986 182 1018 bominis
198 987 364 1026 emptionem
381 987 512 1017 contrahi
523 985 616 1026 poffe,
638 986 765 1026 plerique
783 981 924 1023 existima-

57 1034 185 1060 verunt.-
201 1026 229 1065 fi
245 1029 321 1058 modo
338 1029 412 1059 inter
433 1031 597 1069 ignorantes
613 1028 642 1058 id
662 1026 730 1066 flat.
756 1026 831 1071 quoti
854 1025 928 1054 idem

54 1070 171 1111 placet,
194 1068 304 1106 etiamst
321 1072 454 1100 venditor
470 1071 559 1107 sciat,
573 1074 681 1108 emptor
699 1073 792 1098 antem
806 1071 926 1106 ignoret.

61 1109 150 1152 Quid
167 1111 218 1141 hic
239 1110 378 1142 Licinius
395 1110 553 1142 Rufinus?
570 1110 732 1150 indigitat,
755 1109 928 1148 plerosque

58 1152 302 1193 jurisconsultos
320 1151 349 1184 in
362 1152 433 1183 Fori
452 1152 682 1191 disputatione,
701 1152 731 1182 in
752 1159 813 1190 qua
828 1157 928 1179 cares

62 1194 264 1232 vertebatur,
288 1192 329 1225 fic
352 1193 548 1225 existimaffe.
573 1192 729 1232 Idemque
754 1200 871 1230 opinor
893 1188 928 1220 fi-

59 1234 202 1276 gnificari
220 1245 237 1266 a
255 1234 426 1276 Papiniano
440 1235 459 1268 l.
476 1244 526 1274 44.
539 1235 584 1266 D.
600 1236 632 1265 cie
649 1240 746 1273 usurp.
759 1232 795 1266 ὃ)
812 1235 928 1272 usucap.

59 1286 135 1308 cum
146 1278 208 1315 ait,
229 1276 294 1307 Hoc
309 1275 702 1317 inhomt'neliberoplacuiffe.
728 1273 817 1306 Ubi?
841 1281 926 1303 nem·

58 1327 102 1359 pe
139 1319 170 1349 in
201 1317 274 1349 Fori
311 1317 540 1358 Disputatione.
589 1317 686 1347 Addit
710 1315 898 1356 Papinianus
915 1323 924 1345 ε

57 1359 107 1392 lbi
127 1366 240 1399 propter
264 1358 404 1398 officinam
427 1358 464 1393 &³
490 1359 663 1389 cotidianum
687 1357 926 1397 comparationem

47 1401 202 1442 servorum
219 1403 260 1430 ito
273 1399 409 1439 constitui
413 1400 524 1440 publice
533 1400 680 1436 interfuit.
705 1408 773 1429 nom
784 1399 925 1438 frequen-

59 1449 102 1474 ter
117 1443 286 1484 ignorantia
301 1443 398 1472 liberos
415 1443 544 1472 emimus.
589 1440 640 1472 Sic
667 1439 871 1480 Papinianus:
889 1447 925 1468 ac

57 1483 113 1515 vix
132 1484 264 1521 dubito,
281 1482 357 1522 quin
376 1482 634 1522 ajurisconsuitis
645 1482 707 1513 hoc
719 1481 926 1513 constitutum

56 1524 151 1557 fuiss'e
168 1527 337 1564 opinetur:
360 1533 431 1555 nam
448 1523 478 1555 ἀ
495 1525 553 1554 hos
578 1523 731 1561 statuere,
755 1524 784 1554 δι
811 1521 924 1553 consti-

59 1574 151 1597 tuere
162 1589 171 1603 ,
186 1565 389 1605 ipsorumque
404 1565 571 1596 sententias
581 1565 644 1596 dici
661 1563 905 1595 constitutiones
916 1586 925 1601 ,

61 1607 145 1640 evici
159 1606 246 1646 supra
262 1606 314 1636 sub
324 1605 438 1637 Titulo
458 1605 502 1636 De
514 1604 596 1646 Just.
614 1605 650 1640 δέ’
664 1606 724 1647 jur.
740 1604 814 1636 Non
832 1603 927 1645 igitur

62 1649 152 1680 valet
165 1648 266 1678 emtio
285 1646 422 1678 hominis
446 1646 534 1678 liberi
550 1647 640 1678 recto
666 1650 694 1678 o't
719 1646 822 1679 subtili
842 1647 925 1686 jure:

61 1699 103 1722 ne
131 1696 262 1729 propter
287 1688 496 1728 ignorantiam
513 1688 641 1729 quidem
668 1696 722 1720 aut
744 1689 926 1727 utriusque,

60 1738 116 1762 aut
137 1729 290 1770 emptoris
310 1729 422 1762 solius:
446 1728 584 1771 ideoque
606 1738 720 1761 neutro
745 1729 815 1762 casu
832 1727 926 1760 nasci·

60 1779 114 1804 tur
131 1771 247 1803 direfto
265 1781 302 1801 ex
315 1780 426 1811 empto
442 1770 534 1802 actio.
559 1770 655 1803 visum
674 1780 778 1803 tamen
794 1771 927 1812 pruden-

60 1814 149 1845 tibus
161 1837 169 1851 ‚
194 1814 267 1843 dare
284 1822 323 1843 ex
339 1821 450 1853 empto
461 1812 636 1852 astionem,
660 1814 790 1853 perinde
817 1821 853 1844 ac
868 1811 888 1843 fi
903 1812 927 1844 is

63 1854 247 1886 contractus
274 1854 404 1885 valeret.
430 1852 523 1892 Hoc,
554 1864 594 1886 ne
616 1855 824 1894 explicationi
850 1853 927 1885 defit

62 1896 252 1933 austeritas,
278 1904 340 1933 prae
360 1894 388 1926 se
410 1895 474 1926 fert
495 1895 695 1928 Modestinus
711 1897 764 1928 lib.
779 1908 808 1936 5.
828 1895 929 1936 Regu-

61 1938 180 1970 larum:
197 1946 267 1968 nam
287 1946 325 1967 ex
339 1935 395 1967 illo
412 1937 492 1967 libro
512 1936 589 1968 esti.
605 1941 655 1969 62.
672 1938 700 1979 §.
724 1947 748 1970 1.
766 1939 794 1970 d.
811 1944 832 1970 t.
852 1937 928 1968 Ver·

62 1979 106 2011 ba
122 1978 312 2009 Modeilini:
337 1977 400 2022 ‚Q'st'
415 1979 537 2008 nesciens
553 1978 614 2009 loca
628 1982 710 2014 lucra
732 1979 779 2011 vel
801 1979 931 2020 religiosa

60 2019 111 2051 vet
121 2019 240 2061 publica
255 2026 306 2059 pro
321 2021 449 2059 privatis
464 2022 659 2060 comparavit,
677 2021 742 2052 licet
756 2023 857 2062 emptio
874 2030 930 2051 non

62 2066 179 2099 teneat,
202 2070 238 2092 ex
253 2067 342 2101 empto
358 2068 453 2092 tomen
472 2062 609 2098 adversus
624 2063 801 2094 venditorem
823 2063 931 2104 experi-

63 2107 149 2140 etur,
172 2109 203 2133 ut
221 2100 523 2145 consequatur‚'quod
540 2104 676 2143 interfuit
700 2104 778 2146 ejus,
802 2113 837 2136 ne
860 2105 934 2136 deci-

57 2149 183 2184 peretur.
211 2143 320 2174 Senlus
339 2143 514 2175 Modestini
531 2143 596 2182 est,
614 2143 707 2176 Licet
720 2145 823 2177 subtili
841 2146 871 2177 &
887 2146 931 2177 di-

63 2185 155 2217 recto
168 2184 236 2224 jure
254 2193 317 2215 non
335 2185 438 2216 valeat
456 2185 650 2225 einptioioci
666 2186 741 2218 sacri
759 2197 775 2218 a
793 2186 932 2219 nescien-

66 2233 102 2257 te
121 2226 221 2264 faeta,
252 2226 392 2266 ideoque
417 2235 481 2257 non
499 2235 664 2268 competat
683 2227 798 2260 directa
815 2238 855 2260 ex
870 2238 933 2260 em-

66 2275 128 2308 pto
144 2267 247 2303 εξὶίος
264 2274 367 2298 tamen
379 2266 544 2308 postquam
557 2268 934 2309 placuitJurisconsultis‚

67 2317 269 2347 emptionem
301 2307 432 2349 intelligi
451 2331 460 2347 ,
491 2310 546 2349 (lit
579 2310 765 2342 nominatim
794 2311 934 2352 loquitur

65 2349 268 2389 Pomponius
283 2349 301 2379 l.
317 2360 346 2389 4.
369 2350 407 2380 D.
424 2351 450 2380 h.
467 2356 488 2380 t.
507 2351 523 2389 )
548 2351 652 2382 adhuc
671 2360 743 2392 aget
761 2360 886 2392 emptor
902 2362 934 2384 u·

67 2390 115 2423 tili
139 2400 177 2422 ex
205 2400 316 2430 empto
341 2391 467 2422 aCtione
491 2392 636 2424 adverius
654 2393 876 2432 venditorem3
900 2402 933 2425 ut

67 2433 282 2473 consequatur
298 2435 385 2472 quod
403 2442 468 2473 ejus
485 2432 701 2472 interfuit‚ne
719 2435 933 2475 deciperetur.

67 2473 122 2508 Sic
148 2472 287 2511 cens-:03
311 2483 407 2513 atque
430 2474 511 2504 hanc
536 2474 693 2507 actionem
715 2476 777 2508 ess‘e
804 2477 934 2516 utilem,

66 2515 129 2555 jam
151 2515 362 2546 demonstravi
386 2516 434 2546 lib.
463 2515 507 2546 De
515 2517 606 2555 form.
632 2518 740 2549 emend.
758 2517 812 2549 dol.
828 2518 894 2549 mal.
911 2528 934 2550 c.

67 2564 143 2588 xii.
164 2555 255 2587 Hoc:
279 2556 298 2588 ii
323 2557 471 2597 venditor
490 2557 596 2595 icivit,
618 2567 747 2599 emptor
765 2559 934 2601 ignoravit.

69 2594 124 2626 sed
141 2596 223 2626 aliud
240 2596 299 2627 tst:
322 2597 341 2628 fi
359 2606 492 2638 uterque
510 2601 676 2640 ignoravit.
699 2609 769 2633 nam
797 2602 846 2633 vel
872 2601 937 2632 hoc

70 2637 143 2668 casu
159 2638 263 2668 valere
273 2643 468 2677 emptionem
483 2651 522 2672 ex
541 2640 666 2673 Licinio
678 2641 794 2674 Rufino
805 2643 934 2674 dictum.

72 2687 264 2717 quamquam
285 2688 345 2723 tion
363 2680 424 2711 hoc
440 2679 518 2713 fine:
538 2683 618 2722 quan
637 2693 765 2724 emptor
781 2687 868 2723 quod
888 2684 936 2715 lua

69 2719 210 2757 intersit,
227 2721 457 2758 coiiiequatur;
475 2731 510 2754 ut
525 2724 554 2754 in
571 2725 728 2764 superiore
747 2726 866 2766 specie:
883 2726 933 2757 sed

69 2770 106 2792 ut
124 2769 252 2800 emptor
278 2769 413 2800 pretium
436 2762 456 2793 fi
479 2766 565 2803 quod
584 2766 729 2805 solverit,
753 2776 770 2797 a
788 2769 931 2798 tendito·

68 2811 105 2833 re
121 2803 271 2842 recipiat:
298 2802 379 2841 quai]
398 2813 461 2834 non
480 2807 613 2844 patiatur
631 2810 713 2839 bona
730 2807 808 2840 fides
824 2811 933 2849 (quod

68 2843 101 2875 in
126 2844 189 2874 alio
219 2843 287 2874 casu
316 2853 354 2874 cx
379 2843 500 2883 Juliano
529 2848 727 2881 observatum
763 2851 802 2880 ab
830 2852 931 2890 Ulpia-

70 2893 116 2931 110
139 2885 170 2931 Ι..
191 2893 235 2916 11.
262 2884 290 2925 §.
315 2885 368 2915 uit.
402 2885 440 2916 D.
470 2888 503 2917 de
527 2888 581 2919 ost.
606 2894 723 2932 empti.)
753 2901 931 2931 emptorem

69 2935 102 2959 ln
119 2926 171 2957 tali
189 2925 353 2957 contractu
380 2936 442 2958 non
469 2928 584 2961 habere
608 2942 690 2970 rem;
717 2934 743 2964 <St
764 2942 899 2974 pretium
916 2943 933 2964 a

70 2968 244 2998 venditore
254 2968 389 2999 retineri.
404 2968 481 3000 illud
494 2971 522 3000 in
540 2973 714 3005 universnm
733 2977 932 3007 retinendum

69 3008 117 3043 ‚est
143 3008 343 3055 iri-omnibus
368 3019 435 3048 quae
455 3016 658 3056 'commercio
682 3015 740 3047 fine
765 3025 932 3056 exempta,

69 3051 309 3089 venditionem,
335 3059 477 3090 quamvis
496 3054 575 3085 inter
602 3057 783 3096 ignoranres
800 3057 933 3097 fatiam,

72 3101 245 3131 numquam
262 3101 362 3132 usque
372 3103 411 3124 eo
423 3093 547 3134 valere3
564 3099 637 3129 utin
648 3106 825 3138 emptorem
838 3108 931 3132 trans·

69 3133 224 3166 ferantur.
251 3133 302 3164 Sic
317 3136 357 3164 de
374 3133 444 3166 filiis
460 3145 476 3166 a
495 3145 585 3176 patre
602 3141 739 3170 venditis
756 3141 840 3171 clai-e
859 3140 922 3172 Dio

66 3176 225 3207 cletianus
251 3175 281 3206 &
309 3176 521 3209 Maximianus
547 3180 565 3210 l.
594 3190 617 3212 1.
643 3181 673 3211 C.
698 3182 730 3211 de
750 3183 858 3221 patrib.
885 3184 936 3225 qai

63 3216 116 3259 fit.
125 3217 197 3258 sitos
211 3215 363 3257 distraxer.
382 3228 443 3253 una
465 3227 533 3254 erat
555 3224 727 3264 excepti03
749 3222 771 3258 fi
796 3224 829 3260 id
843 3224 936 3262 fieret

1780 116 1851 152 309

975 198 1252 240 contemplatione
1262 205 1416 231 extremae
1432 195 1641 234 neceffitatis,
1652 202 1704 227 aut
1718 195 1849 241 alimeri-

974 248 1098 273 torum:
1122 242 1151 272 dt
1175 249 1280 272 tamen
1304 250 1345 271 ne
1367 239 1409 272 fic
1434 240 1562 280 qui-dem
1589 237 1678 269 statui
1702 238 1847 278 ingenui-

975 284 1046 313 tatis
1064 291 1175 313 eorum
1195 281 1387 322 praejudicari
1399 284 1518 319 ,docet
1535 279 1647 312 Paulus
1662 279 1709 310 lib.
1724 290 1754 319 5.
1773 280 1845 310 Sen-

971 328 1041 354 tent.
1058 327 1102 355 tit.
1124 333 1148 354 1.
1166 322 1194 364 §.
1217 332 1239 354 1.
1267 324 1329 354 Sed
1347 333 1387 354 ex
1405 321 1644 354 Constitutione
1655 321 1733 362 Imp.
1754 320 1842 352 Con·

969 363 1096 396 stantini
1115 363 1250 395 restriCta
1268 363 1338 394 haec
1355 364 1508 403 exceptio
1523 363 1566 394 cst
1585 365 1625 395 ad
1643 362 1762 395 liberos
1779 362 1844 394 san-

970 406 1198 445 guiriolentOS‚
1220 404 1251 436 id
1276 404 1340 442 est,
1373 413 1482 436 recens
1505 413 1618 444 natos,
1642 405 1672 436 <St
1700 415 1716 436 a
1740 413 1842 436 matre

970 447 1076 478 adhuc
1101 447 1252 478 rubentes
1277 446 1298 477 l.
1325 455 1352 477 2.
1377 446 1410 476 C.
1435 447 1483 475 eod
1509 449 1553 476 tit.
1581 446 1620 476 de
1637 455 1699 485 qua
1719 446 1841 486 scripsi,

969 487 1054 529 Julio
1072 488 1182 526 Paulo,
1200 486 1264 525 five
1279 489 1313 517 tle
1323 493 1426 528 portus
1442 486 1612 526 expositione
1630 487 1667 523 ἐξ
1683 497 1748 519 nece
1763 498 1787 520 c.
1808 498 1841 528 5.

1015 528 1129 560 Praeter
1145 530 1212 561 haec
1229 536 1342 560 notatu
1360 530 1489 570 dignum
1508 527 1567 558 est:
1586 531 1674 568 quod
1693 530 1845 570 Ulpianus

971 569 1080 602 scribit
1098 571 1117 602 l.
1137 581 1183 602 22.
1202 570 1237 604 ὅ)
1258 580 1306 609 21.
1327 569 1365 600 D.
1385 570 1411 601 h.
1429 578 1449 599 t.
1463 570 1551 609 (quae
1569 570 1844 612 surrtconjungen-

971 614 1018 643 dae
1032 636 1041 650 ‚
1065 621 1097 642 ut
1119 611 1186 643 sunt
1202 612 1493 645 exeodeiiilib.2·<5.
1512 611 1558 641 Ad
1573 610 1746 651 Sabinum)
1765 622 1844 644 ven·

970 654 1128 686 ditionem
1147 654 1190 684 rei
1203 652 1293 684 sacrae
1305 654 1354 685 vel
1372 650 1524 692 religiosae
1538 659 1614 682 tunc
1629 654 1757 685 deinum
1776 663 1843 686 non

969 694 1154 733 subsistere3
1170 704 1241 726 cum
1253 696 1340 734 quod
1361 693 1529 732 venditur,
1546 703 1642 726 omne
1660 695 1843 735 religiosum

969 737 1020 767 vel
1042 736 1160 767 sacrum
1188 737 1236 768 vel
1258 736 1420 776 publicum
1447 735 1506 767 cst:
1530 736 1602 775 quia
1625 734 1667 766 fic
1686 738 1846 776 principa-

968 778 1040 810 liter
1057 778 1205 809 ventlitur
1225 788 1271 809 res
1292 779 1373 808 sacra
1393 777 1444 809 vel
1460 776 1623 817 religiosa:
1647 775 1699 809 sed
1715 786 1779 808 non
1797 787 1846 810 es·

969 818 998 850 se
1022 818 1126 857 idenu
1160 820 1178 850 ii
1205 819 1348 850 modicus
1373 820 1462 851 locus
1487 818 1570 849 sacer
1604 820 1655 850 vel
1680 820 1845 860 religionis

968 860 1126 899 emptioni
1145 862 1187 890 rei
1206 863 1331 900 majoris
1350 862 1485 892 accedit.
1500 870 1603 900 pone3
1622 860 1651 891 in
1669 860 1770 892 fundo
1790 860 1848 900 qui

971 903 1079 939 venit,
1101 901 1146 932 cst
1165 901 1365 941 sepulchrum
1390 911 1442 933 aut
1463 903 1607 933 modicus
1632 902 1721 934 locus
1739 901 1844 934 sacer:

971 944 994 975 is
1015 943 1104 974 locus
1123 953 1187 974 non
1206 945 1366 984 excipitur
1384 945 1454 984 lege
1473 943 1677 975 venditionis.
1696 953 1759 974 non
1779 944 1848 983 spe·

974 983 1097 1015 cialiter
1115 986 1203 1015 venit
1221 985 1308 1016 locus
1328 984 1411 1016 sacer
1432 994 1484 1015 aut
1504 985 1683 1026 religiosus:
1703 986 1752 1016 {ed
1773 984 1847 1015 fun·

971 1027 1029 1058 dus
1046 1025 1198 1066 profanus
1217 1027 1267 1058 cui
1289 1026 1313 1057 is
1339 1027 1429 1057 locus
1445 1026 1604 1066 adliaeret3
1626 1027 1765 1066 ideoque
1782 1026 1846 1059 effe

971 1077 1011 1099 ex
1031 1075 1142 1108 empto
1160 1067 1338 1107 actionem,
1365 1069 1517 1107 Ulpianus
1533 1069 1584 1099 ait.
1610 1068 1649 1099 Et
1670 1072 1847 1100 commode

972 1109 1084 1141 Paulus
1102 1109 1120 1140 l.
1138 1113 1189 1141 62.
1209 1109 1250 1141 D.
1271 1111 1304 1140 de
1322 1112 1386 1151 adq.
1403 1120 1459 1140 rer.
1477 1111 1581 1140 domin.
1616 1110 1757 1154 Qiaeiiom
1800 1109 1846 1142 in-

972 1151 1041 1190 quit
1056 1173 1065 1188 ‚
1087 1159 1149 1191 quoe
1166 1161 1223 1182 non
1240 1150 1429 1191 poffuntsoia
1444 1151 1585 1190 alienari,
1608 1160 1657 1192 per
1672 1150 1849 1189 universita-

972 1198 1028 1222 tem
1057 1193 1226 1232 transeunt,
1250 1200 1284 1223 itt
1301 1193 1422 1233 fundus
1447 1194 1550 1224 dotalis
1575 1196 1612 1224 ad
1635 1195 1782 1229 heredem
1807 1190 1848 1228 ὅ)

971 1243 1035 1271 res,
1055 1234 1138 1274 cnjus
1155 1235 1221 1275 quir
1236 1235 1434 1265 commercium
1454 1245 1508 1264 non
1527 1236 1617 1265 babet.
1642 1235 1693 1266 [¹2st
1711 1235 1741 1266 <St
1758 1235 1847 1267 aliud

972 1276 1155 1316 exemplum
1174 1277 1204 1307 in
1223 1275 1288 1307 hoc
1303 1274 1408 1307 Taciti
1428 1276 1475 1306 lib.
1501 1285 1525 1307 1.
1547 1276 1650 1306 Annal
1676 1289 1696 1307 ‹.
1712 1286 1760 1316 73.
1782 1276 1848 1308 Nec

969 1323 1070 1347 contra
1097 1317 1242 1358 religionis
1267 1317 1349 1356 sieri,
1371 1319 1445 1359 quod
1468 1316 1575 1359 effigies
1596 1317 1656 1357 eius
1674 1317 1848 1358 (Augusti)

969 1358 1076 1389 utalia
1091 1361 1248 1390 numinum
1269 1358 1449 1396 simulachra
1473 1360 1687 1391 venditionibus
1702 1361 1848 1391 hortorum

970 1399 1006 1433 ἐπ”
1025 1401 1159 1431 domnum
1176 1402 1325 1432 accedant.

1012 1440 1128 1473 Praeter
1145 1452 1193 1473 res
1217 1441 1395 1483 religiosas,
1419 1441 1532 1481 sacras,
1557 1442 1719 1481 publicas,
1741 1443 1769 1473 &
1787 1442 1850 1474 ho-

969 1483 1070 1513 mines
1093 1483 1210 1514 liberos
1229 1485 1393 1522 dequibus
1413 1483 1496 1520 dixi,
1515 1484 1728 1522 prohibentur
1749 1485 1848 1517 etiam

970 1525 1039 1556 aliae
1060 1534 1109 1555 res
1130 1528 1191 1556 erni
1216 1525 1244 1556 ὅ(
1276 1526 1368 1557 vendi
1390 1524 1580 1556 Codicislib.
1596 1533 1643 1556 iv,
1655 1524 1771 1556 Tituli)
1788 1534 1844 1557 XL.

971 1564 1025 1605 qui
1043 1565 1102 1604 est,
1130 1565 1207 1611 Quae
1229 1576 1273 1597 res
1301 1568 1400 1597 venire
1415 1576 1473 1597 non
1487 1565 1610 1607 poffnnt.
1634 1565 1709 1597 itcm
1728 1564 1846 1598 Titulo

969 1616 1064 1639 xmr.
1084 1607 1129 1638 De
1145 1608 1283 1638 eunuchis
1298 1631 1305 1642 .
1330 1609 1358 1639 <St
1378 1607 1493 1639 Titulo
1524 1616 1592 1639 χιι.
1614 1607 1664 1645 oui
1683 1606 1747 1645 est,
1771 1606 1851 1652 Qun

969 1658 1013 1679 res
1029 1651 1175 1689 exportari
1189 1659 1244 1680 non
1262 1651 1390 1681 debeant.
1417 1651 1469 1690 qui
1489 1650 1549 1688 legi
1571 1648 1704 1690 possunt.
1729 1658 1770 1680 ex
1787 1658 1847 1689 po-

970 1689 1087 1721 stremo
1106 1690 1200 1722 solam
1217 1700 1376 1730 apponam
1395 1691 1412 1722 l.
1435 1700 1459 1722 1.
1479 1692 1562 1730 cujus
1583 1692 1737 1721 rationem
1754 1690 1852 1722 meri·

972 1739 1006 1762 to
1024 1734 1092 1771 quis
1104 1733 1242 1764 miretur.
1262 1732 1369 1764 Verba
1387 1733 1470 1764 sunt:
1490 1734 1539 1763 Ad
1554 1734 1732 1763 barbaricum
1748 1738 1848 1763 trans-

963 1774 1082 1814 ferendi
1097 1776 1182 1811 vini,
1206 1774 1279 1812 olei,
1303 1773 1339 1808 ὅ)
1361 1774 1529 1816 liquaminis
1553 1774 1664 1804 nuliam
1689 1775 1846 1814 quisquam

970 1816 1071 1845 habeat
1075 1815 1270 1853 facultatem:
1285 1826 1336 1846 nec
1354 1815 1457 1855 gilsitis
1473 1818 1585 1857 quidem
1604 1820 1690 1847 cotila
1706 1823 1757 1845 aut
1775 1814 1846 1854 usus

973 1858 1211 1888 commerciorum.
1238 1857 1301 1888 Sed
1327 1857 1447 1889 definet
1475 1857 1594 1889 mirari:
1619 1858 1682 1896 jani
1706 1857 1850 1888 animad-

972 1898 1083 1936 verso,
1109 1898 1323 1938 Imperatores
1351 1899 1488 1940 spectare
1514 1900 1551 1930 ad
1569 1900 1709 1938 quietem
1729 1896 1850 1937 Reipu-

973 1939 1082 1978 blicae‚
1098 1941 1129 1971 in
1149 1949 1190 1971 eo
1209 1939 1317 1980 sitam;
1335 1949 1373 1971 tie
1392 1941 1512 1972 barbari
1531 1940 1700 1971 dulcedine
1719 1940 1850 1980 frugum.

972 1981 1067 2012 ille-{ti
1079 2005 1088 2018 ‚
1104 1982 1256 2022 deinceps
1268 1982 1418 2013 invadant
1433 1990 1529 2012 terras
1543 1981 1665 2021 imperii
1690 1981 1848 2019 Romani,

972 2022 1093 2056 illarum
1109 2021 1252 2055 feraces:
1276 2025 1362 2063 quod
1379 2033 1394 2054 a
1415 2022 1515 2055 Gallis
1541 2024 1617 2054 olim
1641 2022 1780 2061 factum,
1805 2030 1850 2054 ex

974 2063 1073 2096 Livio
1103 2064 1148 2095 lib.
1174 2076 1202 2105 5.
1226 2074 1250 2095 c.
1274 2075 1323 2106 33.
1350 2064 1469 2105 primus
1493 2065 1675 2096 obserxavit
1703 2065 1850 2103 plurimae

976 2104 1033 2137 Vir
1050 2105 1236 2138 eruditionis
1258 2107 1398 2138 Andreas
1412 2107 1565 2144 Alciatus,
1582 2106 1621 2137 lib
1643 2117 1670 2144 4.
1694 2105 1849 2145 Dispunftr.

978 2157 1002 2178 c.
1021 2156 1072 2178 xx.
1091 2147 1262 2188 potestque
1278 2147 1307 2178 id
1324 2149 1424 2188 juvari
1447 2148 1599 2189 sequente
1617 2149 1691 2178 loco
1709 2157 1750 2178 ex
1770 2149 1851 2179 Pau-

980 2188 1012 2219 lo
1029 2187 1196 2227 Diacono,
1220 2190 1267 2220 lib.
1293 2194 1337 2224 18.
1371 2189 1472 2232 Itaque
1487 2192 1548 2221 odio
1564 2195 1696 2229 metuque
1713 2191 1848 2229 exagito-

977 2235 1027 2261 ιω
1042 2229 1197 2270 (Narscs)
1215 2231 1245 2260 in
1264 2231 1418 2271 Neapolim
1436 2231 1602 2271 Campaniae
1616 2232 1764 2261 civitatem
1779 2238 1851 2264 iece-

978 2272 1064 2308 dens,
1075 2271 1180 2313 legatos
1197 2282 1264 2303 mox
1281 2274 1318 2304 ad
1338 2273 1578 2314 Longboriiornm
1594 2279 1708 2314 gentem
1723 2273 1849 2313 dirigit3

977 2320 1010 2343 ut
1022 2320 1152 2353 paupera
1171 2314 1391 2344 Pannoniorum
1409 2324 1480 2345 rura
1497 2315 1651 2353 desererent
1664 2339 1671 2348 ,
1686 2313 1768 2348 &ad
1787 2314 1851 2345 lta-

977 2354 1046 2385 liam
1061 2354 1172 2385 cunetis
1197 2357 1330 2395 repletam
1353 2357 1465 2386 divitiis
1482 2354 1675 2396 poffitlendam
1696 2356 1850 2387 venirem:

972 2394 1114 2436 fimulque
1137 2396 1303 2427 multimodo
1323 2405 1469 2436 pomorum
1490 2407 1597 2435 genera
1613 2397 1792 2438 aliarumque
1806 2406 1851 2428 re-

981 2436 1163 2478 rum-species
1189 2448 1311 2479 quornm
1332 2438 1519 2478 Italioferax
1534 2437 1592 2479 est,
1616 2440 1724 2475 mittit,
1746 2445 1851 2479 quate-

979 2487 1035 2509 nus
1050 2481 1191 2509 eorumtid
1200 2481 1373 2510 veniendum
1390 2481 1497 2510 animos
1509 2480 1589 2521 poffit
1599 2481 1717 2510 [illicere.
1744 2479 1851 2521 Lange-

979 2520 1061 2550 bardi
1090 2520 1155 2550 loeto.
1181 2523 1289 2552 nuncio
1315 2521 1350 2554 ὅ)
1376 2531 1438 2562 quae
1461 2521 1514 2559 ilfi
1528 2524 1668 2562 principue
1691 2526 1848 2562 optabant,

976 2566 1133 2601 gratanter
1156 2561 1321 2603 suscipiunt.
1344 2563 1465 2603 dentque
1479 2564 1597 2604 futuris
1613 2565 1767 2595 commodis
1782 2564 1855 2596 ani«.

981 2611 1038 2632 mos
1059 2603 1205 2634 attollunt.

1002 2641 1085 2688 'Vix
1103 2644 1171 2676 finis
1191 2646 1269 2684 erit3
1293 2645 1313 2677 fi
1331 2646 1470 2679 adferam
1487 2647 1615 2685 euntia,
1638 2648 1700 2678 emi
1720 2647 1749 2678 ἃ
1767 2654 1848 2676 ven-

978 2685 1007 2715 di
1036 2685 1205 2725 prohibita.
1237 2697 1298 2718 non
1329 2690 1565 2727 praetermittam
1591 2697 1696 2720 tamen
1724 2694 1848 2717 venena

977 2727 1067 2758 mala.
1093 2737 1162 2758 iram
1181 2728 1294 2759 borum
1305 2739 1500 2769 emptionem
1518 2730 1662 2761 contrahi
1675 2754 1683 2765 ,
1700 2737 1762 2759 non
1780 2726 1849 2765 pati

979 2769 1083 2800 bonos
1102 2778 1222 2805 mores.
1248 2769 1365 2801 indicat
1391 2770 1488 2812 Gajus
1514 2773 1532 2802 l.
1559 2782 1597 2813 35
1627 2771 1654 2812 §.
1676 2781 1699 2800 2.
1720 2769 1756 2798 D.
1776 2770 1802 2798 b.
1819 2773 1845 2799 t.

975 2811 1143 2841 arbitratus
1156 2834 1164 2846 .
1186 2810 1216 2842 id
1235 2815 1321 2850 quod
1341 2817 1389 2845 res'
1403 2812 1462 2850 est,
1480 2811 1748 2850 commerciajurc
1766 2814 1846 2848 gen-

978 2851 1054 2882 tium
1071 2851 1132 2882 elle
1147 2854 1276 2884 inventa
1291 2855 1330 2885 ad
1343 2855 1495 2893 juvandas
1512 2864 1559 2885 res
1573 2855 1722 2884 humanas
1753 2858 1848 2881 num.

979 2902 1069 2931 quam
1082 2895 1118 2924 ad
1137 2896 1323 2932 perdendas.
1340 2897 1378 2926 ad
1391 2895 1455 2927 hoc
1472 2897 1667 2935 probandum
1681 2890 1846 2931 Gajtispe·

979 2942 1018 2965 tit
1035 2945 1253 2975 argumentum
1271 2947 1285 2967 a
1301 2936 1452 2968 societate
1471 2934 1733 2977 :negem-,hanc3
1754 2932 1773 2964 fi
1792 2932 1846 2964 fla-

977 2977 1084 3015 gitosae
1112 2979 1153 3007 rei
1177 2977 1231 3014 fit,
1256 2988 1334 3009 vires
1361 2980 1484 3010 habere.
1513 2976 1598 3008 iimili
1625 2974 1756 3006 consilio
1781 2975 1847 3013 ait,

977 3019 1099 3050 nullom
1125 3018 1186 3050 effe
1217 3022 1397 3052 mandatum
1430 3020 1514 3057 quod
1541 3016 1576 3047 fit
1603 3025 1713 3047 contra
1736 3016 1843 3047 bonos

979 3069 1093 3093 mores.
1111 3062 1275 3101 utriusque
1285 3062 1433 3099 exemplo
1445 3067 1530 3098 putat
1542 3082 1550 3095 ,
1568 3058 1684 3088 nuliam
1701 3056 1763 3102 esse
1779 3067 1848 3089 etn-

981 3103 1120 3140 ptionem
1149 3105 1283 3142 veneni,
1309 3105 1394 3142 qnod
1414 3101 1500 3131 nullo
1519 3100 1613 3130 modo
1631 3101 1759 3131 alterius
1782 3108 1848 3131 ma-

977 3143 1062 3174 teriae
1086 3145 1263 3183 adjectione
1290 3143 1350 3174 usui
1368 3144 1457 3172 nobis
1476 3140 1538 3172 esse
1555 3140 1666 3179 petest.
1687 3149 1718 3171 at
1734 3140 1756 3173 fi
1772 3149 1846 3181 quae

978 3184 1072 3216 mixta
1090 3185 1155 3217 aliis
1173 3188 1307 3217 materiis
1324 3186 1405 3214 adeo
1423 3190 1560 3213 nocendi
1583 3193 1723 3215 naturam
1742 3188 1775 3216 111
1787 3194 1847 3224 po-

975 3235 1076 3267 nunt,
1094 3236 1134 3312 ἓ
1159 3238 1198 3259 ex
1222 3229 1271 3262 his
1292 3225 1431 3263 antidoti
1452 3224 1514 3267 (sse
1537 3233 1627 3261 extat
1648 3225 1845 3300 Florentia?

1132 3278 1149 3310 q
1169 3278 1190 3310 3
