2036 3495
873 57 884 72 Ι

113 118 184 163 436

119 203 228 237 ditatis
252 201 306 234 filii
333 195 470 231 intestati
489 192 617 226 mortui.
646 189 678 220 id
714 196 792 234 vero
826 184 991 224 indigitat:

121 245 209 286 quod
227 244 369 284 privatur
384 237 524 277 legitima
546 232 602 264 filii
631 229 820 274 hereditate.
842 226 993 270 adempta

120 288 205 319 enim
223 276 380 326 petitione
398 273 459 310 fi‘ve
470 274 687 306 vindicatione
705 265 994 314 hereditatis-,quid

122 328 236 364 restat,
260 323 314 356 nisi
339 329 372 352 ut
395 318 457 358 ipsa
479 315 639 347 hereditas
663 312 813 351 adempta
837 307 994 348 intelliga-

124 369 199 401 tur?
224 361 404 398 Commode
424 356 625 389 Modestinus
643 355 661 385 l.
682 363 733 394 52·
753 352 794 383 D.
813 351 845 381 de
861 351 995 396 edqaer.

122 411 198 442 dom.
222 416 291 447 qua:
308 402 352 434 est
371 409 411 432 ex
427 400 481 431 lib.
500 408 527 438 7.
547 397 758 438 Regularum,
782 392 855 423 Rem
868 393 900 422 in
915 391 995 421 bonis

124 448 228 490 nostris
251 447 349 477 habere
368 441 578 482 intelligimur,

537 94 1204 140 GeniitniNoonT
1262 93 1480 129 Coun.

1036 182 1165 214 habenti
1184 189 1336 215 tutorem.
1358 183 1412 215 ille
1428 189 1510 215 vero
1533 180 1673 216 habebat
1697 188 1857 217 tutorem:
1877 181 1910 217 St

1036 225 1169 270 habenti
1191 232 1264 270 eum
1284 225 1362 256 alius
1387 225 1452 256 dari
1478 232 1546 255 non
1568 222 1672 264 potest
1688 223 1837 256 adversus
1860 233 1909 256 re-

1036 266 1143 312 gulam
1160 274 1243 305 juris.
1287 265 1386 306 Igitur
1402 265 1477 306 quid
1497 264 1567 298 est?
1597 264 1809 305 Imperatores
1831 273 1910 298 con-

1038 308 1109 339 lulti
1131 307 1170 337 ab
1196 305 1428 347 Asclepiodoto
1452 308 1494 341 ita
1517 305 1721 345 rescribunt3
1750 306 1827 338 Cum
1841 306 1910 347 jure

1038 348 1153 380 babenti
1169 353 1290 379 tutorem
1307 354 1386 380 tutor
1406 349 1471 380 dari
1495 357 1552 379 non
1565 345 1666 388 poffic:
1686 348 1823 388 intelligis
1847 346 1910 381 ma.

1036 396 1108 422 trem
1122 398 1181 420 non
1188 387 1313 429 officium
1324 390 1442 429 pietatis
1458 391 1489 421 in
1498 390 1615 429 petendo
1633 393 1726 421 mim
1739 389 1923 429 aceldama·

607 438 736 479 quotiens
753 433 920 475 poffidentes
943 441 993 462 ex·
1028 432 1082 472 sed
1093 431 1161 472 jure
1171 431 1441 476 munitam,merico
1456 430 1587 471 filiosuo
1603 435 1725 462 tutorem
1746 427 1912 476 norrpoftu·

124 480 292 531 ceptio¹ize⁷n3
305 490 356 516 aut
372 485 535 514 ainiztentes
551 482 589 512 ad
603 478 814 519 reciperandam
831 483 893 505 eam
907 471 995 504 afflo-
1033 473 1107 504 lare.
1151 470 1228 503 Non
1246 480 1350 503 minor
1365 473 1496 513 aequitas
1514 470 1702 504 excusandae
1720 479 1827 504 matris
1843 470 1912 511 est;

121 541 186 564 nem
201 529 345 561 babemus.
371 525 434 556 Res
452 531 557 559 cei-ta3
579 521 609 552 δι
626 529 660 551 ut
675 516 816 562 Epistola
831 524 896 547 non
909 514 975 546 vult
986 535 999 551 ,

124 579 257 606 matrem
274 568 393 599 habere
406 566 454 606 jus
475 563 740 595 vindicandorum
756 558 809 590 sibi
834 557 997 603 bonorum

125 612 346 646 intestatorum
365 608 526 639 filiorum:
551 604 591 636 fic
608 604 640 634 in
663 602 681 634 l.
702 610 748 632 10.
768 599 800 630 C.
824 599 857 629 de
875 597 996 643 Jegziim.

127 655 219 687 hered.
239 651 274 687 &²
288 652 307 682 l.
331 661 358 683 2.
378 649 410 680 C.
430 648 462 679 Sz·
477 645 587 685 advers.
606 643 699 675 delitet.
724 642 838 674 dicitur
854 648 882 670 ei
898 640 998 684 ‘dene-

125 697 259 738 gandam
277 692 339 724 ess'e
357 698 485 722 omnem
510 687 563 719 filii
583 684 827 717 successionem,
851 680 873 711 si
897 687 999 718 impu-

127 740 184 769 bes
202 735 363 768 moriatur.
384 732 465 771 Imp.
489 728 677 768 justinianus
692 724 723 766 §.
741 724 792 754 ult.
810 719 885 761 Inst.
900 721 933 750 de
951 719 1000 749 Se-

125 784 240 811 natusc.
267 775 387 807 Tertuil.
411 771 508 809 dicit,
539 778 607 799 eam
640 767 679 797 ab
705 764 907 810 impuberum
928 769 999 792 mo-

125 819 279 853 rientium
296 814 488 848 succeffione
506 809 626 850 repelli.
650 807 731 839 Illud
748 804 923 836 videndum
939 800 1001 833 effe

129 870 219 903 putat
236 860 387 900 Ulpianus
405 855 423 885 l.
443 863 470 884 2.
490 852 519 893 §.
542 851 597 882 ult.
615 850 661 881 D.
671 850 728 879 eod.
744 848 791 877 iii.
815 852 916 877 matre
927 852 1001 888 pro-

126 904 228 936 hibita
240 901 288 941 jus
304 898 390 929 suum
416 894 596 930 vindicare,
617 899 722 922 uirum
738 884 1002 934 caeteros'admit-

130 953 251 980 tamus,
274 948 370 980 atque
385 937 406 969 si
424 943 525 968 mater
548 943 612 965 non
637 930 739 964 esset?
768 929 851 967 Sed,
875 933 1003 973 inquit,

130 987 321 1025 denegamus
339 980 368 1012 ei
391 979 533 1010 actiones
545 998 554 1015 ,
578 975 606 1008 ἁ
623 973 801 1006 invenimus
817 968 1004 1015 rescriptum

131 1028 170 1062 ab
195 1025 390 1064 Imperatore
418 1018 528 1051 nostro
553 1016 718 1049 Antonino
748 1010 888 1052 Augusto
914 1013 943 1040 ut
961 1006 1004 1039 D.

128 1068 224 1101 Patre
246 1066 311 1106 ejus
339 1061 502 1095 Mammiae
528 1058 730 1091 Maxini'inae:
759 1061 860 1085 matre
882 1056 1007 1096 remota

130 1118 187 1142 eos
211 1106 335 1139 admitti
358 1104 409 1144 qui
436 1103 602 1138 venirent,
623 1098 644 1130 fi
670 1104 772 1129 mater
794 1103 860 1126 non
888 1090 1005 1138 sujffet.

131 1159 209 1192 ergo
227 1150 256 1180 ἂ
274 1145 401 1188 adgnati
417 1143 590 1183 cauerique
616 1138 809 1174 succedent,
831 1141 885 1166 aut
908 1133 928 1164 ii
955 1141 1007 1162 ne-

131 1202 186 1225 mo
217 1190 271 1228 sit,
306 1189 392 1220 bona
413 1185 581 1216 vacabunt.
625 1181 708 1223 Quae
731 1179 795 1209 dixi
820 1184 894 1207 vera
918 1172 1007 1219 sunt,

133 1234 155 1266 fi
173 1233 354 1271 impuberes
370 1227 486 1259 mortui
505 1225 563 1257 sint
579 1222 634 1255 filii
652 1225 678 1253 d.
698 1221 716 1252 ἰ.
738 1229 784 1251 10.
828 1217 891 1263 Sed
908 1214 1005 1260 quid,

131 1275 154 1308 ss
175 1275 313 1315 puberes
335 1270 410 1302 facti
437 1267 595 1299 decedant
611 1265 626 1296 Ρ
661 1261 738 1295 Non
765 1260 870 1291 oberit
895 1263 1006 1293 matri,

130 1314 350 1356 impuberibus
376 1319 440 1342 non
466 1306 588 1350 petiisse
613 1312 738 1337 tutores
762 1302 781 1332 l.
799 1310 827 1341 3.
846 1300 879 1330 C.
899 1297 944 1329 De
960 1296 1007 1327 Se-

132 1364 249 1391 nawsc.
277 1353 398 1386 Tenuit.
423 1358 584 1389 tamquam
607 1346 714 1378 matris
731 1344 856 1383 culpam
881 1339 1007 1371 deleve-

132 1400 175 1432 rit
192 1399 293 1438 pietas
314 1395 368 1427 filii
388 1393 442 1433 qui
463 1392 564 1432 pubes
586 1388 709 1425 factus,
730 1393 797 1416 non
811 1382 897 1414 fafiio
916 1378 1009 1426 testa-

136 1447 269 1477 ment0,
293 1446 365 1468 cum
389 1435 501 1466 liceret
525 1430 652 1463 facere,
676 1434 810 1471 matrem
830 1421 915 1470 quasi
931 1429 1009 1467 taci-

134 1481 305 1522 tojudicio
322 1477 362 1509 ab
380 1475 488 1515 injuria
510 1467 675 1503 absolviffe
699 1468 838 1507 benigne
860 1462 1010 1503 intelligi-

150 1532 196 1556 ur.

135 1532 147 1557 t
180 1563 322 1595 Privatnr
341 1557 436 1599 igitur
452 1562 572 1592 mater,
595 1550 662 1584 filio
677 1548 844 1589 impubere
860 1552 1010 1593 mortu0,

137 1606 203 1647 eJus
234 1600 427 1634 succeffione
450 1597 489 1629 ab
515 1593 677 1627 intestato.
706 1590 811 1638 ,Quid
833 1587 855 1621 fi
879 1595 1010 1633 maritus

136 1646 191 1685 ipsi
207 1655 224 1676 a
246 1643 312 1674 filio
328 1639 493 1679 reliquerit
517 1632 794 1669 fideicommissum
818 1630 872 1677 sub
898 1628 1009 1660 condi·

137 1688 243 1724 tione,
266 1683 287 1716 si
304 1682 368 1714 sine
384 1680 491 1713 liberis
510 1676 693 1713 decesserit,
725 1674 776 1706 vel
798 1671 821 1704 fi
844 1670 1010 1703 intesta-tus

136 1735 278 1762 mortuus
299 1724 336 1757 sit
364 1722 474 1754 filius?
507 1717 743 1761 Tryphoninus
764 1715 783 1746 l.
805 1713 888 1760 4..§.
913 1722 943 1753 3.
968 1709 1012 1756 D.

137 1772 164 1803 b.
183 1776 203 1801 t.
228 1777 294 1800 non
312 1764 358 1796 est
384 1769 570 1805 perempta,
617 1760 741 1799 inquit,
780 1751 1013 1787 fideicommiffi

136 1812 265 1854 petitio.
308 1806 413 1850 Quam
439 1804 482 1835 ob
506 1802 598 1834 rem?
623 1798 786 1835 causatur,
812 1796 899 1836 quod
922 1804 960 1825 ex
984 1801 1013 1823 a·

137 1855 224 1886 lieno
251 1850 372 1892 judicio
391 1845 564 1878 descendit.
605 1841 747 1882 Epistola
766 1846 871 1883 autem
891 1843 1013 1883 tantuin

139 1895 284 1934 loquitur
302 1893 341 1922 de
360 1887 522 1921 amissione
540 1886 699 1917 bonorum
723 1878 862 1925 intestati
878 1877 944 1909 filii.
983 1875 1015 1906 Si

141 1945 246 1968 tamen
264 1933 330 1965 filio
348 1929 503 1970 impuberi
521 1925 682 1958 substituta
700 1922 798 1954 fuerit
814 1927 928 1966 mater:
941 1917 1015 1965 'pla5

143 1986 210 2010 cuit
226 2000 236 2016 ,
265 1974 362 2006 etiam
395 1970 620 2002 successionem
642 1967 710 2006 jure
734 1961 964 2008 substitutionis
987 1967 1017 1989 ei

143 2017 303 2059 denegari.
346 2012 467 2044 Verum
492 2011 525 2042 id
548 2018 613 2041 non
636 2008 772 2039 debetur
795 2002 957 2048 Epistosseq
972 1999 1016 2046 D.

143 2061 251 2092 Severi
275 2058 315 2088 de
338 2064 400 2093 qua
423 2053 561 2093 agimus:
592 2049 644 2081 sed
668 2056 763 2079 novae
786 2044 1017 2088 Constitutioni

143 2097 322 2134 Theodosii
342 2097 373 2128 &
390 2092 604 2128 Valentiniani
620 2091 640 2122 l.
664 2099 710 2121 io.
731 2089 765 2119 C.
784 2088 818 2118 de
833 2086 952 2127 legitim.
970 2091 1017 2114 oe·

144 2146 202 2176 red.
220 2141 256 2177 δ’
275 2140 294 2171 l.
312 2143 341 2170 6.
359 2137 393 2168 C.
411 2136 460 2168 Aa
478 2135 629 2165 Senatum.
649 2130 768 2162 Tl'criull.

191 2180 342 2224 Exposita
365 2177 533 2210 severitate
558 2170 826 2206 Constitutionis‚
848 2177 907 2209 age
932 2176 1019 2213 nune

148 2229 327 2267 cogitemus
353 2221 393 2252 de
415 2228 451 2250 ea
476 2214 693 2257 temperanda.
717 2214 748 2243 id
773 2211 857 2257 enirn
876 2218 946 2256 *quo
965 2218 1019 2257 mi-

148 2278 206 2299 nus
230 2266 284 2297 fiat
310 2271 375 2295 non
403 2258 514 2292 resistit
537 2266 626 2290 mens
653 2253 910 2286 constitutionis.
952 2250 1021 2281 brit

148 2308 284 2350 pretium
301 2312 428 2345 operae,
451 2301 482 2332 id
499 2297 653 2338 exemplis
672 2295 780 2335 paucis
795 2291 1021 2338 demonstrare.

151 2349 196 2381 est
211 2349 337 2388 elegans
356 2344 385 2375 in
404 2345 423 2374 i.
446 2347 474 2377 8.
493 2341 527 2372 C.
552 2341 578 2372 h.
597 2345 618 2370 ε.
662 2336 859 2377 proponitur
882 2335 925 2365 ibi
949 2342 1020 2374 pro-

151 2394 279 2422 curator
301 2397 318 2418 a
342 2394 442 2418 matre
465 2381 569 2414 miffus
598 2381 636 2411 ad
657 2378 832 2418 petendum
850 2385 867 2407 a
889 2374 1024 2407 Praeside

151 2438 292 2464 tutorem
305 2451 313 2465 ‚
329 2429 359 2459 in
380 2427 494 2458 itinere
509 2433 526 2455 a
544 2422 720 2454 latronibus
739 2418 802 2450 esse
818 2416 1024 2454 intei·fe6tus;

154 2473 185 2505 δι
202 2472 261 2503 hac
276 2469 362 2500 fatali
379 2466 468 2499 causa
483 2465 600 2507 petitio
623 2472 686 2494 non
706 2460 768 2493 ess'e
791 2459 906 2490 secuta.
930 2458 1024 2499 Quae-

151 2515 230 2547 ritur
245 2534 256 2550 ‚
279 2509 393 2540 deinde
417 2515 545 2540 mortuo
563 2504 649 2542 filio,
672 2513 710 2534 an
727 2501 910 2546 repellenda
926 2506 1026 2530 mater

154 2554 194 2588 fit
217 2553 256 2585 ab
279 2550 463 2582 hereditatis
480 2547 650 2589 petitione.
673 2552 741 2576 erat
771 2543 932 2574 dubitatio
955 2549 1025 2580 pro-

153 2605 227 2637 pter
243 2592 341 2625 verba
358 2590 620 2621 Constitutionis:
642 2595 712 2626 quae
730 2585 794 2616 huc
810 2583 927 2615 ferunt.
963 2581 1027 2612 Sed

154 2639 257 2676 Impp.
274 2631 495 2665 Diocletianus
510 2630 540 2662 δ(
556 2628 770 2660 Maximianus
785 2635 801 2656 a
815 2623 940 2656 Musico
949 2632 1027 2654 con-

157 2677 229 2711 sulti
245 2684 302 2718 per
323 2672 502 2709 Libellum,
533 2672 562 2702 ei
587 2669 782 2705 rescribunt,
806 2667 920 2697 durum
944 2662 1027 2701 esse,

157 2725 293 2753 matrem
313 2715 401 2754 cujus
418 2713 536 2744 nullum
553 2712 664 2742 vitium
682 2710 736 2748 sit,
760 2718 777 2739 a
791 2706 846 2738 filii
865 2704 1029 2737 successio-

154 2771 201 2794 ne
223 2756 355 2799 repelli3
386 2760 517 2795 propter
534 2753 631 2784 verba
663 2749 926 2782 Constitutionis:
957 2754 1030 2777 nam

159 2804 226 2843 ejus
243 2805 386 2832 mentem
402 2804 420 2826 a
442 2801 541 2826 matre
569 2793 646 2824 nihil
662 2793 811 2833 exigere,
843 2796 960 2830 praeter
988 2786 1031 2818 se·

158 2844 269 2876 dulum
296 2837 426 2881 petendi
451 2834 565 2866 tutoris
588 2835 744 2865 officium:
773 2840 895 2864 moram
925 2837 1030 2860 autem

163 2893 257 2927 quam
273 2879 437 2913 necessitas
454 2877 485 2907 in
500 2875 660 2916 proposito
676 2875 784 2915 injecit
795 2871 1032 2914 petitioni,pro

160 2926 235 2958 casu
250 2922 389 2956 fortuito
405 2918 515 2951 haberi
532 2922 693 2955 oportere.
737 2916 830 2947 Aliud
848 2913 1031 2951 exemplum

165 2968 210 2998 est
227 2968 256 2997 in
273 2966 290 2995 l.
307 2973 336 3001 9.
353 2962 386 2993 C.
404 2962 432 2992 cl.
450 2965 471 2990 ι.
484 2957 586 2989 Ecce:
606 2963 786 2987 mater-non
803 2956 896 2996 petiit
906 2953 971 2985 filio
989 2961 1034 2983 tu-

165 3017 287 3043 torem,
316 3013 382 3036 non
406 3001 494 3042 quod
521 2998 698 3039 negligeret
727 2997 951 3035 impuberem:
984 2994 1036 3024 [ed

167 3049 254 3089 quod
272 3047 300 3078 ei
325 3047 385 3086 jam
410 3045 599 3084 impetratus
615 3046 681 3069 erat
705 3037 744 3067 ab
762 3039 835 3068 alio.
860 3047 896 3068 an
923 3036 1036 3067 incidit

159 3095 265 3123 'mater
289 3090 320 3118 in
337 3083 611 3118 Constitutionem
626 3080 643 3111 ‘2
674 3087 790 3119 negant
814 3078 1037 3116 Imperatores,

166 3130 265 3170 Atqui
290 3126 352 3167 ipsa
381 3135 448 3158 non
471 3123 564 3165 petiit
588 3127 728 3153 tutorem
750 3129 758 3149 :
788 3120 875 3158 quod
907 3118 1039 3148 volebat

158 3169 378 3203 constitutio.
427 3165 505 3198 Non
530 3163 683 3195 inficior:
714 3160 767 3192 sed
788 3160 969 3204 videamus3
998 3167 1040 3188 ne

167 3215 239 3247 haec
254 3210 412 3248 voluerit,
436 3217 454 3240 a
477 3213 577 3242 matre
601 3211 742 3238 tutorem
766 3201 834 3244 peti
855 3200 943 3240 filio,
973 3208 1040 3232 non

1039 514 1061 546 si
1076 512 1241 545 cessaverit
1257 520 1378 544 tutores
1395 522 1524 554 petere,
1555 512 1636 554 lapsa
1661 513 1786 545 lubrico
1809 513 1911 548 aetatis

1040 555 1179 587 minoris.
1206 552 1312 593 potest
1326 554 1507 590 enim‘hic‚
1530 562 1564 586 ut
1587 555 1679 591 alias,
1703 553 1818 587 favore
1840 562 1912 586 aita-

1039 598 1077 628 tis
1094 596 1124 627 in
1142 597 1299 636 integrum
1317 594 1446 626 restitui.
1487 595 1532 627 ,At
1549 597 1632 626 enim
1650 595 1796 634 deliquit.
1822 595 1912 636 Quid

1038 637 1164 670 refert?
1187 636 1207 668 si
1226 636 1376 667 delictum
1393 645 1459 667 non
1476 645 1517 667 ex
1532 637 1638 668 animo
1662 637 1768 675 venit,
1792 635 1844 668 sed
1861 645 1914 668 ex-

1040 686 1103 710 tra:
1127 686 1161 708 ut
1180 684 1214 708 ut
1229 677 1371 717 alioquin
1396 686 1502 717 poenae
1525 676 1615 710 causa
1639 686 1678 708 ex
1702 687 1744 709 eo
1767 678 1914 718 pecunias

1042 721 1192 751 damnum
1217 718 1376 759 irrogetur
1389 718 1409 749 l.
1431 727 1456 749 1.
1476 717 1509 750 C.
1535 719 1569 750 δι’
1590 719 1702 758 adverff.
1722 718 1814 751 cicilia.
1852 718 1915 752 Sed

1042 762 1127 791 clare
1155 759 1380 791 Diocletianus
1403 759 1433 790 ἃ
1460 758 1677 790 Maximianus
1701 760 1722 790 1.
1740 769 1767 790 2.
1793 760 1827 792 C.
1844 762 1874 792 d.
1891 765 1916 792 t.

1042 802 1144 840 Licet,
1171 801 1341 840 inquiunt,
1368 802 1399 832 in
1424 799 1533 832 delitiis
1559 806 1640 832 aezaie
1661 801 1803 832 neminem
1830 811 1918 833 excu-

1035 843 1104 884 fiiri
1118 839 1241 883 constet.-
1275 843 1365 873 matri
1385 847 1481 873 tamen
1498 851 1561 882 quae
1579 840 1650 878 filiis
1673 847 1795 872 tutorem
1821 843 1916 875 aratis

1045 884 1152 916 lubrico
1169 885 1246 923 lapsa
1262 893 1320 914 non
1332 885 1434 924 petiit,
1457 892 1553 914 eorum
1573 884 1689 914 minime
1703 884 1838 924 denegari
1845 886 1917 923 suc-

1045 924 1188 968 ceffionem
1205 926 1355 956 convenit:
1377 934 1440 955 cum
1463 925 1514 955 hoc
1538 926 1570 955 in
1594 924 1750 965 majoribus
1774 925 1918 956 matribus

1046 972 1163 998 tamum
1178 966 1313 997 obtineat.
1356 964 1507 1007 Longum
1523 965 1618 1005 esset3
1638 964 1658 998 fi
1675 966 1792 998 vellem
1807 972 1921 998 omues

1048 1007 1155 1039 causas
1171 1007 1357 1039 excusanda:
1373 1009 1481 1038 matris
1506 1016 1682 1046 exponere.
1706 1008 1811 1048 plures
1833 1007 1920 1041 enim

1049 1049 1177 1080 adducit
1192 1048 1347 1089 Ulpianus
1363 1048 1382 1079 l.
1397 1059 1424 1081 2.
1442 1048 1471 1090 ᾗ.
1488 1058 1536 1088 25.
1547 1052 1596 1080 26.
1618 1047 1721 1088 &46
1741 1048 1783 1080 D.
1804 1049 1855 1080 Ad
1871 1049 1922 1079 Se-

1049 1097 1163 1122 nature.
1181 1089 1301 1121 Tenuit.
1342 1089 1420 1121 Non
1443 1098 1549 1121 tamen
1573 1091 1813 1130 praetermittam
1835 1091 1920 1122 illam

1049 1141 1121 1178 quse
1138 1130 1183 1162 est
1199 1133 1229 1176 in
1246 1130 1274 1172 §.
1292 1140 1342 1170 44.
1360 1130 1396 1165 ὅ)
1414 1141 1461 1172 45.
1485 1132 1558 1172 quia
1573 1131 1619 1163 est
1635 1131 1717 1163 bella
1733 1131 1824 1171 ipsius
1841 1132 1923 1172 judi-

1050 1183 1102 1204 cio
1134 1171 1273 1213 Ulpiani.
1316 1171 1395 1204 Fac:
1427 1173 1538 1213 aliquis
1561 1173 1684 1213 pupilio
1707 1174 1834 1213 reliquit
1857 1182 1922 1204 am·

1048 1215 1136 1260 plum
1152 1215 1289 1254 legatum
1305 1213 1360 1245 sub
1375 1214 1584 1253 conditione,
1606 1213 1636 1245 Si
1654 1222 1778 1246 tutores
1794 1223 1859 1246 non
1871 1215 1926 1246 ha·

1049 1257 1169 1301 buerit:
1192 1255 1222 1287 dt
1240 1263 1411 1295 propterea
1420 1257 1448 1286 ei
1465 1264 1566 1288 mater
1584 1265 1650 1288 non
1666 1256 1829 1296 petiit,ne
1845 1265 1924 1288 con·

1049 1299 1172 1328 ditione
1189 1297 1392 1328 deficeretur.
1418 1297 1468 1328 An
1485 1296 1683 1329 Constitutio
1701 1296 1816 1336 cesset,
1839 1306 1924 1337 qua:-

1049 1339 1136 1370 ritur.
1179 1339 1352 1382 Ulpianus,
1375 1338 1476 1369 allatis
1493 1337 1658 1369 dubitandi
1673 1338 1789 1376 causis,
1812 1345 1923 1378 putat,

1051 1379 1166 1411 cessare
1183 1378 1504 1418 Constitutionem3fi
1525 1379 1675 1410 damnum
1692 1379 1802 1419 pupilli
1818 1380 1923 1411 minus

1050 1420 1087 1453 fit
1110 1421 1239 1452 cumulo
1269 1420 1374 1460 legati.
1397 1429 1467 1451 mea
1492 1419 1670 1460 opinione,
1697 1419 1793 1451 belle.
1824 1419 1923 1451 verba

1050 1462 1129 1494 lieet
1145 1462 1330 1493 reclament.
1354 1461 1459 1492 noluit
1482 1461 1567 1492 enim
1586 1460 1653 1491 filio
1669 1470 1789 1492 nocere
1812 1468 1924 1493 mater.

1052 1511 1165 1535 contra
1189 1502 1310 1540 voluit,
1333 1500 1500 1542 prodesse3
1523 1501 1553 1532 ὅ(
1577 1500 1712 1540 profuit.
1735 1510 1801 1533 non
1824 1501 1926 1535 serva-

1052 1546 1099 1576 vit
1116 1544 1210 1585 igitur
1227 1543 1326 1575 verba
1350 1540 1604 1574 Constitutionis.
1627 1550 1660 1572 at
1683 1551 1749 1573 non
1779 1543 1929 1582 peccavit

1052 1584 1199 1618 adversus
1216 1591 1376 1616 mentem:
1400 1582 1460 1615 hac
1476 1583 1561 1614 clare
1576 1582 1756 1614 confitente
1771 1583 1800 1614 l..
1811 1592 1840 1614 2.
1857 1582 1886 1623 §.
1897 1592 1929 1615 2.

1052 1627 1095 1659 D.
1114 1627 1143 1658 h.
1158 1632 1179 1658 c.
1205 1634 1335 1657 omnem
1355 1624 1385 1657 se
1401 1624 1559 1656 rationem
1575 1624 1727 1656 adhibere
1744 1623 1933 1656 subvenien-

1055 1669 1102 1701 dis
1122 1668 1265 1708 pupillis.
1310 1666 1402 1698 Adeo
1423 1667 1523 1707 aptari
1554 1666 1607 1698 liic
1632 1665 1737 1705 potest
1766 1665 1830 1697 noc
1853 1663 1932 1697 Mo-

1055 1709 1167 1741 destini
1184 1709 1204 1740 l.
1229 1718 1281 1750 25.
1301 1707 1342 1740 D.
1364 1709 1396 1739 tle
1412 1708 1538 1749 legibus:
1562 1706 1659 1740 Nulla
1674 1707 1749 1748 juris
1768 1707 1851 1738 ratio
1874 1712 1931 1739 aut

1056 1751 1218 1791 aeqtntatis
1240 1749 1419 1791 benignitas
1442 1748 1560 1789 patitur
1576 1772 1587 1787 ‚
1615 1757 1650 1780 ut
1675 1757 1746 1789 quae
1769 1747 1934 1779 salubriter

1056 1802 1116 1834 pro
1140 1792 1277 1823 utilitate
1301 1791 1468 1822 hominum
1492 1789 1760 1829 introducuntur,
1790 1799 1841 1822 eas
1872 1798 1933 1821 nos

1060 1833 1190 1866 duriore
1207 1833 1474 1873 interpretatione
1489 1839 1601 1863 contra
1623 1831 1761 1872 ipsorum
1785 1839 1934 1862 commo-

1058 1876 1133 1907 dum
1158 1875 1370 1915 producamus
1395 1874 1435 1905 ad
1458 1872 1675 1905 severitatem.
1717 1871 1853 1904 incurrit
1878 1871 1932 1904 hic

1058 1918 1089 1948 ἃ
1108 1917 1159 1948 illa
1174 1915 1379 1947 deliberatio:
1403 1915 1479 1955 quid
1498 1915 1571 1954 juris
1588 1914 1624 1946 fit
1639 1937 1648 1954 ‚
1672 1913 1694 1945 fr
1718 1914 1841 1945 dicatur
1869 1922 1934 1944 ma-

1059 1968 1108 1989 ter
1133 1965 1257 1988 tutores
1285 1966 1350 1988 non
1373 1955 1495 1997 petiiss'e
1519 1956 1696 1997 ignorantia
1720 1956 1796 1996 juris
1813 1954 1830 1986 ?
1859 1954 1932 1986 Hac

1060 2007 1194 2031 matrem
1217 2007 1283 2030 non
1299 1997 1459 2036 excusari,
1481 2006 1605 2029 certum
1620 1998 1639 2028 l.
1660 1997 1715 2028 ule.
1734 1997 1767 2028 C.
1784 1996 1812 2027 b.
1834 2001 1855 2027 t.
1878 1996 1934 2027 sed

1060 2041 1142 2072 ratio
1168 2040 1326 2080 quaeritur.
1359 2037 1429 2070 sunt
1455 2039 1508 2079 qui
1531 2037 1712 2077 causantur,
1749 2038 1837 2078 quod
1860 2036 1934 2068 offi-

1060 2083 1144 2113 cium
1162 2081 1293 2121 petendi
1317 2081 1432 2112 tutoris
1449 2081 1540 2112 matri
1557 2080 1694 2121 suggerit
1715 2078 1815 2119 pietas
1842 2087 1934 2110 natu-

1060 2124 1146 2156 ralis:
1169 2123 1257 2162 cujus
1274 2122 1452 2163 ignorantia
1474 2131 1514 2153 ne
1539 2121 1570 2152 in
1595 2121 1780 2153 mulieribus
1801 2120 1933 2160 quidem

1061 2164 1235 2206 probabilis
1252 2162 1297 2195 fit.
1338 2162 1401 2194 Sed
1417 2172 1482 2194 non
1499 2162 1603 2202 placet
1628 2172 1665 2194 ea
1688 2163 1787 2194 ratio:
1812 2163 1934 2202 quippe

1058 2215 1136 2237 ‘cum
1154 2206 1218 2236 hoc
1235 2204 1343 2236 matris
1370 2204 1522 2236 delictum
1539 2212 1628 2236 extra
1645 2207 1752 2235 veniat
1764 2226 1773 2242 ‚
1801 2212 1866 2234 uon
1889 2210 1933 2234 ex

1062 2250 1186 2279 animo:
1217 2246 1247 2278 ὅ(
1271 2246 1412 2286 alioquin
1432 2255 1472 2277 ne
1497 2247 1602 2277 minor
1626 2246 1756 2286 quidem
1779 2244 1892 2276 mulier
1914 2253 1933 2275 a

1065 2298 1160 2330 poena
1177 2287 1381 2319 excusaretur
1396 2287 1565 2328 privilegio
1584 2287 1693 2319 aetatis.
1727 2285 1812 2317 Mihi
1828 2285 1935 2316 verior

1065 2332 1192 2362 videtur
1210 2329 1344 2368 sequens
1366 2329 1468 2360 ratio:
1493 2329 1579 2368 quod
1596 2327 1652 2359 filii
1676 2328 1833 2359 hereditas
1857 2325 1935 2356 ficut

1065 2371 1133 2409 est,
1162 2371 1205 2402 ita
1230 2371 1383 2409 liabetur,
1408 2370 1663 2401 emolumentum
1687 2365 1886 2399 successionis
1909 2364 1932 2396 l.

1065 2414 1144 2445 unic.
1162 2412 1230 2443 Cod.
1251 2411 1354 2443 Theoti.
1366 2413 1399 2443 h.
1419 2418 1439 2442 t.
1457 2420 1500 2442 :ea
1515 2411 1611 2451 igitur
1628 2419 1701 2442 cum
1717 2410 1854 2449 privatur
1870 2415 1940 2437 ma-

1068 2453 1286 2493 ter3creditur
1300 2454 1398 2494 magis
1414 2461 1521 2484 carere
1537 2455 1644 2490 lucro,
1661 2459 1753 2490 quam
1765 2449 1881 2479 damno
1891 2446 1938 2477 af-

1068 2495 1120 2528 fici
1133 2507 1140 2528 :
1153 2496 1183 2526 in
1200 2495 1289 2526 lucro
1307 2504 1386 2526 vero
1408 2503 1449 2525 ne
1465 2493 1649 2525 mulieribus
1667 2491 1794 2531 quidem
1811 2486 1940 2528 prodest

1066 2538 1142 2578 juris
1164 2536 1342 2578 ignorantia
1358 2535 1377 2566 t.
1393 2539 1422 2566 6.
1433 2535 1466 2566 C.
1484 2534 1547 2577 Q‘i
1564 2534 1678 2563 admitt.
1697 2532 1734 2563 ad
1756 2532 1850 2562 bonor.
1869 2536 1937 2571 pos-

1061 2578 1128 2620 Jeff.
1151 2578 1171 2609 l.
1189 2588 1218 2618 7.
1238 2576 1274 2612 &⁹
1290 2582 1318 2611 8.
1339 2576 1381 2608 D.
1406 2578 1440 2607 de
1456 2575 1520 2616 jur.
1545 2573 1669 2613 &sach
1686 2574 1782 2614 ignor.

1110 2619 1230 2651 Praeter
1244 2627 1398 2655 matrem,
1421 2616 1540 2647 habent
1556 2615 1585 2646 dc
1607 2614 1712 2645 liberti
1731 2611 1874 2651 necesse,
1891 2619 1941 2645 tu-

1071 2668 1158 2692 tores
1177 2667 1287 2700 petere
1304 2657 1522 2698 impuberibus
1539 2664 1746 2696 patronorum
1764 2653 1851 2686 filiis:
1875 2663 1943 2686 ces·

1072 2702 1175 2733 santes
1199 2707 1305 2731 autem
1323 2698 1404 2730 fiunt
1421 2698 1465 2729 rei
1482 2697 1595 2729 deserti
1613 2697 1756 2735 obsequii
1772 2696 1791 2727 l.
1811 2705 1840 2727 2.
1860 2695 1893 2726 C.
1910 2696 1942 2726 b.

1073 2749 1093 2774 ι.
1106 2751 1211 2782 eoque
1230 2741 1360 2772 nomine
1377 2738 1512 2771 accusati
1528 2739 1608 2778 apud
1627 2738 1790 2771 Praefiuem
1808 2737 1946 2777 puniun-

1074 2793 1143 2822 tur,
1168 2791 1203 2814 ut
1219 2783 1448 2814 emendentur:
1472 2780 1492 2812 fi
1512 2779 1712 2821 apparuerit,
1736 2779 1787 2809 vel
1810 2786 1946 2818 propte-t

1072 2825 1323 2865 negligentiam,
1345 2823 1395 2853 vel
1412 2830 1544 2862 propter
1560 2822 1708 2853 malitiam
1722 2844 1732 2858 ‚
1755 2829 1819 2850 non
1837 2820 1947 2859 petiis-

1074 2866 1105 2898 se
1121 2867 1142 2898 l.
1155 2876 1184 2898 2.
1208 2865 1236 2908 §.
1257 2874 1283 2896 1.
1301 2864 1343 2896 D.
1359 2865 1386 2895 d..
1403 2870 1424 2894 i.
1466 2863 1641 2894 Puniuntur
1664 2862 1760 2901 igitur
1784 2861 1948 2899 corporali

1076 2917 1182 2949 poena.
1224 2907 1273 2938 An
1299 2907 1396 2937 etiam
1421 2905 1605 2945 rediguntur
1629 2905 1659 2935 in
1677 2904 1858 2934 servitutem
1873 2902 1890 2933 ‘2
1914 2902 1949 2933 id

1076 2958 1231 2989 nusquam
1247 2950 1420 2987 proditum.
1464 2947 1506 2978 At
1522 2946 1605 2977 enim
1622 2945 1655 2977 in
1670 2946 1688 2975 l.
1705 2953 1731 2975 2.
1751 2943 1783 2974 C.
1808 2945 1840 2973 de
1854 2943 1950 2975 libert.

1079 2990 1185 3025 &eon
1204 2991 1282 3020 liber.
1306 2989 1419 3020 dicitur
1442 2988 1573 3019 libertus
1592 2988 1622 3017 in
1641 2985 1824 3017 servitutem
1847 2984 1947 3023 redigi

1075 3033 1142 3064 levi
1159 3040 1199 3062 ex
1218 3029 1318 3061 causa.
1361 3029 1422 3061 Sed
1439 3029 1472 3060 id
1492 3028 1534 3060 ita
1547 3028 1609 3060 est:
1630 3027 1652 3059 fi
1669 3027 1744 3066 quid
1761 3025 1875 3056 fecerit
1897 3027 1949 3056 ad-

1080 3072 1186 3104 versus
1208 3080 1403 3113 patronum:
1434 3080 1498 3101 non
1522 3069 1543 3102 fi
1566 3069 1752 3110 obsequium
1776 3066 1949 3098 deseruerit

1079 3115 1100 3146 l.
1117 3124 1167 3154 30.
1189 3114 1222 3145 C.
1247 3117 1280 3144 cte
1297 3112 1407 3144 liberali
1423 3117 1519 3152 causa.

1121 3155 1202 3186 Satis
1224 3155 1263 3186 de
1281 3153 1437 3186 tutoribus
1455 3152 1660 3192 pupillorum.
1683 3149 1779 3181 venio
1803 3148 1842 3179 ad
1863 3156 1951 3180 cura-

1082 3204 1170 3230 tores
1187 3196 1356 3233 minorum.
1400 3193 1474 3229 iios
1496 3193 1573 3227 alius
1596 3202 1663 3226 non
1682 3190 1762 3233 petit
1785 3188 1870 3231 ipfis:
1899 3188 1954 3220 sed

1894 3238 1952 3261 cos
