2036 3495
127 72 151 105 ⁶
379 64 382 67 ’
555 56 1492 99 GERARD1N00.DTCOMM.

135 158 233 190 civile
248 156 345 189 effici.
382 153 511 192 Nempe
527 151 670 191 quaedam
689 149 842 188 imperat,
867 146 1011 187 quaedam

136 208 244 236 vetat,
262 197 404 238 quaedam
423 193 578 234 permittit
595 189 727 222 Natura.
752 198 822 228 quae
837 195 944 219 autem
960 197 1013 218 ve-

138 249 185 272 tat
205 241 254 270 vel
272 241 424 277 imperat,
442 232 589 264 adversus
606 231 694 268 haec,
709 230 781 269 quia
799 238 874 259 vere
892 228 921 259 ὂ(
939 237 1012 268 pro·

137 283 206 322 prie
222 280 290 310 sunt
311 277 386 318 juris
410 273 541 305 Naturae
562 280 627 302 tum
646 271 768 310 semper
786 279 822 300 ac
842 269 904 301 line
920 278 1012 300 exce-

137 323 249 364 ptione
265 321 349 350 bona
366 325 419 346 aut
436 316 534 352 mala,
564 312 641 343 nihil
659 312 743 343 valet
760 312 863 342 civilis
881 310 1015 342 auetori-

137 374 203 400 ως,
229 362 349 392 tantum
369 358 407 387 ad
431 357 495 395 eius
518 355 748 385 executionem
763 361 958 392 comparata.
983 360 1015 386 at

137 413 205 444 quae
224 399 378 441 permittit
389 396 527 434 Natura,
539 405 574 426 ea
593 395 664 435 quia
681 395 712 426 in
724 395 831 425 medio
843 394 1014 434 relinquit,

141 443 272 485 proprie
294 449 357 472 non
378 438 447 470 sunt
461 439 536 477 juris
555 435 704 468 Naturae:
730 437 806 467 licet
822 444 878 475 per
895 434 1014 465 abusio-

128 494 215 519 'nem
242 482 304 514 eil'e
323 482 484 517 dicantur,
509 488 550 509 eo
574 478 661 518 quod
679 478 707 508 ei
733 486 798 508 non
819 483 1016 520 repugnant,

143 527 173 557 ὅ(
194 526 233 556 ab
255 524 346 554 initio
370 522 411 553 iic
433 522 623 557 obtinuere,
648 521 753 550 uonec
773 518 869 558 magis
889 517 1017 556 expedi-

139 575 209 599 rent
228 565 397 597 contraria.
430 562 474 593 ei‘t
499 562 594 602 igitur
610 561 640 591 in
659 560 706 590 liis
723 568 852 591 materia
869 559 1015 590 bumana-

142 618 212 640 rum
228 609 352 647 legum:
369 605 482 645 quibus
500 613 568 643 quae
587 611 660 632 ante
677 609 765 632 erant
786 599 1016 636 indiii'erentia,

142 660 216 682 cum
240 658 298 689 pro
323 647 450 687 publica
472 645 614 675 omnium
647 643 696 673 vel
722 642 857 682 plui-ium
882 642 1018 672 utilitate

140 693 338 733 imperantur
353 695 407 719 aut
424 695 588 723 vetantur,
607 686 635 715 in
652 684 784 722 civita-te
800 684 883 713 bona
893 691 944 712 aut
958 691 1018 713 ma·

139 734 170 766 la
183 732 245 764 ell’e
264 730 429 770 incipIunt-.
445 737 538 767 atquc=
555 726 675 766 hocjus
694 725 788 756 civile
805 725 836 755 in
856 724 959 763 specie
977 723 1019 754 di-

142 775 244 806 citur:
266 781 337 804 nam
362 769 552 812 generaliter
569 767 746 806 sumptum,
771 768 844 806 quin
862 766 957 796 etiam
972 765 1021 804 jus

142 815 286 848 naturale
309 812 359 844 seu
378 812 520 853 gentium
538 807 789 849 compieesatur,
813 816 876 838 non
896 807 1021 838 dubitat

147 857 246 898 Gajus
265 856 282 886 l.
300 864 328 891 9.
350 853 378 885 b.
398 859 419 883 t.
444 853 474 883 ἀ
492 852 575 882 clare
592 849 777 881 Aristoteles
793 849 840 880 lib.
855 859 885 888 5.
902 848 950 879 De
964 857 1020 878 mo-

144 901 242 935 rz'lnis,
267 907 292 927 ε.
313 905 358 927 io.
386 894 481 925 verba
501 893 566 932 ejus
583 892 671 923 sunt:
695 890 756 931 Jus
773 891 859 921 civile
874 890 954 920 aliud
968 899 1020 920 na·

145 940 241 972 tunde
267 935 327 978 est,
360 936 440 967 aliud
464 935 634 976 legitimum.
663 932 800 963 naturale
822 932 896 972 quod
918 932 1022 976 ubique

146 982 279 1023 gentium
302 977 375 1009 idem
390 977 469 1008 volet
481 999 490 1015 ,
514 985 571 1006 non
594 975 665 1016 quia
686 975 729 1005 ita
746 974 792 1004 vel
809 977 953 1003 decretum
963 973 1023 1010 fit,

149 1023 196 1054 vel
211 1031 268 1053 non
283 1021 436 1051 decretum.
461 1018 623 1059 legitimum
646 1021 762 1053 autem,
785 1016 858 1056 quod
884 1015 918 1044 ab
940 1014 1023 1044 initio

149 1062 200 1095 hoc
217 1073 256 1095 cm
273 1063 318 1093 iilo
336 1062 414 1092 modo
427 1059 505 1099 ficit,
528 1057 601 1089 nihil
624 1059 732 1097 referi:
755 1066 819 1086 cum
837 1053 1024 1095 constitutum

134 1106 240 1143 ,fuerit
256 1113 343 1140 vero,
360 1108 430 1132 tunc
439 1101 552 1135 demum
569 1098 668 1139 refert.
692 1097 762 1129 Effe
780 1098 876 1137 igitur
891 1097 1025 1127 alterum

140 1141 301 1179 ‘aeternum
319 1143 485 1180 constans,
502 1141 531 1173 &
549 1140 764 1177 immutabile3
787 1140 920 1170 alterum
933 1160 942 1176 ,
967 1146 1024 1178 pro

147 1197 314 1229 tempore,
339 1185 458 1216 varium
476 1183 505 1214 ἃ
522 1182 708 1222 multiplex,
732 1181 849 1211 eodem
868 1180 943 1210 loco
970 1179 1026 1209 ob-

149 1231 252 1262 servat
275 1226 473 1260 Aristoteles.
498 1227 592 1255 etiam
618 1223 729 1254 Paulus
753 1222 772 1252 l.
799 1231 846 1252 11.
870 1220 898 1251 h.
923 1226 944 1250 c.
971 1219 1037 1251 sed*

150 1273 275 1313 optime
295 1269 372 1308 Imp.
392 1265 623 1306 Justini21nus§.
649 1273 693 1295 11.
715 1261 784 1303 [νηὶ.
799 1264 831 1293 de
845 1262 911 1303 jure
924 1268 1022 1293 natur.

191 1310 362 1349 Postquam
379 1307 512 1339 substitit
530 1308 559 1337 in
576 1306 648 1346 jure
663 1306 757 1336 Civili
777 1303 948 1344 Ulpianus3
973 1304 1024 1333 de-

149 1356 224 1387 inde
244 1352 366 1392 subjicit
386 1351 450 1389 ejus
468 1348 654 1379 divisionem
673 1348 719 1377 liis
741 1346 844 1377 verbis
862 1344 881 1375 l.
901 1348 929 1375 6.
947 1344 981 1385 §..
998 1353 1024 1375 1.

151 1399 179 1427 h.
198 1402 218 1427 c.
258 1393 322 1425 Hoc
339 1393 431 1434 igilur
447 1391 495 1430 jus
512 1387 638 1429 nostrum
661 1385 770 1427 constat
787 1392 837 1417 aut
852 1388 1024 1426 exscripto,

150 1435 405 1475 azitfinescripto.
430 1430 559 1468 Sensus3
577 1430 664 1470 quod
684 1428 824 1468 Populus
840 1427 1023 1465 Romanus,

150 1479 336 1511 deliniturus
358 1475 405 1514 jus
431 1472 596 1513 proprium
624 1469 682 1501 suae
714 1469 850 1501 civitatis
867 1492 875 1506 ‚
905 1468 938 1499 id
960 1467 1023 1507 est,

151 1520 226 1560 quid
239 1520 268 1549 in
283 1526 318 1547 ea
336 1524 394 1555 pro
413 1513 576 1544 communi
593 1512 730 1542 utilitate
746 1511 784 1541 ab
800 1511 949 1544 omnibus
968 1509 1025 1540 ob-

150 1560 262 1592 servari
286 1563 457 1597 oporteat,
482 1554 682 1584 voluntatem
708 1551 789 1583 suam
816 1552 955 1582 declarat
972 1551 1024 1582 vel

151 1601 272 1644 palam,
297 1597 348 1629 vel
367 1597 482 1627 tacite:
507 1595 629 1635 palam,
656 1593 674 1625 li
694 1595 722 1624 in
742 1594 881 1624 comitiis
900 1601 1027 1632 rogatus

151 1653 168 1675 a
195 1640 400 1682 Magistrum,
425 1636 576 1677 suffragiis
600 1634 659 1666 suis
681 1636 808 1675 jubeat,
832 1636 919 1675 quod
938 1643 1026 1674 roga-

146 1694 221 1721 tur,
247 1684 350 1723 legem
376 1678 457 1715 ess'e;
481 1678 531 1715 «St,
557 1686 590 1709 ut
616 1687 712 1709 moris
736 1684 821 1713 erat,
845 1675 1026 1715 inscriptam

151 1725 287 1762 tabulis,
311 1721 430 1753 celebri
452 1718 546 1751 Urbis
565 1720 660 1756 loco,
684 1727 750 1759 quo
774 1718 921 1749 omnibus
934 1718 1027 1760 'inno-

152 1767 308 1804 tesceiet,
332 1763 481 1803 proponi..
507 1761 623 1798 tacite,
647 1760 667 1792 ss
684 1760 759 1801 quid
779 1759 939 1795 moribus,
963 1757 1027 1789 sire

149 1807 402 1842 consuetudine,
425 1805 595 1843 reciperet.
619 1811 689 1833 nam
709 1802 758 1832 vel
777 1801 817 1832 iic
834 1801 898 1840 ejus
916 1799 1027 1830 volun-

152 1860 219 1889 tas,
242 1847 298 1880 etfi
315 1856 379 1879 non
398 1855 455 1885 per
473 1844 674 1883 scripturam,
701 1843 812 1882 utique
828 1842 922 1873 rebus
941 1841 970 1872 ἃ
988 1840 1030 1871 fa·

153 1893 230 1930 ctis,
252 1889 388 1930 intelligi
410 1894 549 1927 poterat.
582 1887 669 1925 quod
689 1884 707 1915 si
725 1885 788 1915 est:
812 1892 962 1924 apparet,
984 1883 1031 1922 jus

152 1935 304 1973 scriptum
322 1931 351 1961 ἃ
373 1938 436 1960 non
454 1927 602 1968 scriptum
620 1926 682 1957 dici
699 1926 738 1956 ab
755 1935 795 1957 eo
812 1925 900 1965 quod
921 1924 1030 1955 Romae

152 1977 234 2007 solet
258 1972 345 2005 fieri:
371 1978 467 2010 atque
492 1969 567 2000 inde
591 1969 676 1999 idem
701 1976 765 1998 uno
791 1967 866 1998 leco
887 1967 936 2006 jus
960 1964 1031 1996 scri-

156 2008 246 2057 ptum
264 2015 293 2046 &
315 2022 380 2045 non
406 2012 574 2051 (criptum,
598 2010 671 2041 alibi
696 2009 782 2049 leges
806 2007 956 2048 scriptas,
979 2015 1032 2038 aut

155 2057 338 2097 iimpliciter
357 2055 462 2094 leges,
487 2051 517 2083 δε
534 2060 658 2088 mores,
682 2049 832 2091 appellari
857 2050 876 2080 l.
896 2060 924 2085 ¹)-
944 2048 986 2080 D.
1003 2049 1031 2079 h.

158 2107 180 2130 it.
201 2099 219 2128 ι.
237 2107 286 2138 32.
301 2103 347 2136 pr.
361 2095 396 2129 &²
413 2094 441 2136 §.
464 2102 489 2124 1.
508 2094 527 2124 l.
545 2103 595 2134 35.
613 2092 710 2133 &36-
731 2091 773 2122 D.
791 2092 824 2121 de
840 2090 957 2131 legibus.
981 2089 1034 2129 Jus

152 2140 304 2179 scriptum
316 2137 354 2169 ab
365 2135 607 2167 enumeratione
620 2134 755 2174 partium
774 2132 866 2173 (quae
881 2132 1033 2167 frequens

155 2179 329 2215 Veteribus
345 2177 389 2209 cst
408 2176 574 2216 definitio)
600 2185 615 2206 a
637 2174 808 2215 Justiniano
825 2173 867 2205 fic
885 2171 1034 2204 definitur

157 2224 185 2266 §.
202 2233 231 2264 3.
251 2218 324 2261 Jnft.
343 2221 374 2250 cle
385 2218 449 2260 jur.
467 2223 529 2249 mat.
547 2217 653 2248 nescio
669 2226 706 2248 an
722 2226 761 2247 ex
781 2214 931 2255 UlpianO.
958 2214 1033 2245 Scri·

151 2263 300 2308 ptztmjus
317 2259 376 2300 est,
397 2260 482 2297 Lex,
500 2258 700 2297 Plebiscitum,
726 2256 1011 2291 Senatusconliiltum
1023 2278 1032 2294 ,

158 2306 331 2345 Principum
347 2302 461 2334 Piacira
472 2323 481 2339 ,
498 2298 738 2341 magistratuum
749 2297 853 2329 Edicta
864 2322 873 2336 ,
890 2297 1033 2338 Responsa

157 2348 355 2380 Praeteritum.
376 2342 480 2374 Prima
502 2341 577 2381 juris
602 2341 705 2380 scripti
726 2350 795 2380 pars
813 2339 858 2370 est
877 2339 964 2370 Lex:
989 2339 1033 2369 di-

157 2390 228 2427 eta,
249 2395 285 2418 ut
310 2385 444 2418 liidorus
467 2383 513 2414 lib.
531 2393 562 2423 5.
585 2383 703 2423 Origin.
722 2392 746 2413 c,
763 2391 790 2422 3.
820 2387 930 2422 putat,
955 2390 971 2411 a
989 2380 1032 2410 le-

159 2431 285 2472 gendo:
300 2427 371 2465 vel,
395 2433 429 2456 ut
446 2425 567 2456 mavult
592 2424 709 2456 Cicero
725 2425 770 2455 lib.
797 2433 820 2454 1.
843 2422 889 2453 De
904 2422 1032 2463 legibus,

159 2482 177 2503 a
195 2470 378 2510 deligendo.
411 2465 561 2497 definitur
584 2474 690 2497 autciii
707 2475 723 2496 a
748 2464 922 2504 Justiniano
947 2463 976 2504 §.
1003 2473 1033 2501 4.

162 2514 190 2544 cl.
208 2517 229 2542 t.
252 2511 338 2551 quod
365 2509 505 2548 Populus
529 2507 691 2539 Romanus
707 2529 716 2544 ,
740 2506 909 2537 Senatorio
934 2504 1035 2544 Magi-

156 2554 254 2586 stratu
282 2554 500 2589 interrogante
518 2572 527 2585 ,
552 2549 651 2580 veluti
680 2547 837 2585 Consule,
861 2545 1034 2577 constitue-

156 2596 224 2627 bat.
266 2592 369 2623 Bene:
393 2600 464 2622 nam
483 2590 720 2621 sanciendaruiii
740 2589 1032 2628 &abrogandarum

158 2637 265 2676 legum
287 2632 477 2673 potestatem
500 2641 598 2671 penes
624 2640 719 2662 unum
738 2630 829 2662 fuisse
853 2630 1032 2669 Populum,

159 2679 257 2710 etiam
276 2673 428 2714 Polybius
447 2673 562 2714 probat
578 2673 625 2704 lib.
645 2677 674 2704 6.
691 2673 720 2704 ἅ
736 2681 802 2703 erat
818 2672 967 2708 rationis,
992 2671 1034 2701 le·

160 2728 217 2762 ges
243 2716 350 2748 facere
375 2723 427 2744 aut
452 2714 566 2745 tollere
592 2724 684 2752 eum,
707 2715 794 2753 cujus
812 2713 930 2744 utilitas
948 2721 983 2742 ea
1002 2720 1035 2742 re

159 2759 322 2801 quaeritur.
346 2755 371 2786 is
390 2754 433 2785 est
451 2755 591 2794 Populus
611 2757 708 2793 liber,
732 2756 761 2786 ὅ(
777 2754 831 2786 fibi
851 2752 1032 2785 commissus

159 2812 178 2834 a
193 2800 331 2833 Natura:
346 2796 397 2827 cui
413 2795 458 2826 est
476 2797 551 2826 utile
569 2805 621 2827 aut
640 2798 771 2828 noxium
789 2796 877 2836 quod
894 2794 957 2834 ipse
974 2794 1032 2825 suis

158 2843 254 2876 rebus
274 2839 351 2871 utile
368 2845 420 2868 aut
436 2838 567 2867 noxium
591 2838 653 2870 esse
669 2838 846 2875 existimet,
873 2845 1034 2876 tamquam

158 2884 328 2920 dominus,
350 2878 488 2915 arbiter,
506 2878 535 2908 ἃ
553 2881 755 2916 moderator,
779 2888 881 2910 rerum
901 2878 1032 2909 suarum.

160 2927 216 2959 Ait
232 2931 329 2965 porro
344 2918 548 2960 justinianus,
573 2921 658 2957 quod
676 2921 816 2959 Populus
834 2921 937 2961 legem
954 2928 1032 2950 con-

157 2967 325 3001 stituebat,
340 2961 509 2993 Senatorio
522 2959 706 3000 Magiilratu
719 2969 953 3002 interrogante,
968 2961 1031 2991 vel-

157 3010 204 3042 uti
221 3005 380 3039 Consule:
405 3003 476 3042 quia
492 3001 516 3032 is
537 3002 620 3031 inter
635 3002 711 3033 alios
730 3003 866 3033 babebat
879 3003 926 3042 jus
942 3011 1033 3043 agen-

158 3052 188 3083 di
208 3058 280 3081 curn
300 3045 437 3086 Populo.
462 3042 549 3083 quod
568 3041 631 3077 est,
655 3043 708 3081 (ut
725 3044 822 3074 docet
840 3043 964 3074 Gellius
982 3044 1032 3074 lili.

161 3102 210 3131 13.
232 3088 320 3122 Λόἒῖ.
345 3086 438 3118 Amic.
461 3094 486 3115 c.
516 3084 583 3123 15.)
611 3083 767 3121 Populum
793 3092 930 3122 rogare,
956 3086 1032 3123 quid

158 3131 313 3172 suffragiis
330 3129 389 3159 suis
404 3126 523 3167 jubeat.
547 3133 653 3163 eoque
671 3126 788 3161 modo,
808 3135 902 3156 etiam
923 3126 1030 3158 Festus

156 3175 253 3212 dicit,
278 3179 389 3211 rogare
412 3166 493 3207 effe,
518 3164 682 3198 consulere
702 3164 876 3205 Populum,
904 3167 951 3196 vel
972 3177 1028 3207 pe.

1057 155 1124 179 tere
1143 149 1182 181 ab
1200 159 1260 188 eo,
1277 156 1310 181 ut
1326 149 1453 189 sciscat,
1470 149 1546 190 quid
1561 149 1654 182 ferat.
1671 156 1738 181 erat
1752 157 1855 184 autem
1871 153 1927 194 (ut

1057 188 1195 233 ostendit
1208 190 1378 224 Briss'onius
1394 192 1441 222 lib.
1453 201 1481 222 2.
1494 191 1540 222 De
1549 189 1706 231 formulis)
1722 191 1859 224 formula
1879 204 1929 225 ro-

1056 232 1158 270 gantis
1175 231 1395 273 Magistratus,
1422 232 1535 264 Velitis
1548 232 1688 273 jubeatis
1708 232 1868 272 Quirites:
1883 235 1931 274 iu?

1056 272 1161 304 beritis
1179 272 1314 313 Populi,
1341 274 1394 306 Uti
1415 283 1517 315 rogas.
1559 273 1637 305 Inde
1664 275 1789 313 rogatio
1812 283 1869 314 pro
1886 277 1928 306 le-

1057 322 1114 353 ge:
1138 322 1177 344 eo
1194 316 1282 354 quod
1300 315 1345 346 est
1362 324 1458 354 caput
1477 315 1506 346 &
1523 315 1616 356 origo
1635 314 1664 345 &
1683 313 1766 353 quasi
1784 314 1873 353 fons,
1898 317 1929 347 δε

1057 354 1111 384 nisi
1128 356 1326 394 populusaiit
1345 358 1435 396 plebs
1446 363 1597 396 rogetur-3
1614 356 1733 387 nullum
1752 357 1861 395 populi
1878 365 1933 387 aut

1058 394 1162 441 plebis
1182 397 1293 436 justum
1318 397 1384 429 fieri
1408 397 1529 437 potest:
1555 397 1681 428 auctore
1706 395 1816 428 Gellio
1839 407 1863 427 c.
1882 406 1932 428 ρο.

1058 437 1107 466 lib.
1125 444 1170 468 10.
1189 437 1369 478 fimpiiciter
1385 449 1461 470 vero
1479 440 1520 469 ait
1537 439 1734 479 Imperator,
1751 438 1854 479 legem
1870 437 1932 470 else

1060 479 1149 517 quod
1166 480 1303 518 populus
1321 480 1552 512 constituebat:
1576 489 1647 511 cum
1669 480 1776 518 Art-jus
1793 479 1911 520 Capito
1923 503 1934 518 ‚

1060 519 1144 557 apud
1161 518 1305 551 Gellium
1323 523 1349 552 cl.
1366 532 1389 553 e.
1407 531 1455 554 ρο.
1478 522 1581 560 dicat,
1600 522 1665 552 Lex
1680 517 1718 560 est
1727 520 1934 561 gerieraiejus-

1054 563 1123 602 Jzim
1138 561 1236 600 populi
1252 567 1305 591 unt
1318 563 1427 602 plebis,
1444 570 1562 604 rogante
1582 562 1780 603 sisagytrazu.
1806 561 1857 593 setl
1875 562 1935 593 lm-

1059 609 1188 646 perator
1199 602 1316 640 maluit,
1328 603 1380 634 iub
1390 605 1459 644 lege
1468 604 1746 645 comprehendere
1758 603 1938 644 privilegia:

1061 651 1132 682 quae
1149 641 1201 672 ille
1224 651 1242 688 a
1266 643 1388 683 legibus
1406 645 1636 686 distinguebat:
1662 645 1738 676 sicut
1757 645 1787 675 <Sc
1807 644 1935 681 Festus,

1063 693 1132 723 quae
1150 684 1313 730 priuilegia
1339 685 1426 724 sunt,
1450 688 1634 727 rogationes
1658 687 1830 728 appellans.
1874 685 1939 717 Sed

1064 725 1218 764 loquendi
1253 725 1516 759 consuetudinem
1549 729 1657 759 omnia
1684 729 1734 759 illa
1759 726 1937 758 confudisse

1065 766 1242 804 vocabula,
1266 766 1295 798 ὅτ.
1318 768 1406 808 leges
1431 768 1561 807 dixisse,
1587 769 1672 800 tessis
1696 768 1741 800 est
1765 768 1891 800 Gellius
1907 769 1936 799 d.

1063 807 1114 838 loc.
1155 806 1232 853 Non
1254 817 1334 846 opus
1352 810 1441 845 addi,
1467 810 1621 849 Populum
1642 811 1728 851 leges
1746 809 1942 841 constituisse

1064 850 1095 880 in
1114 850 1253 880 comitiis
1272 851 1455 881 centuriatis
1475 851 1503 881 Gt
1524 852 1669 890 curiatis,
1687 853 1715 884 ἃ
1731 854 1949 892 ςηειῃεόηιοψ

1065 891 1138 922 dum
1158 891 1209 922 illa
1226 900 1241 920 a
1259 889 1307 929 se,
1332 892 1361 922 <Sc
1378 892 1416 922 ab
1435 892 1577 931 utrisque
1591 893 1726 932 tributa,
1749 892 1940 934 distinguan-

1068 940 1127 977 tur.
1152 941 1227 962 ηοω
1246 931 1313 962 sunt
1331 932 1400 963 haec
1415 942 1455 963 ex
1482 931 1590 965 Gellio
1614 935 1662 966 lib.
1689 943 1735 975 15.
1754 944 1777 966 c.
1797 944 1844 975 27.
1865 936 1894 966 ά
1911 943 1941 965 a·

1066 973 1115 1005 liis
1133 973 1249 1014 quibus
1266 973 1330 1005 hoc
1348 973 1545 1014 propositum
1563 984 1639 1006 erat.

1110 1014 1256 1046 Secunda
1272 1014 1390 1056 species
1404 1017 1481 1056 juris
1498 1015 1655 1056 scriptiest
1667 1014 1877 1048 Plebiscitum.
1896 1016 1942 1047 id-

1068 1065 1129 1097 que
1145 1056 1183 1087 ab
1200 1056 1398 1096 Imperatore
1416 1058 1443 1089 d.
1461 1057 1490 1099 §.
1507 1068 1536 1096 4.
1557 1056 1723 1094 definitur,
1743 1058 1830 1096 quod
1848 1058 1940 1098 plebs

1067 1097 1196 1139 plebeio
1214 1097 1400 1138 Magistratu
1416 1105 1652 1140 interrogante,
1663 1099 1759 1129 veluti
1774 1097 1944 1137 Tribuno,

1068 1138 1292 1170 constituebat.
1315 1140 1345 1171 &
1368 1140 1456 1171 addit
1480 1139 1677 1179 Imperator,
1703 1141 1789 1180 quod
1817 1141 1906 1179 plebs
1924 1149 1943 1169 a

1068 1180 1190 1221 populo
1209 1190 1249 1211 eo
1273 1180 1401 1220 differt,
1426 1191 1491 1222 quo
1508 1181 1627 1221 specics
1645 1191 1660 1212 a
1684 1191 1820 1221 genere,
1845 1182 1875 1212 id
1898 1179 1944 1212 eli:

1070 1232 1139 1262 pars
1155 1223 1281 1260 atoto3
1298 1232 1368 1254 nam
1387 1223 1603 1262 appellatione
1623 1224 1732 1263 pepuli
1749 1221 1882 1253 universi
1901 1223 1945 1252 ci-

1070 1273 1125 1295 ves
1141 1262 1372 1303 significantur,
1390 1266 1627 1295 connumeratis
1645 1265 1740 1295 ctiam
1756 1264 1894 1304 patriciis
1913 1262 1945 1294 ἃῖ

1070 1304 1279 1336 senatoribus.
1302 1305 1404 1345 plebis
1421 1314 1526 1336 autem
1543 1306 1756 1346 appellatione
1773 1305 1835 1336 filie
1851 1302 1946 1345 patri-

1070 1347 1127 1377 ciis
1144 1346 1173 1377 &
1192 1345 1388 1378 senatoribus
1406 1348 1512 1378 caeteii
1531 1348 1616 1378 cives
1636 1347 1860 1387 ligurrit-antur.
1892 1345 1945 1376 Sic

1070 1388 1247 1427 Imperator
1264 1397 1304 1419 ex
1322 1387 1374 1418 usu
1389 1390 1592 1428 antiquorum
1612 1397 1811 1427 temporum:
1829 1387 1944 1427 quibus

1068 1429 1208 1460 honores
1219 1429 1245 1460 ἃ
1258 1427 1611 1470 magistratus'nondum
1627 1437 1716 1460 erant
1733 1430 1947 1460 communica-

1069 1470 1092 1502 ti
1110 1479 1181 1502 cum
1207 1470 1321 1510 plebe;
1347 1470 1399 1501 sub
1416 1480 1517 1511 eaque
1538 1472 1634 1502 etiam
1656 1472 1780 1511 equites
1797 1472 1945 1501 contine-

1070 1512 1192 1543 bantur.
1211 1511 1376 1552 postquam
1394 1513 1478 1543 enim
1490 1513 1668 1549 senatores,
1686 1510 1944 1552 magistratusque

1070 1554 1165 1584 etiam
1183 1562 1222 1583 ex
1236 1553 1330 1592 plebe
1341 1554 1471 1584 fuerunt
1488 1554 1606 1591 creati3
1627 1553 1736 1583 mansit
1754 1553 1880 1590 quidem
1894 1561 1946 1591 pa-

1071 1595 1237 1626 triciorum
1261 1594 1290 1625 &
1310 1595 1509 1634 plebejorum
1533 1593 1733 1631 differentia3
1757 1594 1807 1624 sed
1827 1594 1947 1624 senato-

1070 1645 1119 1667 res
1137 1636 1219 1676 plebi
1237 1637 1357 1676 opponi
1374 1635 1542 1666 desierunt.
1561 1637 1689 1666 tandem
1706 1634 1858 1666 diiunctis
1870 1643 1948 1673 quo-

1070 1686 1132 1717 que
1157 1687 1174 1707 a
1197 1677 1291 1716 plebe
1307 1677 1468 1717 equitibus
1491 1677 1544 1707 sub
1570 1677 1732 1708 consulatu
1757 1675 1946 1713 Ciceronis,

1070 1718 1178 1759 (quod
1195 1718 1310 1749 Plinius
1329 1718 1446 1756 refert,
1464 1719 1511 1749 lili,
1527 1728 1575 1759 33.
1592 1717 1669 1758 Hist.
1682 1718 1757 1749 Ναί.
1774 1728 1798 1748 c.
1817 1718 1866 1756 εξ)
1884 1725 1948 1747 tres

1071 1759 1162 1791 suere
1173 1759 1286 1793 Populi
1306 1759 1440 1792 Romani
1459 1760 1603 1792 ordines:
1621 1760 1804 1791 Senatorius
1816 1783 1825 1797 ,
1841 1758 1947 1799 Eque-

1074 1801 1150 1839 ster,
1175 1804 1202 1832 dt
1223 1802 1378 1841 Pit-mins.
1425 1802 1500 1832 inde
1523 1803 1606 1840 apud
1630 1801 1796 1841 Apultjum
1822 1801 1869 1830 lili.
1900 1808 1946 1831 ix.

1075 1843 1273 1882 sileltlllwrpb.
1311 1843 1441 1888 sz'clam
1456 1842 1616 1881 clesubliiiii
1629 1842 1765 1883 suggestio
1776 1866 1784 1880 ,
1808 1844 1840 1871 cie
1858 1841 1926 1871 libro
1937 1863 1946 1877 ,

1074 1885 1105 1914 (le
1122 1884 1213 1914 literis
1223 1882 1328 1924 fausta
1347 1890 1415 1915 vata
1428 1885 1577 1924 prefatus.
1611 1885 1744 1924 Primipi
1755 1893 1874 1925 magiis),
1899 1881 1947 1912 Sa·-

1075 1927 1219 1966 izciiuiqne
1237 1925 1273 1960 δέ)
1291 1925 1413 1967 Equiti,
1429 1932 1540 1965 totisque
1559 1925 1687 1957 Romano
1700 1926 1804 1966 Populo
1822 1925 1881 1955 ἃς.
1907 1921 1947 1954 Et

1076 1967 1158 2007 apud
1175 1965 1328 1998 Ovidium
1346 1968 1393 1997 lib.
1415 1976 1441 1998 2·
1455 1965 1572 2006 Rilt'or.
1590 1971 1661 2007 very.
1684 1975 1750 2006 127.

1121 2007 1226 2040 Semele
1236 2014 1320 2049 pater
1332 2010 1454 2049 pati-ize,
1473 2010 1525 2039 ιίῡι·
1538 2010 1634 2048 p'ebs,
1652 2009 1704 2038 tibi
1721 2009 1804 2038 curia
1817 2015 1919 2037 nomen

1158 2049 1224 2080 Hoc
1242 2050 1337 2087 denir,
1361 2050 1411 2080 boc
1426 2050 1553 2079 dedimus
1567 2059 1618 2079 nos
1637 2050 1688 2080 tibi
1702 2058 1802 2079 nomen
1819 2058 1912 2089 eques.

1077 2091 1238 2123 Caeterum
1256 2098 1290 2122 ut
1308 2089 1371 2122 sola
1388 2090 1478 2130 plebs
1503 2091 1533 2121 in
1551 2091 1675 2121 tributis
1693 2091 1852 2128 comitiis,
1877 2098 1948 2129 quae

1077 2133 1207 2172 proprie
1218 2132 1318 2172 plebis
1329 2132 1501 2163 concilium
1512 2132 1698 2163 dicebantur
1714 2133 1822 2171 potius
1833 2155 1841 2168 ,
1852 2139 1946 2171 quam

1077 2175 1227 2211 comitia,
1251 2183 1267 2204 a
1290 2172 1440 2204 Tribuno
1465 2174 1655 2213 rogabatur3
1679 2174 1721 2203 ita
1739 2171 1759 2204 ss
1777 2172 1947 2212 reipondc-

1076 2223 1144 2253 ret,
1167 2225 1230 2246 non
1249 2214 1337 2252 Lex,
1356 2214 1407 2246 sed
1424 2213 1624 2246 plebiscitum
1643 2214 1878 2255 appellabatur3
1893 2223 1948 2244 co-

1076 2266 1138 2296 que
1156 2266 1220 2288 non
1240 2256 1361 2297 patricii
1383 2256 1592 2295 tenebantur,
1616 2257 1688 2294 quia
1705 2265 1768 2286 non
1786 2253 1949 2286 consense-

1075 2305 1163 2335 rant,
1188 2296 1239 2329 sed
1256 2297 1388 2337 plebeji:
1413 2298 1519 2328 donec
1535 2297 1579 2341 Q.
1598 2296 1786 2328 Hortensius
1805 2296 1952 2327 Dictator

1074 2338 1197 2380 Legem
1214 2340 1285 2371 tulit
1306 2340 1344 2370 ad
1361 2339 1536 2379 populum,
1561 2347 1595 2369 ut
1613 2348 1653 2370 eo
1666 2339 1734 2378 jure
1753 2338 1839 2377 quod
1860 2337 1950 2377 plebs

1077 2380 1368 2419 statuiffet,01nnes
1385 2379 1528 2422 Quirites
1545 2387 1738 2411 tenerentur.
1763 2381 1806 2409 ita
1824 2388 1863 2409 ex
1880 2377 1949 2409 Lae-

1077 2422 1121 2454 lio
1142 2421 1249 2453 Felice
1266 2422 1303 2453 A.
1323 2420 1448 2452 Gellius
1471 2421 1520 2452 bib.
1545 2430 1590 2461 15.
1609 2431 1631 2451 ε.
1649 2430 1697 2460 27.
1716 2421 1810 2460 eique
1828 2428 1949 2450 conve-

1077 2465 1202 2495 nienter
1213 2462 1409 2504 Pomponius
1423 2463 1441 2493 l.
1454 2473 1480 2494 2.
1494 2461 1522 2503 ᾗ.
1543 2467 1570 2495 8.
1584 2461 1626 2492 D.
1643 2463 1676 2492 cle
1691 2461 1833 2502 orig.jicr.
1851 2461 1948 2492 etiam

1076 2504 1266 2545 justinianus
1276 2505 1302 2535 ci.
1315 2503 1581 2545 §.4.Plebiicita,
1597 2503 1762 2541 inquiens,
1780 2503 1848 2543 lege
1866 2501 1950 2533 Hor-

1077 2545 1172 2578 renfia
1191 2546 1271 2584 lata,
1294 2545 1355 2585 (fic
1372 2545 1559 2585 legendum,
1575 2544 1694 2575 dudum
1712 2543 1790 2575 vidit
1809 2544 1846 2575 A.
1865 2543 1953 2575 Con-

1077 2588 1137 2619 tius
1154 2588 1202 2618 lib.
1224 2596 1254 2618 2.
1272 2586 1416 2625 Subskciv.
1433 2585 1495 2617 Ιεὲῗ.
1514 2595 1538 2616 c.
1555 2585 1605 2625 8.)
1620 2594 1684 2616 non
1704 2585 1806 2616 minus
1825 2585 1950 2624 valere,

1077 2638 1170 2670 quam
1192 2629 1278 2669 leges
1301 2635 1480 2667 coeperunt.
1513 2627 1587 2666 quin
1613 2627 1731 2657 exinde
1748 2627 1844 2657 etiam
1864 2626 1951 2667 leges

1078 2669 1234 2711 appellata
1259 2669 1328 2700 sunt
1344 2692 1353 2708 ,
1386 2677 1420 2699 ut
1445 2678 1485 2699 ex
1510 2668 1589 2698 sono
1614 2667 1707 2708 Legis
1730 2667 1896 2706 Falcidiae,
1921 2669 1952 2699 δε

1080 2712 1234 2751 Aquiliae,
1259 2720 1328 2749 quae
1353 2717 1442 2741 erant
1464 2709 1644 2750 plebiscita,
1669 2709 1864 2750 intelligitur.
1896 2709 1950 2740 scd

1081 2754 1182 2794 palam
1200 2753 1310 2791 Atejus
1330 2750 1448 2791 Capito
1466 2752 1493 2782 cl.
1504 2761 1527 2782 c.
1538 2761 1587 2782 20.
1598 2751 1645 2781 lib.
1662 2759 1706 2782 10¹
1726 2753 1808 2790 apud
1824 2751 1858 2781 A.
1871 2750 1948 2781 Gel-

1077 2795 1166 2827 lium.
1214 2794 1278 2825 Lex
1294 2790 1331 2833 est
1342 2817 1351 2832 ‚
1375 2792 1496 2832 inquit,
1516 2792 1650 2833 generale
1660 2791 1772 2834 justum
1782 2792 1882 2833 populi
1897 2797 1950 2823 aut

1072 2837 1181 2877 plebis,
1202 2842 1322 2876 rogante
1340 2832 1536 2875 llffagistratu.

1119 2877 1232 2908 Tei-tia
1256 2877 1332 2916 J'uris
1358 2875 1464 2916 scripti
1489 2875 1609 2916 species
1633 2875 1676 2907 est
1693 2871 1950 2907 Senatusconsul-

1077 2928 1154 2950 tum.
1171 2919 1267 2957 idque
1284 2920 1338 2957 (ut
1350 2914 1394 2948 ait*
1406 2916 1580 2958 Imperator
1592 2917 1660 2958 §.¹5.
1677 2916 1856 2957 Inft.dejur.
1868 2914 1952 2951 nat.)

1077 2960 1122 2992 est
1138 2961 1224 3000 quod
1235 2959 1367 2990 Senatus
1381 2959 1471 2998 jubet
1488 2966 1583 2998 atque
1599 2958 1773 2990 constituit.
1792 2957 1855 2987 lioc
1870 2963 1948 2984 vero

1077 3011 1113 3033 ut
1128 3011 1185 3042 pro
1199 3002 1268 3041 jure
1285 2999 1403 3040 scripto
1422 3001 1593 3038 habeatur,
1606 3000 1670 3040 eJ'us
1686 3000 1737 3030 ille
1754 2998 1834 3029 lianc
1845 2994 1949 3026 adfert

1076 3042 1197 3074 causam
1216 3051 1286 3081 quae
1304 3042 1333 3073 ἃ
1352 3041 1521 3082 Pomponii
1537 3040 1580 3072 est
1599 3042 1626 3071 ci.
1642 3041 1662 3072 l.
1678 3040 1783 3080 2.§.9.
1802 3035 1889 3076 quod
1908 3036 1951 3065 le-

1075 3086 1121 3126 gis
1139 3085 1314 3116 sancienda:
1331 3082 1419 3114 causa
1434 3082 1525 3122 plebs
1540 3081 1686 3118 difficile,
1707 3079 1842 3119 populus
1859 3084 1947 3122 certe

1076 3126 1232 3158 difficilius
1246 3149 1255 3162 ‚
1279 3125 1453 3156 convenire
1472 3131 1599 3164 poterat
1623 3123 1653 3152 in
1672 3118 1948 3166 tantahominuin

1079 3168 1410 3206 iiiultitudinc:atque
1426 3167 1486 3205 ita,
1503 3162 1825 3205 inquitPomponius,
1837 3167 1947 3231 nefes-

1889 3209 1945 3233 itas
