2036 3495
375 156 439 191 An
465 155 555 190 [ΑΒ.
583 151 647 189 IV.
682 152 718 187 T
729 165 740 188 1
751 161 782 189 T.
812 152 875 188 VI.
909 154 964 190 Ex
979 155 1086 200 quibus
1102 153 1200 200 caufis
1217 156 1344 202 majores
1358 156 1475 201 viginti
1489 153 1556 195 &a

59 257 151 289 grum
179 244 386 277 restitutionis
400 269 408 282 ,
432 244 567 285 politum
584 253 600 273 a
620 241 760 288 Praetore
776 240 838 273 fuit
856 249 934 288 tem-

59 299 118 330 pus
135 297 206 329 anni
228 287 321 319 utilis.
365 286 492 318 Deinde
512 286 563 317 ubi
582 284 635 315 hic
652 283 817 324 vestigium
837 285 935 315 cnulae

63 329 288 371 cognitionis?
308 327 510 359 Modestinus
528 334 632 357 tamen
649 325 669 355 l.
686 336 713 366 3.
736 324 773 354 I).
794 326 827 355 de
842 326 873 355 in
891 326 934 355 iri-

61 377 123 412 tegr
151 367 237 411 rrflit.
278 368 418 407 Omnes,
441 369 564 408 inquit,
588 369 616 397 in
636 366 794 407 integrum
812 367 933 397 restitu-

59 416 186 445 tiones,
211 411 300 442 causa
317 412 466 450 cognita,
492 409 732 448 promittuntur.
778 407 886 450 Quid,
911 408 931 439 si

60 453 156 495 igitur
180 452 324 483 Edictum
342 452 382 481 sic
399 451 556 481 restituam
569 450 586 480 ’ἐ
609 448 674 493 Qui
691 459 808 490 quoeve,
828 448 932 488 postea-

62 505 149 536 quam
173 495 242 535 quial
268 503 331 523 cum
353 493 397 523 his
421 491 517 522 astum
532 491 748 522 coniraciumve
758 490 819 529 fit,
843 496 933 530 cupite

62 538 206 567 deminuti
224 535 411 564 deminutaeve
425 532 476 573 effe
492 533 624 563 (licentur
635 557 643 569 ‚
667 534 699 562 in
714 543 757 562 eos
773 542 857 562 ecisve
871 541 921 571 per

61 578 128 608 inde
143 574 224 617 quusi
238 577 266 605 id
275 574 394 614 fastum
415 571 539 611 nonsit,
555 575 635 604 imm
653 584 783 610 amium,
800 583 854 614 quo
872 575 932 613 pri-

61 628 142 649 mum
156 617 324 656 experiundi
337 612 459 655 pottstas
475 617 545 652 erit,
571 615 657 650 mulii
672 618 803 655 cognita,
822 615 930 656 judici-

61 669 111 690 um
133 660 212 689 dubo.
260 655 332 687 Hoc
358 655 502 686 Edictum
527 657 582 697 (ut
609 656 764 695 Ulpianus
783 656 931 686 observat

60 700 80 731 l.
99 710 127 732 2.
146 701 172 730 b.
191 699 233 737 t.)
257 697 397 737 pertinet
423 698 461 728 ad
485 707 536 728 eas
562 699 675 737 capitis
693 699 930 729 deminutiones

60 750 131 781 quae
156 740 234 771 salva
253 740 384 769 civitate
407 739 615 779 contingunt:
640 740 671 770 id
688 739 750 776 est,
776 748 844 778 quae
862 747 930 778 per·

59 783 160 813 tinent
185 782 222 811 ad
246 779 363 820 species
392 781 529 811 minimae
554 781 666 820 capitis
690 780 928 811 deminutionis,

57 831 208 854 caeterum
233 820 295 853 five
321 822 484 852 amiffione
507 822 660 859 civitatis,
686 822 749 853 live
773 821 929 853 libertatis

57 864 238 899 amissione,
256 865 426 903 contingat
437 864 549 900 capitis
560 864 760 901 deminutio,
776 863 844 905 (bis
863 871 930 892 ver·

57 906 105 936 bis
131 904 264 935 maxima
281 904 310 935 &
330 906 434 935 inedia
456 905 569 944 capitis
586 905 765 935 deminutio
782 903 930 934 deleribi-

58 947 127 982 tur)
143 945 272 977 ceffabir
287 944 451 976 Edictum:
471 955 542 984 quia
556 946 738 977 alterutram
756 945 846 985 paffi,
865 953 930 974 non

57 987 186 1028 poffiint
203 987 233 1018 lii
253 987 378 1026 penitus
397 988 572 1017 conveniri.
593 987 718 1018 dabitur
738 988 830 1027 plane
847 985 930 1016 aetio

57 1029 87 1061 in
113 1038 188 1067 eos,
212 1029 250 1060 ad
278 1037 358 1067 quos
384 1029 468 1059 bona
497 1037 715 1065 pervenerunt
743 1036 864 1059 eorum.
890 1025 930 1057 fic

57 1069 225 1109 Ulpianus.
256 1070 405 1109 idemque
424 1069 556 1108 Paulus,
582 1069 611 1101 &
628 1069 792 1110 aliquanto
809 1068 931 1109 plenius

57 1111 77 1142 l.
114 1135 121 1141 .
164 1110 268 1144 .2.&
306 1111 398 1141 .b.t.

94 1111 157 1183 {xi}
171 1121 307 1189 l‘’i·aet0if3,
327 1149 523 1192 Posteaquam.
547 1151 646 1192 Igitur
664 1151 760 1182 debet
776 1151 931 1190 obligatio

58 1193 243 1234 praeceffiffe
267 1195 380 1232 capitis
396 1193 657 1223 deminutionem.
690 1193 764 1231 quid
784 1192 804 1223 fi
824 1192 930 1222 secuta

57 1234 119 1266 fit‘?
145 1233 299 1274 Ulpianus
317 1236 343 1264 (i.
361 1234 380 1264 l.
401 1243 428 1264 2.
446 1233 474 1274 §.
495 1244 519 1264 ρ.
545 1234 584 1264 lic
602 1233 725 1265 scribit:
750 1232 792 1265 Hi
811 1235 863 1272 qui
882 1242 929 1263 ca-

56 1278 123 1316 pite
147 1277 347 1311 minuuntur,
371 1284 410 1305 ex
433 1274 479 1305 his
498 1273 593 1305 causis
613 1283 683 1314 quae
702 1275 813 1313 capitis
833 1274 929 1305 demi-

55 1319 221 1348 nutionem
240 1315 481 1355 praecesserunt,
505 1323 633 1347 manent
655 1315 785 1356 obligati
804 1324 928 1345 natura-

56 1358 146 1390 liter:
169 1365 320 1389 caeterum
343 1357 362 1387 si
389 1356 515 1396 postea,
540 1358 697 1395 imputare
714 1365 783 1397 quis
801 1355 855 1388 fibi
875 1359 929 1387 (le-

54 1398 165 1440 bebit,
190 1408 246 1431 cur
262 1399 478 1438 contraxerit,
502 1405 657 1439 quantum
681 1400 720 1430 ad
739 1398 836 1430 verba
853 1397 927 1430 Edi-

706 1482 1057 1519 T1TULus

1810 169 1857 204 9?

976 244 1016 275 Cti
1043 245 1193 285 pertinet.
1218 243 1270 276 sed
1298 243 1520 283 interdum‚.fi
1549 245 1755 276 contrahatur
1780 254 1856 280 cum

979 286 1025 317 his
1045 285 1112 325 post
1131 286 1244 324 capitis
1262 286 1536 324 deminutionem,
1562 287 1662 317 danda
1688 285 1732 318 est
1748 286 1854 321 aetio:

978 328 1007 357 ἃ
1033 328 1161 366 quidem
1187 327 1207 358 fi
1232 329 1402 368 adrogatus
1425 327 1484 365 iit,
1515 328 1616 360 nullus
1639 328 1754 364 labor:
1778 337 1854 363 nam

977 369 1109 407 perinde
1132 368 1310 408 obligatur,
1335 377 1369 399 ut
1391 368 1621 400 filiusfamilias.
1666 369 1718 400 Sic
1740 368 1855 409 Ulpia-

975 419 1050 440 nus:
1074 410 1113 440 ad
1130 418 1225 448 quem
1242 411 1314 441 addi
1333 408 1438 450 potest
1454 409 1601 451 Cujacius
1617 409 1663 441 lib.
1680 420 1708 453 7.
1727 411 1852 450 Observ.

974 462 998 482 c.
1022 460 1067 482 11.

1018 492 1147 523 Deinde
1157 492 1200 522 ait
1213 491 1351 530 Praetor,
1368 492 1499 531 Atium,
1515 493 1740 525 contrauumve.
1758 493 1851 537 Quid

973 533 1030 572 fir,
1054 532 1168 570 aetiam,
1193 533 1269 572 quid
1287 534 1481 570 contrabium,
1506 535 1617 565 tractat
1639 534 1747 566 Labeo
1765 536 1852 576 apud

976 574 1145 615 Ulpianum
1165 575 1182 604 l.
1205 583 1250 609 19.
1272 574 1302 604 D
1330 577 1362 605 de
1376 577 1452 605 verb.
1465 574 1569 615 figurf,
1591 576 1668 607 lllud
1686 577 1853 616 quaefitum

975 616 1054 654 fuit,
1080 626 1116 646 an
1136 615 1189 646 sub
1207 615 1254 646 his
1275 617 1378 647 verbis
1396 617 1490 647 etiarn
1511 617 1622 649 delicta
1641 618 1671 648 in
1692 618 1755 648 hoc
1776 617 1852 649 Edi-

975 658 1027 688 tto
1048 657 1371 697 comprehendantur.
1413 657 1474 688 Sed
1493 667 1587 696 negat
1608 657 1762 699 Ulpianus
1779 659 1798 689 l.
1818 669 1851 691 2.

974 699 1002 740 §.
1016 699 1080 739 ss-h·
1093 705 1114 729 t.
1134 707 1248 736 nemo,
1266 700 1410 739 inquiens
1423 722 1432 736 ,
1449 699 1569 730 delictis
1580 708 1724 738 exuitur,
1742 709 1853 740 quam·

975 742 1020 770 vis
1036 741 1143 779 capite
1162 740 1300 770 minutus
1318 740 1362 772 sit.
1401 740 1552 771 Similiter
1567 739 1629 771 fuit
1647 740 1851 780 dubitatum,

973 790 1010 811 an
1028 781 1074 820 jus
1095 780 1226 811 testandi
1244 783 1403 821 pertineat
1421 783 1459 812 ad
1477 781 1541 812 hoc
1552 781 1711 813 Edictum.
1730 791 1852 822 propo-

972 821 1027 852 fita
1046 822 1096 852 illa
1114 821 1247 857 ‹iuaestio
1266 822 1309 852 est
1327 823 1357 853 in
1374 824 1393 854 l.
1404 832 1453 854 20.
1476 823 1516 854 D.
1535 825 1568 853 de
1583 826 1662 855 verb.
1674 822 1781 865 signif.
1802 823 1849 855 est

973 863 1057 894 enim
1075 872 1114 893 ex
1129 861 1255 901 Ulpiani
1274 864 1326 894 lib.
1349 873 1382 894 12
1415 864 1462 894 Ad
1478 863 1647 903 Edictum,
1665 875 1703 896 ex
1720 875 1786 906 quo
1803 863 1851 897 est

972 905 1066 935 etiam
1083 903 1102 934 l.
1119 914 1146 934 2.
1167 906 1194 934 b.
1213 910 1233 934 t.
1259 904 1311 934 ubi
1330 905 1357 934 ἅ
1375 907 1508 945 praesens
1526 906 1683 938 Edictum.

1012 945 1113 977 Porro
1129 945 1171 975 ait
1188 944 1327 983 Praetor,
1350 945 1507 985 Judicium
1524 949 1605 979 dabo.
1647 948 1722 979 Hoc
1735 947 1851 988 judici-

973 996 1025 1018 um
1037 985 1081 1017 est
1092 986 1320 1017 restitutorium
1332 1010 1340 1022 ,
1358 988 1497 1027 ideoque
1510 989 1604 1019 utile:
1623 990 1744 1020 directo
1759 989 1850 1029 quod

973 1035 1047 1059 ante
1069 1029 1277 1065 competebat
1297 1052 1306 1065 ,
1328 1029 1402 1067 juris
1429 1028 1599 1060 subtilitate
1624 1031 1777 1062 exameto.
1803 1030 1850 1062 est.

973 1077 1079 1099 autem
1104 1077 1314 1108 perpetuum,
1340 1071 1368 1099 <St
1393 1070 1483 1100 datur
1501 1071 1686 1108 heredibus,
1712 1081 1772 1103 nec
1791 1073 1851 1103 mi-

974 1120 1032 1142 nus
1050 1109 1197 1141 adversus
1216 1109 1350 1141 heredes
1366 1112 1393 1140 d.
1413 1111 1432 1142 l.
1451 1121 1477 1142 2.
1494 1111 1520 1153 §>
1538 1113 1592 1143 ult.
1638 1113 1734 1146 Plane
1753 1114 1850 1144 inter-

975 1153 1049 1182 durn
1069 1161 1133 1182 non
1152 1150 1325 1183 restituitur
1342 1153 1494 1183 creditori
1513 1152 1612 1185 actio:
1636 1164 1689 1193 ut,
1713 1154 1733 1186 fi
1750 1155 1784 1186 fit
1802 1156 1850 1194 ju-

974 1192 1016 1223 sta
1042 1192 1151 1229 causa,
1174 1201 1231 1224 cur
1248 1202 1310 1223 non
1329 1192 1518 1224 restituatur.
1546 1205 1609 1226 non
1629 1197 1712 1227 enim
1731 1196 1849 1236 simpli-

973 1235 1054 1264 citer
1071 1234 1230 1273 promittit
1256 1235 1377 1265 Praetor
1394 1243 1461 1265 eam
1480 1234 1661 1268 restituere:
1687 1237 1738 1267 sed
1757 1237 1848 1270 causa

973 1276 1123 1315 cognita3
1148 1284 1181 1306 ut
1209 1275 1297 1314 supra
1314 1277 1423 1306 monui
1444 1276 1473 1307 in
1492 1278 1711 1316 conceptione
1731 1278 1847 1310 Edifti.

973 1316 1002 1346 ἃ
1020 1316 1063 1347 est
1080 1318 1303 1357 exemplumin
1321 1316 1489 1359 l.2.§.4.b.
1501 1324 1521 1347 t.
1545 1317 1652 1350 Simile
1669 1320 1734 1351 inl.
1751 1320 1848 1353 inl),

971 1359 1004 1388 de
1015 1358 1136 1399 judiciis
1171 1368 1241 1389 nain
1266 1358 1335 1389 haec
1356 1367 1487 1399 quoque
1513 1359 1558 1390 est
1584 1370 1622 1391 ex
1643 1359 1771 1400 Ulpiani
1789 1361 1846 1394 lib.

976 1408 1022 1431 12.
1047 1399 1096 1432 Ad
1113 1399 1282 1440 Edictum3
1304 1401 1446 1441 ideoque
1463 1400 1526 1433 liuc
1544 1401 1628 1433 bene
1645 1411 1831 1435 revocatur.

1115 1484 1185 1520 v1.
1226 1469 1231 1473 ’

307 1560 363 1595 Ex
381 1559 488 1605 quibus
504 1558 603 1605 caufis
620 1559 753 1605 majores
769 1559 885 1605 viginti
901 1561 1028 1607 quinque
1044 1562 1136 1595 annis
1152 1562 1184 1595 in
1200 1562 1354 1609 integrum
1371 1562 1585 1611 restituuntur.

56 1648 105 1718 F
117 1653 138 1678 x
157 1645 254 1678 causis
271 1647 417 1686 petendae
435 1649 467 1680 in
485 1648 644 1689 integrum
662 1646 870 1680 restitutionis
888 1649 927 1680 ab

83 1716 89 1717 .
133 1687 274 1727 Ulpiano
292 1689 319 1719 ἀ
339 1688 434 1719 Paulo
447 1691 637 1721 enumeratis
653 1689 672 1719 l.
693 1698 714 1720 1.
736 1688 772 1723 ἐξ
788 1699 815 1720 2.
836 1689 876 1721 D.
895 1693 928 1721 de

57 1729 91 1761 in
110 1730 211 1770 integr.
228 1728 291 1770 rest.
318 1729 455 1770 sequitur
479 1733 605 1771 quinta,
628 1740 696 1770 quae
714 1730 758 1761 est
776 1731 924 1763 absentia.

59 1771 100 1802 de
118 1779 178 1808 qua
195 1772 224 1801 in
242 1772 261 1801 l.
285 1780 309 1801 i.
327 1770 354 1843 ᾗ.
370 1772 434 1802 1.h.
447 1780 468 1803 t.
493 1781 581 1803 extat
601 1771 764 1810 Edictum,
782 1771 832 1803 sed
850 1772 926 1805 affe·

58 1812 160 1848 stum,
185 1813 212 1842 ἂ
231 1812 273 1842 ita
292 1822 322 1842 re
354 1814 528 1844 ituendum.
567 1813 600 1844 Si
615 1813 698 1855 cujus
716 1814 784 1854 quid
800 1815 832 1844 de
847 1816 926 1845 bonis

58 1854 257 1884 deminutum
277 1854 355 1892 erit,
379 1863 444 1885 cum
458 1856 481 1885 is
496 1861 593 1893 metu,
616 1853 743 1893 autfine
758 1855 818 1885 dolo
833 1855 925 1895 malo,

59 1895 219 1933 reipublz'cae
242 1894 331 1934 causti
358 1895 476 1935 ubeffet:
498 1897 566 1926 inve
588 1897 714 1927 vinculis
731 1919 740 1933 ‚
760 1898 924 1936 servitute,

58 1934 234 1975 hostiumque
254 1933 391 1976 potestate
412 1936 492 1977 effet‚
519 1938 688 1977 posteave:
708 1935 770 1975 five
792 1939 875 1979 cujus
892 1949 921 1969 α-

59 1975 161 2006 &ionis
179 1986 274 2007 eorum
300 1978 349 2007 cui
370 1979 429 2008 dies
444 1978 528 2019 exiffr
545 1980 666 2010 dicetur.
710 1979 800 2017 Item,
818 1979 845 2016 si
862 1981 926 2021 quis

58 2018 126 2057 quid
153 2020 206 2050 usu
223 2018 453 2059 suumfeciffet,
478 2026 530 2050 aut
551 2021 626 2061 quod
642 2029 699 2050 non
716 2022 820 2051 utendo
837 2023 926 2052 amis-

56 2059 121 2090 sum
145 2057 180 2089 lit
205 2059 366 2097 consecutus
377 2083 386 2098 ‚
410 2059 554 2091 aaronem
567 2071 624 2102 qua
630 2061 746 2101 solutus
761 2063 793 2092 ob
807 2064 835 2092 id
851 2064 926 2103 quod

58 2100 116 2129 dies
137 2101 196 2140 ejus
220 2101 341 2139 exierit,
367 2111 430 2132 curii
453 2104 549 2138 absens
567 2113 622 2133 riori
639 2103 857 2138 defenderetur:
879 2106 921 2135 iiz-

56 2149 93 2170 ve
115 2141 240 2170 vinculis
261 2141 341 2181 effet,
365 2142 492 2178 fetumve
507 2146 611 2184 agendi
623 2142 788 2184 potestatem
804 2155 859 2176 non
878 2146 923 2182 fa-

58 2186 130 2211 ceret
142 2203 151 2219 ‚
174 2188 225 2212 aut
248 2192 311 2212 cum
332 2192 395 2212 eum
419 2186 544 2216 invitum
562 2185 655 2226 injus
673 2195 771 2217 vocari
787 2196 843 2217 non
859 2187 922 2218 lice-

57 2229 120 2260 ret,
135 2231 222 2263 neque
237 2223 451 2262 defenderetur:
463 2235 565 2257 cumve
586 2225 779 2266 Magistratus
795 2229 828 2258 de
845 2238 876 2258 ea
894 2238 923 2259 re

58 2263 215 2304 appellatus
237 2263 319 2304 effer,
335 2263 399 2301 five
423 2267 470 2296 cui
493 2276 547 2306 per
572 2267 773 2308 Magistratus
783 2268 846 2305 fine
862 2271 921 2300 dolo

56 2302 143 2346 ipsius
160 2303 232 2335 αὲἶίο
248 2312 378 2346 exempta
393 2306 443 2346 effe
460 2309 586 2339 dicetur:
610 2319 708 2339 earum
724 2319 818 2340 rerum
836 2310 922 2341 αὲἶίο-

56 2355 120 2377 nem
142 2346 220 2376 intra
242 2356 370 2384 cinnum,
393 2358 447 2388 quo
466 2351 592 2389 primum
608 2352 641 2380 tle
656 2360 688 2381 ea
706 2360 735 2380 re
751 2353 923 2391 experiundi

54 2385 174 2426 poteslas
192 2389 256 2418 erit.
302 2387 374 2419 Item
390 2388 420 2427 sz'
442 2399 499 2430 qua
516 2391 576 2422 alia
591 2393 661 2422 mibi
671 2390 753 2432 justa
772 2402 856 2423 caula
874 2393 924 2433 effe

56 2429 218 2465 videbitur,
241 2429 274 2460 in
289 2430 434 2470 integrum
452 2429 617 2471 restituam:
638 2435 712 2474 quod
726 2433 788 2474 ejus
801 2441 853 2473 per
870 2434 923 2465 Le-

55 2477 103 2508 ges
118 2492 128 2507 ,
161 2469 328 2507 Plebifcita,
353 2471 627 2512 Senatusconfiilta,
654 2473 774 2511 Eiiic‘ta,
801 2475 923 2507 Decreta

49 2509 226 2554 'principum
235 2512 335 2542 licebit.
358 2512 409 2544 Sic
419 2513 646 2546 restituendum
656 2514 746 2546 fuisse
757 2515 922 2556 Edictum,

56 2558 88 2580 in
104 2550 302 2590 sequentibus
319 2553 512 2586 ostendetur.
539 2556 667 2588 Interim
679 2556 799 2588 causam
819 2561 917 2588 videa-

56 2599 136 2621 mus.
161 2601 228 2622 eam
255 2592 406 2633 Ulpianus
428 2597 446 2626 l.
476 2606 498 2628 1.
526 2598 553 2628 b.
579 2604 598 2628 t.
628 2598 706 2629 dicit
726 2597 922 2638 effejiistiffi-

55 2640 155 2676 main:
176 2632 278 2677 laesum
303 2636 385 2665 enim
406 2637 453 2676 jus
480 2647 535 2676 per
559 2640 590 2670 id
618 2648 742 2679 tempus
768 2649 832 2678 quo
852 2643 921 2679 quis

55 2672 238 2711 reipublicae
253 2684 382 2720 operam
399 2678 508 2716 dabat,
533 2681 582 2710 vel
599 2680 730 2712 adverso
747 2681 815 2711 casu
833 2682 920 2712 labo-

55 2713 162 2749 rabat,
180 2722 303 2755 corrigi.
325 2725 384 2746 nec
402 2726 463 2749 non
483 2721 511 2750 &
527 2721 673 2753 adversus
691 2731 746 2752 eos
765 2721 919 2755 succurri:

55 2763 96 2786 ne
114 2754 163 2785 vel
181 2754 261 2786 oblit
275 2779 283 2793 ‚
308 2757 358 2787 vel
377 2757 471 2797 profit
488 2763 572 2799 quod
590 2764 709 2794 evenit.

91 2795 264 2843 *Principio*
277 2798 318 2827 ait
335 2797 470 2844 Praetor:
494 2800 526 2831 Si
552 2804 634 2843 cujus
649 2806 718 2844 quid
734 2806 766 2834 de
782 2806 859 2835 bonis
876 2805 921 2835 de-

54 2842 200 2868 mznutum
223 2844 294 2875 erit,
318 2847 381 2868 cum
403 2848 428 2869 zs
445 2846 539 2878 meta,
561 2849 612 2873 aut
624 2843 688 2881 fine
701 2846 760 2875 dolo
778 2848 849 2876 malo
866 2847 921 2876 rei-

49 2878 174 2919 publicae
189 2879 277 2913 caule
294 2878 410 2919 abtffet‚
435 2882 502 2911 inve
519 2883 664 2923 vinculis,
687 2888 842 2924 lervitute‚
867 2893 921 2918 aut

51 2917 173 2959 bostium
195 2917 331 2960 potestate
357 2921 431 2959 effet.
477 2921 646 2955 Florentiae
671 2926 789 2958 desunt,
802 2929 919 2967 verba,

52 2960 246 2991 Deminurum
270 2963 335 2993 erit.
362 2963 411 2992 led
428 2971 536 2994 extant
555 2965 584 2995 in
609 2966 746 2998 Accursii
762 2970 920 3009 exempla-

50 3002 95 3038 ri;
111 3003 204 3032 etiam
224 3006 254 3033 in
271 3002 425 3033 Bafilicis:
444 3013 477 3034 ut
489 3004 634 3037 observat
652 3007 797 3047 Cujacius
813 3011 858 3040 lib.
872 3019 918 3047 24.

52 3042 172 3079 Observ.
201 3053 225 3073 c.
245 3053 294 3082 40.
326 3052 477 3081 praeterea
500 3046 641 3084 agnoscit
664 3049 715 3079 illa
740 3051 921 3081 Alexander

49 3082 70 3116 1.
87 3094 115 3116 2.
136 3084 168 3114 C.
187 3085 219 3114 de
234 3082 355 3129 restitut.
372 3086 455 3116 milit.
480 3095 577 3126 puto,
595 3088 764 3122 veriffime:
780 3092 920 3132 alioquin

49 3125 135 3155 nullo
151 3124 253 3156 Edicn
273 3126 369 3157 lensii.
416 3127 477 3159 Vix
503 3137 583 3168 opus
601 3130 742 3168 moneri,
767 3134 918 3172 verbum,

52 3164 162 3204 Cujus,
184 3165 215 3198 in
232 3166 345 3198 Edicto
363 3168 487 3207 valere,
511 3170 657 3211 Alicujus.
703 3172 782 3203 Illud
803 3183 866 3204 non
886 3173 919 3207 fi-

48 3205 142 3250 lebo,
161 3208 246 3246 quod
266 3209 386 3240 Praetor
406 3209 583 3242 absentibus
601 3211 833 3245 restitutionem
854 3225 916 3248 non

47 3246 353 3325 porllicetiflstatim,
376 3249 429 3285 sed
446 3252 593 3293 demum,
616 3253 637 3287 fi
653 3254 729 3296 quid
746 3256 785 3288 de
804 3265 915 3293 eorum

110 3297 163 3322 oin·
229 3313 237 3324 9

971 1649 1064 1681 bonis
1087 1649 1285 1682 deminutum
1309 1651 1385 1684 erit:
1409 1662 1445 1683 ac
1467 1661 1527 1684 nec
1551 1651 1594 1684 fic
1614 1651 1725 1691 aliter,
1749 1660 1845 1692 quarn

970 1700 1043 1722 cum
1060 1691 1084 1724 is
1100 1701 1207 1730 metu,
1231 1701 1284 1724 aut
1300 1693 1362 1725 fine
1378 1695 1455 1726 dolo
1476 1695 1560 1725 inalo
1576 1692 1757 1734 reipublicae
1774 1703 1847 1726 cau-

970 1732 998 1763 sa
1017 1733 1153 1766 abesset:
1177 1733 1251 1765 inve
1276 1733 1428 1775 vinculis,
1454 1735 1623 1774 servitute,
1645 1735 1849 1776 hostiumque

967 1773 1127 1814 potestate
1143 1775 1231 1807 effet.
1265 1775 1401 1808 Primum
1419 1778 1543 1817 adjuvat
1562 1776 1684 1808 Praetor
1702 1778 1777 1815 hos,
1795 1777 1848 1819 qui

967 1822 1059 1847 metus
1076 1817 1161 1856 causa
1179 1817 1352 1857 abfuiffent;
1371 1817 1508 1855 scilicet,
1525 1818 1544 1850 fi
1564 1828 1628 1849 non
1648 1818 1845 1859 supervacuo

968 1856 1084 1889 timore
1101 1857 1269 1889 abfuissent
1285 1859 1302 1889 i
1325 1868 1351 1890 2.
1369 1859 1398 1900 §.
1422 1869 1447 1891 1.
1465 1860 1492 1890 b.
1511 1865 1531 1890 t.
1549 1858 1701 1901 Ulpianus
1719 1859 1738 1891 l.
1756 1870 1784 1900 3.
1801 1859 1846 1892 fic

968 1898 1029 1937 air,
1052 1899 1154 1930 Metus
1178 1900 1263 1937 caula
1288 1900 1375 1940 abeffe
1397 1902 1515 1932 videtur
1532 1924 1540 1937 ‚
1571 1904 1624 1942 qui
1641 1899 1720 1942 justo
1745 1903 1844 1932 timore

967 1942 1065 1971 mortis
1085 1942 1132 1972 vel
1148 1943 1294 1972 cruciatus
1304 1949 1425 1981 corporis
1440 1945 1612 1973 conterritus
1630 1941 1722 1982 abest:
1737 1941 1775 1976 ὅ)
1791 1944 1844 1974 hoc

966 1991 1002 2013 ex
1017 1981 1120 2023 effeb'tu
1142 1982 1273 2022 (melius
1292 1981 1463 2014 Florentiae
1481 1984 1544 2020 est,
1569 1994 1605 2016 ex
1620 1983 1745 2025 affeetu:
1769 1993 1844 2017 nam

968 2033 1072 2054 metus
1090 2023 1134 2055 est
1153 2033 1258 2055 motus
1275 2023 1389 2060 animi;
1406 2033 1439 2055 ut
1457 2035 1495 2056 ex
1515 2024 1681 2056 Frontone
1699 2023 1765 2056 dixi
1784 2025 1845 2058 Tit.

968 2075 996 2096 2.
1016 2065 1102 2106 hujus
1119 2065 1203 2105 libri)
1219 2066 1280 2104 ejus
1296 2065 1480 2106 intelligitur.
1489 2068 1543 2105 sed
1561 2077 1617 2097 non
1627 2065 1760 2107 sufficit,
1776 2076 1845 2107 quo-

960 2106 1032 2185 ῗὺεε
1050 2114 1151 2138 terrore
1169 2106 1325 2137 (indubium
1344 2107 1475 2148 timzozffe.
1504 2109 1557 2149 secl
1573 2108 1663 2150 hujus
1678 2109 1718 2139 rei
1733 2110 1844 2149 disqui-

978 2149 1029 2178 itio
1052 2148 1150 2178 'udicis
1165 2157 1177 2176 e
1208 2173 1211 2177 .

1013 2158 1138 2220 DJeintle
1156 2146 1281 2228 adiuvat
1303 2188 1423 2220 Praetoi·
1441 2200 1498 2221 eos
1511 2214 1520 2228 ,
1544 2188 1670 2232 quisine
1692 2191 1751 2222 dolo
1769 2191 1843 2223 malo

967 2231 1126 2270 reipublicae
1142 2232 1228 2264 causa
1245 2230 1404 2271 affuiffent.
1437 2232 1550 2263 Abeffe
1565 2231 1747 2272 reipublicae
1768 2241 1842 2264 cau-

967 2270 994 2302 sa
1022 2280 1113 2311 puta,
1137 2270 1192 2310 qui
1213 2272 1252 2302 ab
1279 2271 1368 2303 Urbe
1394 2272 1497 2304 Roma
1520 2273 1631 2304 absunt
1656 2274 1720 2313 ejus
1745 2272 1843 2306 Urbis

966 2312 1072 2353 gratia.
1105 2312 1217 2344 Paulus
1235 2313 1254 2343 l.
1273 2323 1322 2354 35.
1348 2313 1377 2355 ὃ.
1395 2325 1423 2355 3.
1440 2315 1468 2345 b.
1487 2320 1509 2346 t.
1534 2313 1631 2352 dicit,
1657 2313 1710 2353 qui
1733 2314 1842 2355 reipu-

967 2353 1059 2384 blicae
1076 2353 1173 2394 gratia
1185 2362 1275 2385 extra
1288 2354 1406 2386 Urbem
1418 2355 1529 2386 aberit.
1556 2365 1626 2386 nam
1646 2354 1747 2387 Roma
1766 2366 1842 2395 pro-

966 2394 1033 2434 prie
1055 2394 1170 2426 dicitur
1194 2394 1305 2435 Ui-bs;
1339 2405 1435 2436 atque
1458 2397 1524 2436 ejus
1548 2395 1730 2436 respublica.
1763 2397 1840 2430 ideo

966 2438 1089 2477 placet,
1113 2446 1168 2468 eos
1195 2437 1248 2475 qui
1267 2436 1376 2468 Romae
1394 2447 1524 2475 operam
1545 2439 1619 2468 dant
1637 2437 1840 2479 reipublicae,

968 2486 1001 2508 ut
1020 2477 1088 2508 sunt
1108 2477 1330 2516 Magistratus,
1348 2477 1530 2518 reipublicae
1548 2479 1636 2511 causa
1653 2489 1715 2510 non
1734 2480 1841 2512 abeffe

966 2520 985 2550 l.
1004 2529 1031 2557 5.
1050 2519 1079 2560 ὃ.
1100 2528 1124 2550 1.
1146 2518 1183 2554 ὃ)
1202 2520 1220 2550 l.
1239 2524 1268 2549 6.
1287 2522 1314 2550 b.
1332 2526 1352 2550 t.
1397 2519 1519 2551 Milites
1545 2521 1637 2559 plane
1653 2520 1705 2560 qui
1725 2520 1839 2553 Romae

967 2559 1119 2598 militant,
1144 2570 1201 2600 pro
1216 2560 1398 2600 reipublicae
1418 2561 1505 2591 causa
1524 2561 1702 2593 absentibus
1720 2564 1841 2596 haben-

966 2610 1016 2632 tur
1035 2602 1053 2632 l.
1073 2610 1100 2641 7.
1126 2611 1190 2633 non
1210 2611 1314 2633 tamen
1332 2611 1371 2633 ex
1389 2602 1452 2632 hoc
1470 2601 1605 2642 Ediet03
1623 2603 1674 2635 sed
1693 2613 1733 2635 ex
1751 2605 1839 2637 Con-

964 2641 1129 2674 stitutione
1149 2642 1188 2673 D.
1210 2641 1255 2674 Pii
1269 2643 1287 2672 l.
1308 2653 1356 2682 35.
1375 2642 1403 2687 §.
1420 2654 1455 2688 4.
1473 2644 1499 2674 b.
1520 2650 1539 2675 t.
1564 2643 1646 2677 Illud
1666 2645 1762 2686 quaeri
1781 2655 1839 2686 po-

965 2683 1042 2721 test,
1067 2694 1106 2715 ex
1126 2693 1191 2723 quo
1209 2692 1356 2721 tempore
1374 2695 1441 2724 quis
1457 2684 1604 2726 incipiat,
1630 2686 1659 2718 ὅ(
1675 2697 1740 2723 Quo
1759 2697 1837 2719 tem-

965 2734 1043 2764 pore
1061 2724 1199 2762 defluat,
1223 2725 1262 2755 ab
1283 2724 1370 2756 Urbe
1385 2725 1497 2757 abesse.
1528 2726 1560 2759 id
1587 2737 1665 2759 vero
1681 2728 1838 2760 Modesti-

965 2776 1022 2798 nus
1040 2765 1093 2796 lib.
1115 2775 1141 2802 9-
1166 2766 1356 2806 Regularum
1375 2767 1414 2798 fic
1432 2767 1575 2800 definivit
1593 2769 1610 2800 l.
1629 2779 1678 2811 32.
1696 2771 1722 2800 b.
1739 2776 1759 2799 t.
1776 2770 1839 2800 Ab·

964 2806 1015 2846 effe
1039 2808 1200 2846 reipublicae
1223 2809 1308 2845 causa
1331 2809 1506 2848 intelligitur
1532 2810 1569 2845 ὅ)
1592 2812 1617 2841 is
1633 2813 1684 2851 qui
1700 2812 1734 2841 ab
1756 2809 1837 2840 Urba

958 2847 1106 2888 profecius
1122 2847 1160 2886 esi}
1172 2871 1181 2886 ‚
1195 2849 1258 2879 licet
1275 2851 1400 2880 nondum
1412 2853 1595 2890 provinciam
1610 2850 1770 2891 acceffirit3
1785 2850 1835 2885 [Μ

964 2889 1000 2922 &³
1016 2891 1039 2918 is
1054 2890 1106 2932 qui
1124 2889 1286 2930 exceffixrff,
1308 2893 1394 2922 donec
1409 2894 1441 2922 in
1462 2892 1569 2923 Urbem
1584 2899 1756 2923 revertatur.
1781 2890 1833 2922 Ita

964 2929 1041 2970 legit
1058 2931 1194 2969 jacobus
1208 2931 1350 2971 Cujacius
1366 2933 1413 2964 lib.
1436 2943 1481 2965 12.
1500 2934 1616 2966 Observ.
1634 2942 1715 2971 c.32.
1740 2932 1768 2962 &
1780 2941 1834 2963 res

963 2970 1118 3011 postulat:
1142 2981 1213 3003 curn
1238 2974 1332 3014 vulgo
1357 2976 1486 3011 edatur,
1508 2975 1657 3013 provincia
1674 2972 1833 3012 excefferit.

965 3013 1027 3044 Sed
1046 3022 1107 3043 non
1126 3012 1254 3053 sufficit,
1278 3024 1374 3054 quem
1399 3016 1501 3047 abess'e
1520 3015 1558 3045 ab
1577 3013 1681 3050 Urbe;
1707 3013 1759 3057 nili
1776 3015 1834 3045 ab·

964 3053 999 3084 fit
1015 3053 1194 3094 reipublicae
1211 3056 1315 3087 causa:
1330 3056 1362 3089 id
1380 3058 1441 3094 est,
1460 3057 1503 3087 ob
1521 3064 1631 3086 munus
1648 3054 1833 3094 publicum,

963 3094 1025 3126 sive
1042 3094 1221 3136 reipublicae
1239 3097 1488 3129 administrandae
1506 3095 1603 3127 causa.
1650 3094 1725 3141 Non
1747 3106 1831 3135 opus

962 3137 1123 3177 exemplis.
1147 3148 1320 3171 occurrunt
1331 3140 1494 3178 complura
1512 3140 1540 3167 in
1552 3138 1569 3167 l.
1581 3146 1629 3177 32.
1642 3136 1757 3179 &seqq
1769 3140 1796 3169 b.
1808 3144 1831 3171 t.

961 3177 1031 3209 Plus
1043 3179 1259 3219 vultPraetor‚
1276 3191 1348 3212 euin
1358 3179 1459 3211 abeffe
1469 3178 1531 3210 sine
1547 3179 1625 3209 dolo
1643 3179 1744 3210 malo:
1761 3189 1830 3210 mo-

961 3227 1079 3259 netque
1108 3220 1260 3260 Ulpianus
1281 3224 1299 3252 l.
1326 3233 1357 3261 5.
1382 3222 1410 3251 b.
1427 3228 1448 3250 t.
1473 3220 1561 3260 quod
1577 3219 1732 3259 adjectio,
1760 3219 1829 3254 Doti

957 3261 1043 3302 muli,
1061 3269 1182 3295 tantum
1197 3262 1334 3295 refertur
1350 3262 1388 3293 ad
1400 3260 1545 3294 absentes
1561 3260 1742 3303 reipublicae
1759 3265 1830 3293 cau·-

1067 3302 1108 3337 N
1778 3300 1827 3343 sag
