2052 3487
475 158 546 194 DE
596 158 954 205 Junisn1cr1oun
1003 166 1055 193 ET
1083 157 1281 195 lumino.

19 258 26 285 .’
73 253 286 296 Magistratu:
319 249 447 283 absente
472 248 576 283 enim,
608 256 713 288 neque
732 247 846 279 libellis
869 246 938 278 sub-

75 297 214 328 scribere
229 318 239 334 ,
271 302 375 333 neque
393 288 498 321 causas
524 290 650 328 audire,
676 296 849 329 potuerunt
871 289 889 319 l.
908 298 936 320 2.

75 338 113 373 ὃ)
127 337 145 368 t.
162 344 228 377 pen.
251 335 284 367 C.
302 337 334 365 cle
355 330 557 373 Affefforibus:
578 331 610 361 id
633 330 697 368 est,
717 330 846 370 judices
868 339 935 362 non

67 379 211 412 fuerunt.
257 375 333 410 Hoc
359 381 465 406 tamen
490 382 530 404 ex
549 379 639 414 parte
665 380 822 405 mutatum
845 381 861 402 a
884 371 935 412 Ju-

754 493 966 530 CAPUT

1334 157 1426 195 L113.
1453 158 1480 194 I.
1803 172 1847 208 91

982 246 1116 280 stiniano
1136 248 1218 280 Nov.
1232 251 1282 281 60.
1300 258 1324 280 c.
1337 256 1367 282 2.
1391 248 1427 283 ξεῖ)
1443 248 1525 281 Nov.
1538 253 1586 284 82.
1610 249 1762 287 iripraesat.
1790 251 1844 284 Su-

981 289 1104 335 perest,
1128 299 1161 321 ut
1183 291 1367 329 videamus,
1391 290 1500 331 qui-in
1518 291 1701 331 provinc-ia,
1725 294 1846 335 quique

978 340 1011 363 in
1027 331 1123 371 urbe,
1142 332 1191 372 jus
1210 332 1344 365 dicentis
1363 331 1538 366 Consilium
1554 332 1790 366 constituerint.

1041 492 1164 531 XII.

70 605 237 643 Praetorem
262 601 367 640 Romco
391 609 447 637 aut
468 601 666 638 Decemviros
685 602 790 637 litibus
803 603 980 650 Judicandis
1003 609 1058 637 aut
1090 603 1326 647 Centumviros,
1362 598 1526 648 Praestileaz
1548 603 1580 636 in
1602 603 1761 648 provincia
1781 598 1847 637 Reae

86 678 92 682 -
118 661 306 700 cuperatores
325 653 440 698 viginti
455 653 487 686 in
508 651 667 696 Confilium
683 653 809 688 adhibui
834 665 859 688 e.

117 703 197 738 toria
214 702 392 749 cognitione.

69 809 191 886 Solet
205 807 321 842 Praeses
337 808 367 840 in
384 806 549 849 provincia
562 804 770 838 Conventum
785 805 909 838 asturus
922 828 933 844 ‚

144 850 199 882 fibi
227 851 258 883 in
284 849 458 882 Consilium
482 847 632 878 adhibere
656 848 767 889 viginti
792 847 937 886 Recupe-

70 900 194 924 ratores
212 915 222 932 ,
252 892 338 923 cives
359 891 522 922 Romanos
540 899 550 927 ;
582 888 660 920 solet
677 892 707 921 cc
727 888 847 921 Praetor
872 888 936 919 Ro-

68 940 132 966 ma:
147 931 318 965 adsciscere
336 933 476 973 quinque
494 930 664 961 Senatores
687 931 716 961 <St
735 932 877 971 quinque
895 929 935 960 E-

99 977 179 1005 uites
205 974 395 1006 Romanos:
425 981 460 1004 ut
485 971 638 1012 Ulpianus
665 970 764 1003 refert
788 973 835 1003 tit.
857 981 882 1003 1.
907 971 937 1002 &

108 1015 277 1057 heophilus
300 1016 338 1047 ad
360 1015 388 1056 ἓ.
407 1025 435 1054 4.
465 1013 537 1053 Just.
567 1011 630 1055 Qui
648 1012 683 1047 &³
701 1022 737 1044 ex
752 1015 854 1054 quibus
869 1022 937 1043 cau·

65 1056 109 1095 fis
125 1058 327 1089 manumittere
345 1066 403 1087 non
415 1054 542 1096 poffunt.
585 1055 659 1086 ulos
679 1063 784 1085 autern
802 1053 937 1094 Equites

73 1099 236 1139 quinque,
268 1098 505 1136 Senatoresque
530 1099 693 1136 quinque,
727 1095 749 1126 si
775 1095 842 1135 quis
867 1103 937 1125 eos-

74 1141 148 1170 dem
175 1139 266 1171 fuisse
291 1146 383 1180 putet
403 1139 457 1178 qui
474 1136 660 1168 Decemviri
682 1136 788 1167 litibus
806 1136 857 1166 vel
875 1135 935 1166 stli-

74 1181 352 1221 tibusjudicandis
378 1179 599 1219 appellantur,
622 1177 706 1208 haud
723 1177 935 1209 aberraverit:

73 1231 148 1254 nam
164 1224 193 1253 <St
211 1230 357 1253 numerus
373 1218 546 1257 convenit,
571 1218 600 1249 ὅ(
619 1217 835 1250 Decemviros
854 1218 937 1250 Prae-

72 1263 137 1295 tori
157 1262 265 1294 solitos
287 1261 414 1292 affidere
433 1266 517 1296 tum,
542 1268 614 1291 cum
641 1261 681 1291 de
703 1260 771 1300 jure
795 1259 825 1291 Gt
842 1268 936 1300 aequo

76 1303 324 1343 disceptaretur,
349 1300 418 1332 satis
443 1299 567 1332 ostendi
586 1300 683 1341 supra.
727 1300 788 1333 His
810 1301 936 1332 accedit

74 1345 163 1384 quod
190 1343 388 1384 Pomponius
408 1341 515 1373 scribit
539 1342 557 1372 l.
577 1352 605 1373 2.
637 1342 666 1383 ᾗ.
685 1351 733 1378 29·
765 1342 808 1374 D.
832 1344 864 1374 de
881 1343 937 1373 ori-

70 1387 140 1426 gine
157 1384 253 1426 jurts,
278 1384 352 1416 Cum
373 1383 438 1424 effer.
461 1382 631 1424 neceffarius
655 1381 862 1424 magistratus,
886 1384 938 1425 qui

70 1423 156 1466 hastae
180 1424 301 1467 praeeffet
316 1448 326 1464 ,
357 1424 542 1456 Decemviros
564 1425 663 1456 litibus
679 1426 848 1466 judicandis
874 1435 936 1455 con-

66 1466 187 1509 stitutos
211 1466 270 1508 effe.
313 1465 390 1498 Hoc
411 1475 507 1505 vero,
541 1475 730 1507 quamquam
754 1466 935 1505 obscurius,

73 1516 180 1540 tamen
199 1509 275 1540 nihil
298 1508 380 1539 aliud
405 1508 490 1546 vult,
515 1516 628 1548 quam,
652 1517 725 1540 cum
748 1507 936 1539 necessarius

71 1549 151 1582 esset
175 1549 377 1591 Magistratus
402 1549 454 1590 qui
482 1556 609 1589 regeret
636 1559 673 1580 ea
703 1558 773 1590 qua:
801 1559 860 1590 pro
884 1550 937 1580 tri-

70 1591 178 1623 bunali
207 1590 290 1622 hasta
312 1590 411 1631 posita
426 1589 663 1630 cognoscuntur
677 1614 687 1630 ,
721 1590 935 1622 Decemviros

70 1631 264 1664 constitutos
286 1631 368 1671 ess'e;
391 1633 420 1664 ὃς
443 1632 546 1673 ipsos,
570 1632 659 1673 quod
681 1632 847 1664 assiderent
865 1632 934 1663 Ma-

70 1673 211 1715 gistratui
227 1697 236 1712 ‚
269 1673 423 1713 hujusque
447 1681 569 1714 partem
593 1673 758 1713 facerent,
789 1682 825 1705 ac
845 1673 934 1713 juris-

72 1715 221 1747 dictionis
236 1714 311 1746 socii
330 1715 446 1754 essent,
473 1724 564 1755 quam
577 1715 725 1756 Judices,
749 1722 814 1747 tam
832 1713 935 1755 Magi-

72 1756 186 1788 stratus
204 1780 212 1792 ,
244 1756 420 1796 appellatos
443 1755 516 1787 esse.
558 1756 621 1789 Sed
647 1756 712 1788 hoc
739 1756 934 1797 postremum

70 1798 105 1829 in
133 1797 338 1828 Affesi'oribus
356 1798 489 1837 probavi
507 1797 667 1837 superiore
693 1800 809 1838 capite.
855 1797 935 1828 Prae-

69 1846 181 1877 terea,
205 1838 297 1869 hastae
316 1838 442 1878 praeess'e
460 1837 642 1879 Pomponio
661 1839 746 1870 idem
768 1838 829 1870 esse
846 1838 933 1878 quod

72 1879 193 1911 hastam
223 1889 334 1920 regere
350 1903 359 1919 ‚
398 1880 448 1911 vel
480 1881 554 1914 inde
580 1886 711 1921 apparet
735 1880 823 1920 quod
849 1881 934 1910 idem

70 1921 272 1962 Pomponius
288 1921 355 1962 §.6.
382 1921 524 1961 ejusdem
548 1923 631 1960 loci,
661 1922 728 1961 Jura
751 1930 880 1961 regere,
905 1920 935 1952 &

71 1963 132 2003 juri
157 1963 296 1994 dicundo
322 1962 448 2002 prcccss'e
468 1987 477 2001 ‚
510 1972 568 2003 pro
595 1963 705 1995 iisdem
732 1962 867 2003 accipit3
900 1971 933 1992 u-

70 2011 222 2044 trumque
244 2013 322 2035 vero
346 2013 437 2044 quam
468 2004 695 2045 Magistratus,
730 2011 794 2035 tam
822 2012 934 2034 eorum

70 2044 135 2076 esse
153 2045 207 2085 qui
229 2044 360 2076 suadent
378 2047 407 2076 ὃς
426 2045 574 2084 assident,
599 2055 639 2077 ex
659 2045 714 2076 illo
731 2044 823 2076 Plinii
840 2044 933 2076 intel-

71 2087 152 2127 liges
176 2087 221 2116 tib.
238 2097 267 2127 5.
290 2084 366 2127 epist.
388 2095 431 2127 17,
463 2087 511 2118 lite
527 2096 605 2117 meus
622 2088 654 2118 in
674 2087 803 2127 petendis
819 2085 931 2117 honori-

72 2129 126 2159 bus
140 2127 324 2170 suffragator
337 2128 373 2162 ὅ)
389 2126 482 2167 testis,
504 2128 550 2159 ille
565 2130 596 2158 in
613 2128 781 2159 inchoandis
796 2126 931 2158 deauetor

71 2168 111 2203 ὅ)
133 2178 240 2208 comes,
261 2169 307 2200 ille
322 2171 353 2200 in
372 2170 503 2211 gerendis
520 2168 679 2208 confiliator
696 2169 732 2204 δ’
748 2168 847 2200 νεᾶον.
879 2168 931 2200 Sic

71 2210 208 2244 Plinius:
232 2211 326 2242 etiam
345 2211 538 2251 Pomponius
561 2213 587 2242 (i.
612 2211 630 2242 l.
648 2221 675 2242 2.
698 2211 726 2252 §.
743 2215 773 2242 6.
797 2219 869 2242 cum
888 2211 931 2241 in-

70 2253 160 2292 quit,
185 2262 225 2283 ex
245 2252 437 2283 Pontificum
459 2253 597 2293 collegio
621 2252 793 2292 quotannis
818 2251 933 2283 consti-

73 2300 179 2324 tutum
196 2293 285 2323 fuisse
298 2316 305 2329 ,
329 2295 381 2334 qui
395 2295 520 2333 privans
535 2294 667 2335 pneeffet.
712 2293 829 2325 Cicero
853 2302 932 2333 quo-

72 2342 136 2373 que
160 2334 207 2365 lib.
229 2343 253 2365 1.
283 2333 327 2364 De
343 2342 449 2365 oratore
469 2346 490 2365 c.
505 2345 534 2366 x.
563 2335 609 2367 his
626 2335 741 2366 verbis.
786 2335 823 2366 Ja
839 2357 847 2372 ‚
879 2332 934 2372 nisi

73 2375 120 2405 hic
143 2377 174 2405 in
198 2382 245 2407 tuo
271 2385 355 2417 regno
372 2375 504 2415 efferans,
528 2387 584 2407 non
606 2376 745 2417 tuliffem‚
778 2376 933 2417 mittasque

69 2415 209 2456 praeeffem
225 2440 234 2456 ,
265 2420 316 2458 qui
339 2423 392 2448 aut
416 2417 563 2448 interstitio
587 2424 678 2450 tecum
708 2419 931 2456 contenderent,

73 2463 127 2488 aut
149 2463 174 2489 te
190 2468 227 2489 ex
247 2458 316 2498 jure
333 2469 421 2489 nianu
439 2460 595 2499 consertum
612 2466 759 2490 vocarent.
807 2459 931 2499 lnquit,

73 2498 172 2529 multis
187 2499 347 2540 przeeffem,
371 2509 429 2539 pro
447 2501 554 2532 multis
577 2498 671 2532 essem
697 2499 880 2532 consiliator
903 2500 933 2531 &

71 2539 202 2578 suasor,
223 2542 310 2581 quod
324 2542 385 2582 jam
410 2542 448 2572 ab
471 2542 538 2573 aliis
559 2542 642 2574 bene
664 2549 851 2573 annotatum
876 2541 931 2572 est.

72 2579 200 2614 Eodem
218 2581 324 2621 sensu,
347 2583 453 2614 nescio
470 2607 479 2622 ‚
511 2593 547 2615 an
573 2584 723 2624 Apulejus
742 2591 847 2614 utatur
866 2591 935 2613 ver-

73 2621 119 2653 bo
144 2623 325 2663 praesidere,
349 2624 396 2655 lib.
421 2625 465 2655 De
482 2626 587 2656 mundo
604 2625 645 2657 fic
664 2625 814 2656 scribenS.
858 2624 935 2664 Ejus

75 2663 208 2710 (legis)
235 2666 315 2703 scitis
343 2664 540 2707 Magistratus
571 2667 755 2705 tribunalia,
787 2666 935 2705 principia

76 2704 180 2735 milites
201 2707 252 2745 fre
273 2709 433 2738 uentabunt
450 2721 468 2747 ,·
499 2714 705 2749 recuperatores
718 2708 842 2748 judiciis
860 2713 936 2747 prce-

73 2742 216 2780 fidebunt.
294 2749 380 2788 tique
398 2749 440 2779 nil
459 2759 560 2789 opus,
584 2750 740 2790 Apulejo‚
766 2749 853 2789 quod
873 2748 936 2778 cui-

79 2783 152 2815 dam
184 2787 278 2818 visum
294 2811 303 2826 ,
340 2798 399 2829 pro
423 2789 612 2830 presidebunt
638 2790 802 2822 restituere
829 2788 936 2827 adficie-

82 2825 171 2871 bunt,-
200 2836 273 2873 pum
291 2830 319 2860 ἃ
344 2831 597 2870 Recuperatores
614 2856 623 2871 ,
655 2842 670 2862 a
697 2830 935 2872 Magistratibus

79 2866 168 2905 dati,
196 2869 318 2907 judiciis
350 2872 477 2911 praecffi:
510 2872 560 2904 seu
591 2872 756 2913 praendere
779 2873 934 2903 dicantur.

78 2905 267 2954 UtCHfflqUC
283 2911 359 2947 erit3
378 2922 527 2953 apparet,
546 2925 617 2946 eum
635 2924 729 2955 quem
748 2914 831 2952 dixi,
845 2914 938 2945 Pom·

77 2956 167 2988 ponii
186 2949 304 2982 sensum
320 2953 396 2991 effe,
420 2954 631 2988 Decemviros
651 2955 841 2987 constitutos
860 2954 936 2985 fuis-

77 2989 110 3020 se
128 2990 167 3021 ad
185 2990 270 3030 hocs
300 3000 335 3023 ut
352 3003 460 3027 eorum
489 3006 558 3036 quae
581 2997 695 3028 fierent
714 3006 772 3037 pro
791 2996 936 3027 tribunali

77 3030 163 3077 hasta
182 3032 302 3079 posita,
335 3035 472 3080 rectores
495 3039 716 3079 adjutoresque
737 3037 836 3068 essent
857 3038 935 3069 1³1·ae-

78 3079 159 3103 tori:
183 3075 323 3114 denique
338 3076 429 3113 illos,
453 3080 540 3116 quod
559 3088 575 3109 a
591 3079 730 3111 Praetore
750 3079 935 3110 adhiberen-

76 3121 129 3145 tur
148 3115 339 3162 necesl'ario,
364 3126 506 3157 praeturae
526 3119 577 3150 seu
598 3122 792 3162 magistratus
814 3121 935 3160 pai-tici·

77 3163 133 3195 pes
152 3156 234 3187 vrsos
254 3156 354 3189 fuisso.

119 3195 208 3228 Solet
238 3198 386 3245 Praetor‚
419 3209 535 3240 practer
563 3201 778 3233 Decemviros
798 3226 807 3241 ‚
842 3203 937 3235 etiam

79 3235 308 3272 Centumvrros
331 3242 501 3274 adhibere:
534 3252 566 3274 ut
591 3252 695 3275 tamen
722 3244 937 3277 Centumviris

77 3276 264 3353 DeIcevairi
280 3305 290 3323 ,
322 3281 374 3315 sed
392 3293 464 3317 cum
486 3284 646 3326 l’raetore,
680 3285 861 3327 praeesl'ent:
883 3296 937 3319 eo-

142 3331 193 3353 OW.
234 3346 241 3354 .

911 649 1130 688 Decemvirtim
1145 652 1299 698 judicium
1328 662 1387 687 non
1394 650 1453 697 fui
1479 663 1494 686 e
1508 649 1690 697 fiparotmn
1715 664 1734 685 a
1758 651 1847 686 Prte-

982 811 1045 844 que
1061 803 1151 836 sensu
1173 804 1300 846 accipio
1314 805 1403 848 quod
1423 805 1594 839 Suetonius
1607 804 1639 835 in
1654 803 1719 834 vita
1740 800 1846 843 Augu-

972 846 1016 885 Jtz·
1049 855 1073 877 c.
1103 849 1154 887 36.
1192 845 1324 887 scribit,
1356 848 1530 890 Augustum
1555 843 1775 882 constituisse,
1813 852 1848 874 ut

982 886 1254 920 Centumviralem
1287 889 1406 921 hastam
1439 898 1531 929 quam
1566 887 1719 928 quaestura
1745 884 1848 916 functi

979 927 1213 960 consueverant
1250 939 1367 972 cogere
1393 954 1404 970 ‚
1449 929 1636 962 Decemviri
1681 935 1847 969 cogerent.

980 968 1098 1001 hastam
1116 970 1201 1001 enim
1220 980 1340 1013 cogere
1357 972 1514 1003 Suetonio
1533 970 1596 1008 est,
1622 969 1714 1000 hastae
1734 977 1848 1008 praecs-

980 1008 1029 1041 se:
1054 1012 1324 1050 quemadmodum
1347 1014 1500 1053 judicium
1523 1020 1642 1052 cogere
1662 1010 1707 1042 est
1725 1010 1846 1050 judicio

979 1051 1225 1092 p1·aeesse,apud
1244 1053 1407 1086 Valerium
1428 1055 1475 1084 lib.
1488 1064 1514 1090 9-
1534 1064 1558 1084 c.
1574 1062 1619 1084 12.
1641 1051 1668 1094 §.
1683 1062 1711 1092 7.
1737 1059 1770 1082 ut
1783 1052 1847 1091 jam

979 1092 1018 1123 ab
1036 1093 1103 1124 aliis
1121 1094 1239 1126 visum:
1263 1103 1360 1135 atque
1377 1096 1409 1127 id
1430 1094 1471 1126 sic
1489 1094 1576 1126 Dion
1600 1094 1709 1134 lib-34.
1730 1098 1845 1133 piniti·

980 1134 1211 1174 interpretatur
1228 1146 1236 1166 :
1270 1137 1366 1168 etiam
1390 1136 1537 1168 Lucanus
1554 1135 1694 1167 ossendlt
1710 1136 1748 1166 act
1767 1134 1846 1173 Piso-

979 1185 1041 1206 nem
1060 1176 1108 1207 his
1127 1176 1242 1208 verbis.

1023 1217 1080 1247 Seu
1099 1218 1220 1258 trepidos
1246 1219 1369 1260 adjura
1393 1219 1484 1250 decem
1511 1218 1582 1249 citat
1600 1215 1681 1258 hosta
1696 1219 1847 1254 virorum,

1018 1257 1061 1289 Et
1069 1257 1190 1303 firmare
1201 1260 1286 1301 jubet
1301 1266 1415 1292 centeno
1435 1261 1533 1301 judice
1547 1263 1672 1296 causam.

980 1298 1014 1330 In
1042 1300 1150 1340 primis
1181 1310 1261 1333 vero
1290 1301 1409 1334 Plinius
1437 1302 1485 1334 lib.
1500 1312 1530 1342 5.
1555 1298 1633 1341 epist.
1659 1300 1713 1330 ult.
1746 1306 1817 1330 cnm
1835 1320 1847 1337 ‚

980 1340 1122 1372 Sedebant
1138 1362 1148 1380 ,
1178 1342 1283 1383 inquit
1300 1366 1310 1381 ,
1335 1343 1448 1385 judices
1463 1366 1472 1381 ,
1505 1341 1672 1373 Decemviri
1690 1349 1846 1377 venerunt,

981 1383 1207 1422 obversabantur
1229 1386 1388 1422 advocati,
1419 1385 1488 1424 (ita
1512 1383 1632 1414 liabent
1658 1389 1784 1414 veteres
1814 1381 1849 1411 li·

979 1423 1048 1462 bri,
1071 1423 1215 1456 Grutero
1237 1425 1342 1467 teste)
1355 1425 1504 1464 filcntium
1521 1425 1662 1465 longum,
1698 1425 1813 1454 tandem
1830 1433 1849 1453 a

979 1464 1105 1496 Praetore
1137 1468 1272 1498 nuncius.
1323 1467 1530 1498 Dimittuntur
1562 1466 1754 1497 centumviri.
1805 1463 1850 1494 Et

980 1505 1060 1547 post.
1106 1506 1173 1538 Hoc
1189 1507 1272 1546 fab'to
1291 1514 1444 1539 contritotus
1462 1508 1591 1546 Praetor,
1615 1509 1665 1548 qui
1680 1507 1849 1537 Centumvi-

979 1548 1090 1579 ratibus
1101 1548 1252 1589 praefidet,
1275 1551 1504 1588 deliberaturus,
1526 1559 1565 1581 an
1570 1550 1739 1589 sequeretur
1754 1556 1847 1577 exem-

972 1589 1081 1630 plum,
1111 1591 1296 1631 inopinatum
1324 1592 1403 1623 nobis
1437 1592 1530 1622 ocium
1553 1591 1639 1621 dedit.
1688 1588 1788 1630 Igitur
1812 1588 1848 1618 li·

979 1638 1057 1672 quet
1073 1652 1083 1669 ‚
1112 1629 1329 1664 Decemviros
1358 1632 1490 1664 Praetori
1509 1632 1546 1663 'in
1567 1629 1708 1663 Consilio
1733 1628 1847 1668 fuisse,

980 1673 1009 1704 Gt
1031 1672 1095 1703 hoc
1112 1670 1199 1704 sensu
1226 1673 1321 1705 hastae
1340 1672 1517 1715 praefuisse,
1549 1682 1654 1713 neque
1674 1671 1756 1702 male
1778 1670 1848 1701 Ma-

976 1713 1122 1755 gistratus
1147 1715 1326 1756 appellatos
1353 1715 1435 1754 css'e;
1458 1716 1554 1747 etiam
1574 1715 1692 1754 liquet,
1725 1712 1847 1743 Praeto-

978 1764 1044 1787 rem
1071 1764 1136 1787 non
1161 1764 1284 1788 tantum
1311 1756 1535 1794 Decemviris,
1567 1756 1617 1787 sed
1646 1755 1676 1785 ἃ
1693 1753 1848 1786 Centum-

978 1798 1078 1835 viris,
1109 1797 1154 1827 uti
1181 1797 1335 1829 solitum:
1374 1798 1506 1837 ejusque
1538 1806 1610 1828 cum
1642 1794 1847 1827 Deccinviris

977 1838 1217 1870 aestimationem
1239 1838 1329 1870 fuisse
1348 1847 1405 1879 pro
1428 1838 1583 1879 gravitate
1606 1838 1636 1869 &
1657 1836 1848 1878 magnitudi-

976 1889 1017 1910 ne
1035 1879 1157 1918 litium,
1182 1880 1277 1911 etiam
1295 1880 1371 1919 lios,
1399 1889 1436 1911 an
1455 1887 1575 1911 tantum
1599 1879 1689 1918 illos,
1713 1877 1846 1910 adhibe-

977 1930 1011 1952 re
1028 1920 1181 1960 deberet,
1206 1920 1301 1952 facile
1317 1921 1452 1962 intelligi
1477 1920 1603 1961 potest,
1624 1920 1648 1952 fi
1669 1920 1740 1961 quis
1756 1919 1846 1960 cogi-

978 1969 1046 2001 tet,
1070 1960 1263 1994 Ciceronem
1282 1962 1471 2003 quaestiones
1487 1962 1563 2002 juris
1587 1971 1658 2002 quae
1684 1962 1722 1992 ad
1740 1962 1848 2001 perso-

976 2012 1086 2035 narum
1101 2003 1284 2036 libertatem
1302 2011 1357 2036 aut
1376 2005 1541 2035 civitatem
1556 2005 1737 2044 pertinent,
1761 2002 1846 2033 Cen-

977 2044 1197 2077 tumviralibus
1224 2045 1321 2078 causis
1344 2054 1553 2077 annumerare
1576 2044 1624 2076 De
1649 2045 1774 2076 Oratore
1797 2043 1845 2074 lib.

978 2096 1005 2119 1.
1030 2096 1082 2118 eas
1108 2094 1214 2118 tamen
1240 2088 1323 2129 apud
1350 2086 1567 2119 Decemviros
1595 2095 1729 2127 quoque
1760 2084 1845 2116 aetas

974 2127 1144 2169 finitasque
1161 2128 1244 2169 effe,
1267 2129 1385 2161 eodem
1404 2128 1565 2161 Cicerone
1583 2126 1662 2159 teste
1680 2126 1739 2159 Pro
1765 2128 1846 2157 domo

974 2169 1011 2205 &²
1028 2170 1085 2201 Pro
1104 2170 1227 2203 Caecina.

1014 2211 1110 2243 Plane
1133 2221 1199 2244 non
1232 2211 1382 2244 affentior
1408 2211 1535 2244 cuidam
1567 2210 1665 2242 docto
1689 2211 1760 2241 viro
1790 2208 1845 2249 qui

976 2262 1016 2284 ex
1043 2253 1091 2284 his
1111 2253 1190 2286 locis
1215 2254 1408 2293 contendit,
1440 2252 1672 2284 Decemvnam
1690 2251 1844 2292 judicium

975 2297 1139 2335 proprium
1156 2295 1186 2326 &
1204 2304 1221 2325 a
1243 2295 1399 2328 Praetorio
1420 2294 1596 2335 separatum
1612 2293 1703 2324 fuisse
1719 2305 1727 2325 ε
1750 2301 1820 2323 nain
1833 2315 1843 2329 ‚

977 2337 1065 2375 quod
1094 2336 1181 2367 causa
1200 2336 1295 2368 status
1322 2345 1339 2367 a
1356 2335 1518 2368 Cicerone
1537 2335 1654 2366 dicitur
1668 2334 1734 2365 afta
1759 2335 1844 2373 apud

975 2378 1193 2409 Decemviros
1211 2401 1220 2416 ,
1250 2377 1369 2409 fastum
1389 2380 1454 2418 pari
1480 2377 1603 2408 ratione
1620 2384 1680 2416 qua
1698 2375 1796 2406 multa
1814 2384 1843 2405 a·

974 2420 1040 2459 pud
1055 2419 1285 2451 Centumviros
1310 2419 1395 2456 atita,
1420 2418 1503 2449 idern
1527 2417 1636 2448 scribit
1651 2416 1788 2454 Cicero,
1813 2416 1844 2446 ἃ,

975 2461 1113 2499 Plinius,
1137 2460 1234 2492 etiam
1255 2460 1419 2498 Scaevola,
1443 2459 1472 2490 ὅ(
1496 2458 1607 2490 Paulus
1633 2458 1652 2489 t.
1674 2467 1719 2498 13.
1740 2457 1776 2494 &⁴
1794 2466 1844 2497 ly.

975 2501 1017 2533 D.
1044 2504 1076 2533 de
1091 2500 1242 2541 inofficioso
1258 2499 1420 2541 testamento
1433 2524 1441 2539 ‚
1468 2510 1526 2540 pro
1543 2500 1625 2539 apud
1645 2499 1819 2530 Praetorern
1831 2521 1841 2536 ,

975 2543 1039 2575 five
1061 2544 1123 2583 (ut
1141 2541 1294 2582 Ulpianus
1315 2542 1458 2583 loquitur
1480 2541 1496 2572 l.
1509 2545 1541 2572 6.
1561 2541 1579 2572 l.
1592 2545 1620 2575 8.
1639 2541 1668 2583 §.
1685 2545 1729 2572 16.
1748 2539 1789 2571 D.
1811 2542 1844 2570 (le

977 2583 1128 2625 inofficioso
1153 2582 1315 2625 testamento
1331 2607 1341 2623 ‚
1373 2583 1403 2615 &
1429 2582 1604 2615 Marcellus
1627 2582 1648 2614 l.
1663 2593 1695 2624 5.
1716 2581 1758 2612 D.
1781 2583 1841 2611 eod.

978 2628 1053 2665 tit.)
1083 2626 1165 2666 apud
1190 2626 1338 2667 Judicem
1372 2625 1424 2656 cui
1454 2623 1656 2657 Centumviri
1689 2623 1841 2655 assident:

977 2667 1055 2698 item
1085 2676 1146 2708 qua
1175 2666 1449 2699 manumiffionem
1473 2667 1557 2707 apud
1590 2664 1766 2698 Consilium
1799 2663 1844 2694 sa-

978 2708 1058 2740 ctam
1076 2732 1085 2747 ‚
1117 2707 1217 2740 refert
1243 2707 1351 2740 Celsus
1368 2708 1386 2739 l.
1402 2717 1446 2745 19.
1467 2707 1510 2739 D.
1528 2709 1560 2738 de
1575 2705 1753 2746 manumiffis
1775 2707 1841 2735 vin-

977 2750 1056 2780 ditta
1071 2773 1080 2788 ‚
1110 2749 1139 2781 &
1164 2749 1344 2791 Imperator
1365 2749 1547 2781 Antoninus
1572 2749 1591 2780 l.
1615 2759 1639 2780 1.
1666 2748 1699 2780 C.
1719 2749 1752 2778 cle
1774 2748 1840 2776 vin-

978 2790 1055 2822 dicta
1072 2791 1202 2822 libertate
1221 2791 1257 2826 ὅ)
1270 2792 1351 2832 apucl
1367 2789 1513 2829 confilium
1530 2788 1745 2830 manumiffione
1758 2812 1765 2823 ,
1782 2796 1839 2827 pro

979 2832 1063 2872 apud
1085 2831 1261 2864 Praetorem
1285 2842 1356 2865 cum
1377 2831 1517 2864 Consilio
1537 2843 1546 2870 ς
1576 2842 1609 2863 ut
1627 2832 1710 2863 clare
1727 2828 1839 2860 Theo-

979 2874 1083 2913 philus
1109 2874 1148 2905 ad
1172 2875 1200 2907 d.
1226 2874 1254 2916 §.
1273 2884 1304 2914 4.
1331 2872 1403 2914 Inst.
1425 2873 1487 2917 Qui
1509 2873 1546 2908 &³
1569 2875 1673 2915 quibus
1698 2881 1733 2901 ex
1749 2867 1840 2906 coasts

979 2917 1181 2947 manumittere
1212 2926 1269 2947 non
1294 2915 1422 2957 poffunt.
1474 2915 1553 2947 Illud
1577 2923 1666 2955 teque
1696 2914 1768 2944 leve
1795 2909 1840 2941 cst

979 2957 1066 2994 quod
1091 2957 1176 2989 idem
1196 2957 1243 2989 vir
1264 2957 1378 2989 doctus
1405 2957 1467 2988 huc
1493 2956 1628 2988 tranfert
1652 2952 1747 2983 verba
1770 2950 1840 2998 11339

979 2998 1146 3030 Ciceronis
1164 3008 1205 3030 ex
1224 2999 1348 3031 Oratore
1362 3009 1385 3030 c.
1397 3003 1448 3037 46.
1474 2998 1637 3038 Planeque,
1655 2996 1776 3025 duorum
1793 3002 1840 3023 vt-

978 3049 1075 3070 rorum
1093 3041 1238 3081 judicium
1256 3064 1266 3079 ,
1296 3047 1348 3072 aut
1365 3064 1374 3078 ‚
1405 3041 1628 3070 triumvirorum
1648 3035 1839 3081 capitalium,

978 3086 1030 3112 aut
1045 3104 1054 3119 ‚
1085 3083 1310 3114 aecenivirorum
1334 3083 1433 3113 litibus
1450 3080 1620 3121 judicandis
1635 3100 1644 3116 ,
1677 3077 1737 3107 arco
1762 3085 1839 3106 nun-

978 3132 1074 3164 quam.
1117 3122 1194 3154 Non
1211 3124 1295 3155 enim
1311 3124 1341 3155 id
1358 3124 1422 3163 agit
1435 3123 1570 3156 Cicero,
1595 3126 1628 3150 ut
1648 3126 1701 3149 aut
1718 3116 1840 3148 Duum-

982 3165 1084 3196 viissm
1103 3187 1112 3203 ‚
1143 3173 1196 3196 aut
1213 3164 1433 3196 Triumvirtlm
1458 3161 1636 3201 capitalium
1655 3183 1664 3198 ‚
1697 3167 1749 3205 aut
1774 3157 1839 3204 De-

983 3206 1160 3237 ccmvirfim
1196 3206 1302 3238 litibus
1327 3203 1528 3245 judicandis,
1557 3201 1654 3233 faciat
1685 3200 1838 3245 judiciuin

980 3249 1143 3288 proprium
1163 3247 1192 3278 ἃ
1213 3247 1410 3287 separatum,
1433 3251 1487 3275 aut
1502 3251 1536 3275 ut
1552 3244 1591 3275 de
1607 3244 1732 3276 illorum
1753 3248 1841 3285 lum?

980 3289 1120 3322 dictione
1140 3287 1299 3329 disputet;
1331 3286 1436 3358 ΓεΙιχὶΙῙυῑ
1452 3284 1596 3319 ostendat
1622 3284 1706 3319 usum
1732 3281 1837 3352 La}¹¹¹1

1422 3336 1439 3359 2
1792 3330 1838 3352 er·
