2036 3495
500 148 588 186 -An
614 147 705 185 Lm
736 140 829 184 xix.
857 148 959 187 Ti-r.
986 141 1029 185 ii,
1064 150 1178 187 Loeau
1200 154 1349 190 conium,

68 249 113 272 no
142 239 224 272 intra
248 248 393 282 tempora
418 239 592 281 praefinita3
615 239 635 270 si
656 238 721 270 duo
746 239 937 272 observavit.

69 291 167 314 unum
191 280 255 322 est;
278 283 299 314 fi
326 291 360 313 ut
382 289 530 323 oportet,
560 280 713 312 coluerit:
743 282 894 327 alterurn,
918 281 939 313 fi

68 322 270 364 penlionibus
294 326 456 364 paruerit,-
477 324 507 355 id
535 321 597 361 est,-
622 322 640 352 fi
657 322 824 368 pensiones
843 325 939 354 {olve-

70 366 111 396 rit
134 365 215 396 intra
240 366 419 397 biennium:
441 364 528 396 fiinili
551 364 706 403 loquendi
731 363 853 402 forma,
879 373 940 404 qua

72 405 205 445 dicitur,
229 416 340 447 parere
362 408 414 438 aeri
437 406 541 437 alieno
564 404 584 436 l.
606 404 687 450 5.'§.
706 412 736 441 9.
762 405 805 436 D.
827 408 860 436 de
882 407 938 436 reb.

71 456 127 478 eor.
146 448 261 488 quisub
276 453 332 479 tut.
356 449 431 479 item
448 455 557 487 parere
573 445 646 477 sorti
663 447 693 477 ot
710 446 806 477 usuris
820 447 839 478 l.
856 451 884 481 8.
904 447 937 478 C.

71 487 159 530 Quod
181 499 246 520 cum
264 498 303 520 eo.
328 489 357 520 ἀ
381 496 489 527 parere
512 487 648 518 solutoni
680 488 699 518 l.
717 491 746 522 8.
772 488 863 533 Cade
879 489 937 519 reb⁶

69 531 144 561 cred.
186 530 249 562 Sed
266 531 352 571 quod
367 528 449 567 dixi,
471 536 626 569 oportere
642 529 874 561 conductorem
890 529 936 560 lo-

67 572 169 602 catori
188 571 348 603 mercedes
366 569 418 601 seu
435 569 601 611 penfiones
622 569 761 609 solvere,
785 571 867 602 adeo
882 580 935 617 ve-

66 620 138 643 rum
154 613 218 652 est;
240 619 274 643 ut
297 620 370 643 eum
391 620 454 644 non
474 612 580 650 levet,
603 611 622 643 si
649 612 822 644 deseruerit
848 613 934 643 liabi-

66 652 243 692 tationem,
266 653 317 684 vel
341 651 433 685 fundi
458 653 630 685 culturam:
663 653 736 694 quin
762 653 868 693 potest
892 663 933 684 eo

62 692 133 725 casu
148 695 249 727 statim
260 694 427 726 conveniri
449 695 469 726 l.
488 704 536 732 24.
560 694 589 736 §.
608 704 636 726 2.
658 695 685 726 Ι),
705 701 726 725 t.
751 696 782 726 δι
801 695 931 736 quidem

60 735 100 766 ad
118 735 280 768 solvendas
303 735 402 768 totius
426 738 581 777 temporis
605 737 786 775 pensiones,
819 745 930 777 quate-

61 786 120 808 nus
137 778 294 817 locatori,
316 778 403 819 quod
418 778 484 818 ejus
500 776 645 816 interest,
663 779 854 810 indemnitas
869 779 928 810 sei·-

58 826 170 858 vetur3
194 818 214 850 fi
231 818 403 859 praesertim
423 821 488 851 fine
507 819 583 860 jiista
607 828 644 850 ac
661 820 816 861 probabili
836 819 925 866 causa

58 859 229 892 deseruerit
246 861 267 891 l.
282 870 332 901 55.
348 860 378 902 §.
400 869 425 892 1.
442 863 469 892 d.
489 866 510 892 t.
535 860 646 892 sufficit
663 861 748 892 enim
771 861 905 892 locatori
918 885 927 900 ,

57 901 234 943 praestitisse
250 901 314 934 frui
332 903 447 934 licere:
469 903 644 934 conductor
662 910 768 934 autem
792 902 849 934 fibi
872 904 927 933 im-

56 951 171 986 putet;
188 942 209 975 fi
227 952 299 976 cum
317 943 420 985 poss'et
435 943 517 984 frui,
533 953 598 976 non
615 943 678 975 fuit
694 944 818 976 fruitus.
838 944 926 984 quod

58 985 84 1018 fi
99 985 210 1017 habuit
224 985 343 1018 causam
354 1009 364 1024 ,
387 995 445 1018 cur
461 987 588 1018 timeret
604 986 799 1026 periculum,
818 994 926 1025 quam-

58 1028 108 1059 vis
125 1027 299 1068 periculum
324 1037 398 1059 vere
423 1037 485 1060 non
509 1027 624 1066 fuerit,
649 1036 715 1060 non
732 1027 830 1059 debet
848 1034 928 1059 mer-

61 1068 176 1103 cedem
191 1069 212 1100 l.
235 1078 286 1110 27.
306 1068 335 1110 §.
358 1078 384 1101 1.
400 1070 428 1100 d.
446 1074 470 1102 t.
492 1103 494 1107 ,
556 1104 560 1108 ,
603 1101 605 1105 ,
698 1110 704 1115 η

100 1109 182 1142 Illud
207 1110 300 1151 quale
322 1111 408 1151 quod
431 1109 461 1142 in
484 1111 503 1142 l.
521 1108 572 1152 56.
594 1109 622 1142 h.
642 1106 663 1142 t.
696 1119 726 1142 in
750 1109 837 1143 hunc
860 1120 928 1143 mo-

60 1152 137 1184 dum
153 1151 259 1183 scribit
275 1151 405 1184 Paulus:
427 1152 501 1184 Cum
517 1153 625 1184 domini
639 1152 802 1183 horreorum
818 1152 925 1192 infala·

60 1202 182 1235 rumque
199 1191 376 1233 defiderant,
400 1194 451 1225 diu
469 1203 527 1226 non
545 1194 767 1235 apparentibus.
791 1204 842 1225 nec
864 1194 926 1235 ejus

60 1235 194 1275 temporis
206 1233 352 1275 penfiones
373 1234 581 1275 exsolventibus
602 1233 838 1274 conductoribus,
862 1241 925 1282 ape-

60 1277 120 1307 rire
135 1275 171 1310 {9⁹
187 1285 219 1306 ea
236 1285 274 1316 qu
285 1286 300 1305 e
311 1277 352 1307 ibi
359 1276 437 1315 sunt
453 1277 603 1315 describere
618 1286 636 1307 a
649 1277 771 1316 publicis
779 1277 925 1318 perfimzs,

59 1326 182 1359 quorum
209 1315 323 1356 interest
353 1318 491 1348 audiendi
495 1318 581 1357 sunt.
596 1323 704 1357 tempus
722 1324 817 1349 autem
832 1319 924 1349 inhu-

56 1359 186 1400 jusmodi
201 1367 230 1388 re
245 1359 353 1389 biennii
369 1359 446 1389 debet
462 1358 614 1396 oboervari:
657 1357 737 1390 Haec
752 1358 838 1390 Pauli
855 1369 924 1391 ver-

62 1404 121 1439 ba,
144 1399 199 1431 nili
225 1399 451 1430 emendiatone
466 1399 691 1432 autintellectu
715 1400 925 1441 adjuventur,

59 1440 277 1473 Grammatice
295 1440 349 1472 vix
363 1440 492 1481 poffunt
507 1439 658 1473 construi.
682 1450 747 1473 non
763 1442 847 1474 euim
858 1442 927 1473 sunt

62 1482 206 1523 integra3
229 1491 266 1513 ac
288 1480 309 1513 si
332 1482 409 1520 quid
430 1483 549 1520 video,
570 1490 644 1514 ante
661 1483 815 1523 verbum,
837 1485 927 1524 aperi-

61 1533 109 1560 re,
132 1522 308 1555 desiderant
333 1522 488 1561 haec,aut
508 1523 636 1562 similia,
659 1530 784 1564 petunt,
814 1531 848 1556 ut
871 1524 929 1563 filii

65 1565 161 1595 liceat.
206 1563 314 1595 Verba
345 1571 499 1603 praeterea
529 1563 624 1603 haec,
652 1575 772 1605 quorum
795 1564 929 1607 interest,

66 1604 168 1645 posita
183 1604 236 1634 suo
250 1605 325 1635 loco
341 1612 406 1635 non
424 1605 502 1635 sunt.
523 1604 680 1646 jungenda
697 1605 789 1638 fuere
804 1607 930 1639 initiali-

66 1647 127 1677 bus
143 1645 247 1676 verbis
269 1645 333 1676 hoc
349 1645 459 1676 modo:
482 1645 555 1676 Cum
575 1648 686 1678 ,donzini
707 1648 868 1680 horreorum
886 1651 930 1680 in-

58 1685 251 1729 fitiarumque
282 1695 405 1727 quorum
433 1685 557 1728 interest.
609 1688 768 1720 Summam
802 1689 929 1730 Graeci,

63 1727 180 1764 Bafilic.
197 1729 246 1758 lib.
264 1737 313 1759 20.
332 1729 378 1759 tit.
398 1736 424 1759 1.
448 1734 515 1760 tom.
533 1733 563 1760 2'.
584 1734 654 1771 pag.
673 1735 742 1770 436.
767 1730 809 1762 fic
833 1740 928 1763 trans-

60 1768 172 1801 ferunt
186 1768 212 1800 F
214 1768 330 1800 abroto
346 1769 540 1809 interprete:
565 1770 792 1804 Condilttoribas
806 1778 856 1813 per
870 1774 928 1804 lon-

59 1819 134 1852 gum
159 1814 269 1851 terinJus
289 1819 347 1841 non
367 1812 589 1851 apparentibus,
611 1821 701 1854 neque
716 1815 866 1846 mercedem
879 1824 928 1846 ex-

56 1852 243 1892 solventibus
257 1874 267 1890 ,
290 1852 356 1882 licet
378 1853 416 1883 eis
430 1854 552 1893 quorum
571 1852 706 1894 interest,
729 1857 835 1896 aperire
849 1878 858 1893 ,
892 1856 929 1891 δ’·

59 1894 186 1934 publicis
196 1894 324 1934 persbnis
335 1893 520 1965 praeffntibas
536 1903 601 1936 qaae
622 1896 661 1926 ibz‘
673 1897 748 1936 sunt
765 1897 928 1937 describere.

62 1933 203 1965 Videtur
224 1934 301 1966 mihi
325 1933 389 1965 Pau
406 1943 440 1965 us
463 1944 616 1975 praeterea
631 1937 796 1976 indicaffe‚
819 1939 851 1970 id
873 1939 929 1971 do-

60 1976 154 2008 minis
172 1984 238 2007 non
261 1975 358 2007 licere
382 1976 504 2016 privata
526 1976 635 2009 facere
659 1978 857 2011 auctoritate:
880 1980 933 2013 sed

58 2024 97 2048 ut
113 2016 226 2055 liceat,
249 2025 306 2048 eos
320 2025 337 2047 a
355 2016 494 2049 Praetore
513 2027 625 2058 petere
640 2028 811 2061 oportere3
834 2022 863 2053 &
880 2031 934 2062 pe·

60 2065 168 2089 tentes
191 2057 367 2090 audiendos
389 2057 461 2090 effe.
487 2059 549 2091 huc
573 2060 695 2093 ducunt
717 2061 804 2094 Pauli
821 2065 929 2096 verba.

61 2098 219 2131 Accedit:
242 2100 329 2139 quod
347 2099 544 2133 Modestinus
562 2102 582 2132 l.
602 2111 652 2134 20.
672 2103 718 2135 D.
744 2105 778 2134 (Ie
790 2104 928 2146 injuriis,

62 2139 117 2178 Si,
140 2140 265 2180 inquit,
286 2141 402 2181 injuriae
424 2142 571 2181 faciendae
592 2145 693 2186 gratia
717 2144 785 2186 Seja
815 2148 929 2179 domum

62 2181 186 2214 absentis
210 2181 342 2212 debitoris
359 2181 498 2223 fignaffet
522 2183 586 2222 fine
609 2184 780 2217 auctoritate
801 2188 864 2229 ejus
882 2190 934 2230 qui

63 2223 232 2254 concedendi
248 2222 300 2263 jus
320 2222 522 2264 potestatemve
553 2225 668 2257 habuit:
700 2227 878 2269 injuriarum
901 2241 932 2263 a·

65 2265 186 2295 ctionem
209 2264 322 2294 intendi
339 2265 415 2305 poffe
430 2266 578 2306 respondit.
602 2274 697 2305 atque
715 2268 848 2301 efl‘ectus
865 2272 929 2311 ejus

62 2306 107 2338 rei
126 2305 188 2336 est:
211 2311 246 2336 ut
268 2304 412 2346 signatis,
435 2306 497 2338 five
519 2307 674 2347 praeclusis
692 2328 702 2346 ,
731 2309 773 2341 sic
796 2310 930 2344 invettis

61 2350 159 2387 atque
183 2346 276 2377 illatis
293 2369 302 2385 ,
334 2348 418 2379 reale
441 2347 506 2379 five
535 2348 713 2389 express'um
737 2349 790 2382 fiat
816 2354 929 2395 pignus

63 2388 151 2428 quod
172 2393 247 2418 ante
271 2395 339 2419 erat
362 2388 493 2420 tacitum
516 2390 536 2420 l.
554 2399 583 2427 9.
607 2389 650 2422 D.
682 2390 719 2421 In
744 2394 820 2432 quib.
851 2396 928 2431 caus.

59 2430 144 2470 pign.
169 2430 249 2460 tacit.
272 2428 304 2460 id
329 2430 476 2462 observat
504 2429 649 2471 Cujacius
672 2431 719 2462 lib.
742 2441 787 2472 17.
806 2434 927 2472 Observ.

64 2480 90 2500 c.
109 2479 158 2511 39.
206 2469 276 2511 Ego
300 2478 453 2511 praeterea
479 2474 618 2504 notabo:
647 2473 735 2513 quod
757 2475 810 2505 diu
837 2476 888 2508 liic
911 2486 928 2508 a

63 2508 161 2541 Paulo
180 2513 352 2551 exponitur
368 2522 424 2553 pei·
440 2513 606 2545 biennium:
628 2514 715 2554 cujus
730 2516 824 2548 etiam
842 2527 928 2549 men-

64 2551 113 2581 tio
127 2551 158 2582 in
176 2551 195 2581 l.
215 2561 263 2591 54.
280 2552 310 2593 §.
331 2563 358 2586 1.
381 2554 423 2587 D.
438 2554 467 2586 h.
484 2561 506 2586 t.
530 2556 560 2587 ἁ
578 2557 609 2587 in
626 2555 688 2586 hoc
706 2556 861 2591 Martialis
879 2561 927 2593 lib.

64 2599 114 2624 12.
137 2591 241 2632 Epigr.
264 2603 314 2633 132.

180 2632 210 2662 O
230 2633 382 2673 Juliarum
402 2637 518 2668 dedecus
541 2637 759 2677 Calendarum,

180 2672 269 2712 Vidi,
293 2675 440 2716 Vacerra,
454 2681 591 2718 sarcinas
613 2686 699 2720 tuas,
723 2682 803 2713 vidi:

177 2714 263 2758 Quas
284 2725 342 2746 non
365 2724 487 2750 retentas
503 2720 634 2760 penstone
652 2729 705 2764 pro
725 2725 802 2755 bima

178 2758 321 2788 Portabat
342 2767 416 2788 uxor
437 2761 519 2799 rufa.

66 2795 233 2830 Postremo
257 2799 355 2830 debet
377 2801 554 2834 conductor
578 2812 644 2836 rem
667 2806 857 2838 conductam
882 2806 929 2838 10-

66 2839 165 2869 catori
185 2839 272 2871 finita
289 2840 450 2871 locatione
473 2842 553 2874 bona
571 2844 633 2877 fide
650 2848 835 2887 restituere3
859 2850 930 2889 quia

66 2889 136 2911 eam
166 2889 230 2912 non
256 2882 382 2920 accepit
411 2884 591 2925 propriam3
620 2886 671 2919 sed
698 2889 864 2921 fruendam
891 2891 930 2921 ad

66 2929 192 2961 tempus
218 2922 417 2962 plerumque.
433 2925 527 2968 'quod
549 2926 568 2957 li
593 2936 656 2960 non
682 2930 848 2970 restituat,
878 2939 932 2962 aut

66 2962 234 3002 restituat,
264 2962 316 2995 sed
339 2965 551 3006 deteriorem3
575 2969 773 3003 damnabitur
799 2974 836 3004 ad
853 2973 931 3004 aesti-

65 3005 261 3042 matioricm,
285 3006 391 3045 quanti
418 3006 449 3037 in
475 3007 709 3050 litemjuratum
726 3012 824 3045 fuerit
839 3015 859 3046 l.
877 3019 930 3053 48.

65 3045 97 3086 ᾗ.
117 3054 143 3076 i.
167 3047 213 3077 D.
239 3047 267 3077 b.
287 3051 308 3077 t.
342 3046 362 3078 fi
387 3047 451 3087 ejus
477 3049 569 3081 dolus
596 3052 828 3087 intervenerit:
858 3065 931 3087 nam

67 3086 192 3127 culpam
209 3096 273 3119 non
291 3087 377 3119 attor
392 3087 735 3133 aestimatJurejurando
752 3105 793 3126 ex
808 3095 931 3128 affeetu:

66 3127 118 3159 led
135 3127 237 3167 Judex
261 3138 302 3161 ex
328 3129 372 3161 rei
395 3132 546 3163 veritate:
569 3141 603 3164 ut
624 3135 747 3167 obtinui
770 3137 859 3176 supra
873 3139 932 3178 sub

69 3166 128 3200 Tit.
154 3171 249 3201 Dein
267 3171 345 3201 litem
355 3172 494 3213 jurando.
540 3173 626 3215 Quid
638 3199 648 3215 ,
671 3176 691 3209 fi
709 3187 775 3208 reni
794 3180 931 3211 amiserit

63 3209 129 3242 fine
146 3211 222 3242 dolo
240 3212 269 3243 δι
285 3213 403 3253 culpa?
426 3223 497 3246 eum
515 3224 580 3247 non
598 3219 717 3257 teneri,
741 3218 928 3258 Justinianus

63 3249 170 3284 scribit
181 3251 211 3294 §.
223 3258 290 3293 pen.
306 3252 379 3295 lnst.
396 3255 425 3289 h.
443 3261 466 3287 t.
492 3265 565 3289 cum
582 3267 599 3290 a
621 3260 711 3292 nullo
734 3261 821 3295 casus
838 3262 868 3295 in
881 3263 928 3304 Ju-

983 241 1069 272 dicio
1089 248 1153 274 tarn
1172 243 1283 284 locati,
1308 253 1400 285 quam
1417 243 1566 281 conducti
1583 247 1747 287 praestetur
1763 236 1783 281 l.
1802 250 1854 287 2³18.

984 283 1017 313 C.
1040 285 1067 314 ά,
1088 289 1109 313 t.
1136 285 1156 314 l.
1174 294 1224 326 23.
1250 287 1297 316 l).
1324 288 1357 318 de
1380 296 1439 331 reg.
1459 289 1526 330 jur.
1579 290 1678 323 Venit
1702 291 1797 333 igitui-
1820 294 1856 326 iii

984 324 1066 354 lianc
1084 324 1242 358 astionem·
1269 327 1361 360 dolus
1380 330 1409 359 <St
1425 331 1528 370 culpa.
1570 331 1633 365 Sed
1655 333 1752 374 quae?
1775 334 1855 366 mihi

983 365 1108 404 placet,
1131 366 1323 408 distinguere
1348 369 1546 403 locationem
1571 373 1641 405 usus
1667 375 1718 406 seu
1732 374 1854 406 fruetus

983 405 1028 436 rei
1054 414 1070 436 a
1092 408 1255 439 locatione
1277 408 1378 448 sacti,
1409 411 1472 443 five
1495 422 1613 453 operm.
1645 417 1753 456 priore
1782 416 1857 448 cast!

982 446 1043 486 (de
1059 455 1124 485 quo
1142 448 1282 488 loquitur
1299 450 1318 480 l.
1337 461 1367 490 5.
1383 451 1413 492 §.
1433 463 1460 484 2.
1480 452 1521 484 D.
1541 456 1744 499 Commodati)
1766 458 1858 490 tene-

983 495 1035 518 tur
1054 489 1233 522 conductor
1255 491 1364 522 saltem
1395 494 1434 524 dc
1451 494 1544 534 culpa
1560 497 1620 528 lata
1635 498 1664 529 ἃ
1685 499 1769 538 levi3
1793 500 1856 531 nec

978 528 1024 560 est
1040 529 1149 568 causa,
1172 541 1230 563 cui·
1247 533 1340 564 etiam
1365 535 1402 565 ad
1423 536 1604 568 levrssimam
1629 540 1855 580 adstringatur:

978 578 1053 601 cum
1079 572 1253 610 praeferrim
1279 574 1398 606 locatio
1417 577 1447 607 ὃς
1472 578 1645 610 conductio
1672 581 1791 621 l'peClat
1813 583 1855 614 ad

977 611 1147 651 uti-iusque
1173 615 1390 647 contrahentis
1417 618 1606 650 utilitatem:
1637 626 1702 661 quo
1728 621 1758 653 in
1782 622 1856 657 cal'u'

976 652 1102 692 culpam
1126 654 1230 686 levem
1251 655 1576 699 fflfflcere,Ulpianus
1593 661 1636 691 ait
1651 664 1679 692 d.
1697 662 1716 693 l.
1732 674 1762 702 5.
1778 662 1806 705 §.
1823 674 1854 697 2.

975 692 1051 725 Non
1070 696 1172 727 minus
1188 697 1319 729 evidens
1338 699 1401 730 hoc
1425 699 1470 731 est
1487 710 1527 731 ex
1545 701 1563 731 l.
1575 711 1603 742 3.
1621 702 1649 743 §.
1663 711 1688 733 1.
1709 702 1749 734 D.
1760 705 1851 736 Nau-

973 740 1008 765 tce
1025 742 1148 776 caupon.
1162 735 1272 777 stabul.
1297 739 1348 771 ubi
1364 739 1448 772 idem
1468 741 1621 782 Ulpianus
1638 745 1735 775 locati
1752 745 1851 777 attio-

972 785 1046 808 nem
1074 786 1264 819 comparans
1288 790 1361 813 cum
1384 782 1510 814 aCtione
1528 785 1662 825 depositi
1679 786 1709 816 ὅ(
1724 785 1851 819 actione

972 818 1002 848 in
1021 817 1140 849 factum
1159 820 1198 850 de
1217 823 1376 862 receptis,
1399 825 1465 864 ejus
1481 826 1613 858 actionis
1629 828 1849 860 neceffitatem

972 858 1037 888 lioc
1060 862 1269 893 commendat
1295 865 1448 896 nomine:
1472 868 1557 905 quod
1580 868 1611 899 in
1637 868 1744 899 locato
1769 878 1850 901 con-

970 898 1067 930 dusto
1085 902 1196 941 culpa,
1222 903 1251 933 iri
1278 904 1419 943 deposito
1435 908 1526 940 dolus
1545 910 1710 941 dumtaxat
1727 910 1851 950 praesta-

970 947 1042 978 tur;
1073 940 1190 973 Eaiitto
1209 953 1288 976 vero
1311 947 1351 977 de
1368 956 1502 989 recepto
1527 951 1580 990 qui
1600 953 1724 992 reecpit
1742 952 1847 984 omni-

968 980 1065 1014 modo
1093 990 1242 1023 tenetur,
1266 985 1362 1018 etiam
1392 989 1433 1019 de
1457 991 1549 1030 culpa
1575 992 1744 1032 leviffima,
1777 1000 1846 1026 tan-

969 1031 1102 1063 tumque
1128 1034 1144 1055 a
1170 1025 1288 1057 damno
1311 1027 1399 1060 fatali
1419 1030 1498 1062 liber
1519 1032 1575 1064 est.
1619 1033 1769 1067 Tenetur
1787 1034 1845 1076 igi-

971 1073 1022 1095 tur
1040 1066 1219 1097 conductor
1237 1066 1306 1100 usus
1323 1071 1364 1101 rei
1382 1077 1505 1104 tantum
1523 1074 1563 1106 de
1578 1074 1639 1106 levi
1662 1076 1765 1116 culpa.
1815 1076 1846 1109 A

969 1107 1171 1152 conductore
1200 1107 1275 1140 facti
1299 1110 1361 1142 five
1386 1122 1492 1154 operae
1510 1123 1662 1155 praeterea
1682 1117 1847 1159 praestatur

969 1147 1119 1194 leviffima
1142 1149 1254 1189 culpa:
1279 1152 1349 1191 quia
1374 1154 1399 1185 is
1426 1156 1553 1188 videtui·
1571 1167 1608 1189 ea
1625 1159 1848 1191 conductione

969 1188 1112 1229 profiteri
1143 1192 1292 1230 peritiam
1325 1194 1589 1238 diligentiamque
1618 1199 1777 1239 artificis,
1812 1201 1848 1233 id

969 1229 1032 1274 est,
1056 1240 1118 1262 non
1136 1240 1340 1266 communem
1357 1245 1394 1267 ac
1411 1238 1593 1278 vulgarem,
1617 1239 1670 1272 sed
1687 1242 1775 1282 operi
1800 1242 1847 1274 su-

968 1272 1078 1312 lcepto
1095 1280 1201 1313 aptam
1221 1275 1250 1305 ὅ(
1267 1278 1527 1311 convenientem.
1551 1291 1620 1313 eam
1639 1282 1660 1314 fi
1679 1292 1743 1315 non
1766 1292 1846 1324 prae,-

968 1311 1045 1352 stet,
1069 1314 1151 1360 quali
1180 1322 1221 1347 cx
1246 1318 1341 1363 tacita
1370 1320 1576 1359 promiffione
1600 1323 1717 1355 mei-ito
1736 1324 1846 1364 potest:

969 1364 1009 1385 eo
1031 1364 1161 1386 nominc
1198 1360 1375 1391 conveniri.
1403 1392 1405 1395 ,
1430 1360 1566 1399 Optime
1598 1363 1717 1396 Cicero
1743 1365 1790 1396 lib.
1817 1376 1849 1398 1.

971 1396 1023 1426 De
1045 1402 1150 1428 oratore
1172 1407 1197 1428 c.
1215 1403 1265 1438 58.
1308 1400 1404 1433 Alina
1426 1402 1485 1444 eft,
1508 1405 1559 1445 effe
1578 1405 1720 1446 artificem
1743 1407 1842 1447 cujus-

970 1438 1037 1467 dam
1048 1440 1160 1478 generis
1176 1445 1263 1480 atque
1279 1443 1370 1481 artis,
1393 1444 1475 1476 aliud
1490 1447 1521 1477 in
1539 1450 1681 1479 communi
1700 1449 1785 1488 vita,
1808 1447 1850 1483 ὅ)

970 1478 1090 1520 ‘alligari
1112 1481 1256 1512 bantinum
1273 1484 1477 1522 consuetudine
1493 1496 1544 1517 nec
1558 1488 1704 1528 hebetem,-
1726 1498 1778 1521 nec
1796 1499 1849 1522 ru·

970 1521 1041 1565 ciem.
1088 1520 1156 1561 jam
1182 1522 1212 1553 in
1238 1525 1401 1565 propofito
1426 1526 1471 1558 est
1487 1529 1571 1567 apud
1588 1530 1758 1569 Ulpianum
1774 1531 1794 1563 l.
1812 1541 1846 1569 9.

974 1562 1005 1602 gi.
1026 1572 1055 1601 5.
1074 1563 1102 1594 h.
1120 1569 1141 1593 t.
1189 1563 1286 1603 Celsus
1301 1567 1387 1598 etiam
1411 1568 1587 1609 imperitiam
1602 1571 1693 1613 culpae
1708 1581 1849 1603 annume-

973 1604 1099 1634 randum
1114 1603 1162 1635 lib.
1180 1609 1209 1639 8.
1249 1605 1436 1648 Digestorum
1451 1611 1579 1651 scripsit.
1624 1610 1792 1655 Quando?
1815 1614 1851 1645 Si

972 1646 1040 1685 quis
1053 1646 1159 1676 vitulos
1169 1647 1324 1686 pascendos
1337 1672 1347 1689 ,
1369 1651 1416 1681 vel
1428 1651 1610 1690 sarciendam
1627 1655 1698 1695 quid
1711 1678 1720 1693 ,
1738 1655 1853 1696 polien-

973 1688 1079 1717 cluinve
1103 1688 1254 1719 conduxit.
1279 1690 1324 1721 ait
1348 1692 1454 1732 enim,
1478 1693 1601 1735 Culpam
1623 1705 1689 1726 eum
1715 1694 1851 1738 praestare

971 1728 1090 1767 debere,
1111 1728 1161 1774 β’)
1182 1730 1258 1770 quod
1278 1733 1421 1773 imperitia
1441 1738 1600 1776 peccavit,
1639 1737 1754 1778 culpam
1785 1737 1851 1778 effe.

971 1767 1045 1812 Qua
1061 1773 1209 1803 ratione?
1218 1771 1349 1814 Quippe,
1365 1780 1399 1806 ut
1415 1776 1546 1817 artifex,
1565 1778 1680 1819 inquit,
1696 1780 1852 1812 conduxit:

971 1811 1084 1843 Debet
1107 1811 1203 1852 igitur
1226 1815 1406 1848 conductor
1430 1819 1535 1859 operis
1559 1820 1756 1861 diligentiam
1781 1829 1851 1853 non

971 1861 1193 1885 communem:
1215 1852 1270 1886 sed
1285 1856 1435 1897 artificis3
1458 1858 1491 1890 id
1505 1859 1570 1899 est,
1594 1859 1758 1893 summam.
1784 1860 1852 1894 Eo-

972 1894 1047 1925 dem
1069 1895 1152 1926 redit
1175 1895 1240 1926 hoc
1262 1898 1403 1937 eJ'usdem
1421 1899 1550 1942 Ulpiani
1572 1901 1593 1933 l.
1615 1909 1661 1944 13.
1679 1902 1709 1945 §.
1726 1912 1758 1944 5.
1777 1904 1806 1935 d.
1825 1908 1853 1935 t.

977 1935 1012 1966 Si
1024 1944 1138 1977 gemma
1155 1938 1329 1971 includenda
1346 1947 1400 1972 aut
1421 1943 1608 1984 insculpenda
1632 1945 1702 1976 data
1722 1943 1783 1984 fit,
1805 1945 1853 1977 ω’-

975 1985 1030 2018 que
1040 1977 1145 2016 fracta
1154 1976 1216 2017 fic,
1232 1977 1263 2017 Ji
1278 1982 1391 2022 quidem
1416 1984 1490 2015 vitio
1516 1986 1643 2017 materiae
1652 1985 1775 2026 fabium
1784 1985 1853 2027 fit,

975 2028 1034 2049 non
1049 2020 1103 2063 erit
1120 2028 1157 2050 ex
1171 2020 1260 2052 locato
1278 2022 1371 2054 aelio:
1388 2023 1417 2063 Ji
1433 2025 1576 2067 imperitia
1598 2027 1761 2068 facientis,
1784 2028 1853 2060 erit.-

975 2060 1091 2092 Similis
1112 2060 1200 2092 casus
1232 2062 1277 2095 est
1309 2065 1341 2096 in
1371 2066 1392 2098 l.
1411 2075 1461 2108 25.
1489 2067 1566 2109 §.7³.
1607 2068 1732 2109 Aliquis
1763 2069 1853 2102 colu·
1889 2089 1892 2092 ⁴

971 2110 1076 2134 mnam
1095 2107 1370 2143 transportandam
1391 2108 1620 2143 conduxittait
1630 2109 1776 2151 Gaius‚fi
1794 2120 1852 2151 ea,

976 2144 1052 2175 dum
1078 2144 1201 2190 tollitur
1223 2154 1278 2178 aut
1298 2156 1446 2188 portatur
1469 2158 1524 2182 aut
1540 2153 1727 2193 reponitur,
1751 2151 1852 2185 fratta

975 2185 1032 2224 fit,
1055 2193 1128 2216 eum
1146 2194 1188 2217 ita
1206 2187 1238 2218 id
1253 2190 1429 2228 periculum
1446 2191 1610 2233 praestare,
1631 2192 1652 2225 fi
1668 2202 1738 2233 quae
1755 2193 1852 2235 ipsius

976 2235 1155 2268 eorumque
1179 2236 1314 2269 quorum
1336 2241 1433 2272 opera
1458 2241 1621 2274 uteretur,
1644 2235 1738 2274 culpa
1766 2236 1851 2267 acci·

976 2268 1068 2300 derit.
1092 2269 1218 2313 culpam
1236 2281 1343 2305 autem
1360 2274 1483 2314 abeffe,
1507 2274 1528 2306 fi
1546 2275 1652 2307 omnia
1673 2276 1743 2308 sunt
1763 2276 1848 2309 faeta

974 2318 1043 2349 quae
1069 2310 1320 2356 diligentissimus
1350 2315 1484 2356 quisque
1511 2316 1736 2350 observaturus
1758 2317 1848 2351 esset.

972 2351 1074 2382 Addit
1096 2350 1218 2392 Gaius:
1242 2356 1327 2387 idem
1352 2356 1474 2388 scilicet
1502 2357 1737 2399 intelligemus,-
1770 2360 1800 2392 &
1821 2359 1847 2393 fi

972 2392 1057 2423 dolia
1079 2392 1168 2432 (liaec
1197 2393 1317 2437 figulini
1337 2399 1444 2437 operis
1462 2397 1573 2439 fuiss'e,
1596 2401 1626 2431 Gt
1650 2401 1730 2442 saepe
1747 2401 1848 2433 maxi-

971 2442 1041 2472 ma,
1069 2432 1161 2473 supra
1190 2436 1324 2476 tradidi,
1348 2438 1489 2479 ideoque
1512 2441 1662 2473 videntur
1685 2451 1752 2474 non
1779 2442 1847 2475 fine

971 2475 1116 2515 periculo
1136 2479 1343 2517 transportari
1361 2480 1517 2523 potuisse)
1532 2483 1584 2515 vel
1600 2484 1722 2524 tignum
1739 2483 1846 2524 (Hot-

973 2525 1084 2547 manus
1105 2516 1144 2547 lib
1158 2527 1189 2556 4.
1209 2519 1329 2560 Observ.
1348 2531 1374 2553 c.
1393 2531 1443 2554 22.
1467 2523 1546 2564 legit
1566 2523 1705 2567 signum,
1728 2525 1761 2557 id
1779 2526 1847 2564 est,

973 2557 1124 2595 statuam,
1148 2558 1178 2589 &
1203 2570 1280 2592 vere
1302 2563 1332 2594 &
1354 2563 1543 2607 ingeniose)
1566 2567 1848 2608 transportandum

973 2598 1085 2639 aliquis
1108 2600 1310 2634 conduxerit.
1356 2603 1471 2637 Rursus
1495 2607 1582 2638 addit
1608 2607 1724 2648 Gajus:
1747 2610 1848 2640 idem·

975 2648 1038 2681 que
1056 2641 1151 2672 etiarn
1168 2644 1206 2674 ad
1224 2652 1355 2678 caeteras
1373 2655 1423 2677 res
1440 2647 1600 2680 transferri
1620 2649 1739 2690 potest.
1780 2649 1845 2680 Sed

973 2690 1122 2722 apparet,
1146 2692 1253 2717 veram
1269 2686 1332 2718 ess'e
1347 2695 1441 2728 quam
1460 2687 1524 2721 feci
1549 2689 1782 2722 distinctionem
1800 2693 1847 2721 in·

973 2730 1023 2755 ter
1045 2725 1297 2761 conductionem
1316 2738 1421 2761 rerum
1440 2730 1468 2762 δε
1483 2739 1662 2772 operarum.
1687 2731 1759 2763 Nec
1780 2735 1846 2762 tur-

972 2765 1028 2796 bat
1043 2765 1072 2807 §.
1086 2772 1154 2805 pen.
1174 2765 1245 2808 [nst.
1266 2770 1294 2803 h,
1310 2775 1331 2801 t.
1354 2771 1408 2803 ubi
1429 2773 1466 2803 ab
1480 2781 1508 2803 eo
1523 2774 1574 2814 qui
1587 2780 1640 2814 pro
1655 2774 1707 2813 usu
1724 2776 1776 2802 aut
1795 2781 1846 2802 ve-

965 2805 1186 2847 Jlimentorum,
1209 2815 1264 2842 aut
1285 2814 1416 2853 argenti,
1439 2818 1492 2844 aut
1509 2815 1660 2856 jumenti,
1692 2813 1846 2844 mercedem

973 2854 1026 2879 aut
1053 2849 1130 2880 dedit
1155 2855 1208 2881 aut
1228 2852 1377 2893 promisit,
1400 2853 1526 2895 custodia
1555 2855 1623 2886 talis
1646 2852 1845 2897 defideratur,

975 2889 1089 2930 qualem
1114 2890 1345 2935 diligentzffimus
1354 2896 1569 2936 paterfamilias
1584 2895 1649 2936 suis
1664 2896 1746 2924 rebus
1761 2895 1846 2926 adbi-

975 2933 1037 2962 bet:
1062 2931 1092 2962 δι
1107 2932 1248 2966 additur:
1269 2935 1394 2978 quamsi
1403 2937 1586 2979 praestiterit,
1610 2934 1648 2969 ὅ)
1661 2935 1756 2976 aliquo
1773 2937 1845 2976 casu

968 2973 1096 3012 fortuito
1111 2982 1172 3005 eam
1191 2985 1250 3008 rem
1270 2977 1414 3018 amiserit,
1437 2981 1470 3010 de
1489 2975 1663 3018 restituenda
1681 2985 1713 3007 ea
1729 2985 1786 3008 ΜΠ
1803 2984 1845 3008 te-

975 3014 1099 3046 nebitur.
1143 3015 1204 3049 Sed
1219 3018 1281 3059 jam
1298 3019 1408 3061 saepius
1422 3018 1622 3050 observatum
1640 3016 1704 3056 est,-
1727 3018 1845 3059 gradus

976 3056 1089 3088 mutari
1103 3066 1120 3088 a
1139 3056 1330 3100 Veteribus,
1355 3061 1456 3101 pofito
1480 3058 1668 3098 superlativo
1684 3067 1743 3099 pro
1765 3059 1845 3102 poli-

977 3096 1045 3129 tivo
1061 3120 1071 3137 ,
1095 3103 1364 3140 quemadmodum
1394 3102 1422 3131 ὅ(
1448 3099 1600 3138 positivus
1631 3101 1762 3139 ponitur
1784 3111 1845 3142 1³¹'0

974 3137 1183 3179 superlativo:
1206 3142 1313 3184 itaque
1337 3143 1388 3181 liic
1404 3140 1670 3181 diligentissimum
1687 3142 1763 3174 sumi
1782 3152 1844 3185 pro

973 3180 1146 3222 diligente:
1168 3183 1249 3216 ficut
1278 3185 1309 3215 in
1333 3183 1362 3224 §.
1382 3182 1436 3213 ult.
1459 3179 1540 3228 lnft·,
1558 3184 1592 3229 (le
1615 3181 1725 3224 testam.
1745 3187 1842 3231 ordin.

972 3220 1194 3257 testamentum
1225 3224 1476 3265 nuncupativum
1512 3224 1630 3258 dicitur
1659 3225 1845 3268 perfcthffi-

970 3272 1057 3297 mum
1076 3273 1138 3306 pro
1162 3265 1320 3307 perfecto.
1727 3305 1761 3343 H
1781 3307 1840 3345 ει

1763 3316 1778 3339 a
1799 3317 1809 3341 t
