2036 3495
191 125 261 162 312
618 116 974 152 GERARDI

1032 112 1299 152 Noonr
1355 117 1572 156 COMM-

863 203 1326 242 Tirutusm.

911 279 963 315 De
979 280 1041 327 lege
1057 282 1166 316 commi
1192 283 1269 318 oria.

194 372 259 448 F
274 377 345 402 orte
368 369 469 402 anxiae
495 368 525 400 δε
545 368 648 401 nimiae
665 367 753 400 foret
769 367 939 410 diligentiae
951 391 960 406 ‚
985 369 1064 401 mul-

282 413 320 442 tis
339 412 421 443 velle
438 419 533 452 quem
551 411 649 442 hodie
666 411 824 451 probare,
843 410 936 451 Legis
953 411 1062 451 appel-

192 454 314 486 latione
329 452 361 483 in
387 452 529 484 Rubi-ica
549 453 707 493 indignari
732 453 877 492 paetum:
901 460 973 483 cum
990 452 1062 483 satis

193 502 308 526 notum
331 493 383 532 fit,
407 495 496 535 quod
520 496 550 525 in
573 503 611 524 ea
633 494 662 524 δι
679 493 792 524 vicinis
809 493 877 524 aliis
892 491 962 524 Lex
980 493 1062 534 saepe

190 535 348 576 accipitur
365 544 424 575 pro
473 535 544 566 aeto
567 535 749 566 venditioni
777 533 920 574 adjecto:
944 535 974 566 ἅ
991 543 1062 575 quae

190 578 222 608 in
234 575 378 616 praesenti
390 576 436 609 est
445 545 515 613 Rex
526 575 749 614 commifforia,
760 576 832 607 alibi
844 575 967 614 pactum
977 584 1064 607 eom-

190 617 365 650 mifforium
391 619 584 650 nominatur.
625 617 708 649 lilud
733 626 799 648 non
824 616 922 648 filebo
938 639 949 655 ‚
973 617 1062 657 quod

192 659 441 691 commifforium
459 659 670 701 pactuinstel
685 659 738 690 lex
754 657 974 690 commifforiae
987 668 1061 690 ven-

192 699 323 733 ditionis
338 701 356 733 l.
372 711 402 741 4.
421 701 454 732 C.
473 703 505 732 de
518 699 598 741 past.
615 700 671 731 int.
688 705 772 740 empt.
793 699 829 734 ὅ)
850 701 961 730 vendit.
987 709 1061 730 com-

187 746 248 783 pty.
264 743 391 774 videtur
407 742 469 773 dici
488 743 552 782 pari
569 741 669 772 modo
690 750 754 781 quo
773 740 934 772 commiffa
950 741 981 772 in
997 740 1061 772 Ru·

193 784 280 815 brica
296 783 343 815 De
355 784 536 824 publicanis,
562 782 598 817 ὅ)
620 781 826 823 vectigalibus,
850 782 887 817 ὅ)
911 780 1060 823 commzffis

186 826 342 857 dicuntur
358 824 431 856 fisco
447 823 599 865 adquifita
614 824 645 855 in
666 832 794 863 poenam
810 822 985 855 fraudantis
1005 833 1060 855 ve-

191 867 295 906 ctigal.
309 866 378 897 vult
396 865 466 898 sane
482 865 694 898 commiisoria
710 865 870 904 venditio,
887 865 917 896 δι
932 865 1060 906 pactum

189 906 436 939 commissorium
453 930 462 946 ,
487 906 563 947 quid
585 906 703 939 simile:
729 914 914 945 convento,
939 914 974 937 ut
991 915 1059 945 pre-

188 949 267 980 tium
281 956 369 980 certa
387 949 439 980 die
460 948 653 980 solveretur:
679 948 820 987 alioquin
839 948 878 979 ab
895 949 1059 988 emptione

187 990 291 1022 statim
321 998 416 1031 atque
447 989 608 1022 commiss'a
638 990 690 1022 lex
723 989 767 1020 est
785 1012 794 1028 ‚
830 988 891 1030 (sic
917 989 1060 1029 loquitur

189 1031 346 1072 Ulpianus
362 1032 382 1064 l.
400 1042 429 1072 4.
445 1031 474 1073 §.
493 1041 522 1063 2.
537 1033 567 1063 h.
586 1031 630 1070 t.)
646 1031 803 1069 abiretur,
820 1039 934 1070 resque
950 1037 1059 1070 empta

187 1075 226 1104 ad
243 1074 448 1105 venditorem
466 1080 691 1105 reverteretur.
712 1071 775 1104 Vix
794 1081 873 1112 opus
892 1071 982 1110 addi,
994 1071 1058 1102 hoc

187 1115 282 1155 pacto
303 1113 466 1146 informari
490 1122 632 1146 naturam
657 1112 867 1145 venditionis:
892 1122 963 1144 nam
987 1113 1057 1143 abs-

188 1165 252 1195 que
270 1166 310 1188 eo
327 1156 423 1195 effet3
441 1157 586 1197 quamvis
602 1164 666 1186 non
685 1154 788 1186 soluto
806 1154 927 1195 pretio,
952 1163 1058 1195 neque

186 1197 276 1230 finita
292 1198 525 1239 intelligeretur
541 1196 685 1236 emptio,
702 1205 808 1237 neque
826 1195 903 1227 effet
918 1195 963 1226 rei
980 1205 1057 1228 ven·

187 1240 260 1270 ditae
279 1241 308 1271 <51
335 1241 459 1271 traditae
475 1238 645 1279 repetitio:
667 1237 720 1269 sed
735 1247 795 1268 una
812 1237 1009 1281 exvendito
1026 1247 1056 1269 a·

186 1280 252 1313 {tio
267 1282 304 1312 ad
322 1281 521 1312 contractum
538 1279 696 1312 solutione
714 1279 806 1319 pretii
820 1278 1057 1319 adimplendum

1107 378 1279 417 exercere,
1302 381 1340 403 ati
1365 374 1470 413 potius
1493 374 1629 416 pretium
1654 382 1775 416 petere.
1799 378 1905 418 potest
1920 378 1977 423 igi-

1107 418 1158 441 tur
1173 411 1475 460 legi-commissoriae
1493 418 1678 448 renunciare
1696 418 1814 459 palam:
1839 429 1899 452 nec
1916 423 1972 454 mi-

1105 461 1163 496 nus
1184 460 1290 485 tacite.
1313 455 1381 502 fae:
1397 456 1465 496 post
1482 459 1566 490 diem
1581 458 1801 490 commiss'oriae
1813 460 1876 502 legi
1895 471 1972 502 prae-

1106 492 1249 539 stitutum
1266 498 1752 543 nontvindicationeminstituit,
1768 499 1820 533 sed
1837 504 1974 542 pretium

1106 542 1208 581 petit,
1232 536 1285 566 vel
1306 546 1376 580 *ejus
1397 546 1538 580 partem,
1562 541 1614 572 vel
1637 541 1739 573 usuras
1761 541 1781 573 l.
1809 552 1839 581 4.
1858 543 1890 574 C.
1908 545 1934 576 h.
1952 552 1976 578 t.

1105 576 1263 621 verissime
1286 585 1328 608 ait
1351 577 1625 621 Hermogenianus
1645 582 1664 614 l.
1691 593 1719 623 7.
1742 582 1784 613 l).
1802 584 1830 615 b.
1847 590 1869 615 t.
1887 588 1974 625 quod

1105 617 1222 648 deinde
1237 627 1299 649 nec
1316 621 1455 663 variare,
1471 624 1548 654 &ad
1558 624 1638 655 hanc
1649 623 1750 655 redire
1760 624 1874 664 potest·
1891 627 1976 659 idem

1103 667 1178 730 {inte
1188 659 1354 741 §probavit
1376 659 1551 703 Ulpianus,
1581 665 1786 705 Papinianum
1806 666 1929 698 secutus
1945 669 1974 700 d.
2028 703 2031 705 ,

1115 723 1122 730 .
1140 709 1169 738 4.
1211 723 1217 731 .
1238 710 1266 731 2.

1146 739 1302 788 Nondum
1326 742 1389 789 dixi
1413 745 1530 776 omnia.
1553 745 1657 777 adhuc
1678 747 1792 780 restat.-
1813 749 1913 789 qualis
1937 749 1972 782 iit

1104 782 1157 813 lex
1180 782 1412 824 commissoria3
1437 795 1534 826 pura,
1557 796 1595 819 an
1620 788 1854 822 conditionalis.
1884 790 1972 830 Ulpi·
1992 796 1995 800 “

1103 832 1179 871 anus
1198 824 1217 855 l.
1240 833 1267 856 1.
1287 825 1338 871 D.
1349 826 1376 857 b.
1395 832 1417 858 t.
1434 827 1476 858 iic
1492 826 1616 867 scribit,
1641 830 1676 860 Si
1687 831 1803 867 fundus
1819 832 1974 872 commisso·
2008 864 2011 870 ,

1101 874 1148 913 ηᾳ
1165 865 1223 906 lege
1240 867 1381 913 emerit,
1405 870 1497 910 magis
1518 867 1576 908 est,
1600 876 1633 900 ut
1648 870 1700 907 stab
1716 873 1874 903 conditione
1891 874 1974 909 resoi-

1103 916 1136 937 vt
1160 912 1261 947 emptio
1276 930 1286 946 ‚
1308 917 1397 955 quom
1407 912 1469 954 stab
1490 911 1649 942 conditione
1671 912 1803 943 contrabi
1824 914 1986 951 viaeatur„
2034 945 2036 959 Ι

1100 946 1233 986 Sensus,
1259 958 1333 980 meo
1346 951 1486 990 judicio,
1512 951 1576 991 est,
1596 954 1683 992 quod
1701 951 1755 986 nifi
1770 953 1860 985 aliter
1875 953 1991 987 fuerit*

1102 988 1246 1028 expresse
1270 990 1393 1030 astum,
1417 1001 1492 1033 pura
1515 993 1560 1024 est
1582 993 1745 1034 venditio,
1775 993 1830 1026 sub
1846 1004 1882 1026 ea
1899 996 1974 1037 lege

1102 1031 1284 1078 contraeta:
1307 1041 1368 1063 nec
1397 1033 1547 1074 dubium;
1570 1035 1645 1075 quin
1669 1045 1711 1067 ex
1734 1044 1772 1067 ea
1795 1036 1971 1075 periculum

1100 1070 1141 1102 fic
1158 1072 1261 1103 statim
1277 1071 1315 1117 iit
1333 1075 1487 1115 emptoris
1503 1077 1531 1107 d.
1551 1075 1571 1107 l.
1592 1086 1621 1107 2.
1639 1079 1666 1107 h.
1686 1083 1707 1108 t.
1726 1077 1755 1109 dt
1773 1077 1970 1118 dominium,

1099 1111 1182 1158 fat‘lta
1209 1113 1399 1158 traditione,
1422 1118 1460 1148 ad
1485 1127 1557 1149 eum
1584 1117 1717 1149 transeat
1735 1141 1745 1157 ,
1777 1118 1799 1149 fi
1825 1120 1984 1153 dominus=

1100 1152 1162 1185 fuit
1180 1156 1498 1200 vendam-‚alioquin
1516 1159 1661 1190 conditio
1679 1158 1892 1200 usucapiendi.
1916 1160 1970 1193 De
1990 1164 1992 1166 '

1098 1193 1255 1242 frutribus
1279 1197 1355 1237 quid
1382 1199 1548 1232 dicemus?
1571 1199 1723 1232 Neratius
1744 1200 1764 1233 l.
1786 1211 1816 1241 5.
1832 1202 1859 1232 h.
1877 1208 1900 1234 t.
1927 1202 1969 1234 ita

1098 1235 1229 1269 scribit:
1268 1237 1346 1280 Lege
1365 1240 1464 1278 fundo
1495 1242 1611 1272 vendito
1640 1241 1717 1272 ditia
1736 1265 1746 1280 ‚
1775 1248 1810 1273 ut
1833 1240 1863 1281 fi
1887 1245 1968 1275 intra
1993 1256 1998 1266 ¹

1098 1285 1205 1309 certum
1221 1284 1331 1320 tempus
1342 1282 1468 1321 pretium
1473 1283 1605 1323 fhlutum
1628 1292 1685 1314 non
1692 1282 1752 1321 stt,
1774 1293 1816 1314 res
1842 1286 1967 1326 inempta

186 1322 206 1353 l.
228 1332 275 1360 14.
295 1322 328 1353 C.
351 1323 384 1353 de
400 1322 576 1367 rescindend.
609 1321 720 1352 vendit.
745 1320 781 1354 ξεί)
805 1321 824 1350 l.
846 1329 891 1351 12.
913 1319 945 1351 C.
967 1321 1000 1350 de
1016 1322 1058 1351 rei
1090 1318 1153 1357 ῥίς
1183 1321 1216 1350 de
1234 1320 1385 1359 fructibus
1412 1332 1482 1363 quos
1511 1325 1626 1356 interim
1648 1331 1756 1363 emptor
1772 1326 1934 1366 perceptffet
1955 1348 1967 1366 ,

186 1365 296 1395 vindic.
312 1364 429 1404 ‘Atque
450 1372 493 1394 ita
515 1362 578 1394 est:
601 1370 636 1394 ut
666 1363 907 1400 committatur,
938 1361 970 1393 id
992 1361 1055 1401 est,

185 1404 335 1444 finiatur,
359 1408 484 1445 emptio
500 1405 531 1435 in
555 1404 712 1435 honorem
728 1403 921 1442 venditoris,
946 1403 974 1434 &
990 1412 1056 1443 ρω-

183 1455 257 1478 nam
273 1447 446 1486 emptoris,
468 1455 531 1477 non
549 1444 654 1477 soluto
676 1447 802 1484 pretio,
825 1454 906 1485 opus
924 1443 985 1476 fuit
1002 1454 1054 1485 pa-

185 1488 238 1519 eto
261 1485 486 1519 commiss'orio.
517 1486 672 1526 adjectum
697 1495 776 1517 vero
800 1485 940 1525 servari,
964 1486 1054 1517 bouae

183 1530 259 1561 fidei
279 1529 475 1568 consequens
490 1526 566 1558 fuit:
592 1536 799 1568 quocumque
825 1528 923 1559 modo
947 1528 1054 1559 conci-

182 1572 286 1612 piatur
302 1577 355 1600 aut
371 1578 449 1609 pure
460 1591 470 1607 ,
485 1576 538 1599 aut
555 1568 609 1599 sub
625 1568 825 1600 conditione.
849 1568 955 1609 potest
973 1577 1053 1609 prae·

179 1620 271 1643 terea
293 1610 432 1642 formula
459 1609 692 1651 comprehendi
713 1619 719 1641 z
742 1618 776 1641 ut
803 1609 824 1641 fi
851 1609 949 1642 soluta
971 1610 1052 1642 intra

182 1660 306 1685 certum
323 1653 409 1684 diem
424 1660 488 1683 non
498 1651 534 1683 iit
550 1652 702 1692 pecunia,
716 1661 764 1684 res
780 1651 921 1692 inempta
935 1651 981 1682 iit.
1006 1652 1051 1682 in-

183 1701 229 1725 tra
246 1701 369 1726 certum
386 1693 515 1734 inquam
534 1694 629 1725 diem.
655 1694 685 1724 <St
707 1693 748 1724 fic
765 1693 844 1724 solet
861 1693 1051 1732 plerumque

181 1736 366 1767 conveniri:
384 1744 492 1776 eoque
508 1734 579 1766 casu
591 1734 697 1776 potest
714 1735 766 1766 lex
777 1757 786 1773 ‚
798 1733 852 1765 etsi
866 1734 1050 1774 interpella-

181 1785 230 1809 tus
240 1784 369 1818 emptor
379 1786 440 1808 non
450 1776 498 1816 fit,
509 1776 651 1808 exerceri
663 1776 843 1816 3debetque
853 1783 982 1815 emptor
992 1799 1002 1811 ,
1018 1774 1050 1806 se

179 1828 216 1851 ea
233 1819 347 1851 volens
356 1818 507 1858 liberare,
525 1819 662 1859 pretium
678 1816 839 1849 venditori
854 1817 937 1848 ultro
953 1815 1050 1848 offer-

178 1870 233 1894 re:
258 1861 399 1901 alioquin
422 1859 546 1892 securus
567 1869 631 1892 non
650 1859 719 1892 est:
742 1858 796 1891 niii
818 1857 905 1890 forte
928 1867 993 1892 non
1012 1857 1049 1889 iit

180 1902 232 1935 cui
252 1901 365 1933 offerat
382 1902 402 1933 l.
428 1911 458 1941 4.
482 1901 512 1943 §.
531 1901 588 1942 fin.
610 1902 656 1933 D.
673 1902 701 1932 b.
720 1906 741 1932 t.
759 1909 831 1932 nam
847 1907 884 1931 ut
898 1898 941 1930 ait
959 1899 1048 1939 Ulpi-

179 1953 255 1976 anus
271 1944 302 1975 in
314 1944 333 1975 l.
347 1947 415 1975 161.
428 1944 475 1974 D.
494 1944 527 1974 cle
543 1953 602 1985 reg.
620 1943 679 1982 jur.
695 1943 726 1973 in
747 1943 815 1982 jure
832 1941 918 1972 civili
937 1949 1048 1980 recep-

180 1994 248 2017 tum
266 1985 329 2024 est,
349 1985 497 2026 quotiens
512 1993 569 2024 per
585 1994 658 2016 eum
674 1984 761 2024 cujus
777 1981 925 2022 interest,
936 1981 1047 2013 condi-

179 2027 299 2058 tionem
322 2036 387 2058 non
404 2026 550 2067 impleri,
571 2025 627 2057 fiat
650 2034 715 2066 quo
737 2026 840 2056 minus
857 2023 1045 2064 impleatur,

178 2069 313 2108 perinde
337 2068 465 2106 haberi,
488 2076 526 2098 ac
551 2067 572 2099 fi
603 2068 735 2106 impleta
757 2066 904 2097 conditio
927 2064 1044 2096 fuiffet.

179 2110 241 2141 Sed
257 2108 396 2141 formula
412 2110 490 2150 legis
507 2108 728 2141 commiss'oriae
739 2117 803 2139 non
822 2114 944 2139 tantum
964 2106 1046 2146 adie-

177 2152 231 2183 ἂο
248 2150 299 2183 die
316 2158 407 2182 certo
418 2151 617 2190 concipitur;
636 2159 745 2181 verum
761 2148 866 2190 potest
876 2158 917 2179 ex
933 2156 969 2178 ea
987 2147 1045 2178 eti-

176 2203 225 2225 am
244 2192 426 2233 {impliciter
441 2192 500 2234 lagi
524 2191 587 2223 fine
612 2192 682 2229 die;
705 2199 759 2229 ut,
783 2190 803 2222 fi
826 2189 964 2230 pretium
979 2197 1044 2220 non

176 2235 335 2272 solvatur,
360 2243 408 2265 res
433 2233 574 2273 inempta
598 2232 643 2264 iit.
670 2241 735 2264 tum
762 2240 838 2262 vero
854 2239 999 2271 emptor,
1021 2229 1044 2261 fi

176 2286 241 2308 non
259 2275 380 2314 solvat,
413 2284 478 2306 non
503 2275 631 2315 quidem
650 2273 751 2305 statim
769 2274 872 2314 legem
888 2272 1044 2310 offendit,

176 2325 276 2359 eaque
294 2325 421 2348 tenetur
435 2317 542 2354 ulti-03
566 2315 618 2347 sed
646 2324 750 2347 tamen
767 2313 873 2359 potest
891 2313 962 2354 post
978 2322 1060 2344 mov

176 2359 283 2391 dicum
300 2366 425 2399 tempus
449 2358 481 2389 in
503 2367 592 2389 mora
624 2356 799 2388 venditoris
816 2354 1047 2396 interpellatio-

178 2409 218 2431 ne
234 2400 382 2432 constitui
399 2400 418 2431 l.
437 2409 487 2440 23.
507 2400 555 2430 D.
574 2400 607 2430 de
622 2399 705 2440 oblig.
723 2397 760 2432 {5⁹
776 2396 832 2429 atr.

220 2441 299 2473 illud
317 2451 379 2473 non
399 2439 658 2480 praetermittam,
682 2439 770 2480 quod
790 2440 865 2471 licet
882 2438 936 2469 hic
951 2437 985 2470 fit
1001 2438 1046 2469 le-

175 2482 223 2523 gis
239 2482 460 2514 commissoriae
477 2483 599 2521 exitus,
624 2490 658 2513 ut
676 2491 739 2513 non
758 2480 857 2512 soluto
873 2481 977 2520 pretio
995 2489 1045 2511 res

175 2524 316 2563 inempta
334 2524 388 2561 fit,
411 2532 465 2555 aut
480 2524 620 2561 inempta
646 2522 717 2555 fiat:
744 2530 849 2553 tamen
867 2521 974 2561 placet
991 2521 1044 2552 Ul·

177 2564 273 2605 piano
290 2565 308 2595 l.
324 2574 352 2604 3.
369 2566 396 2596 b.
413 2571 434 2597 t.
455 2566 542 2606 quod
561 2565 709 2596 venditor
728 2563 848 2604 Legem
865 2561 1044 2594 cornmiffo-

174 2607 271 2643 riam,
296 2614 363 2644 quae
388 2607 417 2637 in
441 2605 678 2638 venditionibus
703 2605 867 2645 adjicitur,
891 2603 911 2634 fi
930 2603 1038 2642 volet,

171 2646 352 2679 exercebit:
376 2655 435 2678 non
446 2649 540 2679 etiam
556 2647 683 2679 invitus.
705 2655 766 2687 qua
781 2645 928 2676 ratione?
945 2644 1039 2676 Pom-

174 2688 289 2729 ponius
304 2687 323 2717 l.
342 2697 369 2717 2.
390 2687 440 2717 dat
457 2690 636 2728 duplicem:
651 2697 712 2719 una
728 2687 851 2718 constat
866 2685 955 2717 hisee
971 2695 1039 2717 ver·

175 2730 224 2762 bis
238 2740 246 2761 ε
270 2730 339 2770 quia
355 2728 384 2758 id
399 2730 555 2760 venditoris
574 2730 659 2768 caiisa
675 2735 835 2761 caveretur.
861 2726 967 2768 potest
984 2736 1038 2758 au·

176 2780 243 2803 tem
262 2768 475 2809 unusquisque
487 2770 631 2810 suojure,
649 2771 767 2812 suoque
778 2769 955 2801 commodo
972 2769 1039 2807 uti,

176 2813 198 2845 fi
223 2812 321 2849 velit;
342 2810 459 2841 invitus
483 2819 546 2841 non
575 2814 710 2851 cogitur.
743 2812 840 2842 altera
871 2810 1038 2850 Pomponii

176 2855 257 2887 ratio
289 2852 357 2883 talis
381 2850 434 2882 est.
459 2851 541 2882 Nam
561 2851 588 2888 fi
611 2856 693 2884 aliter
713 2855 904 2893 acciperetur,
936 2850 1038 2891 exusta

178 2896 252 2927 villa
274 2895 306 2925 in
328 2889 465 2934 potestate
487 2894 615 2931 emptoris
633 2895 793 2934 faturum,
815 2900 849 2924 ut
870 2903 927 2924 non
945 2894 1038 2925 dando

175 2937 330 2978 pecuniam
345 2936 501 2974 inemptum
505 2933 613 2972 faceret
621 2935 768 2973 fundum,
786 2936 838 2976 qui
853 2935 914 2975 ejus
924 2936 1039 2974 pericu-

177 2980 201 3010 lo
216 2977 327 3049 βαφεῖ.
360 2974 501 3012 Vocula,
524 2973 625 3012 Nam,
644 2974 695 3004 hic
712 2976 892 3015 Pomponio
912 2986 976 3007 tion
993 2976 1039 3007 est

177 3019 266 3050 causa
283 3020 326 3056 is,
343 3016 395 3048 sed
412 3025 446 3047 ut
470 3014 543 3046 alibi
559 3014 658 3054 saepe,
676 3015 992 3057 fignificatpraeterea:
1008 3017 1038 3048 &

179 3062 327 3091 continet
350 3058 570 3100 argumentum
599 3055 669 3087 sane
695 3056 814 3088 bonnm
838 3059 877 3088 ab
896 3058 1041 3089 absurdo,

178 3101 284 3134 Potest
301 3101 396 3141 igitur
411 3098 562 3130 venditor
578 3097 649 3138 lege
668 3096 895 3136 cominifforia‚
913 3099 934 3130 fi
951 3100 1042 3131 volet

180 3143 239 3173 uti:
262 3142 303 3172 iin
321 3142 422 3172 minus
439 3141 465 3171 ei
485 3140 677 3170 renunciare.
703 3137 741 3168 Et
760 3138 803 3167 ait
821 3138 997 3176 Ulpianusl.
1011 3151 1040 3179 4.

177 3185 204 3227 5,
225 3194 253 3215 2.
269 3183 297 3212 b.
315 3189 326 3212 t
357 3182 579 3220 venditorem,
601 3179 700 3211 statim
716 3185 809 3218 atque
819 3179 979 3222 commissa
989 3181 1042 3212 lex

177 3225 240 3263 est,
264 3222 398 3256 statuere
413 3223 553 3262 debere,
578 3230 682 3257 utrum
704 3218 948 3253 commistorum
963 3222 1043 3253 velit

1098 1361 1148 1392 hoc
1166 1363 1215 1402 agi
1229 1362 1446 1408 intelligendum
1462 1363 1519 1404 eft,
1543 1371 1577 1395 ut
1602 1371 1707 1404 emptor
1726 1366 1842 1396 interim
1855 1375 1899 1397 eos
1905 1366 1968 1405 fibi

1088 1402 1151 1449 sito⁹
1159 1412 1267 1443 quoque
1277 1413 1346 1444 jure
1350 1406 1515 1445 perciperet.
1532 1405 1608 1438 Hoc
1618 1406 1778 1445 pendente
1797 1406 1875 1447 legis
1891 1416 1969 1440 con-

1098 1444 1230 1488 ditione.
1255 1443 1342 1486 Quid
1367 1447 1521 1479 extante?
1546 1445 1697 1478 Neratius
1722 1449 1751 1478 cl.
1775 1447 1795 1478 l.
1820 1458 1852 1487 5.
1880 1448 1962 1487 Sed,

1096 1485 1219 1525 inquit,
1249 1485 1273 1522 fi
1289 1487 1407 1526 fundus
1431 1488 1600 1528 revemffet,
1630 1485 1728 1526 Aristo
1751 1486 1963 1528 existimabat,

1094 1527 1239 1557 venditori
1255 1529 1288 1557 de
1300 1527 1343 1558 bis
1362 1528 1508 1568 judicium
1528 1533 1559 1560 m
1582 1535 1731 1569 emptorem
1755 1530 1883 1560 dandum
1898 1530 1960 1570 effe.

1097 1565 1203 1610 Quam
1226 1568 1267 1598 ob
1292 1568 1384 1599 rem?
1417 1569 1521 1612 Quia,
1550 1570 1676 1610 inquit,
1699 1569 1773 1599 nihil
1792 1576 1878 1609 penes
1900 1580 1966 1602 eum

1095 1607 1212 1644 reftdere
1227 1615 1363 1647 oporteret
1380 1618 1416 1641 ex
1431 1620 1476 1648 re,
1498 1612 1530 1640 in
1545 1620 1604 1652 qua
1614 1609 1704 1649 fidem
1713 1610 1871 1649 fefeltifflet.
1889 1611 1966 1643 Sen-

1094 1649 1142 1680 sus
1168 1649 1312 1689 Neratii3
1335 1651 1408 1691 quia
1432 1661 1481 1682 res
1505 1658 1636 1682 extante
1659 1650 1739 1690 pasti
1772 1653 1964 1684 conditione

1094 1692 1235 1732 inempta
1253 1691 1408 1730 habetur,
1432 1693 1534 1733 potest
1559 1693 1710 1723 venditor
1728 1700 1820 1732 agere
1840 1693 1878 1724 de
1894 1693 1966 1726 fuu-

1094 1733 1158 1772 do,
1182 1733 1212 1763 ὅτ.
1240 1733 1280 1764 de
1306 1733 1354 1765 his
1379 1742 1449 1774 quae
1474 1743 1515 1765 ex
1530 1733 1633 1766 fundo
1651 1741 1802 1774 percepta
1822 1732 1880 1765 fint
1895 1734 1915 1766 l.
1931 1743 1963 1775 tt.

1091 1774 1121 1805 h.
1137 1779 1158 1804 t.
1172 1773 1316 1806 Scaevola
1330 1776 1350 1805 l.
1365 1778 1396 1806 6.
1407 1775 1513 1815 addit,
1530 1776 1602 1807 &id
1622 1777 1709 1815 quod
1725 1774 1823 1806 arrhae
1834 1776 1885 1807 vel
1899 1777 1962 1808 alio

1091 1815 1223 1847 nomine
1235 1816 1342 1847 datum
1350 1815 1387 1847 iit
1397 1840 1406 1856 ,
1422 1817 1505 1858 apud
1516 1816 1718 1849 venditorem
1728 1825 1866 1848 manere.
1884 1826 1963 1857 prae-

1091 1863 1177 1888 terea
1200 1856 1242 1888 ait
1269 1857 1388 1889 ibidem
1412 1858 1441 1900 §.
1471 1867 1496 1889 1.
1524 1867 1585 1890 nec
1611 1858 1644 1889 id
1666 1857 1754 1898 quod
1769 1857 1962 1892 acceffurum

1092 1898 1212 1930 diffitum
1228 1898 1294 1939 est,
1317 1899 1456 1938 emptori
1466 1899 1586 1932 deberi.
1609 1898 1706 1931 Plane
1722 1897 1876 1938 Ulpianus
1890 1902 1918 1931 d.
1938 1900 1960 1931 l.

1090 1949 1121 1978 4.
1141 1939 1171 1980 §.
1191 1949 1218 1971 1.
1234 1939 1394 1972 consentit
1417 1940 1574 1973 Neratio:
1603 1939 1814 1979 existimanti,
1845 1941 1961 1973 habere

1089 1982 1268 2021 rationem3
1283 1989 1319 2013 ut
1337 1982 1495 2014 interdum
1522 1981 1642 2014 fruetus
1659 1989 1787 2021 emptor
1801 1982 1959 2015 lucretur:

1089 2021 1261 2061 videlicet,
1284 2032 1357 2055 cum
1373 2024 1510 2064 pretium
1527 2023 1615 2063 quod
1635 2022 1828 2062 numeravit,
1851 2024 1956 2064 perdi·

1090 2064 1156 2102 dit;
1180 2065 1277 2105 idque
1294 2064 1497 2097 humanitatis
1514 2064 1587 2097 ess'e.

1130 2105 1211 2137 Satis
1228 2106 1267 2137 de
1283 2105 1402 2144 forma,
1418 2106 1448 2138 δι
1463 2108 1607 2146 ratione,
1631 2106 1707 2148 legis
1725 2105 1958 2138 commiss'oriae.

1088 2147 1201 2187 quaeris
1217 2147 1359 2186 exitum,
1383 2147 1471 2179 simul
1488 2148 1646 2180 actionem
1671 2157 1731 2188 qua
1749 2146 1905 2179 venditori
1922 2148 1959 2179 li-

1088 2195 1159 2219 ceat
1177 2187 1315 2220 resoluta
1336 2189 1501 2229 emptione
1522 2190 1570 2230 ius
1585 2189 1672 2221 suum
1690 2190 1818 2230 exequi.
1842 2188 1887 2221 est
1908 2199 1959 2220 ve-

1088 2239 1125 2261 ro
1143 2230 1183 2261 de
1211 2229 1270 2260 hac
1297 2239 1339 2261 eo
1363 2231 1546 2273 diligentius
1571 2231 1785 2263 tractandum:
1811 2231 1883 2271 quia
1908 2239 1957 2261 ea-

1089 2271 1163 2302 dem
1180 2270 1244 2302 fuit
1267 2271 1420 2313 inspectio
1444 2273 1476 2303 in
1492 2272 1584 2313 pasto
1603 2271 1788 2305 addictionis
1805 2273 1835 2303 in
1852 2272 1956 2310 diem,

1089 2312 1177 2344 hunc
1201 2313 1233 2344 in
1257 2313 1362 2346 locum
1386 2313 1548 2354 superiore
1572 2312 1686 2345 Titulo
1708 2313 1833 2354 rejecta.
1859 2313 1955 2344 altera

1089 2353 1314 2398 igitur-paetio
1337 2355 1358 2387 fi
1378 2354 1410 2387 in
1436 2354 1615 2387 continenti
1631 2355 1749 2395 adJ'ecta
1767 2353 1864 2385 fuerit
1879 2363 1957 2385 con-

1089 2395 1201 2427 traCtui
1217 2396 1310 2427 bonae
1326 2396 1421 2436 fidei3
1444 2406 1540 2429 nemo
1557 2395 1700 2435 dubitat,
1715 2396 1791 2436 quin
1809 2404 1850 2426 ex
1869 2402 1953 2426 utra-

1088 2445 1152 2477 que
1169 2438 1328 2469 venditori
1345 2438 1384 2469 ad
1400 2438 1634 2470 restitutionem
1653 2438 1697 2468 rei
1708 2436 1845 2467 venditae
1862 2445 1952 2468 com-

1087 2486 1176 2518 petat
1199 2478 1230 2509 in
1256 2479 1421 2520 personam
1443 2479 1543 2519 atti03
1564 2479 1616 2510 sed
1637 2477 1753 2518 qualis,
1776 2478 1807 2509 in
1825 2486 1958 2508 contro-

1087 2519 1185 2551 verfia
1200 2520 1275 2551 olim
1293 2519 1402 2560 fuisse,
1420 2519 1571 2561 Ulpianus
1581 2520 1724 2551 meminit
1739 2519 1759 2550 l.
1773 2529 1802 2557 4.
1819 2519 1845 2550 b.
1863 2524 1885 2549 t.
1904 2519 1951 2550 in-

1085 2568 1134 2592 ter
1157 2561 1265 2601 quos?
1288 2571 1353 2593 non
1374 2563 1472 2593 addit.
1504 2570 1614 2593 verum
1637 2569 1706 2592 mea
1732 2559 1796 2591 fert
1818 2560 1952 2600 opinio,

1082 2601 1175 2633 fuisse
1193 2604 1276 2634 inter
1295 2602 1501 2635 Proculianos
1525 2603 1556 2634 ἀ
1571 2602 1775 2634 Sabinianus:
1800 2600 1886 2633 hisce
1901 2610 1953 2633 ac-

1081 2644 1202 2675 tionem
1225 2653 1266 2674 ex
1289 2644 1446 2683 vendito,
1476 2645 1538 2676 illis
1560 2643 1591 2675 in
1623 2642 1742 2674 fastum
1764 2642 1952 2683 praescriptis

1081 2684 1206 2723 verbis,
1238 2685 1453 2717 malentibus:
1492 2685 1523 2717 &
1551 2685 1710 2716 veriorem
1734 2683 1824 2716 fuisse
1846 2684 1952 2715 Sabini

1080 2724 1293 2766 sententiam,
1326 2725 1377 2757 sed
1402 2726 1528 2758 Proculi
1560 2725 1730 2757 obtinuiss'e
1747 2748 1757 2764 ‚
1790 2732 1952 2765 tamquam

1081 2766 1233 2799 tutiorem
1244 2790 1253 2806 ‚
1270 2766 1345 2799 mihi
1364 2767 1553 2807 persuadeo:
1571 2768 1675 2799 donec
1691 2777 1707 2798 a
1718 2766 1837 2798 Severo
1848 2768 1878 2798 St
1891 2767 1953 2799 An-

1082 2809 1195 2840 tonino
1212 2807 1418 2840 constitutum
1435 2809 1499 2847 est,
1524 2818 1563 2841 ex
1581 2808 1732 2847 vendito,
1754 2808 1786 2840 id
1806 2808 1868 2847 est,
1891 2809 1953 2840 eti-

1081 2859 1130 2881 am
1150 2859 1190 2882 ex
1207 2850 1339 2882 vendito
1352 2873 1361 2889 ‚
1377 2850 1534 2883 astionem
1553 2858 1749 2891 competere.
1766 2850 1809 2881 ita
1824 2850 1950 2890 accipio

1081 2890 1253 2932 Ulpianum
1270 2894 1303 2922 in
1319 2894 1346 2923 d.
1362 2892 1380 2923 l.
1398 2901 1428 2931 4.
1443 2888 1619 2924 dicentem.
1636 2891 1800 2933 Ecquidem
1808 2890 1898 2929 finita
1913 2888 1954 2931 esi}

1081 2934 1180 2973 emptio
1189 2943 1199 2963 .·
1213 2932 1264 2973 fid
1279 2932 1331 2964 'am
1344 2934 1435 2973 deciso
1444 2932 1558 2975 quoeftio
1568 2931 1607 2973 est
1616 2956 1625 2972 ‚
1647 2942 1683 2964 ex
1692 2934 1806 2964 vendito
1815 2932 1953 2964 affirmem

1081 2979 1240 3014 competere.
1262 2942 1346 3006 {Qum
1362 2974 1402 3006 sic
1418 2976 1545 3007 locutos
1555 2974 1615 3006 effe
1632 2973 1766 3006 Veteres
1783 2973 1880 3013 saepe,
1895 2972 1951 3002 ali-

1085 3017 1116 3047 bi
1135 3014 1263 3047 monui:
1288 3015 1317 3046 ἃ
1335 3024 1375 3047 ex
1392 3017 1448 3048 illo
1476 3016 1622 3049 Decreto
1638 3017 1765 3047 tandem
1789 3020 1950 3054 receptam

1084 3056 1242 3088 astionem
1260 3065 1426 3098 utramque
1444 3066 1506 3090 tam
1525 3067 1566 3089 ex
1583 3057 1737 3092 vendito,
1761 3063 1849 3094 quam
1869 3063 1947 3092 prae-

1084 3098 1206 3139 scriptis
1235 3097 1340 3130 verbis
1363 3122 1372 3135 .
1405 3098 1617 3131 demonstravi
1642 3099 1689 3129 lib.
1709 3096 1788 3136 sing.
1810 3094 1860 3126 Ad
1877 3094 1951 3126 Edi-

1084 3139 1162 3171 &um
1180 3140 1231 3170 De
1240 3139 1318 3180 past.
1337 3139 1374 3174 δ’
1394 3141 1533 3172 tremeret.
1556 3150 1579 3172 c.
1598 3149 1651 3172 XI.
1931 3176 1938 3181 ,

1123 3181 1242 3212 Praeter
1257 3180 1396 3212 actiones
1415 3191 1490 3222 quas
1506 3181 1579 3213 dedi
1596 3182 1625 3211 in
1643 3178 1823 3218 personam,
1839 3187 1876 3209 an
1896 3185 1952 3209 eti-

1085 3230 1133 3253 arn
1152 3221 1196 3254 rei
1213 3223 1387 3255 vindicatio
1404 3223 1510 3256 locum
1537 3222 1667 3260 habeat,
1690 3221 1721 3252 1¹²
1744 3220 1873 3252 ‘stibium
1899 3228 1952 3290 ΥΞ

1871 3268 1910 3292 m
