2052 3487
445 100 508 135 An
560 99 715 135 Leaen
768 99 1000 141 AQUILIAM
1055 100 1196 135 er-:u
1249 101 1540 138 SJNGULARrS.
1817 118 1884 150 129

118 203 181 224 eum
199 184 309 224 demum
328 191 419 222 teneri
433 190 528 230 visam
543 189 594 229 effe
607 211 617 227 ‚
641 189 691 229 qui
714 188 842 231 adbibita
859 190 913 226 vi,
939 187 975 222 ἐξ)
1017 188 1081 219 Hic
1099 188 1200 228 finitio
1219 187 1257 229 est
1282 193 1457 228 acczilatoris
1474 215 1483 230 ,
1515 192 1572 223 Per
1610 201 1672 223 item
1681 192 1799 232 fatiam
1822 193 1881 234 est,

117 233 198 276 quasi
219 243 307 265 mann
325 256 334 271 ,
363 233 477 269 causam
495 232 593 261 mortis
609 229 788 270 praebuiffet3
820 230 915 261 tracta
932 231 976 260 ‘m'-
1015 237 1051 261 'at
1074 233 1139 270 quis
1161 233 1304 271 perierit,
1333 234 1417 272 causa
1441 235 1539 264 mortis
1560 235 1586 274 e]
1601 258 1608 265 .
1651 233 1707 264 Rei
1730 233 1786 275 est,
1818 236 1883 280 Qui

116 277 214 307 delicet
237 277 466 315 interpretatione
489 273 566 302 vocis
595 271 755 311 (occidere)
785 281 803 301 a
828 273 974 317 caetlemlo,

117 317 154 352 ὃ
178 328 196 348 a
218 318 296 347 ccede.
350 314 441 345 Unde
473 320 602 353 apparet
621 335 630 350 ,
663 321 735 342 eum
766 313 818 352 qui
850 313 972 343 homini

116 369 254 390 mortem
277 358 368 388 aliter
384 354 479 387 infert
498 378 508 392 ,
539 363 631 394 quam
649 362 743 384 manu
759 376 768 392 ,
798 353 818 385 fi
843 354 972 399 quidem

117 400 236 440 spectes
257 398 351 429 verba
379 397 471 437 legis,
496 404 559 426 non
580 394 681 425 teneri
699 394 816 425 directa
835 395 969 426 acirone.

116 442 274 473 Caeterum
290 463 301 478 ,
325 439 393 478 quia
413 440 478 467 baec
496 436 574 477 legis
591 446 679 468 mens
697 436 760 474 est,
785 444 818 466 ut
841 436 972 482 homine

114 475 172 523 pei·
187 482 328 522 injuriam
347 479 485 516 sublato,
512 478 645 509 domino
663 478 728 517 ejus
749 478 896 508 damnum
915 478 970 509 iar-

115 525 216 555 ciatur
233 546 243 561 ,
273 530 376 560 neque
400 520 457 551 alia
484 518 660 550 ostenditur
683 518 765 549 affici
790 528 851 559 qua
878 529 971 559 agere

113 565 227 606 postia
251 564 374 604 placet,
397 562 427 592 id
445 561 530 600 quod
549 560 652 591 verbis
670 559 775 598 deest,
795 570 834 591 ex
851 560 970 591 senten-

113 609 155 638 tia
172 607 325 645 suppleri,
349 603 377 633 ὅ(
400 602 439 632 ad
455 601 637 641 exemplum
663 602 740 642 legis
758 602 890 642 Aquiliae
910 602 969 632 uti-

111 648 175 679 Jem
201 646 357 677 aaronem
383 643 515 674 domino
540 643 602 673 dari
633 642 662 683 §.
682 644 735 673 ult.
760 641 833 682 last.
858 646 889 673 ae
913 643 970 684 lege

109 687 232 729 Aquilia
248 710 257 725 ,
289 695 356 726 quae
383 686 410 715 <St
429 684 611 725 simpliciter
633 685 710 725 legis
729 684 862 724 Aquiliae
886 686 969 714 actio

110 729 285 770 appellatur
314 727 334 758 l.
353 735 417 766 pen.
449 726 482 757 C.
513 726 570 756 eod.
596 727 643 756 tit.
676 726 791 755 dicitur
817 726 845 756 dt
871 725 899 755 in
926 724 969 755 fa-

110 770 215 809 ctum,
237 778 300 800 non
320 776 439 799 tantum
458 768 560 805 utilis,
584 766 666 797 aftio
691 766 707 796 l.
727 775 756 806 7.
777 766 806 807 §.
827 771 856 797 6.
881 766 916 799 ὅς’)
939 766 968 806 §.

109 822 141 853 3.
164 813 244 847 item
263 810 281 841 l.
299 819 328 846 9.
348 817 393 849 pr.
418 809 445 850 ἓ,
467 819 494 840 2.
513 807 548 842 δέ)
564 818 594 848 3.
617 807 659 838 D.
684 809 742 837 eod.
769 809 814 837 tit.
847 816 969 853 quaere-

109 854 175 885 nim
195 852 277 884 utilis
293 875 302 888 ,
327 860 361 881 ea
383 850 411 880 <St
433 852 462 881 in
480 849 620 887 factum,
651 849 680 878 &
698 848 967 885 extraordinaria,

110 894 193 925 aetio
212 893 416 934 appellatur:
449 892 494 921 uti
516 889 615 922 disces
641 899 681 920 ex
704 888 930 928 conjunctione
947 888 965 919 l.

112 940 160 970 18.
184 934 213 976 §.
234 944 260 966 1.
288 932 329 965 D.
353 934 384 964 de
396 933 527 974 judiciis.
552 932 571 962 l.
594 940 639 971 17.
666 929 708 960 D.
733 933 765 960 de
781 931 863 960 rebus
881 930 968 975 credi-

109 978 156 1008 tis.
178 977 198 1007 l.
219 986 264 1017 13.
288 974 329 1005 D.
354 975 386 1004 de
409 974 625 1015 obligationibus
644 971 680 1006 δὲ’
703 970 873 1017 actionibus.
900 970 967 1016 .U.[¹'

109 1018 148 1050 lis
174 1017 268 1058 igitur
295 1015 325 1047 &
349 1016 401 1046 hic
426 1016 455 1045 in
480 1014 600 1045 sactum
624 1013 708 1044 actio
725 1036 735 1052 ,
766 1011 818 1044 sed
846 1012 966 1050 emilis,

108 1068 174 1091 non
192 1058 358 1098 praetoria‚
382 1055 588 1096 intelligenda
604 1053 658 1085 est.

151 1100 217 1137 lta,
242 1099 294 1130 ubi
319 1107 382 1129 non
409 1097 509 1128 homo
532 1094 655 1127 occisus
678 1095 740 1132 est,
764 1093 814 1125 sed
832 1094 876 1125 est
894 1103 966 1139 cau-

110 1139 142 1172 sa
167 1142 238 1172 data
265 1139 329 1180 ejus
355 1139 460 1169 morti.
493 1137 578 1177 quod
609 1136 861 1181 imprudentibus
885 1135 965 1174 laepe

112 1182 255 1218 videtur,
278 1189 351 1211 curn
374 1179 456 1210 nulla
474 1179 543 1208 data
566 1177 619 1209 fit:
645 1186 687 1207 uti
706 1186 736 1207 in
756 1185 789 1207 re
805 1175 875 1206 ficia
897 1177 962 1216 pul·

112 1223 189 1254 chre
209 1221 346 1253 ostendit
363 1219 574 1263 Quintilianus
595 1218 644 1248 lib.
660 1227 689 1257 7.
714 1215 786 1262 lnst.
804 1223 876 1263 orat.
900 1226 962 1257 cap.

110 1275 141 1305 3.
165 1265 202 1294 ad
218 1262 268 1300 fin.
291 1261 450 1296 intererit,
467 1259 532 1298 ejus
549 1259 644 1288 verba
663 1256 869 1298 adscripfisse:
891 1260 964 1299 quia

109 1305 154 1336 nil
170 1297 335 1343 prohibet,
359 1310 394 1331 ea
412 1299 544 1340 produci
561 1299 600 1330 ad
617 1299 693 1340 legis
711 1298 844 1339 Aquiliae
863 1301 961 1338 expli-

107 1344 278 1375 cationem.
303 1351 338 1372 ea
364 1342 462 1372 verba
486 1340 565 1371 sunt.
607 1340 686 1371 Illud
706 1341 829 1371 alteram
851 1351 962 1381 genas,

106 1395 161 1427 quo
171 1383 212 1422 fit
232 1380 410 1423 manifestias
433 1382 651 1420 adolescentibus
671 1383 757 1420 meis,
783 1384 874 1421 (meos
888 1385 963 1413 enim

105 1427 210 1466 semper
226 1424 408 1461 adolescentes
425 1424 552 1464 putabo)
574 1423 620 1453 hic
636 1433 746 1464 qnoque
759 1422 836 1462 fictae
855 1432 963 1454 contro·

104 1465 202 1504 verfice
216 1471 282 1497 utar
299 1465 431 1505 exemplo.
472 1464 605 1504 Javenes
621 1488 630 1503 ,
662 1466 712 1504 qui
729 1465 880 1495 convivere
896 1465 962 1502 lole-

106 1510 193 1546 bant,
208 1504 415 1548 constituerant
426 1529 436 1544 ,
453 1512 485 1536 ut
500 1506 530 1536 in
550 1505 643 1536 littore
661 1512 814 1536 caenarent.
844 1505 963 1544 Unius,

105 1551 157 1591 qui
175 1558 256 1580 caenae
274 1548 405 1587 defuerat
421 1570 431 1585 ‚
462 1556 562 1577 nomen
584 1547 693 1578 tumulo
716 1557 797 1588 quem
815 1545 962 1586 exstruxe-

104 1596 193 1628 rant,
216 1589 426 1630 inscripserant.
469 1588 560 1619 Pater
578 1589 641 1630 ejus
663 1598 681 1619 a
698 1590 897 1627 transmarina
913 1596 962 1629 pe·

104 1631 297 1672 regrinatione
313 1640 378 1661 cum
395 1630 433 1662 ad
449 1629 532 1660 littus
552 1631 625 1660 idem
645 1629 810 1670 appuliffet,
833 1629 900 1661 teao
915 1640 964 1661 no-

53 1667 57 1671 *
101 1672 386 1714 minesuspenditJe.
429 1670 581 1703 Dicuntur
596 1672 627 1703 hi
643 1671 730 1712 causa
747 1672 846 1703 mortis
857 1671 961 1713 fuiffe.

1010 272 1085 310 fecit
1117 274 1188 313 qaid
1204 274 1302 312 sciens
1320 297 1330 312 ‚
1357 281 1409 314 per
1438 277 1513 315 qaod
1532 278 1626 315 perire
1650 276 1755 306 bomini
1778 276 1882 315 neceſje

1016 312 1090 353 effet.
1133 313 1253 345 Remota
1277 314 1413 354 finitione
1437 317 1597 351 accusatori
1629 318 1672 349 sat
1702 316 1742 358 est
1763 319 1879 356 dicere,

1017 355 1112 393 Causa
1133 354 1361 396 mortisfaistiir,
1389 364 1440 396 per
1462 367 1513 388 ‘vos
1528 361 1602 389 enim
1613 358 1732 397 fatiunt
1755 357 1794 399 est
1810 382 1819 397 ,
1845 366 1880 390 nt

1014 396 1093 427 hoino
1116 399 1223 434 periret
1243 420 1251 435 ,
1281 399 1350 438 qnia
1374 397 1430 433 nisi
1448 408 1497 429 vos
1523 400 1597 430 illud
1614 399 1770 440 feciffetis,
1796 402 1877 431 vive-

1015 444 1064 468 ret.
1111 438 1238 477 Contra,
1261 448 1317 469 non
1329 437 1432 478 statim
1445 447 1496 480 per
1516 440 1727 481 qztemjlittitm
1750 439 1789 482 est
1803 465 1811 478 ‚
1845 449 1879 472 ut

1014 480 1081 520 quis
1090 479 1194 518 periret
1205 503 1214 518 ‚
1238 481 1263 509 is
1277 481 1412 511 damnari
1427 483 1522 519 (lebet,
1539 487 1571 512 ztt
1591 486 1758 521 accusator,
1781 481 1880 522 testis,

1009 522 1104 562 jicciex
1120 521 1162 550 ret
1184 521 1325 560 capitalis.
1371 521 1437 552 Nec
1456 525 1594 553 andecam
1618 533 1651 554 ue
1668 527 1752 560 caula
1763 522 1879 563 fluxit,

1014 563 1053 592 ibi
1076 562 1159 601 culpa
1179 561 1236 602 cst.-
1259 561 1331 599 atsi
1352 565 1399 592 cai
1421 567 1487 602 quir
1507 564 1604 604 profec
1620 567 1709 595 ionem
1728 567 1852 604 sitiiserit
1867 589 1878 604 ‚

1013 609 1048 633 ut
1063 604 1100 633 ad
1123 603 1248 634 amicum
1270 604 1387 634 accedat
1410 610 1492 634 trans
1518 615 1594 636 inore
1614 629 1623 643 ,
1652 607 1687 639 ξς
1710 608 1733 636 is
1751 607 1878 646 naufra-

1010 646 1057 684 gio
1071 644 1198 684 perierit.
1223 645 1261 675 ad
1280 654 1388 675 coenam
1410 646 1566 683 invitarit,
1592 645 1629 680 ὅ)
1645 649 1668 677 is
1685 649 1830 678 cruditate
1844 648 1878 678 il-

1012 686 1049 715 lic
1074 684 1222 716 contracta
1244 686 1393 725 decefferit.
1439 686 1502 717 Nec
1518 687 1586 726 fait
1609 691 1640 718 in
1663 693 1750 725 caasa
1777 689 1878 719 mortis

1003 726 1100 765 solum
1117 726 1335 766 adolescentiam
1355 726 1476 766 factum
1495 751 1504 765 ,
1526 729 1579 768 sed
1606 729 1760 760 credulitas
1775 730 1876 770 seriis,

1013 766 1049 800 ἐξ
1067 769 1098 797 in
1115 768 1207 797 dolore
1215 768 1344 807 ferundo
1361 768 1538 807 infirmitas3
1564 771 1703 811 denique,
1727 770 1877 810 fifertior

1003 806 1127 847 ffflffi'l’
1150 814 1202 838 aut
1220 811 1408 847 prudentior,
1437 812 1558 841 viveret.
1602 811 1667 843 Nec
1688 812 1766 842 mala
1786 817 1878 842 mente

1003 848 1159 887 fecerunt:
1190 849 1226 883 ὅ)
1249 850 1296 879 ille
1313 852 1409 890 potuit
1429 852 1476 882 vel
1498 861 1534 883 ex
1555 852 1612 883 loco
1627 854 1773 884 tumulum
1789 878 1798 892 ‚
1828 854 1876 883 ‘uel

1010 898 1047 920 ex
1064 895 1143 929 opere
1166 891 1357 921 tumultuario
1368 892 1529 931 suspicari,
1551 903 1609 923 non
1631 893 1681 934 effe
1708 904 1874 925 monumen-

1012 937 1081 961 tum.
1126 929 1189 974 Qui
1202 941 1267 973 ergo
1279 934 1382 972 puniri
1400 933 1523 965 debent?
1547 936 1577 966 in
1595 938 1698 976 quibus
1716 938 1811 967 omnia
1829 937 1877 967 ho-

1010 972 1205 1012 micidcesunt
1218 979 1322 1012 prater
1341 984 1468 1005 manum.
1515 975 1577 1006 Sed
1593 978 1623 1007 in
1647 979 1739 1008 viam.

1049 1012 1099 1043 Ex
1116 1013 1163 1044 his
1179 1023 1329 1054 apparet,
1354 1016 1456 1056 legem
1476 1017 1633 1057 Aquiliam
1655 1018 1742 1059 loqui
1759 1018 1799 1049 de
1818 1018 1876 1049 ho-

1010 1053 1095 1085 mine
1112 1054 1231 1087 occiso.
1274 1054 1380 1097 Quid,
1403 1056 1423 1087 fi
1442 1059 1623 1090 vulneratus
1646 1059 1681 1090 fit
1704 1059 1875 1091 mortifero

1010 1095 1162 1133 vulnere,
1186 1105 1250 1127 non
1271 1104 1377 1128 tamen
1403 1097 1525 1138 statim,
1559 1100 1609 1131 sed
1636 1100 1706 1141 post
1724 1101 1874 1133 interval-

1008 1137 1094 1175 lum,
1117 1137 1286 1169 mortuus?
1310 1147 1371 1178 ego
1391 1139 1496 1178 probo
1512 1163 1521 1177 ‚
1553 1145 1640 1180 quod
1667 1143 1755 1173 verbi
1781 1143 1875 1184 origo

1008 1186 1152 1218 patitur,
1176 1179 1272 1210 etiam
1294 1177 1450 1219 Ulpianus
1467 1204 1476 1218 ,
1502 1181 1532 1212 ὅ(
1548 1181 1707 1227 Julianus,
1732 1185 1876 1216 indicant

1006 1219 1025 1250 l.
1050 1228 1094 1258 15.
1120 1219 1147 1260 §.
1170 1228 1194 1250 1.
1217 1219 1253 1253 ὅ)
1275 1219 1294 1250 l.
1313 1230 1362 1259 51.
1387 1220 1427 1251 D.
1452 1222 1504 1252 Art
1520 1223 1607 1263 legem
1626 1224 1798 1265 Aquiliam,
1833 1226 1876 1257 le-

1005 1270 1045 1301 ge
1066 1261 1191 1300 Aquilia
1216 1269 1316 1292 teneri
1337 1271 1400 1292 non
1421 1269 1543 1294 tantum
1561 1273 1617 1294 cos
1635 1275 1685 1305 qui
1708 1267 1869 1297 hominem

1005 1303 1048 1332 ita
1071 1301 1304 1341 vulnerassent,
1338 1312 1371 1333 ut
1388 1312 1461 1334 eum
1486 1303 1656 1336 confestim
1684 1309 1748 1337 vita
1770 1317 1873 1347 priva-

1006 1351 1077 1373 rent
1094 1365 1104 1381 ‚
1136 1342 1187 1374 sed
1212 1342 1241 1374 ἃ
1270 1343 1329 1374 hos
1356 1353 1491 1383 quorum
1517 1355 1557 1376 ex
1584 1347 1715 1378 vulnere
1750 1356 1875 1381 certum

1006 1383 1083 1414 ess'ct
1109 1384 1173 1415 vita
1196 1384 1404 1416 excelsum-um.
1449 1385 1527 1417 Inde
1552 1386 1684 1419 Alfenus
1715 1387 1829 1420 definit
1853 1390 1874 1422 l.

1005 1436 1056 1464 52.
1082 1424 1124 1456 D.
1148 1426 1206 1456 eod.
1224 1427 1271 1456 tit.
1303 1425 1323 1457 fi
1347 1437 1386 1457 ex
1406 1427 1505 1468 plagis
1531 1427 1635 1461 servus
1662 1437 1806 1463 mortuus
1826 1441 1874 1463 es·

1005 1465 1069 1503 set,
1093 1475 1198 1506 neque
1216 1467 1246 1498 id
1266 1466 1390 1498 Medici
1408 1468 1591 1508 inscientia,
1615 1480 1668 1501 aut
1684 1472 1804 1503 ermuini
1822 1482 1874 1503 ne-

1005 1508 1156 1549 gligentia
1183 1508 1343 1539 accidisset
1363 1533 1372 1547 ,
1400 1510 1485 1540 reete
1504 1511 1543 1542 dc
1565 1511 1675 1550 injuria
1703 1513 1811 1545 occiso
1830 1523 1872 1545 eo

1005 1550 1065 1589 agi.
1099 1549 1206 1590 Atque
1224 1549 1266 1580 ita
1283 1549 1347 1582 est:
1372 1549 1392 1584 fi
1412 1549 1512 1582 horno
1535 1553 1718 1584 vulneratus
1737 1553 1773 1585 fit
1791 1565 1874 1587 mor-

1007 1589 1104 1622 tifero
1132 1591 1263 1622 vulnere
1279 1614 1290 1630 ,
1324 1601 1365 1622 ex
1390 1601 1455 1632 quo
1480 1592 1510 1624 ὅ(
1529 1593 1682 1633 decesfit3
1707 1595 1732 1626 is
1749 1605 1789 1627 ex
1806 1606 1872 1637 quo

1005 1632 1189 1665 vulneratus
1220 1632 1292 1671 est,
1324 1633 1386 1672 jam
1417 1633 1540 1666 occisus
1573 1635 1787 1678 intelligitur3
1816 1637 1873 1670 etfi

1007 1674 1111 1706 caedes
1130 1683 1171 1707 eo
1194 1673 1323 1706 demum
1339 1683 1470 1707 mortuo
1489 1677 1682 1718 apparuerit.

807 1792 1050 1830 Cirur
1106 1794 1151 1830 X.

103 1899 174 1934 Hoc
196 1899 292 1946 capite
316 1899 411 1932 teneri
433 1908 550 1933 omnem
567 1899 617 1944 qui
633 1899 752 1945 injuria
769 1899 883 1933 occidit.
936 1897 988 1933 An
1003 1895 1214 1945 &furiosus,
1242 1899 1368 1946 infans,
1396 1900 1520 1946 infante
1544 1905 1661 1950 major,
1698 1911 1754 1939 aut
1765 1905 1870 1951 proxi-

177 1960 244 1983 mus
261 1948 437 1993 pubertati?
463 1944 504 1985 E?
519 1948 642 1993 quinam
662 1948 803 1982 dicantur
822 1947 925 1981 tales?
949 1948 1052 1996 Quid,
1070 1947 1225 1994 siservas
1241 1951 1338 1983 alium
1356 1951 1471 1984 occidat
1489 1977 1500 1993 ‚
1534 1953 1585 1986 vel
1604 1954 1768 1998 ignorante
1782 1981 1790 1995 ‚
1819 1954 1871 1989 vel

166 1997 304 2044 sciente,
332 1996 383 2030 vel
391 1996 540 2041 jubente,
568 1996 618 2030 vel
636 1998 753 2038 invito,
781 1996 927 2030 domino?
951 1995 1062 2041 Sensus
1084 1998 1105 2031 l.
1126 2008 1158 2033 2.
1189 1998 1230 2032 D.
1260 1999 1293 2032 (Ic
1317 1999 1479 2033 noxali-'bas
1501 2001 1670 2035 attionibus
1686 2029 1696 2044 ‚
1731 2000 1773 2042 &⁹
1796 2014 1870 2048 qua-

175 2045 315 2080 rumdam
331 2044 473 2078 aliarum.

176 2096 248 2128 rixa
265 2091 375 2139 occisus
381 2091 447 2136 sit,
473 2089 514 2131 &³
531 2094 636 2127 auctor
653 2094 742 2127 caedis
764 2094 816 2127 vel
821 2091 964 2138 sciatur,

174 2150 299 2180 ner-atus,
318 2168 327 2184 ,
361 2142 399 2175 ab
421 2142 480 2175 alio
499 2140 646 2188 fimiliter
671 2142 747 2175 iaus
760 2141 875 2188 statim
900 2142 1056 2176 decedat?
1090 2144 1132 2177 ad
1162 2144 1182 2179 l.
1213 2154 1271 2186 51.
1304 2146 1323 2179 l.
1356 2155 1409 2178 11.
1443 2144 1471 2191 §.
1502 2155 1532 2189 3.

526 2044 616 2092 Quid
627 2070 636 2087 ‚
655 2043 688 2087 fi
703 2045 787 2079 homo
807 2045 881 2078 liber
906 2045 1018 2079 occidat
1027 2044 1113 2091 jzfflc
1137 2046 1277 2081 alterius.

1330 2048 1419 2095 Quid
1433 2074 1441 2090 ,
1469 2047 1502 2092 fi
1524 2049 1609 2084 homo
1632 2062 1652 2084 a
1671 2052 1811 2097 pluribus
1837 2054 1870 2087 in

1284 2096 1376 2144 ⁴Quid
1389 2124 1398 2137 ‚
1423 2095 1457 2140 fi
1482 2098 1521 2130 ab
1539 2100 1596 2132 ano
1616 2099 1774 2145 mortifere
1801 2101 1871 2134 vul-

1566 2146 1587 2181 ἰ.
1617 2157 1670 2190 15.
1704 2147 1733 2195 §.
1764 2160 1794 2184 1.
1823 2150 1868 2186 D.

992 2094 1042 2128 vel
1057 2096 1215 2140 ignoretur
1235 2096 1252 2128 ἓ

173 2192 225 2227 Ad
238 2192 334 2237 Iegem
353 2189 522 2236 Aquiliam.
569 2189 621 2224 An
640 2191 724 2225 heres
739 2192 804 2236 ejus
821 2192 872 2237 qai
893 2191 1042 2225 hominem
1061 2192 1185 2235 occidit,
1213 2194 1278 2239 lege
1296 2194 1420 2238 Aquilia
1442 2201 1592 2229 teneatur.

180 2293 280 2325 stendi
299 2317 308 2332 ,
339 2294 466 2335 quando
488 2295 582 2327 detur
608 2295 700 2326 aftio‘
716 2295 792 2337 legis
816 2296 961 2337 Aquiliae.

201 2335 364 2366 videamus
376 2359 385 2374 ,
402 2335 546 2368 adversus
563 2346 656 2377 quem
676 2337 776 2368 danda
793 2337 837 2369 fit.
863 2339 893 2369 id
912 2349 964 2369 ve-

105 2384 140 2406 ro
166 2376 217 2407 lex
239 2377 375 2414 indicat,
400 2387 471 2408 cum
494 2379 535 2408 ait
555 2399 565 2415 ‚
598 2377 659 2421 Qui
678 2378 788 2419 injuria
813 2381 961 2418 occiderit,

103 2417 225 2448 damnas
240 2415 302 2458 elio.
325 2418 416 2458 jubet
438 2418 710 2457 eniin„damnari
736 2430 808 2451 eum
833 2422 886 2461 qui
907 2431 961 2452 oc-

108 2459 206 2490 cidit:
231 2468 335 2498 neque
352 2466 406 2490 aut
429 2459 540 2491 statum
559 2460 642 2500 ejus,
665 2469 718 2491 aut
739 2470 887 2501 aetatem,
916 2463 962 2494 di-

103 2498 241 2540 stinguit.
265 2501 401 2540 proinde
423 2502 647 2541 cujuscumque
669 2503 886 2542 conditionis,
909 2512 963 2534 aut

105 2541 205 2572 aetatis
222 2564 232 2579 ,
264 2540 301 2573 sit
323 2541 374 2581 qui
399 2544 539 2580 occidit,
570 2543 641 2583 lege
667 2544 790 2584 Aquilia
815 2553 961 2577 tenetur:

103 2582 202 2613 modo
220 2582 240 2614 fi
262 2583 371 2622 injuria
389 2582 440 2614 seu
457 2584 551 2623 culpa
567 2585 699 2615 occidit.
743 2584 830 2629 Quid
843 2610 852 2625 ,
875 2585 895 2617 fi
914 2585 961 2616 fu-

104 2621 201 2654 riosus
227 2622 289 2655 fit?
318 2632 411 2665 negat
428 2623 581 2664 Ulpianus
602 2625 622 2656 l.
637 2636 666 2666 5.
689 2625 718 2666 ὃ.
736 2636 765 2657 2.
791 2627 831 2657 D.
858 2628 908 2657 Ad
924 2627 961 2657 le-

106 2671 168 2702 gem
185 2663 335 2705 Aquiliam
353 2688 362 2704 ,
394 2667 493 2697 teneri
512 2675 604 2698 eum:
628 2676 688 2707 quae
717 2669 813 2705 enim,
838 2669 959 2706 inquit,

107 2703 139 2732 in
155 2713 183 2734 eo
206 2706 289 2745 culpa
300 2705 359 2745 sit,
382 2708 523 2745 cumsuoe
545 2709 648 2738 mentis
666 2717 723 2738 non
737 2707 808 2746 fit?
832 2708 961 2740 ceffabit

108 2742 200 2782 igitur
219 2747 337 2785 Aquilia
352 2747 452 2779 attio:
476 2749 764 2788 quemadmodum,
789 2749 808 2781 fi
828 2750 962 2789 quadru-

109 2791 164 2822 pes
186 2785 330 2818 damnum
349 2788 472 2820 dederit
487 2812 496 2825 ,
519 2790 645 2830 Aquilia
663 2789 777 2827 cessat,
800 2799 853 2822 aut
870 2791 890 2821 ii
915 2799 960 2821 te-

107 2824 180 2864 guia
198 2827 370 2861 ceciderit:
400 2830 431 2860 id
454 2829 499 2861 est
517 2853 527 2868 ,
558 2831 827 2870 quemadmodum
852 2832 871 2863 fi
890 2832 961 2863 casu

107 2865 234 2910 aliqum
257 2866 319 2899 fine
333 2869 419 2901 facto
436 2870 595 2910 personae,
618 2873 787 2905 acciderit:
812 2881 845 2904 ut
865 2873 959 2905 Pom-

106 2914 221 2945 pomus
245 2907 382 2948 loquitur
403 2912 422 2943 l.
446 2912 499 2943 ult.
524 2913 624 2951 infin.
656 2912 697 2944 D.
722 2915 754 2944 de
775 2912 958 2954 administra-

105 2948 181 2977 tione
199 2947 234 2981 ἐξ
249 2951 368 2988 periculo
393 2957 520 2984 tutorum
543 2953 580 2987 δέ)
599 2961 774 2986 curatorum.
817 2955 851 2986 In
872 2964 959 2986 eum-

103 2997 166 3027 que
192 2988 309 3020 sensum
335 2991 364 3021 dc
390 2992 508 3023 Seneca
530 2994 578 3025 lib.
594 3004 622 3026 2.
647 2995 695 3026 De
716 2998 761 3026 ira
791 3006 813 3027 c.
839 3000 887 3027 26.
919 2997 959 3028 de

104 3029 204 3061 brutis
220 3031 405 3062 animalibus
416 3055 424 3069 ‚
449 3034 577 3072 Nocere,
595 3035 717 3076 inquit,
732 3039 812 3068 nobis
822 3037 955 3078 poffunt,

101 3075 134 3100 ut
149 3071 268 3108 ferrum
290 3079 342 3102 aut
359 3072 453 3111 lapis:
482 3075 621 3113 injuriam
643 3078 761 3117 'quidem
780 3079 880 3117 facere
901 3089 957 3111 non

94 3111 222 3151 poffunt.
247 3112 335 3145 idem
351 3113 396 3145 est
410 3114 439 3145 in
459 3113 598 3153 infante,
617 3126 668 3156 qui
683 3118 727 3149 est
742 3128 820 3159 puer
837 3119 957 3160 septen-

101 3153 156 3183 nio
175 3153 279 3184 minor
297 3166 304 3186 :
341 3162 375 3185 ut
397 3155 526 3194 quidem
550 3155 762 3198 Imperatores
789 3170 957 3201 exponunt

96 3193 120 3224 Ι.
137 3198 183 3266 1T8.
207 3194 297 3268 C.lde
314 3196 383 3238 jare
406 3196 582 3229 deliberandi
598 3221 608 3236 ,
641 3199 671 3231 &
701 3199 855 3241 Ulpianus
883 3203 902 3235 l.
928 3213 955 3236 1.

166 3245 218 3268 om.
258 3260 267 3268 .

1005 2296 1034 2338 ᾗ.
1053 2307 1080 2329 2.
1107 2297 1149 2329 D.
1181 2299 1213 2329 de
1237 2298 1484 2340 administratione
1509 2299 1546 2334 δ’
1568 2301 1695 2342 periculo
1719 2308 1867 2340 tutorum,-

1006 2339 1107 2378 adde,
1132 2339 1264 2372 Isidorus
1287 2342 1333 2372 lib.
1358 2351 1403 2372 11.
1431 2342 1515 2383 Orig.
1539 2352 1562 2373 c.
1581 2352 1610 2374 2.
1627 2351 1658 2382 p.
1681 2353 1769 2376 1102.
1794 2355 1869 2377 cum

1005 2379 1047 2411 fic
1064 2380 1180 2412 scribit.
1223 2381 1325 2412 Prima
1342 2390 1409 2412 <etas
1426 2384 1557 2420 infantia
1570 2383 1609 2422 est
1623 2386 1709 2423 pueri
1723 2386 1867 2424 nascentis

1004 2422 1042 2452 ad
1072 2422 1162 2453 lucem
1178 2445 1188 2460 ,
1219 2433 1282 2463 qaae
1304 2425 1469 2463 porrigitur
1490 2425 1522 2453 in
1542 2427 1652 2464 septem
1683 2428 1780 2458 annis.
1823 2427 1867 2459 Et

1006 2462 1085 2502 post.
1146 2464 1252 2501 Infans
1285 2465 1394 2494 dicitur
1428 2464 1506 2495 homo
1540 2468 1640 2504 prima?
1666 2469 1760 2497 cetatis
1782 2491 1792 2507 ,
1823 2471 1867 2500 di-

1005 2503 1068 2534 aus
1102 2510 1196 2535 autem
1223 2505 1324 2543 infans
1343 2528 1352 2542 ,
1389 2508 1460 2546 quia
1491 2507 1586 2536 adhuc
1599 2507 1668 2546 fari
1691 2508 1778 2548 nescit
1796 2532 1805 2548 ,
1836 2512 1867 2541 id

1004 2543 1061 2584 est,
1086 2545 1163 2586 loqui
1179 2555 1236 2576 non
1250 2544 1365 2586 potest.-
1396 2549 1523 2577 nondam
1546 2550 1620 2579 enim
1636 2550 1702 2579 bene
1724 2551 1866 2583 ordinatis

1004 2587 1135 2616 dentibus
1149 2589 1245 2617 minus
1259 2586 1298 2627 est
1308 2590 1449 2626 sermonis
1464 2587 1606 2629 expreffio.
1648 2590 1679 2621 Si
1691 2613 1701 2628 .,
1716 2591 1844 2632 inquam
1855 2617 1865 2633 ,

1004 2626 1106 2658 infans
1127 2629 1275 2659 damnum
1301 2630 1425 2659 dederit
1441 2653 1451 2667 ‚
1481 2631 1566 2661 idem
1592 2631 1763 2664 dicendum
1783 2635 1863 2673 erit,

1004 2669 1092 2707 quod
1114 2669 1154 2699 de
1181 2668 1301 2700 furioso
1318 2693 1328 2708 ‚
1360 2670 1447 2710 quod
1469 2671 1509 2702 de
1525 2673 1750 2713 quadrupede,
1775 2677 1864 2714 quod

1003 2710 1043 2740 de
1062 2711 1186 2750 tegula,
1211 2710 1338 2742 diftum.
1381 2710 1464 2743 Nam
1489 2712 1645 2745 infantem
1663 2724 1794 2755 quoque
1811 2717 1864 2748 Se-

1004 2759 1084 2781 neca
1106 2749 1184 2791 episi.
1205 2756 1272 2785 118.
1297 2761 1392 2784 vocat
1407 2754 1620 2791 irrationalem-25
1646 2755 1675 2786 ἃ
1694 2756 1773 2796 epist.
1795 2767 1862 2797 1²4·

1004 2793 1131 2822 nondam
1148 2793 1325 2825 rationalem.
1370 2794 1480 2837 Quid,
1510 2795 1531 2827 fi
1553 2796 1698 2836 impubes
1719 2798 1864 2830 fecerit?

1004 2833 1068 2863 hoc
1086 2832 1130 2865 est
1146 2857 1155 2872 ,
1189 2834 1214 2865 is
1233 2836 1284 2875 qui
1302 2835 1347 2867 est
1370 2836 1451 2867 intra
1465 2846 1582 2869 annum
1609 2847 1754 2877 quartum
1778 2840 1862 2871 deci·

1003 2882 1089 2905 mum
1105 2897 1115 2913 ,
1139 2884 1208 2916 quae
1230 2884 1303 2907 aetas
1328 2876 1448 2909 Isidoro
1471 2881 1498 2909 (l.
1524 2888 1547 2910 c.
1568 2889 1594 2910 2.
1620 2881 1649 2910 <Sc
1669 2879 1861 2920 Hippocrati

1003 2916 1179 2955 appellatur
1197 2916 1330 2950 secunda
1347 2927 1443 2958 aetas;
1467 2929 1539 2952 cum
1559 2919 1694 2952 Varroni
1714 2921 1812 2960 prima
1826 2922 1861 2954 fit

1002 2966 1100 2996 usque
1116 2959 1154 2989 ad
1170 2967 1287 2990 annum
1310 2961 1455 3001 quintum
1472 2962 1632 2993 decimum
1649 2972 1657 2992 ε
1688 2970 1721 2992 ut
1745 2961 1861 2995 Censo-

1001 2997 1085 3029 rinus
1107 2999 1205 3030 docet
1227 3000 1273 3031 De
1297 3003 1341 3033 die
1364 3003 1458 3033 natali
1488 3013 1511 3034 c.
1535 3013 1580 3042 14.
1626 3003 1687 3033 Sed
1714 3003 1752 3034 ad
1779 3013 1857 3038 rem.

999 3038 1030 3070 Si
1055 3040 1199 3080 impubes
1224 3043 1373 3074 damnum
1399 3044 1540 3081 dederit,
1566 3045 1608 3074 ait
1631 3042 1762 3081 Labeo,
1785 3047 1858 3086 quia

998 3079 1074 3112 furti
1099 3089 1226 3114 tenetur
1245 3107 1254 3121 ‚
1284 3084 1314 3115 {St
1338 3085 1463 3125 Aquilia
1489 3094 1559 3115 eum
1587 3084 1699 3114 teneri.
1742 3085 1803 3118 Sed
1825 3088 1858 3121 id

1000 3130 1066 3153 tum
1083 3133 1193 3154 verum
1213 3125 1278 3163 est,
1302 3125 1322 3157 ss
1336 3126 1397 3166 jam
1417 3127 1535 3165 injuriae
1558 3134 1656 3164 capax
1674 3125 1710 3156 fit
1731 3127 1758 3158 (l.
1784 3128 1803 3160 l.
1825 3141 1857 3172 5,

1001 3163 1028 3205 §.
1044 3174 1072 3195 2.
1098 3163 1140 3196 D.
1163 3166 1213 3197 Aa
1229 3167 1316 3207 legem
1333 3167 1499 3207 Aquiliam:
1524 3166 1554 3196 id
1571 3166 1635 3205 est,
1651 3164 1672 3197 fi
1692 3169 1856 3207 proximus

996 3205 1158 3246 pubertati
1174 3208 1227 3238 lit:
1249 3217 1321 3239 nam
1338 3208 1423 3277 hmff
1440 3207 1468 3237 ὅ(
1491 3206 1577 3246 doli,
1600 3208 1630 3240 δε
1647 3206 1743 3248 furti,
1767 3210 1797 3242 ἀ
1813 3215 1858 3245 in.

1809 3263 1856 3294 ΙΠ-
