2108 3479
340 95 1726 184 GERARDthNooDT

130 225 970 319 ERUDITO
1105 180 1925 323 LECTORI

1007 388 1050 435 S.

147 525 363 570 5315125QR3
382 522 522 561 ‘FFE'Ro
550 524 628 565 tibi,
658 523 794 558 Erudite
813 520 962 567 LeEi0r5
990 522 1056 558 hoc
1071 525 1247 560 volumine
1267 527 1383 562 omnia
1401 528 1516 574 Opera
1536 531 1656 577 quibus
1686 540 1826 570 conatus
1846 535 1915 571 siim

128 572 167 613 ‘⁵4
340 567 382 628 ἓξ
407 574 715 621 Jurisprudentiam
734 571 910 608 illustrare.
959 573 1052 620 attigi
1077 573 1150 619 (nisi
1177 574 1290 622 fallor)
1320 579 1477 612 materias
1503 580 1664 624 eximias,
1700 581 1738 617 ἃ
1759 583 1833 619 usu-s
1859 598 1917 631 per

126 616 167 657 ἐξ
340 612 383 673 5ξὲ
407 633 526 658 omnes
544 622 633 657 Artis
653 632 763 669 partes
780 619 909 656 diffufi:
937 631 1030 656 certe
1048 633 1118 657 non
1136 623 1289 670 indignas
1310 624 1443 661 trafitari
1460 639 1478 661 a
1503 628 1596 663 claris
1617 630 1778 678 ingeniis:
1808 633 1916 669 Vet'e-

125 659 166 712 453
340 656 382 698 ἓξ
407 683 483 707 rum
500 671 646 714 sensum,
675 681 710 705 ut
728 671 847 713 decet,
875 668 943 705 fine
960 670 1104 706 ludibrio
1121 673 1404 718 cavillationum,
1431 687 1474 710 ex
1495 688 1578 712 vero
1604 677 1640 714 ὅ(
1668 679 1774 715 solido
1799 683 1915 728 quaesi⁴²

117 703 362 785 95301002059
407 721 489 758 turis
514 720 547 756 in
576 720 708 755 incerto
735 719 928 765 scripturae,
967 728 1182 765 temporum,
1209 732 1363 766 morum,
1398 724 1622 771 opinionum,
1658 727 1842 773 seestarum,
1878 730 1916 767 ἃς

211 758 296 784 ᾐῗῗιῗ
406 780 480 817 quae
498 768 532 804 in
548 768 643 804 hisce
665 768 876 815 Fragmentis
896 779 1059 813 praeterea
1077 772 1210 805 turbent
1227 772 1394 817 optimum
1416 785 1583 822 quemque
1609 775 1646 811 δι
1670 776 1916 825 sagaciffimum

121 823 358 867 Interpretem.
385 830 426 855 ea
446 820 556 867 gratia
570 817 617 854 fui
636 817 748 853 animo
764 816 906 863 minime
924 816 1062 852 omisso:
1092 818 1179 871 s3aepe
1202 820 1361 855 incedens
1383 822 1438 856 via
1464 832 1544 859 ante
1570 825 1694 861 nullius
1713 838 1769 862 aut
1787 840 1916 876 pauco·

121 882 196 906 rum
222 870 361 915 pedibus
379 868 474 911 trita,
502 878 538 903 ut
561 877 596 903 ut
623 865 849 901 obscurissima
875 875 976 912 atque
1000 866 1189 912 asperrlma.
1219 869 1301 903 tanti
1320 879 1408 913 erat,
1438 870 1461 905 sl
1485 873 1622 918 liceret,
1649 875 1683 910 in
1708 874 1790 912 locis
1814 878 1915 914 inviis

120 920 266 966 aliquam
284 919 423 964 planare
441 917 593 953 semitam
613 944 621 959 ,
651 915 817 951 &lucem
834 914 968 958 facere,
997 915 1054 950 ubi
1069 926 1139 950 nox
1164 917 1256 951 erat!
1284 918 1362 964 quid
1378 920 1639 966 extricaverim,
1670 925 1784 961 malim
1810 933 1854 962 ex
1881 939 1913 963 a-

119 969 188 1011 liis,
216 977 317 1014 quam
338 977 382 1002 ex
401 977 475 1010 me,
501 965 661 1013 intelligi:
680 964 825 1012 ¹quando
847 965 889 999 de
916 963 947 999 se
966 965 1107 1009 quisque
1119 965 1230 1010 *sperat
1249 967 1346 1002 bene.
1373 978 1439 1015 ego
1458 980 1594 1017 quoque
1614 971 1673 1007 etsi
1694 985 1761 1010 non
1783 976 1915 1024 magni-

117 1017 185 1053 fice
208 1016 250 1051 de
269 1027 324 1051 me
341 1015 501 1058 sentiam3
528 1015 677 1050 humano
698 1025 794 1049 more
814 1011 898 1048 mihi
919 1012 1091 1048 blandior:
1112 1013 1259 1060 alioquin
1282 1026 1352 1051 non
1376 1016 1546 1054 habiturus
1564 1020 1640 1055 haec
1667 1021 1828 1060 scribendi
1851 1037 1916 1071 pu-

118 1065 334 1111 blicandique
351 1074 408 1100 aut
428 1064 561 1100 causam
583 1073 638 1099 aut
653 1061 894 1099 neceffitatem.
919 1061 1008 1107 quod
1029 1061 1051 1096 sl
1067 1061 1190 1097 alicubi
1211 1075 1262 1099 res
1282 1063 1320 1099 fit
1345 1066 1453 1101 minus
1477 1079 1520 1107 eX
1540 1068 1720 1109 sententia:
1751 1071 1806 1119 (ut
1831 1074 1912 1111 nihil

116 1116 168 1151 est
183 1114 391 1162 perfectum)
418 1125 483 1150 nec
500 1113 630 1149 idcirco
655 1111 784 1148 desinet
809 1109 976 1146 laudabile
996 1109 1062 1146 effe
1087 1110 1263 1147 confilium
1284 1112 1373 1157 ausi,
1400 1113 1522 1161 aliquid
1549 1119 1705 1155 meditari
1730 1133 1793 1168 pro
1816 1134 1914 1158 com-

117 1164 215 1199 muni
231 1165 340 1205 bono;
367 1163 405 1199 &
421 1161 615 1198 volentibus
631 1159 753 1196 imitari
769 1159 964 1206 exemplum
978 1187 987 1202 ‚
1015 1160 1168 1205 praebere
1185 1160 1402 1198 occasionem
1421 1164 1602 1212 detegendi
1621 1168 1716 1213 plura
1734 1170 1844 1208 adhuc
1862 1172 1913 1208 in-

117 1213 267 1260 cognita.
294 1211 365 1257 ipse
379 1210 493 1246 nescio
507 1238 517 1254 ‚
545 1221 587 1245 an
606 1209 742 1245 ulterius
772 1209 832 1244 fim
852 1208 929 1256 quid
949 1208 1142 1245 moliturus:
1171 1221 1272 1258 quern
1293 1222 1400 1247 annus
1417 1213 1528 1249 sextus
1545 1214 1582 1251 &
1598 1215 1822 1264 sexagesimus
1838 1233 1914 1257 rno-

117 1272 175 1298 net
192 1261 273 1308 legis
288 1260 450 1295 Naturae:
481 1270 549 1295 non
568 1258 676 1306 magis
695 1256 855 1301 floribus,
883 1258 1092 1306 plantisque,
1119 1258 1157 1294 ἃ
1171 1260 1302 1304 caeteris
1321 1261 1542 1307 animalibus,
1573 1275 1676 1311 quam
1698 1267 1912 1315 hominibus,

114 1310 270 1358 ponentis
289 1308 417 1352 finem,
445 1307 517 1344 aliis
532 1308 748 1351 breviorem,
775 1307 846 1343 aliis
862 1307 1071 1354 longiorem,
1100 1309 1256 1345 omnibus
1280 1322 1395 1348 unum.
1423 1323 1479 1348 me
1497 1324 1583 1348 vero
1599 1314 1665 1350 hac
1690 1315 1834 1352 solutum
1861 1331 1912 1354 es-

115 1360 167 1402 se,
196 1357 253 1405 qui
269 1357 398 1403 sperem
415 1357 509 1393 sanus
524 1358 541 1392 ‘r'
567 1367 776 1405 quapropter
791 1357 928 1392 decrevi
946 1356 1077 1400 facere,
1106 1358 1197 1404 quod
1215 1358 1323 1395 solent
1342 1361 1599 1409 peregrinaturi.
1626 1363 1672 1399 illi
1695 1365 1728 1401 in
1754 1375 1912 1414 tempore

115 1408 284 1455 colligunt
307 1408 408 1450 vasa3
448 1405 485 1442 ἅ
505 1418 580 1454 quae
606 1419 626 1443 e
646 1419 682 1442 re
709 1407 764 1442 sua
785 1406 988 1452 suorumque
1014 1406 1090 1441 fore
1110 1406 1327 1452 existimant,
1348 1408 1435 1457 ⁴dum
1467 1410 1567 1455 licet,-
1601 1412 1793 1460 disponunt.
1825 1428 1911 1463 ego,

113 1467 280 1504 quotquot
297 1455 454 1492 honestas
478 1466 594 1492 amant
616 1467 701 1492 artes
713 1483 723 1499 ,
751 1467 807 1491 me
821 1466 935 1491 earum
953 1455 1112 1492 societate
1129 1455 1221 1503 quasi
1242 1458 1378 1497 vinculo
1397 1460 1614 1507 cognationis
1631 1462 1775 1499 attinere
1789 1491 1799 1507 ,
1827 1465 1913 1501 mihi

115 1501 320 1553 persuadeo}
347 1505 491 1552 ideoque
510 1505 650 1553 cupiens
673 1505 745 1548 his,
774 1504 797 1539 si
813 1503 955 1551 posslm,
984 1510 1078 1552 aeque
1104 1506 1220 1542 absens
1238 1518 1280 1542 ac
1305 1508 1451 1552 praesens
1478 1509 1657 1556 prodesse,
1685 1523 1761 1559 quae
1786 1514 1912 1560 imper-

113 1554 205 1592 feeta
223 1555 415 1601 pendebant
434 1555 568 1602 Opera,
587 1555 627 1590 ad
644 1553 824 1601 quamdam
842 1554 1075 1590 maturitatem
1092 1554 1216 1591 idonea
1235 1557 1379 1603 perduxi
1403 1569 1495 1593 cura.
1549 1559 1691 1607 Insuper
1707 1573 1779 1608 quae
1798 1563 1912 1599 diver-

113 1604 157 1640 fis
175 1604 385 1650 temporibus
402 1614 479 1639 ante
492 1606 829 1639 communicaveram
855 1614 935 1638 cum
960 1602 1094 1639 erudito
1121 1604 1204 1639 orbe
1223 1631 1233 1648 ‚
1269 1606 1388 1641 eadem
1413 1607 1491 1642 alibi
1517 1608 1625 1655 aliqua
1648 1612 1833 1647 verborum
1859 1624 1913 1648 re-

115 1664 277 1700 rumque,
293 1653 372 1688 alibi
392 1663 543 1688 totorum
562 1651 936 1700 capitum‚adje6*tione
953 1652 1071 1697 adjuvi
1088 1662 1146 1688 aut
1168 1654 1268 1698 auxi3
1285 1654 1405 1701 &jam
1428 1655 1547 1703 saepius
1567 1658 1746 1704 separatim
1768 1659 1858 1707 typis
1877 1672 1913 1696 e-

114 1702 202 1746 dita,
231 1714 298 1748 quo
317 1702 434 1737 melius
453 1702 752 1745 conservarentur,
780 1701 849 1737 hoc
867 1701 1031 1748 conjunxi
1052 1701 1244 1739 volumine:
1268 1715 1332 1739 nec
1349 1703 1395 1739 fic
1416 1705 1466 1740 eis
1486 1706 1657 1752 pollicitus
1674 1708 1910 1745 aeternitatem

114 1762 186 1787 non
204 1749 255 1787 est
271 1763 313 1787 ea
329 1751 553 1786 humanarum
577 1762 710 1787 rerum:
736 1749 774 1787 ἃ
792 1750 924 1798 superbi
941 1750 999 1793 fit,
1026 1751 1115 1787 hanc
1133 1751 1226 1798 spem
1256 1753 1470 1799 praesumere.
1498 1764 1533 1791 at
1552 1767 1617 1792 nec
1640 1758 1771 1793 mundo
1787 1758 1912 1805 peribit

113 1800 262 1834 multum
281 1800 375 1835 hisce
390 1800 529 1836 carenti.
557 1810 762 1848 quamquam
780 1800 861 1836 dum
884 1799 1083 1843 exstabunt,
1110 1812 1170 1835 cur
1197 1801 1305 1836 nolim
1327 1802 1517 1848 proficere,
1553 1803 1577 1839 fi
1597 1815 1742 1851 queant,
1770 1806 1917 1843 curiosis.

116 1847 255 1890 talium,
283 1858 348 1883 nec
363 1847 496 1883 causam
514 1847 634 1883 habeo.
687 1849 826 1883 Interim
849 1848 894 1883 nil
921 1848 1088 1893 profiteor
1108 1848 1195 1884 ultra
1216 1850 1406 1895 probabile.
1444 1850 1558 1887 minus
1584 1853 1655 1889 aliis
1679 1855 1776 1899 posui
1798 1857 1911 1902 legem

116 1908 220 1945 quam
237 1895 422 1943 sequantur.
452 1904 603 1940 tanturn,
630 1905 665 1931 ut
682 1895 718 1931 in
735 1895 839 1931 libera
857 1895 1051 1941 republica,
1086 1907 1202 1930 meum
1227 1896 1305 1931 dedi
1326 1895 1537 1944 suffragium.
1565 1898 1599 1935 id
1623 1900 1647 1935 fi
1675 1903 1731 1937 cui
1755 1903 1910 1940 videatur

116 1945 159 1981 ad
176 1944 359 1982 verisimile
375 1945 555 1980 accedere:
582 1945 713 1991 probet.
740 1943 787 1978 fin
807 1943 922 1979 aliter:
949 1952 1068 1978 mutet.
1096 1944 1241 1979 alterum
1255 1954 1356 1991 opto:
1384 1945 1530 1982 alterum
1545 1948 1791 1997 nonlinvideo.
1826 1951 1910 1989 abfit

115 1995 221 2030 modo
238 1993 461 2030 contumelia:
489 2005 508 2028 a
525 2004 588 2040 qua
604 1992 674 2039 ipse
689 1989 833 2028 abstinui
849 1990 1116 2039 diligentiffime:
1146 1992 1346 2030 indecoram
1369 1995 1548 2033 arbitratus
1565 1996 1692 2033 famam
1714 1998 1908 2038 ab'alteriu's

118 2042 358 2079 imminutione
378 2041 530 2088 petitam.
560 2041 650 2089 quod
667 2041 691 2076 fi
711 2043 783 2089 quis
808 2042 1017 2077 contrarium
1041 2042 1164 2077 malet:
1200 2054 1257 2078 me
1282 2054 1349 2079 non
1373 2043 1526 2082 offendet
1557 2047 1621 2085 suis
1648 2048 1721 2086 usus
1746 2050 1907 2089 moribus.

118 2093 202 2129 meis
222 2092 334 2139 placet
358 2103 399 2127 ac
415 2091 547 2138 semper
561 2091 708 2138 placebit
727 2091 793 2127 hoc
811 2089 931 2126 Ovidii
948 2091 1001 2125 lib.
1022 2101 1055 2127 2.
1069 2091 1120 2127 De
1136 2091 1233 2129 Ponto
1252 2091 1355 2140 Epzst.
1375 2104 1412 2138 9.

462 2190 621 2236 Ingenuus
644 2187 776 2235 didiciffi
793 2189 933 2236 fideliter
956 2195 1040 2224 artes

320 2238 448 2273 Emollit
473 2251 590 2283 mores,
617 2250 672 2274 nec
686 2237 766 2284 finit
790 2237 846 2285 ff
863 2237 966 2284 feros.

123 2333 297 2381 Subjefftus
320 2334 369 2371 est
392 2336 433 2371 ad
456 2335 564 2372 finem
591 2336 773 2372 voluminis
795 2336 959 2384 generalis
983 2334 1110 2379 Index,
1137 2336 1175 2373 ἃ
1197 2336 1344 2387 duplex:
1377 2339 1459 2376 alter
1485 2352 1597 2378 rerum
1625 2342 1900 2391 verborumque,

121 2384 201 2420 alter
225 2384 377 2420 locorum
405 2395 461 2420 aut
482 2385 731 2433 explicatorum
755 2396 812 2421 aut
834 2385 1107 2421 emendatorum.
1132 2397 1206 2422 erat
1230 2388 1259 2424 is
1282 2389 1482 2426 neceffarius
1507 2391 1577 2427 usui
1605 2394 1830 2440 complurium
1853 2395 1901 2430 0-

120 2443 238 2477 perum
264 2433 348 2468 varii
369 2434 521 2481 generis:
550 2435 584 2470 in
607 2435 727 2482 quibus
749 2435 854 2471 multa
878 2434 950 2471 sunt
970 2445 1014 2472 ex
1040 2432 1214 2481 professo,
1241 2439 1394 2485 quaedam
1418 2450 1462 2475 ex
1482 2440 1661 2479 occasione
1679 2442 1815 2487 tradita,
1844 2442 1902 2479 ubi

121 2492 189 2517 non
212 2482 457 2528 exspetstantur.
509 2484 609 2521 Vale.
1194 2495 1196 2497 ·

1775 3233 1901 3283 IN·-
