2052 3487
213 144 284 178 190

209 221 308 263 efi'et,
326 226 467 263 quaenam
477 216 634 251 usurarum
645 215 742 248 usurae
755 214 877 248 forent.
898 225 974 248 cum
996 215 1081 248 enim

211 272 340 296 cautum
358 261 453 298 effet,
476 259 588 290 neillae
612 259 824 291 ducerentur:
854 258 1016 298 (nempe,
1040 267 1081 289 ne

213 308 325 336 eadem
340 313 389 334 res
405 304 434 332 61
451 299 540 332 causa
556 299 651 338 ess'et,
676 299 705 330 <St
728 299 863 330 aceeffio
879 322 889 339 ,
911 308 984 331 cum
1002 298 1081 330 faci—

211 346 234 378 li
254 344 407 377 debitoris
424 342 564 382 pernicie
586 342 605 372 l.
627 351 658 373 2.
682 340 712 381 §.
729 351 758 380 5.
782 339 825 371 D.
846 340 880 371 de
902 339 1082 381 administra-

212 387 287 424 tione
317 394 414 416 rerum
441 385 479 414 ad
500 384 646 414 civitatem
667 383 901 422 pertinentium)
933 381 1081 414 homines

210 427 294 465 avari
307 450 316 465 ,
341 424 393 456 sed
407 424 482 464 juris
501 425 626 463 callidi,
651 423 706 455 sub
725 423 830 464 specie
847 423 1010 455 servandae
1037 422 1080 454 le-

210 469 276 508 gis,
301 468 366 508 ejus
393 467 457 498 vim
481 465 619 498 elusere:
643 464 789 506 prorsus,
814 471 849 495 ut
874 474 939 495 non
963 465 1079 503 rebus,

209 509 263 542 sed
290 508 395 540 verbis
410 530 419 546 ‚
444 507 544 547 posita
569 508 740 539 videretur.
770 507 972 546 interpretati
995 506 1080 536 enim

210 550 299 589 sunt,
329 550 489 582 usurarum
524 549 625 581 usuras
649 548 820 587 exerceri3
851 547 905 579 ubi
938 546 1081 579 creditor

211 592 394 632 stipulatur,
419 592 587 631 pecuniam
605 600 699 632 quarn
719 590 876 629 credidit,
907 587 963 620 fibi
988 588 1079 620 reddi

211 642 300 671 certa
317 634 388 671 dic,
413 633 442 664 i&
470 642 534 672 quo
561 633 680 663 tardius
707 630 864 669 solvatur,
889 629 955 670 ejus
977 628 1081 661 usuras

210 676 294 714 dari:
319 674 366 706 his
384 682 517 714 quoque
539 673 591 705 sua
607 674 658 705 die
675 682 741 704 non
763 673 889 709 solutis,
912 671 1008 702 etiam
1032 679 1082 701 ea-

208 726 279 749 rum
303 716 409 748 usuras
434 715 588 756 praestari:
613 723 710 755 atque
727 723 779 745 eas
804 713 890 745 civili
917 711 1082 753 prohiberi

207 758 294 799 jure:
318 759 392 799 quia
417 764 484 789 tum
509 767 549 788 ex
574 756 670 790 usuris
693 765 727 787 re
746 765 820 787 vera
843 754 942 786 usurae
958 753 1082 785 solvun-

211 807 279 833 tur:
303 801 336 831 id
351 799 416 836 est,
439 798 624 830 acceffionis
648 797 782 829 acceffio
802 796 856 828 est.
881 796 952 827 &is
971 794 1017 826 est
1032 803 1083 825 ca·

209 840 258 874 sus
275 843 294 874 l.
319 845 368 873 26.
393 840 422 883 §.
443 850 469 872 1.
494 840 533 872 D.
550 841 583 871 de
603 838 778 871 condictione
794 838 931 877 indebiti,
949 835 986 871 ἑὸ)
1003 836 1021 867 l.
1034 846 1082 876 27.

211 883 254 920 D.
270 885 303 915 de
319 892 349 913 re
362 883 509 924 judicata.
533 890 565 913 at
582 883 680 923 longe
702 881 787 912 aliud
812 878 900 918 esse;
922 878 944 910 fi
966 876 1083 917 usurae,

209 932 283 957 ante
304 924 440 964 debitae,
462 924 701 955 interveniente
722 921 926 964 stipulatione
944 920 1083 951 adunen-

210 974 280 1006 t,ur;
303 973 400 1006 atque
418 975 458 997 ex
475 965 594 997 summa
615 966 737 1006 integra
752 987 763 1003 ,
786 963 807 995 fi
830 972 895 995 non
923 961 1082 999 solvatur,

210 1009 276 1042 aliae
293 1006 396 1040 rursus
413 1006 509 1039 usurae
527 1009 764 1049 promittantur.
782 1003 887 1036 usuras
906 1004 992 1035 enim
1007 1010 1084 1033 con-

209 1050 396 1089 summatas,
432 1050 529 1090 inque
546 1048 664 1081 sortem
689 1047 829 1080 redactas
845 1069 855 1085 ,
885 1055 960 1078 1101]
978 1042 1083 1075 010133

210 1101 358 1130 1113ηο10,
381 1090 434 1123 sed
453 1091 570 1123 sortem
591 1090 686 1123 effici.
709 1099 750 1121 ex
776 1097 838 1130 qua
862 1086 965 1131 usuras
989 1086 1084 1117 debe-

208 1135 252 1172 ri,
285 1142 391 1174 neque
415 1134 521 1174 legem
554 1133 730 1172 impedire3
755 1130 827 1172 quia
852 1130 891 1161 de
918 1128 1013 1159 uiuris
1038 1126 1084 1173 10-

209 1176 333 1217 quitur:
358 1183 463 1214 neque
481 1175 656 1213 rationem3
680 1182 753 1204 cum
771 1180 836 1204 non
854 1168 974 1202 interfit
992 1168 1081 1214 deb-1-

210 1217 309 1255 toris,
331 1224 437 1248 utrum
453 1224 585 1258 accepta
600 1225 617 1247 a
633 1216 796 1247 creditore
811 1220 921 1244 1110103
945 1217 1083 1252 pecunia

210 1260 237 1291 ei
264 1257 366 1291 usuras
383 1257 505 1297 solvat;
527 1268 564 1289 an
593 1266 670 1298 quas
698 1256 814 1293 debet,
840 1254 906 1294 eJus
930 1250 1084 1283 consensu

211 1301 360 1333 retineat.
384 1309 450 1340 quo
472 1300 505 1331 in
529 1298 619 1339 casu,
650 1297 707 1330 etii
736 1297 839 1338 palam
858 1297 931 1326 data
957 1302 1022 1340 non
1047 1291 1084 1323 iit

210 1350 321 1374 mutua
337 1341 494 1383 pecunia,
507 1349 613 1372 tamen
631 1339 763 1380 intelligi
781 1338 887 1369 datam
911 1336 1002 1366 brevi
1020 1342 1084 1380 rna·

210 1393 265 1416 nu.
291 1384 422 1415 rationis
449 1392 580 1424 quoque
607 1381 689 1420 effe,
714 1390 754 1412 ne
781 1378 934 1410 creditori
960 1375 1083 1407 steriles

210 1425 272 1458 fint
296 1423 411 1464 usurae,
443 1433 516 1455 cum
541 1424 669 1455 interim
700 1421 829 1466 debitor
850 1418 966 1451 fruitur
988 1424 1084 1459 pecu·

210 1466 262 1498 nia
277 1466 414 1503 credita,
437 1473 491 1496 aut
508 1465 602 1496 rebus
619 1474 660 1495 ex
676 1472 713 1494 ea
731 1468 867 1501 emptis:
890 1467 925 1491 ut
942 1468 982 1490 ex
1010 1460 1085 1489 Am-

210 1507 338 1545 broilo,
363 1506 410 1536 De
429 1505 516 1537 Tobia
539 1515 564 1537 c.
589 1508 620 1536 6.
649 1512 724 1536 ante
749 1503 880 1535 (11610111.
924 1500 986 1532 Sed
1014 1500 1085 1530 haec

210 1558 278 1587 res,
311 1547 457 1589 quamvis
483 1547 513 1578 ὅ(
544 1546 676 1579 rationis
699 1545 729 1577 &
758 1546 834 1585 Juris
865 1543 1005 1584 speciem
1031 1540 1086 1572 ha·

210 1590 307 1628 beat,
332 1596 437 1620 tamen
456 1597 522 1620 non
538 1589 643 1621 dicam
659 1585 851 1624 Ambrofio,
875 1585 903 1616 d.
931 1584 982 1615 loc.
1007 1592 1032 1614 c.
1056 1591 1086 1617 9.

211 1630 249 1667 ὅ)
273 1640 300 1671 7<
335 1629 372 1665 &²
395 1640 419 1662 c.
448 1639 496 1662 12.
529 1629 566 1664 {5⁹
593 1640 639 1671 13.
676 1631 775 1669 (nam
799 1628 824 1659 is
842 1635 957 1658 omnes
981 1625 1087 1659 usuras

213 1673 361 1712 damnat)
378 1671 430 1703 sed
449 1670 625 1712 justiniano
643 1670 790 1712 displicet
805 1668 824 1701 l.
843 1672 893 1703 28.
919 1667 952 1698 C.
971 1668 1004 1697 de
1020 1668 1087 1705 usu-

211 1715 272 1748 ris:
296 1714 369 1756 quia
386 1713 415 1745 ei
433 1713 495 1745 visa
511 1713 574 1752 est,
599 1721 791 1754 quamquam
818 1719 884 1741 non
912 1708 990 1750 legis
1015 1716 1085 1754 ver-

213 1755 287 1796 bis,
319 1763 425 1788 tamen
457 1753 621 1790 sententiae
647 1751 811 1786 adversari.
843 1750 978 1791 quaeso,
1010 1748 1087 1790 quid

211 1798 277 1839 agit
296 1797 347 1829 lex
364 1819 375 1835 ,
399 1805 472 1828 cum
495 1795 599 1829 usuras
616 1794 774 1828 usurarum
792 1801 880 1824 vetat
893 1815 902 1831 ,
926 1799 1021 1833 quam
1042 1798 1091 1822 ne

212 1839 360 1878 debitor,
383 1846 437 1870 aut
460 1839 644 1880 negligens,
675 1844 728 1868 aut
753 1842 878 1867 tantum
904 1833 992 1874 quod
1015 1839 1088 1863 ante

214 1881 315 1922 pedes
331 1881 431 1912 modo
446 1879 491 1911 est
509 1880 640 1919 videns,
664 1888 730 1910 non
747 1878 843 1909 etiam
876 1875 927 1907 1113
945 1882 1016 1915 quae
1039 1872 1088 1904 fu-

213 1930 283 1954 tura
311 1920 382 1954 sunt
407 1920 623 1962 prospiciens,
654 1920 770 1961 (quod
798 1917 970 1949 Terentius
998 1915 1089 1946 Adel-

207 1965 277 2005 phis
296 1973 324 2005 3.
351 1973 378 2005 3.
405 1963 554 2003 sapientis
578 1961 640 1994 esse
657 1961 832 2002 opinatur)
855 1959 894 1990 ab
912 1958 1088 1989 inhumano

214 2005 376 2037 creditore
393 2005 552 2036 usurarum
571 2003 791 2036 cumulatione
808 2001 1032 2042 opprimatur3
1056 1998 1089 2029 &

215 2047 293 2086 quid
309 2046 456 2085 interest,
478 2046 500 2078 11
517 2047 556 2078 ad
582 2047 704 2078 exitum
728 2043 868 2085 speeies,
892 2049 997 2073 utrum
1021 2049 1088 2071 cre-

215 2088 302 2119 ditor
323 2097 363 2119 ex
382 2086 477 2119 usuris
495 2088 600 2120 usuras
618 2089 649 2119 in
667 2086 909 2127 stipulationem
929 2082 1087 2120 deducat,

215 2138 255 2161 an
271 2139 312 2161 ex
327 2128 446 2169 usuris,
470 2130 501 2160 in
518 2128 634 2161 sortem
657 2127 811 2166 redactis,
834 2125 938 2170 usuras
962 2123 1087 2170 stipule-

215 2171 293 2202 tur?
316 2179 406 2211 aeque
424 2171 510 2202 enim
533 2171 564 2203 in
583 2171 642 2202 hac
662 2178 758 2210 atque
783 2170 814 2200 in
839 2167 891 2199 illa
914 2166 1019 2206 {pecie
1046 2173 1087 2195 ex

213 2210 311 2243 usuris
336 2211 440 2243 usuras
466 2212 575 2250 ducit,
611 2211 760 2243 debitore
783 2218 881 2242 morae
908 2207 1088 2248 periculum

215 2251 526 2294 parum-sentiente:
551 2251 607 2284 etfi
630 2252 661 2284 in
686 2252 784 2283 altera
808 2251 910 2292 palam
936 2248 1033 2286 facit,
1056 2248 1088 2279 in

215 2294 313 2326 altera
336 2303 403 2326 rem
426 2295 532 2326 verbis
559 2293 665 2335 tegit:
697 2301 793 2333 atque
821 2302 861 2323 eo
885 2289 1092 2332 periculofius·

216 2336 378 2375 debitori;
410 2334 484 2377 quia
508 2336 552 2366 113
576 2334 632 2374 fit,
655 2343 690 2366 ut
713 2336 738 2367 is
762 2333 866 2365 usuras
891 2332 1009 2363 deinde
1033 2340 1091 2371 per

215 2385 322 2419 partes
340 2376 482 2416 solvere,
506 2385 610 2418 eaque
638 2386 672 2408 re
697 2375 801 2407 usuras
826 2374 986 2407 usurarum
1012 2382 1090 2414 prze-

215 2420 327 2451 venire
344 2442 354 2459 ,
378 2428 444 2450 non
470 2419 574 2460 poffit.
599 2418 688 2459 quod
705 2418 825 2456 altero,
851 2416 880 2447 &
898 2416 961 2446 hoc
985 2414 1086 2455 publi-

217 2469 256 2491 ce
279 2460 487 2501 improbato,
511 2461 701 2493 anatocismi
729 2468 851 2501 genere
865 2457 973 2489 facere
998 2464 1089 2498 pote-

217 2508 276 2533 rat.
879 2507 882 2509 ’

258 2542 356 2583 Igitur
379 2551 453 2575 ante
480 2542 687 2583 Justinianum
712 2541 800 2574 licita
824 2551 889 2573 non
913 2540 976 2572 fuit
999 2537 1089 2570 usura

216 2582 335 2623 usurae,
360 2592 572 2625 praeterquam
591 2586 622 2616 in
651 2584 768 2615 sortem
790 2583 936 2614 reduerae.
979 2580 1090 2612 Tutor

217 2631 327 2656 tamen
344 2624 504 2657 usurarum
521 2635 598 2666 quas
614 2636 630 2656 a
647 2625 758 2666 pupilli
784 2624 986 2656 debitoribus
1015 2631 1088 2653 exe-

217 2667 284 2708 git,
307 2665 477 2707 usibusque
501 2667 560 2698 suis
582 2667 732 2705 retinuit,
762 2665 867 2697 usuras
891 2665 990 2697 debet
1014 2664 1089 2704 judi-

218 2709 271 2740 cio
287 2708 381 2739 bonae
396 2707 481 2739 fidei.
524 2709 575 2739 Sic
591 2707 655 2740 est:
677 2707 729 2739 sed
747 2709 825 2748 quid
841 2707 960 2745 refert,
986 2710 1090 2737 utrum

218 2749 331 2790 pupilli
350 2748 486 2787 sortem,
509 2758 547 2781 an
563 2750 629 2789 ejus
647 2748 769 2787 usuras,
795 2750 826 2781 in
844 2749 912 2781 usus
929 2747 999 2779 suos
1015 2756 1091 2778 con-

217 2799 321 2822 vertat
337 2790 356 2821 l.
373 2800 401 2831 7.
427 2790 456 2832 §.
479 2798 526 2822 12.
551 2790 592 2821 D.
616 2792 649 2821 de
666 2789 913 2830 administratione
938 2787 1092 2820 tutorum?

216 2830 315 2864 usurae
338 2833 442 2870 enim,
467 2832 634 2872 postquam
650 2831 778 2862 -exacrae
804 2831 873 2863 sunt
896 2841 913 2862 a
938 2831 1091 2862 debitori-

218 2873 301 2913 bus,
323 2874 408 2914 apud
430 2881 572 2905 tutorem
592 2873 644 2911 qui
662 2881 713 2903 eas
738 2873 867 2914 exegit,
890 2882 956 2904 non
984 2880 1090 2903 acces-

217 2914 334 2954 nonis,
357 2913 410 2946 sed
427 2914 539 2953 sortis,
563 2914 634 2944 vice
652 2912 828 2953 funguntur
849 2915 868 2944 l.
886 2919 935 2954 58.
959 2913 989 2956 §.
1010 2922 1036 2944 1.
1054 2912 1091 2947 &³

218 2956 248 2999 §.
268 2967 298 2995 4.
325 2955 366 2988 D.
387 2957 445 2988 eod.
470 2957 517 2987 tit.
544 2955 653 2987 ’1110111
678 2955 743 2991 eit,
765 2954 787 2985 11
811 2963 917 2994 tutor,
940 2964 994 2986 aut
1019 2963 1090 2995 pro-

217 3005 368 3036 curator,
391 3005 444 3029 aut
463 2998 670 3040 negotiorum
685 2994 815 3035 gestor,
835 2997 946 3036 pupilli
964 3003 1016 3027 aut
1034 2996 1090 3027 d0=

217 3040 295 3071 mini
325 3039 539 3071 creditoribus
564 3036 668 3069 usuras
687 3036 833 3068 solverit:
858 3038 931 3077 quia
955 3037 1090 3077 pecunia

221 3088 316 3120 quam
341 3089 402 3121 pro
425 3081 548 3122 pupillo
570 3086 624 3110 aut
646 3078 780 3116 domino
802 3078 978 3117 expendit„
1007 3078 1091 3119 apud

222 3130 296 3153 eum
313 3122 405 3154 sortis
424 3124 497 3154 vice
514 3121 679 3162 fungitur-»2
702 3127 799 3160 atque
815 3127 884 3150 eam
903 3117 1091 3157 solvit,non

220 3160 286 3197 sui,
309 3162 362 3194 sed
387 3164 518 3205 pupilli,
542 3171 596 3194 aut
627 3160 770 3199 domini,
800 3160 1089 3197 contemplatione.

220 3202 307 3234 recte
327 3204 421 3243 igitur
434 3214 525 3245 petet
542 3205 609 3244 ejus
632 3201 753 3241 usuras,
776 3211 843 3233 non
866 3200 950 3242 quafi
977 3200 1093 3238 usurae,

811 127 1122 163 GERARDI

1171 126 1407 163 Noon'r

1123 216 1307 255 numeravit
1322 239 1333 256 ,
1355 225 1410 248 eas
1432 222 1501 257 quae
1519 214 1551 246 in
1575 213 1710 256 regione
1724 214 1988 257 frequentantur:

1122 257 1167 290 fin
1182 257 1304 290 foenori
1319 258 1503 297 acceperit,
1525 265 1603 297 quas
1621 257 1751 297 pendit,
1782 266 1835 290 eas
1858 261 1991 300 recipiet

1124 310 1166 332 ex
1182 299 1236 334 010
1249 300 1359 340 judicii
1384 300 1477 331 bonae
1498 298 1573 330 fidei
1600 298 1620 328 l.
1646 308 1695 339 37.
1719 298 1761 330 D.
1786 301 1819 330 de
1843 301 1947 340 usuris.
1970 303 1992 335 1.
2038 316 2040 335 l

1124 351 1174 373 12.
1198 341 1226 383 §.
1252 350 1281 377 9.
1307 339 1349 372 D.
1368 340 1511 372 Manclati
1525 340 1572 370 vel
1588 346 1696 371 contra.
1720 340 1740 370 l.
1757 350 1787 382 3.
1809 335 1838 383 §.
1858 349 1884 373 1.
1909 341 1949 373 D.
1959 344 1992 374 de
2038 354 2039 357 ¹

1125 384 1271 414 contraria
1286 382 1382 413 tuteloe
1398 382 1435 416 ὅ)
1447 382 1515 413 utili
1530 380 1649 412 afflone.
1688 380 1767 413 Non
1784 382 1869 414 idern
1887 383 1991 416 dicen·-

1125 425 1200 461 dum
1223 424 1255 455 in
1271 423 1405 464 persona
1429 423 1557 455 secundi
1583 423 1752 455 creditoris
1774 425 1826 455 cui
1852 424 1993 467 obligata

1123 474 1172 498 res
1195 464 1258 504 est3
1281 464 1303 496 11
1318 467 1383 505 ejus
1407 466 1543 506 pecunia
1566 463 1704 496 dimissus
1727 464 1764 496 fit
1786 465 1906 508 primus
1927 471 1992 498 cre·

1123 508 1217 539 ditor.
1240 515 1313 539 113111
1330 505 1385 537 etii
1408 516 1445 538 ea
1468 516 1517 538 res
1534 507 1562 538 ei
1583 513 1751 545 teneatur,
1773 507 1870 538 etiam
1892 507 1992 540 invito
2039 511 2040 535 1

1123 548 1291 587 debitore,
1315 555 1380 579 tam
1397 549 1428 579 in
1448 547 1535 579 suum
1562 547 1725 586 debitum,
1742 557 1837 589 quam
1854 548 1886 579 in
1901 550 1993 590 primi

1123 590 1316 627 creditoris,
1341 589 1371 620 <St
1391 590 1421 621 in
1443 590 1547 621 usuras
1564 588 1692 627 suas,&
1713 596 1790 629 quas
1807 589 1912 631 primo
1930 600 1995 625 cre-

1126 632 1223 662 dito-ri
1248 629 1358 661 sol-vit:
1388 638 1515 669 tamen,
1547 637 1580 661 ut
1601 630 1809 671 Papinianus,
1840 631 1870 663 &
1888 641 1928 663 ex
1952 641 1993 664 eo
2040 666 2041 672 ¹

1126 672 1330 710 Marcianus,
1353 671 1479 711 scribit,
1503 681 1627 712 aequum
1646 681 1711 705 non
1731 671 1848 711 fuerit,
1872 682 1945 704 eum
1961 676 1994 705 11-

1125 712 1264 745 surarum
1282 722 1359 753 quas
1381 715 1486 752 primo
1510 713 1604 745 solvit
1623 737 1633 752 ,
1661 713 1766 744 010133
1798 712 1951 754 consequi
1974 716 1994 748 l.

1129 765 1175 787 12.
1200 755 1230 796 ᾗ.
1244 759 1274 786 6.
1299 754 1341 786 D.
1360 754 1424 800 Qui
1437 756 1559 798 potiores
1581 756 1614 786 in
1634 757 1762 795 pignore.
1787 755 1874 787 addit
1900 757 1997 788 ratio·
2040 755 2041 782 ἕ

1125 806 1200 828 110111
1227 796 1430 828 Marcianus:
1465 807 1501 828 03
1526 798 1607 828 13110
1631 796 1695 834 est,
1727 797 1816 836 quod
1841 796 1996 830 secundus

1126 838 1270 870 creditor
1291 838 1322 869 in
1338 837 1490 870 solvenda
1513 837 1597 869 sorte
1613 838 1643 869 ἃ
1659 836 1774 877 010113,
1800 838 1905 878 primo
1929 848 1996 871 cre·
2041 854 2042 857 ¹

1127 880 1224 911 ditori
1249 879 1366 910 debitis
1382 903 1392 918 ,
1415 890 1481 911 non
1504 878 1594 921 gessit
1617 879 1764 918 alterius,
1795 880 1826 911 id
1852 879 1914 919 est,
1944 881 1997 912 (10-

1126 921 1261 960 bitoris,
1285 921 1472 962 negotium3
1496 922 1548 953 sed
1566 921 1656 961 geffic
1680 921 1783 952 suum:
1807 930 1997 963 quamquam

1127 972 1200 994 eum
1219 972 1237 993 a
1260 963 1365 1003 primo
1389 963 1534 1002 pecuniae
1556 963 1615 993 suae
1640 963 1862 994 numeratione
1884 964 1997 995 libera·
2041 970 2042 1003 ᾖ

1127 1005 1184 1036 vit.
1211 1012 1283 1035 nam
1298 1004 1329 1035 id
1347 1012 1412 1035 non
1440 1004 1505 1044 ejus
1530 1004 1806 1044 contemplatione
1822 1003 1922 1045 fecit,
1945 1003 1998 1036 sed
2041 1018 2042 1022 ¹

1126 1046 1269 1087 pignoris
1295 1045 1339 1076 sui
1359 1045 1570 1077 confirmandi
1593 1046 1701 1087 gratia.
1725 1045 1755 1077 se
1779 1046 1893 1087 igitur,
1930 1056 2000 1079 11011
2042 1048 2043 1054 ’

1127 1087 1330 1125 debitorem,
1354 1085 1524 1125 spectavit:
1554 1087 1584 1118 &
1610 1087 1697 1127 quod
1721 1087 1763 1119 101
1788 1086 1876 1118 causa
1900 1086 1997 1128 fecit,
2042 1120 2043 1124 ,

1128 1130 1244 1167 alteri,
1281 1130 1313 1160 id
1337 1128 1400 1166 est,
1424 1128 1586 1166 debitori,
1615 1129 1773 1169 imputare
1797 1137 1862 1160 non
1889 1130 1997 1163 debet.

1125 1170 1258 1243 pulghre
1281 1170 1346 1202 hoc
1368 1170 1521 1202 Phaedrus
1545 1171 1593 1201 lib.
1615 1171 1720 1209 1.fab.
1737 1180 1785 1202 22.
1809 1170 1930 1202 indicat
1951 1172 1998 1206 his
2042 1207 2043 1214 ἵ

1125 1221 1243 1245 veris.
2042 1215 2043 1219 ’

1166 1276 1298 1318 Mustela
1312 1279 1347 1309 ab
1366 1277 1477 1309 bomine
1489 1276 1593 1317 prensa
1605 1299 1614 1315 ,
1630 1286 1720 1317 quiam
1736 1274 1891 1315 instantem
1906 1287 2000 1312 necem
2042 1268 2043 1273 ¹

1166 1318 1309 1361 Effugere
1323 1319 1428 1355 vellem,
1450 1318 1561 1360 quaefl),
1584 1319 1700 1358 inquit,
1720 1324 1827 1357 parcas
1848 1319 1919 1351 mibi

1167 1360 1242 1404 211ae
1260 1361 1312 1391 tibi
1327 1357 1445 1399 molestis
1468 1360 1597 1390 muribus
1608 1367 1702 1400 purgo
1719 1360 1841 1391 domum.

1168 1403 1326 1443 Respondit
1342 1401 1406 1432 ille.-
1422 1400 1538 1440 faceres
1548 1400 1578 1437 fi
1593 1405 1680 1440 causa
1696 1410 1776 1439 mea,

1167 1445 1296 1476 Gratum
1313 1442 1376 1483 effet
1387 1466 1396 1481 ,
1421 1441 1458 1476 &²
1474 1441 1605 1482 deciiffem
1621 1443 1736 1472 veniam
1756 1441 1898 1482 supplici:

1166 1486 1264 1518 Nunc
1280 1486 1349 1527 quio
1367 1484 1498 1522 laboras,
1522 1489 1554 1513 ut
1575 1483 1690 1520 fruaris
1707 1484 1838 1524 reliquiis

1167 1526 1253 1571 Quas
1262 1529 1340 1567 sunt
1357 1526 1450 1566 rosuri
1465 1548 1476 1564 ,
1491 1524 1581 1563 fimul
1600 1524 1636 1559 ὣς
1653 1530 1724 1565 ipsos
1744 1533 1880 1567 devores,

1169 1568 1245 1602 Noli
1260 1569 1404 1608 imputare
1418 1576 1531 1598 vanum
1550 1564 1716 1606 beneficium
1731 1567 1813 1598 mibi.

1169 1610 1269 1651 Atque
1284 1611 1328 1640 ita
1343 1609 1456 1640 locutus
1477 1609 1632 1647 improbam
1647 1607 1717 1638 letho
1732 1608 1819 1639 dedit.

1170 1652 1238 1684 Hoc
1255 1652 1328 1690 inse
1350 1649 1459 1681 ditium
1477 1650 1578 1680 debent
1593 1649 1638 1680 illi
1653 1652 1803 1690 agnolcere

1170 1693 1304 1738 Quorum
1317 1693 1441 1733 privata
1451 1691 1549 1731 servit
1570 1690 1682 1721 utilitas
1692 1688 1748 1729 sibi
1761 1714 1774 1729 ,

1168 1737 1211 1770 Et
1234 1735 1369 1766 meritum
1391 1735 1478 1765 inane
1489 1731 1607 1774 jobiam
1626 1732 1864 1773 imprudentibus.

1130 1791 1182 1825 Sic
1200 1792 1365 1824 Phaedrus.
1406 1790 1528 1824 Seneca
1551 1800 1681 1833 quoque
1697 1792 1746 1823 lib.
1770 1796 1800 1823 6.
1826 1792 1873 1824 De
1889 1792 2003 1830 benefic.
2043 1824 2044 1829 ,

1131 1845 1155 1866 c.
1180 1843 1210 1874 7.
1236 1833 1333 1865 verba
1363 1831 1505 1865 Senecae.
1529 1831 1705 1874 Beneficium
1729 1834 1843 1865 nullum
1867 1832 1926 1875 est,
1950 1829 2004 1872 'mfi
2043 1832 2044 1861 l

1131 1877 1206 1917 quod
1229 1875 1267 1906 ad
1289 1884 1340 1905 nos
1352 1876 1480 1915 primum
1497 1874 1599 1916 aliqua
1613 1877 1747 1918 cogitatio
1770 1877 1882 1915 defert,
1907 1877 2004 1917 deinde
2043 1897 2044 1901 ,

1131 1919 1223 1949 amica
1241 1915 1278 1951 ἐξ)
1297 1917 1431 1959 benigna«.
1988 1915 1990 1918 ’
2043 1921 2044 1924 ’

1170 1957 1248 1990 Non
1264 1958 1359 1999 igitur
1387 1958 1472 1989 licita
1496 1957 1559 1989 fuit
1585 1957 1673 1990 usura
1698 1957 1806 1990 usurae.
1853 1957 1961 2000 Quid,
1983 1956 2006 1988 11
2043 1966 2044 1978 ³

1130 2000 1273 2033 creditor
1295 1999 1332 2031 iit
1348 2000 1489 2031 minores
1507 1998 1629 2038 usuras,
1652 2000 1742 2032 verbi
1765 1999 1886 2042 gratia,
1911 1999 2006 2031 trien·
2043 1999 2045 2027 Ξ

1131 2050 1198 2081 tes,
1222 2041 1406 2081 1110013103,
1429 2041 1460 2072 &
1484 2040 1596 2073 1113103
1614 2042 1666 2073 (110
1690 2051 1756 2073 11011
1780 2041 1906 2078 solutis,
1932 2041 2007 2081 legi·

1132 2084 1244 2121 tima-s,
1266 2082 1329 2114 five
1347 2081 1562 2114 centesimas?
1585 2084 1765 2115 dubitatum
1785 2082 1855 2114 fuit.
1882 2082 1933 2114 sed
1951 2082 2007 2114 Pa-
2043 2082 2044 2115 Ξ

1131 2125 1277 2166 pinianus
1291 2124 1310 2155 l.
1327 2133 1356 2161 9.
1383 2123 1412 2165 §.
1436 2133 1461 2155 1.
1486 2123 1528 2155 D.
1547 2125 1582 2154 de
1596 2127 1693 2162 ulzcris
1708 2123 1796 2161 infit,
1816 2124 1889 2156 Non
1902 2132 2006 2165 paena,
2043 2129 2044 2144 ³

1125 2167 1176 2206 sed
1186 2167 1289 2206 faenus
1303 2167 1420 2196 uberius
1429 2163 1512 2207 justa
1528 2168 1636 2197 ratione
1643 2167 1734 2206 sortis
1757 2167 1949 2207 promittitur.
1975 2164 2006 2196 id

1132 2212 1212 2239 vero
1237 2207 1300 2246 est,
1325 2216 1390 2238 non
1418 2206 1507 2243 usura
1533 2208 1711 2246 usurarum,
1741 2208 1896 2249 (poenam
1922 2206 2005 2238 enim
2043 2223 2044 2226 =

1133 2259 1192 2291 pro
1211 2248 1301 2280 usura
1319 2248 1418 2288 dicit3
1442 2256 1477 2279 ut
1501 2247 1608 2290 saepe)
1631 2248 1683 2281 sed
1707 2249 1814 2290 major·
1833 2249 1941 2286 usura,
1963 2247 2006 2278 le'-

1133 2291 1244 2332 ι31111113
1262 2298 1389 2329 tamen,
1411 2299 1476 2322 non
1501 2291 1541 2322 de
1565 2291 1684 2329 usuris,
1707 2290 1760 2322 sed
1779 2290 1857 2330 justa
1882 2288 2005 2322 ratione
2043 2310 2044 2316 1

1133 2333 1226 2364 sortis
1243 2355 1253 2371 ,
1278 2332 1310 2363 id
1333 2331 1397 2370 est,
1420 2331 1461 2363 de
1477 2330 1579 2371 sorte,
1606 2331 1657 2364 100
1676 2333 1782 2373 capite
1808 2331 2005 2373 promittitur

1133 2374 1189 2405 sub
1205 2373 1412 2412 conditione,
1436 2372 1456 2404 fi
1471 2383 1559 2405 mora
1578 2374 1735 2406 debitoris
1752 2372 1827 2413 fiat,
1852 2382 1886 2405 ut
1904 2374 2006 2405 minor
2043 2379 2044 2406 Ξ

1133 2415 1222 2447 usura
1238 2414 1290 2446 103
1306 2415 1357 2447 die
1375 2424 1440 2446 non
1456 2413 1606 2447 solvatur.
2043 2417 2044 2423 ¹

1170 2455 1315 2488 Tantum
1340 2457 1380 2487 de
1410 2457 1611 2488 anatocismo
1631 2480 1641 2496 ,
1673 2450 1878 2498 stipulatione
1908 2454 2004 2487 facto.
2043 2452 2044 2456 ’

1131 2497 1241 2530 Venio
1263 2498 1302 2529 ad
1327 2507 1400 2529 euin
1425 2498 1477 2538 qui
1502 2507 1536 2529 re
1555 2499 1695 2538 judicata
1720 2506 1899 2530 exercetur.
1934 2505 2006 2528 nam

1133 2541 1163 2571 δε
1181 2540 1207 2571 13
1223 2539 1328 2579 placet
1346 2539 1431 2570 civili
1444 2540 1513 2580 jure
1528 2539 1547 2569 ί.
1567 2540 1646 2570 unic.
1674 2539 1741 2570 Cod.
1765 2539 1869 2570 Tbeod.
1888 2539 1922 2568 de
1937 2537 2006 2578 usu·
2043 2569 2044 2575 ,

1132 2583 1174 2612 ris
1202 2582 1243 2611 rei
1261 2581 1421 2622 judicatae:
1459 2581 1533 2621 quia
1558 2581 1615 2612 lite
1640 2580 1819 2612 contestata
1845 2580 1874 2611 ὅτ
1900 2577 2005 2610 secuta
2043 2590 2044 2593 ¹

1132 2622 1405 2654 condemnatione
1421 2621 1478 2661 fit,
1503 2629 1538 2653 ut
1556 2622 1643 2663 prior
1662 2622 1838 2662 obligatio,
1862 2619 1946 2660 quafi
1964 2620 2007 2651 in-

1135 2664 1338 2695 terveniente
1365 2664 1569 2703 novatione,
1616 2664 1647 2695 in
1673 2663 1805 2704 judicati
1839 2662 2006 2703 obligatio·
2042 2677 2043 2701 }

1134 2714 1209 2737 nem
1253 2703 1461 2736 transferatur
1499 2704 1521 2736 l.
1550 2714 1580 2746 3.
1614 2704 1644 2746 §.
1673 2714 1721 2737 11.
1747 2704 1791 2736 D.
1822 2705 1855 2735 de
1884 2703 2004 2744 peculio.

1133 2748 1154 2778 t.
1175 2750 1223 2778 16.
1247 2745 1276 2788 §.
1300 2749 1330 2777 6.
1366 2744 1408 2777 D.
1433 2747 1466 2776 de
1483 2747 1666 2788 pignoribus.
1698 2754 1796 2787 atque
1827 2746 1858 2778 id
1882 2754 1947 2777 non
1973 2745 2005 2774 in
2042 2751 2043 2775 l

1135 2787 1221 2819 sorte
1238 2794 1380 2826 tanturn,
1412 2786 1464 2818 sed
1488 2789 1520 2819 in
1544 2786 1641 2819 usuris
1665 2796 1818 2829 quoque,
1847 2785 2005 2827 procedit.

1135 2838 1208 2861 narn
1234 2829 1265 2860 δε
1293 2828 1342 2860 hae
1370 2829 1666 2868 condemnatione,
1704 2828 1788 2870 quasi
1812 2828 2005 2864 novatione,

1135 2869 1410 2902 consummantur:
1441 2871 1598 2909 maxime,
1630 2870 1652 2902 fi
1675 2870 1706 2902 &
1730 2870 1811 2909 sors,
1842 2870 1872 2901 ἀ
1902 2868 2007 2904 usura,

1134 2912 1171 2944 fit
1190 2913 1300 2952 petita.
1325 2920 1397 2943 113111
1417 2910 1439 2943 11
1463 2911 1527 2943 1013
1546 2914 1647 2953 petita
1670 2911 1727 2951 fit,
1752 2912 1840 2949 usura
1865 2919 1930 2942 non
1953 2907 2005 2954 fit:

1135 2954 1241 2984 verius
1258 2952 1321 2991 est,
1344 2961 1418 2985 cum
1435 2953 1494 2985 alia
1518 2952 1626 2992 sortis,
1644 2953 1709 2993 ‚alia
1727 2952 1907 2988 usurarum,
1929 2949 2007 2981 obli·
2041 2960 2042 2970 ³

1133 2995 1221 3037 gatio
1243 2994 1279 3025 fit
1295 2995 1313 3025 l.
1332 2998 1361 3028 8.
1386 2994 1428 3026 D.
1447 2996 1481 3026 de
1496 3004 1524 3026 eo
1541 2996 1618 3037 quod
1634 3001 1708 3026 certo
1733 2994 1810 3032 loco,
1832 2993 1923 3025 sortis
1942 2990 2008 3031 qui·

1133 3039 1207 3068 dem
1226 3035 1472 3076 stipulationem
1503 3036 1614 3068 novari
1633 3043 1647 3074 ;'
1680 3034 1735 3067 sed
1758 3034 1916 3067 usurarum
1942 3039 2007 3064 non
2041 3040 2042 3061 1

1133 3078 1244 3109 novari
1263 3078 1282 3108 l.
1304 3087 1331 3110 1.
1355 3077 1388 3108 C.
1406 3079 1440 3108 de
1452 3078 1581 3119 judiciis.
1615 3076 1667 3109 Fit
1681 3078 1778 3119 igitur
1795 3074 2007 3107 anatocismus
2041 3074 2042 3095 l

1132 3120 1202 3160 jure
1219 3119 1307 3154 civili
1323 3128 1389 3150 non
1407 3127 1529 3151 tantum
1547 3118 1771 3160 stipulatione,
1789 3116 1842 3148 sed
1859 3116 1956 3147 etiam
1974 3121 2007 3145 re

1134 3161 1293 3201 J‘udicata:
1316 3160 1436 3200 modo,
1457 3161 1479 3192 si
1504 3160 1600 3192 usurae
1617 3168 1748 3201 quoque
1763 3159 1795 3189 in
1812 3157 2005 3188 condemna-

1138 3204 1261 3234 tionem
1285 3202 1493 3234 deducantur.
1526 3209 1593 3233 tum
1616 3201 1700 3232 enim
1724 3198 1878 3231 finiuntur
1901 3206 1947 3229 eae
1967 3203 2008 3226 ex
2040 3218 2041 3222 ,

222 3242 276 3277 sed
295 3243 380 3286 quasi
404 3244 514 3278 sortis:
550 3246 580 3278 ὅ(
602 3245 752 3286 quidem,
782 3242 804 3277 fi
827 3243 868 3275 de
900 3243 1001 3276 domo
1025 3250 1096 3279 03111
1139 3244 1247 3282 priore
1265 3243 1409 3279 3611011οτ
1431 3243 1461 3276 ἀ
1476 3242 1549 3284 post
1570 3243 1747 3284 legitimum
1770 3238 1914 3275 solvendi
1927 3235 2007 3278 judi·
2040 3246 2041 3249 ¹

1959 3285 2007 3308 ca·
