2036 3495
144 160 213 202 408
561 150 1012 189 Ge'izinn1N

149 245 179 276 δι
201 253 384 285 pereuriiios
402 251 464 274 non
481 250 589 280 teque:
613 241 686 281 quia
701 240 784 272 inter
800 249 857 272 eos
883 249 946 271 non
971 240 1016 273 est

146 288 194 328 jus
213 279 382 317 connubii:
407 290 440 314 ut
457 281 670 313 demonstravi
690 281 744 313 sub
767 281 882 312 Titulo
907 280 953 311 De
976 283 1016 313 ri-

150 336 182 359 tu
197 327 375 367 nuptiarum.
418 322 594 354 Tolluntur
614 321 708 363 igitur
724 322 811 362 justae
827 322 943 362 nuptiae
966 323 1017 354 de-

151 369 349 411 portatione,
371 363 449 394 fient
464 364 619 395 tolluntur
637 363 796 395 servitute.
819 363 861 394 ita
885 364 948 395 fine
963 363 1017 396 du·

151 410 204 443 bio
223 405 430 448 exponendus
453 403 567 436 Paulus
590 405 613 437 l.
639 410 691 446 56.
713 404 755 436 D.
773 405 865 449 Solet.
892 407 1018 436 matrim.

147 451 204 483 alia
228 448 351 479 ratione
371 444 490 484 exponi
506 447 627 486 nequit.
650 445 696 477 est
710 453 816 477 autem
832 446 933 486 itajus
949 445 1020 478 :nili

149 490 261 523 mulier
278 486 347 528 post
365 485 418 516 viri
446 486 700 526 deportationem
726 487 859 517 retincat
880 486 1018 519 animuin

151 529 278 563 uxoris:
309 535 343 558 ut
367 526 553 559 observatur
575 529 605 559 in
635 527 837 559 matrimonio
861 529 949 568 quod
974 528 1019 560 est

148 569 344 603 contrabium
373 568 439 608 jure
465 569 625 609 gentium:
654 570 742 608 cuius
772 577 871 609 capax
897 569 942 600 est
967 571 1019 600 de-

152 619 294 653 portatus
310 610 328 640 l.
352 618 398 648 17.
421 609 448 650 §.
470 619 497 641 1.
517 610 558 641 D.
576 611 608 640 de
619 613 720 650 pranis.
743 610 761 640 l.
782 619 827 650 15.
852 609 892 641 D.
916 612 949 641 de
976 613 1019 642 in*

150 651 261 685 terdift.
285 650 321 686 &³
338 650 422 690 releg.
469 649 544 682 Non
573 651 671 691 longe
695 658 799 688 petam
823 659 1019 692 argumenta.

150 695 201 726 Sic
219 693 318 735 palam
337 690 559 723 Constantinus
581 691 600 723 l.
620 702 668 729 ‘24-
688 692 722 723 C.
739 693 772 722 de
782 693 879 723 donat.
896 693 1019 724 int.‘t³ir.

150 736 187 770 ἐπ”
204 745 256 766 ux.
268 734 299 765 <St
314 738 388 764 ante
404 732 554 772 Ulpianus
569 732 587 763 l.
604 743 634 773 5.
650 733 680 774 §.
702 742 728 764 1.
748 732 831 764 Date
848 734 910 764 bon.
921 736 1019 765 damn.

150 775 271 814 optima
289 774 426 811 ratione,
454 773 544 813 (quae
563 773 593 804 ἃ
612 773 795 805 Alexandro
812 774 919 814 placet
944 775 964 805 l.
996 784 1020 806 i.

152 818 186 849 C.
204 812 231 849 h.
249 816 298 857 t.)
322 824 357 846 ea
380 814 461 844 ratio
487 814 549 845 est:
572 815 661 853 quod
688 823 761 846 cuin
785 815 883 846 libera
907 816 1022 847 mulier

153 865 339 895 remaneat,
365 854 445 886 nihil
462 854 633 894 prohibet,
663 855 694 887 δι
717 857 820 888 virum
850 856 951 889 mariti
975 856 1019 901 as-

149 899 324 931 sectionem
342 918 352 935 ,
383 894 414 926 &
436 896 601 929 mulierem
624 897 729 929 uxoris
752 898 892 930 animum
910 921 920 937 ,
951 907 1024 930 reti-

145 949 232 973 nere.

192 980 312 1022 Quarta
335 977 424 1009 causa
450 977 593 1011 solvendi
627 979 821 1011 matrimonii
847 978 892 1010 est
915 979 1020 1010 divor-

151 1022 253 1055 tium:
278 1021 395 1052 dit'tum
417 1020 478 1060 (ut
495 1021 526 1051 in
543 1020 562 1051 l.
578 1030 606 1051 2.
624 1021 651 1052 h.
668 1028 689 1052 t.
712 1022 755 1052 ait
771 1019 900 1061 Gajus)
930 1021 980 1051 vel
1004 1029 1021 1052 a

150 1062 330 1097 diversitate
347 1062 521 1100 mentium,
546 1061 599 1092 vel
614 1062 686 1102 quia
701 1063 732 1094 in
759 1061 893 1106 diversas
918 1069 1020 1107 partes

151 1112 231 1137 eunt
253 1105 305 1144 qui
330 1102 503 1134 distrahunt
526 1103 770 1136 matrimonium.
793 1103 823 1134 id
847 1103 1019 1134 divortium

150 1147 225 1178 alias
242 1151 376 1176 vocatur
392 1143 577 1184 repudium:
599 1152 790 1184 quamquam
806 1151 953 1188 accurate
975 1144 1020 1175 lo-

149 1185 340 1228 quentibus,
363 1188 446 1216 inter
463 1192 633 1226 utrumque
650 1184 695 1216 est
710 1184 908 1223 differentia3
931 1184 1020 1216 forte

150 1229 317 1261 observata
340 1225 371 1258 in
396 1225 554 1265 Rubrica,
583 1227 637 1257 De
658 1227 793 1258 divortiis
817 1225 853 1260 ὅ)
882 1227 1019 1270 repudiis.

149 1280 188 1302 ea
210 1267 389 1301 differentia
412 1266 477 1305 est;
500 1267 590 1306 quod
611 1266 781 1299 divortium
804 1267 888 1298 inter
918 1275 1018 1299 virum

148 1312 180 1343 δι
196 1319 331 1343 uxorem
356 1307 424 1340 fieri
450 1307 584 1346 dicitur;
613 1309 780 1349 repudium
802 1317 879 1339 vero
900 1307 1019 1348 sponsae

147 1352 268 1385 remitti
291 1350 433 1382 videtur:
456 1350 543 1390 quod
558 1349 590 1381 δι
606 1349 637 1380 in
655 1350 817 1390 personam
835 1351 943 1381 uxoris
953 1359 1019 1381 non

148 1392 279 1426 absurde
294 1391 380 1424 cadit
401 1390 420 1422 l.
440 1399 507 1422 101.
529 1390 575 1422 D.
590 1391 624 1422 de
633 1392 711 1422 verb.
720 1389 826 1432 signif.
850 1400 915 1422 non
933 1390 1019 1422 recte

148 1441 256 1467 autem
274 1431 383 1474 sponsa
398 1429 560 1463 divortiss‘e
581 1431 698 1463 dicitur
713 1432 733 1462 l.
754 1440 819 1467 191.
838 1431 880 1462 D.
895 1433 953 1466 eod.
970 1433 1017 1463 tit.

148 1474 261 1508 Potest
274 1481 373 1515 pori-o
390 1471 563 1503 divortium
586 1470 730 1510 definiri,
755 1471 896 1513 legitima
913 1473 970 1504 viri
987 1474 1018 1504 &

151 1516 292 1551 mulieris
315 1513 485 1554 separatio,
515 1511 598 1543 saeta
623 1511 687 1544 hoc
712 1513 842 1551 animo;
872 1520 906 1545 ut
929 1522 1018 1545 num-

152 1566 245 1598 quam
263 1554 497 1595 redintegretur
513 1553 762 1586 matrimonium.
805 1553 852 1585 Ea
870 1553 1017 1586 definitio

149 1599 335 1639 intelligitur
358 1595 406 1626 his
428 1594 513 1625 Pauli
535 1595 643 1627 verbis
664 1595 683 1626 ί.
700 1604 730 1635 3.
750 1593 791 1625 D.
817 1595 843 1626 h.
867 1601 889 1626 t.
911 1595 1019 1627 Divor-

151 1641 226 1671 tium
247 1647 305 1669 non
327 1634 384 1676 esl,
406 1634 462 1674 nist
485 1644 588 1667 verum
603 1658 613 1675 ,
664 1638 718 1667 uod
738 1636 833 1666 animo
851 1642 1020 1678 perpetuam

150 1679 339 1719 constituendi
354 1675 547 1717 diffinsionem
559 1645 699 1721 flagiti
717 1677 907 1718 legendum,
931 1678 1019 1718 quod

150 1722 306 1762 quosdam
322 1719 434 1756 malle,
457 1718 501 1748 ait
517 1717 681 1749 Albericus
701 1716 842 1749 Gentilis
856 1719 905 1749 lib.
923 1722 952 1750 6.
974 1719 1021 1750 De

149 1763 258 1803 nuptiis
276 1771 298 1791 c.
321 1769 345 1791 i.
370 1760 547 1790 Divortium
562 1767 664 1790 verum
681 1768 739 1790 non
755 1756 803 1800 est.
846 1759 909 1791 Sed
926 1759 1021 1805 afferi-

150 1805 212 1835 tior
228 1800 439 1838 existimanti,
462 1809 519 1832 eos
535 1804 638 1832 errare
653 1810 662 1839 3
683 1807 748 1845 nee
760 1799 822 1831 ess'e
838 1799 910 1840 Jure
936 1801 1021 1833 Civi-

151 1846 171 1878 li
190 1842 383 1881 divortium,
406 1839 460 1872 nifi
476 1849 607 1874 verum:
628 1848 664 1873 iit
682 1847 804 1882 optime
821 1840 933 1873 Paulus
950 1843 979 1873 d.
999 1842 1020 1872 l.

174 1910 180 1918 .
196 1886 316 1917 servata
330 1883 493 1915 communi
510 1881 770 1922 lettione:quam
786 1882 816 1914 &
832 1882 1022 1914 confirmant

171 1934 368 1968 superatores
395 1925 417 1956 l.
444 1933 473 1965 3.
492 1923 525 1954 C.
543 1923 572 1954 I).
586 1928 608 1956 t.
651 1922 746 1963 Sci03
767 1923 847 1964 Juris
865 1924 1022 1956 Canonici

151 1970 347 2009 Interpretes
364 1987 375 2004 ‚
399 1973 481 2005 quos
506 1964 591 1997 inter
617 1962 760 1996 Didacus
790 1964 1023 1997 Couvarruvias

150 2017 218 2043 toni.
244 2019 271 2042 1.
288 2014 319 2049 p.
335 2017 364 2039 2.
387 2016 412 2038 c.
430 2017 458 2046 7.
470 2005 500 2048 §.
514 2014 545 2045 4.
564 2006 616 2037 De
631 2007 738 2037 divort.
761 2005 799 2041 ὅ)
817 2007 944 2038 matrim.
968 2006 1023 2045 dis-

141 2053 198 2094 sol.
211 2057 242 2092 p.
270 2058 339 2086 191-
362 2048 479 2089 duplex
496 2045 617 2088 fingunt
639 2046 830 2079 divortium:
853 2056 951 2080 unum
980 2046 1023 2079 see

151 2100 241 2134 parat
253 2091 424 2131 conjugum
439 2088 722 2120 consuetudinem:
745 2088 778 2120 id
793 2088 856 2126 est,
866 2095 902 2121 ut
918 2089 1022 2129 aiunt,

152 2136 283 2167 thorum
298 2132 328 2164 ἃ
343 2128 483 2163 mensam
499 2128 555 2161 sub
571 2137 725 2170 perpetua
745 2129 800 2171 spe
821 2130 1021 2162 conciliatio-

152 2175 361 2208 nis:alterum
380 2170 542 2211 abrumpit
558 2171 750 2204 matrimonii
769 2171 941 2216 vinculum.
959 2170 1023 2202 Sed

152 2217 221 2249 haec
236 2212 394 2248 distinctio
417 2211 589 2244 Veteribus
614 2210 843 2252 jureconsultis
867 2212 913 2244 est
935 2212 1024 2243 inco·

153 2259 251 2299 gnita.
275 2255 427 2288 aestimant
451 2253 495 2286 illi
520 2251 646 2294 nuptias
674 2253 835 2285 individua
855 2252 1023 2286 consuetu-

153 2300 244 2331 dine:
266 2297 438 2330 divortium
463 2301 618 2335 perpetua
642 2293 839 2326 dissensione.
863 2294 893 2326 δι
915 2295 1024 2336 (quod

153 2340 300 2371 observat
318 2337 476 2377 Geiitilis)
497 2334 608 2375 paffim
627 2336 754 2373 dicunt,
789 2336 1025 2368 matrimonium

155 2381 298 2412 divortio
315 2377 436 2416 dirimi,
458 2376 604 2416 distrahi,
628 2376 754 2409 diss'olvi
777 2377 795 2408 l.
815 2385 839 2408 1.
861 2377 881 2408 l.
898 2387 926 2409 2.
953 2377 972 2408 Ζ.
991 2380 1023 2409 6.

154 2422 174 2453 l.
198 2421 249 2452 ult.
269 2420 309 2452 D.
327 2419 364 2455 δ’
384 2420 404 2450 l.
422 2423 451 2453 8.
471 2418 505 2450 C.
526 2418 552 2450 b.
570 2424 593 2449 t.
622 2417 632 2449 1
660 2417 688 2449 se
705 2417 838 2457 addam,
862 2418 926 2450 hoc
941 2419 1023 2450 adeo

155 2471 266 2493 verum
283 2460 361 2499 effe,
383 2468 418 2492 ut
431 2460 502 2501 lege
520 2458 612 2501 Papia
631 2427 771 2500 goppaea
786 2460 955 2501 conjuges,
977 2458 1023 2491 fa-

154 2504 208 2536 ξὶο
223 2502 381 2539 divortio,
404 2510 467 2533 non
483 2501 582 2533 modo
598 2509 660 2532 non
675 2501 844 2541 jubeantur
866 2501 1023 2533 abstinere

152 2555 172 2577 a
188 2543 330 2576 secundis
344 2543 480 2582 nuptiis:
504 2550 615 2574 verum
633 2551 652 2573 e
670 2543 834 2574 contrario
850 2550 1023 2581 cogantur,

153 2586 227 2618 alias
248 2583 447 2615 contrahere.
472 2582 506 2615 Id
521 2582 690 2615 annotavit
704 2582 805 2623 Justus
824 2582 946 2624 Lipsius
957 2607 966 2623 ‚
983 2584 1022 2615 ad

154 2626 307 2659 Tacitum
323 2623 371 2654 lib.
389 2632 418 2663 3.
435 2624 545 2656 Annal.
562 2623 689 2661 Excurf.
712 2624 757 2655 lit.
778 2625 810 2655 C.
823 2632 852 2665 p.
866 2634 937 2664 514.
981 2624 1022 2656 Et

155 2670 187 2701 in
206 2668 275 2708 jure
297 2663 479 2704 exemplum
503 2666 605 2697 iterati
628 2663 700 2706 post
722 2665 893 2697 divortium
919 2666 1024 2710 matri-

154 2707 255 2742 monii
269 2707 288 2738 l.
307 2709 357 2745 64.
376 2705 425 2736 D.
443 2707 474 2735 de
490 2707 555 2737 don.
579 2707 635 2738 int.
659 2706 719 2738 vir.
737 2706 775 2741 δ’
790 2716 876 2739 uxor.
919 2705 1024 2739 Etiam

158 2751 242 2793 apud
257 2746 442 2788 Juvenalem
460 2746 548 2778 Satir.
571 2750 602 2778 6.
623 2747 700 2788 vers.
722 2751 789 2788 146.
812 2748 903 2822 elligi

869 2798 890 2822 x

305 2805 419 2814 ...—

198 2833 319 2872 Ocyzts‚
341 2829 378 2864 δέ)
392 2834 530 2869 propera:
545 2826 618 2865 sicco
640 2832 720 2862 venit
737 2831 830 2863 altera
843 2833 920 2867 naso.

157 2875 308 2907 Similiter
326 2869 475 2912 Apuleius
494 2868 544 2899 lib.
559 2878 589 2908 5.
606 2869 798 2913 Metamorpb.
821 2873 852 2904 in
869 2873 975 2905 fabula
984 2873 1024 2905 de

157 2914 299 2949 divortio
318 2909 481 2953 Cupidinis
502 2909 533 2941 &
563 2908 708 2950 Psyches.
754 2912 799 2944 Ta
821 2915 954 2956 quidem,
977 2915 1024 2947 in-

159 2957 247 2998 quit,
278 2956 309 2985 ob
329 2951 406 2995 istud
430 2958 489 2982 tam
518 2950 613 2981 dirum
636 2952 753 2987 facinus
776 2953 923 2996 confestim
945 2957 1024 2987 thoro

158 3007 218 3030 meo
238 2998 367 3031 divorte,
391 2994 498 3034 tibique
515 3000 558 3022 res
573 2995 640 3022 tuas
662 2993 767 3024 habeto.
789 3005 838 3036 ego
863 3004 930 3028 vero
944 2997 1023 3036 soro.

155 3048 216 3070 rem
236 3044 317 3069 tuam
334 3034 371 3070 ἐξ
383 3042 484 3066 nomen
506 3041 561 3074 quo
578 3037 611 3063 tu
625 3032 742 3070 censeris
758 3035 802 3074 aje
821 3043 869 3075 ac,
885 3038 950 3079 jam
972 3039 1024 3070 mi.

155 3082 188 3112 hi
210 3078 400 3117 confarreatis
423 3075 532 3116 nuptiis
552 3073 717 3115 conjugobo.
742 3074 779 3108 δ’
827 3079 890 3114 vrim
913 3078 1023 3120 Zcpby.

157 3130 190 3154 ro
209 3120 352 3161 precipit,
376 3116 456 3149 ultra
478 3115 610 3146 terminos
629 3123 674 3146 me
695 3115 794 3147 domus
814 3117 878 3157 ejas
901 3118 1022 3159 afflaret.

155 3161 259 3195 Mitto
279 3159 365 3197 liaec,
395 3156 466 3189 audi
492 3155 645 3188 Senecam
666 3155 713 3203 [ip.
731 3157 839 3197 gesse
859 3159 973 3195 benefic.
997 3170 1023 3192 ο.

159 3206 206 3236 16.
253 3200 408 3240 Numquid
419 3199 480 3239 jam
494 3197 554 3229 ulla
569 3197 685 3239 repudio
700 3198 856 3238 erubescit,
875 3197 1024 3240 postquam

155 3239 280 3285 illustres
295 3242 427 3282 quaedam
441 3249 475 3273 ac
492 3238 596 3277 nobiles
612 3239 765 3281 foeminae,
785 3248 842 3273 non
870 3239 1024 3282 Consulum

1049 163 1239 187 00121·
1296 153 1507 191 COMM.

1058 249 1173 273 numero
1188 263 1198 279 ,
1213 240 1267 281 sed
1288 243 1457 275 maritorum
1478 253 1572 277 annor
1584 247 1656 288 suoi·
1684 250 1868 289 computant,
1891 249 1927 284 &²

1058 289 1165 313 exeunt
1183 284 1359 315 matrimonii
1373 286 1479 326 causo,
1502 288 1617 319 nubunt
1641 291 1762 328 repudii.
1808 292 1929 330 Aliquis

1061 324 1146 354 dicat
1165 324 1322 356 interdum
1338 324 1511 359 secubuisse
1531 337 1583 359 aut
1600 327 1760 371 separatim
1784 331 1931 363 habitali'e

1062 365 1214 405 conjuges
1231 365 1325 397 etiam
1345 366 1487 400 illustres.
1514 368 1589 401 Non
1608 371 1740 411 ignoro,
1762 373 1829 405 imo
1847 373 1909 404 scio
1922 397 1932 411 ‚

1063 405 1249 437 Suetonium
1265 408 1303 438 de
1320 405 1455 440 Tiberio
1473 410 1513 441 sic
1535 411 1672 443 scribere
1687 414 1719 444 in
1733 413 1795 454 ejus
1819 416 1883 445 vita
1905 424 1930 446 r.

1062 450 1091 480 8.
1117 446 1190 477 Cum
1206 446 1293 486 Julia
1310 450 1404 487 primo
1421 452 1596 483 crim-orditer
1610 452 1647 487 ὅ)
1662 461 1758 484 amore
1772 461 1872 486 mutuo
1885 458 1930 487 vi-

1062 489 1126 518 xit:
1148 496 1215 518 mox
1240 487 1352 527 dtffedit
1377 489 1413 524 ὅ)
1434 491 1582 533 ali'qzmnto
1608 496 1751 535 gravius,
1779 503 1814 526 ut
1844 498 1931 527 etiam

1057 533 1192 568 perpetuo
1208 531 1369 569 secubaret,
1391 532 1545 575 intercepto
1561 538 1717 566 communis
1726 535 1789 576 filii
1797 538 1928 579 pignore.

1066 568 1183 614 Verum
1203 568 1268 615 hoc
1290 579 1362 602 cum
1387 570 1496 614 fieret,
1522 584 1586 606 non
1614 575 1734 608 idcirco
1758 580 1925 618 repudium

1062 618 1115 640 aut
1131 611 1303 642 divortium
1319 611 1501 652 dicebatur,
1525 616 1576 646 sed
1592 615 1795 655 frigusculum
1807 643 1816 658 ,
1835 620 1863 650 ἂ
1883 621 1929 651 ni-

1063 650 1230 682 hilominus
1247 660 1335 695 'ratus
1359 661 1426 683 erat
1441 655 1588 687 maritalis
1613 656 1744 692 affec'tus
1770 661 1799 692 &
1825 661 1930 693 honor

1062 691 1264 737 matrimonii.
1309 692 1394 724 Huic
1418 694 1461 725 rei
1485 698 1720 737 argumentum:
1743 703 1831 742 quod
1854 702 1932 734 Sue-

1063 734 1169 763 tonius
1187 731 1284 777 ‘juliae
1317 735 1484 774 repudium
1517 739 1645 770 deinum
1676 749 1717 771 ex
1739 743 1929 774 auctoritate

1064 773 1195 818 Augusti
1223 773 1380 807 remissum
1404 777 1522 809 deinde
1546 778 1626 818 effe,
1658 789 1814 814 memorat
1842 794 1866 815 c.
1883 794 1929 817 xi.

1063 815 1171 846 Simile
1188 824 1220 845 in
1238 814 1355 847 Nerone
1369 826 1392 847 c.
1413 828 1463 858 35.
1488 818 1621 851 Ottaviae
1637 823 1864 861 consuetudinem
1891 827 1929 857 ci·

1065 862 1091 886 ro
1110 855 1296 900 aspernatus,
1319 858 1534 899 corripientibus
1553 863 1667 898 amicis,
1679 861 1810 904 sufficere
1828 865 1871 896 illi
1884 869 1930 897 de-

1064 898 1126 927 bere
1140 898 1281 935 respondit
1298 899 1402 930 uxoria
1420 908 1596 933 ornamenta.
1640 902 1780 936 Eomdem
1804 915 1871 936 mox
1884 908 1933 943 sce-

1055 945 1093 982 pe
1101 937 1221 978 frustra
1237 936 1427 981 strangulare
1448 944 1603 975 medicatus
1623 944 1729 982 dimifit
1745 952 1779 977 ut
1792 943 1931 986 sterilem.

1064 979 1116 1010 Sic
1130 979 1360 1018 Suetonium&
1377 982 1630 1027 consentientem
1650 985 1746 1018 habet
1762 987 1933 1026 Ulpianum

1063 1019 1082 1050 1.
1103 1030 1151 1060 32.
1170 1019 1199 1062 §.
1217 1029 1262 1052 12.
1282 1020 1319 1055 ὅ*
1341 1024 1451 1067 ¹3·.D·
1468 1026 1502 1055 de
1518 1026 1615 1058 donat.
1630 1028 1686 1058 int.
1703 1028 1761 1059 vir.
1783 1027 1820 1063 ὅ*
1843 1039 1930 1062 uxor.

1062 1059 1193 1092 Interim
1224 1070 1287 1107 non
1311 1062 1457 1108 inficior,
1495 1065 1585 1098 fuiss'e
1601 1067 1768 1108 aliquando
1784 1093 1794 1108 ‚
1818 1069 1870 1101 ubi
1889 1071 1935 1101 di-

1063 1105 1204 1147 vortium
1226 1111 1419 1149 intervenit3
1449 1116 1510 1138 nec
1534 1108 1578 1140 ob
1602 1109 1633 1140 id
1657 1109 1850 1151 diremptum
1873 1110 1935 1143 fuit

1062 1150 1311 1177 matrimonium.
1334 1146 1467 1179 incurrit
1481 1149 1551 1180 talis
1568 1149 1653 1182 casus
1671 1150 1690 1181 l.
1709 1153 1788 1183 unic.
1807 1153 1850 1183 I).
1868 1152 1935 1184 Un-

1061 1186 1095 1214 de
1113 1187 1171 1215 vir.
1192 1183 1229 1219 ἑά*
1242 1195 1327 1217 uxor.
1351 1187 1381 1218 in
1400 1187 1513 1221 liberta
1528 1199 1600 1230 quae
1616 1192 1747 1223 divortit
1763 1193 1802 1224 ab
1825 1194 1928 1225 invito

1061 1232 1298 1271 patron04quo
1313 1227 1343 1258 in
1361 1230 1431 1260 casu
1448 1239 1512 1263 non
1530 1231 1700 1264 observato
1715 1236 1814 1266 modo
1833 1244 1929 1275 quem

1060 1266 1091 1298 in
1108 1267 1251 1313 divortiis
1269 1267 1434 1314 'observari
1458 1281 1611 1313 oportet,
1641 1283 1703 1306 non
1733 1274 1868 1307 habetur
1884 1277 1932 1308 di·

1062 1315 1201 1339 vortium
1214 1316 1341 1348 :utique
1352 1309 1466 1343 favore
1483 1315 1608 1353 patroni
1626 1324 1711 1352 ,non
1729 1317 1932 1349 consentien-

1061 1348 1120 1380 tis:
1143 1357 1333 1390 quamquam
1351 1351 1506 1386 habeatur
1521 1355 1550 1385 in
1569 1363 1696 1395 poenam
1720 1357 1843 1389 libertae
1859 1359 1931 1399 lege

1060 1389 1255 1429 prohibente
1279 1393 1403 1432 agentis
1418 1416 1428 1432 ,
1460 1402 1494 1425 ut
1518 1394 1754 1429 matrimonium
1782 1399 1928 1430 solveret.

1061 1432 1121 1462 hac
1138 1430 1373 1476 ratione-negat
1389 1435 1416 1465 d.
1434 1434 1454 1465 l.
1465 1435 1614 1477 Ulpianus
1630 1437 1674 1469 illi
1691 1437 1753 1470 effe
1769 1439 1932 1472 succeffio-

1060 1481 1134 1503 nem
1151 1481 1193 1503 ex
1211 1470 1326 1504 Ediflo
1345 1472 1438 1506 Unde
1456 1477 1504 1507 vir
1525 1477 1555 1508 ἂ
1580 1483 1682 1518 uxor3
1703 1479 1758 1511 etfi
1788 1489 1852 1512 non
1875 1481 1931 1513 ha-

1060 1513 1194 1552 beatius
1209 1514 1362 1546 connubii
1379 1520 1452 1547 cuin
1471 1516 1552 1549 alio:
1577 1518 1607 1549 ἀ
1621 1518 1653 1549 in
1677 1520 1696 1550 l.
1716 1528 1762 1552 ii.
1790 1522 1836 1553 D.
1859 1523 1887 1553 h.
1905 1527 1931 1552 r.

1060 1562 1155 1595 negat
1169 1577 1179 1592 ‚
1210 1563 1280 1586 eam
1296 1577 1307 1593 ‚
1338 1563 1373 1586 ut
1395 1564 1430 1588 ut
1452 1557 1649 1590 solutum-fit
1674 1561 1933 1600 matrimonium,

1061 1596 1178 1626 habere
1193 1595 1234 1626 de
1247 1598 1323 1627 dote
1339 1597 1515 1630 astionem:
1533 1599 1617 1639 quasi
1633 1600 1737 1632 adhuc
1755 1609 1852 1642 nupta
1869 1602 1932 1634 effe

1061 1636 1212 1681 videatur.
1227 1636 1247 1667 l.
1263 1643 1329 1676 pen.
1349 1639 1397 1670 D.
1421 1638 1474 1670 Ad
1499 1639 1572 1682 Lag.
1596 1639 1666 1681 Juz.
1692 1644 1727 1673 de
1749 1644 1841 1675 adult.
1886 1643 1935 1675 Si-

1061 1677 1137 1709 mile
1160 1679 1237 1717 quid
1260 1679 1291 1709 in
1313 1678 1332 1709 l.
1354 1689 1405 1720 32.
1428 1679 1457 1721 §.
1480 1690 1526 1717 19.
1551 1682 1599 1714 D.
1623 1685 1656 1712 de
1678 1684 1775 1716 donat.
1794 1685 1849 1716 int.
1872 1687 1931 1718 vir.

1061 1718 1108 1791 &l
1120 1728 1206 1750 uxor.
1248 1718 1311 1751 Sed
1336 1721 1378 1752 de
1400 1721 1464 1752 hoc
1488 1722 1564 1754 loco
1588 1722 1708 1756 dictum
1729 1725 1785 1757 sub
1809 1735 1851 1758 eo
1872 1725 1934 1758 Ti-

1063 1769 1096 1792 tu
1111 1769 1141 1790 o.

1102 1799 1200 1833 Nunc
1218 1800 1369 1842 attingam
1385 1804 1518 1836 modum
1541 1804 1572 1837 in
1595 1805 1740 1838 divortiis
1763 1803 1935 1840 observan-

1064 1842 1152 1874 dum.
1174 1842 1312 1883 aliquem
1338 1843 1429 1876 fuisse
1450 1846 1490 1876 ab
1513 1846 1654 1887 Augusto
1676 1847 1832 1888 positum,
1855 1849 1936 1882 indi·

1063 1891 1115 1914 cat
1130 1883 1299 1916 Suetonius
1313 1886 1344 1916 in
1359 1885 1421 1927 esus
1437 1888 1502 1918 vita
1516 1897 1540 1918 c.
1559 1897 1608 1928 34.
1632 1897 1771 1929 eumque
1794 1889 1856 1922 ess'e
1874 1899 1937 1922 tra·

1065 1925 1165 1956 ditum
1191 1923 1278 1966 Lege
1304 1925 1384 1966 Julia
1408 1927 1449 1959 de
1470 1928 1651 1968 adulteriis,
1675 1930 1785 1963 auftor
1813 1931 1859 1963 est
1882 1932 1936 1964 Ul-

1064 1965 1174 2007 pianus
1189 1967 1218 1997 d.
1234 1967 1252 1997 l.
1269 1968 1348 1999 unic.
1365 1967 1384 2009 §
1415 1977 1443 2000 ι.
1460 1969 1490 2000 ἂ
1506 1970 1674 2003 confirmat
1692 1971 1802 2004 Paulus
1827 1972 1937 2005 Inscri-

1065 2008 1177 2051 ptione
1199 2007 1218 2038 l.
1235 2017 1264 2045 9.
1286 2009 1327 2039 D.
1347 2008 1375 2039 b.
1391 2014 1414 2041 t.
1436 2010 1628 2050 quamquam
1645 2012 1731 2044 hunc
1752 2008 1840 2045 forte
1863 2015 1936 2046 atti·

1064 2056 1145 2089 gerit
1166 2057 1297 2089 quoque
1313 2048 1384 2080 Lex
1397 2050 1477 2091 Julia
1494 2051 1523 2083 ἂ
1538 2052 1634 2093 Papia
1649 2062 1657 2082 :
1681 2062 1715 2086 ut
1734 2054 1764 2085 in
1782 2054 1873 2086 Notis
1894 2056 1934 2086 ad

1063 2094 1153 2129 caput
1175 2099 1227 2121 xx.
1253 2090 1324 2132 Leg.
1341 2090 1407 2129 Jut.
1431 2091 1470 2127 ὃ)
1493 2092 1566 2133 Ραρ.
1587 2094 1639 2125 De
1663 2096 1761 2128 morit.
1783 2097 1875 2128 ordin.
1899 2103 1935 2138 p.

1064 2137 1136 2171 334.
1154 2129 1262 2204 &fsess
1285 2131 1466 2165 observavit
1481 2134 1556 2166 exl.
1573 2143 1619 2167 11.
1639 2136 1685 2167 D.
1702 2136 1732 2168 b.
1749 2138 1761 2167 't
1796 2136 1935 2177 Iacobus

1066 2164 1182 2203 Gotho
1202 2182 1234 2203 re
1259 2181 1303 2204 υς.
1325 2173 1388 2206 Sed
1405 2174 1649 2216 qualiscumque
1664 2175 1763 2209 suerit
1778 2178 1829 2210 illa
1846 2177 1936 2218 Lex;

1066 2212 1220 2244 desiderat
1240 2215 1322 2246 inter
1335 2215 1393 2246 alia
1417 2216 1561 2249 libellum
1583 2218 1716 2258 repudii.
1741 2219 1825 2252 hunc
1849 2220 1936 2252 enim

1066 2254 1152 2286 mitti
1167 2262 1337 2295 oportere,
1360 2256 1484 2289 constat
1501 2267 1541 2289 ex
1564 2258 1583 2290 l.
1601 2268 1628 2299 7.
1647 2260 1694 2291 D.
1710 2260 1738 2291 h.
1757 2267 1778 2292 t.
1804 2270 1842 2293 ac
1864 2260 1936 2292 fue·

1067 2302 1159 2334 runt,
1183 2296 1272 2337 quod
1293 2305 1334 2328 ex
1357 2296 1440 2338 Gajo
1457 2299 1662 2341 intelligitur,
1686 2309 1814 2342 recepta
1837 2301 1868 2333 in
1894 2309 1933 2332 eo

1066 2336 1217 2369 solemnia
1235 2338 1350 2376 verba,
1373 2338 1462 2371 Tuas
1478 2348 1528 2372 res
1543 2342 1600 2373 tibi
1629 2341 1767 2380 habeto,
1792 2351 1859 2373 tuas
1882 2349 1933 2372 res

1066 2378 1124 2409 tibi
1145 2379 1241 2419 agito.
1266 2378 1317 2410 illa
1339 2379 1369 2412 in
1394 2381 1551 2414 divortio:
1584 2383 1615 2414 in
1643 2381 1832 2423 sponsalibus
1855 2381 1932 2420 ista.

1066 2419 1264 2451 Condicione
1280 2428 1331 2452 tua
1349 2430 1412 2453 non
1429 2430 1502 2454 utor
1517 2423 1535 2454 l.
1553 2433 1582 2455 2.
1599 2423 1618 2465 §
1647 2432 1672 2455 1.
1697 2422 1734 2457 ὅ*
1748 2431 1775 2453 2-
1798 2423 1846 2454 D·
1861 2424 1889 2454 b·
1910 2430 1932 2453 t.

1066 2459 1190 2492 Debuit
1205 2470 1304 2503 porro
1321 2462 1345 2494 is
1364 2463 1490 2495 libellus
1516 2465 1617 2502 mitti,
1639 2463 1786 2508 adhibitis
1811 2463 1933 2509 septem

1066 2501 1197 2534 testibus
1213 2502 1336 2535 civibus
1360 2503 1513 2536 Romanis
1540 2504 1726 2544 puberibus,
1758 2512 1874 2544 praeter
1896 2505 1935 2537 li-

1064 2543 1192 2575 bertum
1211 2544 1277 2584 ejus
1294 2546 1346 2585 qui
1363 2552 1431 2576 erat
1448 2545 1620 2576 divortium
1636 2544 1791 2584 facturus,
1813 2545 1877 2577 five
1892 2547 1933 2577 ab

1064 2584 1130 2625 ipso
1145 2583 1223 2616 effet
1238 2585 1438 2617 manumissus
1450 2607 1460 2624 ,
1480 2585 1544 2617 five
1561 2595 1577 2617 a
1600 2594 1708 2626 patre.
1735 2596 1816 2626 avo,
1842 2596 1935 2628 proa-

1068 2633 1131 2664 νο,
1154 2625 1184 2656 &
1208 2627 1332 2658 caeteris
1356 2623 1470 2657 sursum
1493 2626 1628 2658 versum.
1673 2627 1749 2659 Hoc
1770 2630 1870 2660 modo
1888 2630 1935 2660 di·

1066 2665 1206 2698 vortium
1232 2665 1301 2698 fieri
1325 2673 1499 2706 oportere,
1529 2667 1558 2699 ἀ
1583 2667 1702 2700 nullum
1727 2669 1817 2701 aliter
1837 2679 1941 2701 ratum

1066 2706 1148 2746 effe,
1170 2705 1320 2738 observat
1335 2707 1448 2739 Paulus
1463 2707 1482 2739 1.
1495 2710 1523 2745 '9-
1544 2709 1589 2740 D.
1607 2709 1634 2740 b.
1653 2717 1673 2740 t.
1697 2718 1757 2742 nec
1781 2712 1933 2742 omitten-

1066 2748 1143 2780 dum
1161 2747 1222 2779 effe
1238 2770 1248 2785 ,
1269 2749 1393 2790 putavit
1416 2747 1515 2790 Gajus
1537 2749 1547 2780 l
1575 2759 1603 2781 2.
1629 2750 1658 2792 §.
1675 2760 1705 2791 3.
1725 2750 1767 2782 D.
1792 2752 1819 2783 b.
1838 2757 1860 2782 t.
1889 2752 1935 2782 ni·

1066 2789 1111 2821 hil
1135 2788 1301 2828 interess‘e,
1331 2797 1435 2822 utrum
1460 2790 1516 2831 ipsi
1541 2791 1685 2832 praesenti
1709 2796 1931 2831 renuncietur,

1065 2840 1104 2862 an
1122 2829 1241 2862 absenti
1257 2839 1314 2870 per
1330 2839 1403 2862 eum
1419 2832 1472 2872 qui
1495 2833 1526 2864 in
1543 2832 1699 2872 potestate
1716 2834 1781 2873 eJus
1802 2834 1857 2872 sit,
1881 2842 1934 2864 cu-

1063 2872 1154 2913 jusve
1168 2873 1213 2910 is,
1236 2880 1315 2903 eave
1333 2871 1370 2904 fit
1393 2872 1423 2903 in
1450 2873 1614 2913 potestate.
1656 2872 1702 2904 Ita
1726 2874 1847 2906 Phaebo
1869 2874 1936 2905 cui-

1066 2914 1137 2945 dam
1154 2922 1220 2944 non
1237 2912 1320 2944 male
1337 2913 1521 2955 rescriptum
1537 2923 1555 2946 a
1571 2913 1815 2947 Diocletiano&
1831 2915 1935 2947 Maxi-

1066 2957 1173 2987 miano
1193 2954 1212 2985 l.
1227 2955 1256 2985 6.
1280 2953 1313 2985 C.
1328 2954 1357 2986 d.
1381 2961 1402 2986 t.
1427 2956 1511 2986 Licet
1534 2956 1646 2995 repudii
1659 2956 1767 2987 libellus
1789 2965 1846 2987 non
1862 2957 1933 2995 fue-

1065 2997 1105 3027 rit
1121 2996 1247 3026 traditus
1268 2996 1316 3026 vel
1339 2997 1471 3036 cognitus
1494 2999 1618 3033 marito,
1646 2996 1812 3037 dtffolvitur
1833 3000 1935 3028 matri·-

1065 3037 1201 3068 monium.
1244 3034 1422 3075 Videlicet,
1440 3036 1513 3077 quia
1528 3037 1935 3076 mfficit,contestati0nein

1065 3079 1106 3111 de
1123 3077 1275 3110 solvendo
1298 3087 1356 3119 per
1382 3077 1554 3110 divortium
1579 3080 1780 3111 matrimonio
1796 3077 1865 3125 ‘ess'e
1889 3077 1937 3123 sa-

1065 3119 1146 3152 ctam
1162 3127 1273 3151 coram
1290 3118 1421 3151 testibus
1436 3120 1476 3153 de
1492 3119 1605 3160 quibus
1628 3120 1713 3157 dixi,
1739 3120 1768 3150 &
1795 3120 1868 3150 inde
1898 3120 1935 3151 li-

1065 3160 1185 3193 bellum
1208 3161 1331 3207 repudii
1348 3169 1404 3202 per
1419 3160 1569 3194 libertum
1591 3159 1653 3193 ess'e
1669 3159 1791 3193 miss'um
1814 3160 1854 3192 ad
1876 3162 1934 3193 do-

1065 3210 1151 3233 mum
1171 3203 1326 3242 conjugis.

1105 3240 1270 3276 Postremo
1287 3241 1427 3276 debuisse
1450 3241 1623 3275 divortium
1637 3240 1734 3274 etiam
1749 3241 1781 3274 in
1796 3242 1863 3275 aeia
1876 3250 1935 3313 pp!-
