2036 3495
151 74 222 111 472

159 153 329 194 agnoverit,
352 155 435 181 extra
452 147 576 177 ordinem
592 142 744 174 coercetur.
779 181 785 187 ι
848 180 862 187 ᾖ
897 180 926 186 .-

163 193 350 225 adferuntur
361 189 472 220 verba:
491 187 560 226 quia
571 183 803 223 extraordinarza
814 184 941 211 coercztzo
951 202 961 218 ,
978 188 1032 209 cu-

161 235 211 275 jus
228 233 369 267 meminit
387 229 540 267 Ulpianus
556 227 584 255 d.
602 225 621 255 l.
643 233 669 254 1.
682 223 711 264 §.
724 232 753 261 4.
777 220 814 252 fit
831 231 871 253 ex
890 220 1034 267 Senatus·

166 275 312 307 consulto
335 271 523 305 Plancian03
547 266 577 296 ἅ
600 265 667 295 fere
687 262 757 303 post
773 263 1036 293 denunciationes

166 317 207 347 de
222 315 333 354 quib-us
350 311 437 350 supra
453 308 537 344 dixi,
553 314 684 347 quarum
702 312 807 343 neque
823 304 896 334 vola
907 325 916 340 ‚
931 311 1037 341 neque

169 356 353 395 vestigium,
369 353 399 381 in
416 351 442 380 d.
456 350 475 379 l.
488 359 514 379 2.
532 348 564 378 C.
584 348 616 377 de
631 346 797 385 infantibus
812 342 952 385 expositis.
975 343 1039 374 Sed

168 405 273 437 neque
288 404 324 425 ea
338 391 497 423 coercitio
514 399 531 419 a
549 386 705 419 Praefeeto
716 385 812 417 Urbis
829 386 915 426 cujus
931 385 960 415 in
982 382 1040 430 [lr-

168 438 210 468 be
234 443 355 467 merum
380 431 546 473 imperium
571 428 651 468 fuit,
673 428 711 459 fit
734 428 764 458 in
788 436 904 466 corpus
924 434 1039 466 patris,

170 487 236 509 non
254 474 452 517 agnoscentis
468 472 585 504 filium:
610 470 662 500 sed
677 479 694 500 a
710 469 852 501 Praetore
869 469 957 507 cujus
975 476 1040 497 non

170 520 211 550 de
227 516 430 554 criminibus,
451 513 503 545 sed
520 514 558 543 de
574 511 720 543 civilibus
739 509 852 546 causis,
867 508 1041 549 jurisdictio

171 567 258 597 erat,
281 557 317 590 fit
336 558 401 598 ejus
418 554 583 592 remediis,
606 554 637 584 id
654 551 717 590 est,
740 550 863 583 mulitae
880 550 1040 586 (Metione,

171 601 202 632 ἃ
220 599 361 641 pignoris
379 598 546 638 captione:
571 602 605 625 ut
622 603 663 624 ex
678 592 887 632 Inscriptione
904 591 986 626 loci,
1012 591 1041 620 dt

171 643 192 674 l.
212 651 237 673 1.
256 642 284 683 §.
301 650 333 681 3.
354 639 397 671 D.
419 639 452 669 de
467 643 567 668 ventre
583 636 753 675 inspiciendo
765 657 774 673 ,
799 634 829 664 in
849 631 1042 664 antecessum

173 683 423 715 demonstratum
442 678 496 710 est.
539 677 620 708 Satis
638 677 677 707 de
695 677 722 706 cl.
740 675 759 706 l.
783 683 807 706 1.
824 673 853 714 §.
874 684 903 713 4.

213 724 320 757 Venio
341 723 380 754 ad
395 723 422 752 d.
439 721 458 751 l.
479 729 506 756 9.
525 719 557 749 C.
583 719 615 748 de
628 718 727 757 patria
739 714 876 757 pozefi‘aie
891 723 982 755 quam
1001 712 1043 744 se-

173 767 283 798 cundo
305 766 381 797 loco
407 771 466 802 pro
488 759 539 791 sua
563 758 717 790 sententia
736 756 841 788 adfert
865 754 1042 787 Accurfius.

175 808 253 848 Ejus
277 806 375 837 verba
399 804 486 840 sunt,
509 800 574 833 Nec
594 799 694 839 filium
712 808 828 839 negare
844 799 979 839 cuiqnam
993 795 1044 836 effe

177 849 296 880 liberum
316 871 325 885 ,
349 842 605 882 Senatusconsulca
630 842 662 872 de
681 847 772 881 partu
798 839 988 880 agnostemlo,
1011 847 1045 868 ac

177 889 353 921 denunciata
370 894 474 927 poena,
500 887 567 915 icem
580 883 780 924 praejudicium
796 880 898 912 Ειὶῐὲἶο
912 885 1045 920 perpetuo

173 929 366 973 propositum,
377 928 412 962 ὃ)
428 927 583 958 remedium
598 924 798 955 alimentorum
814 924 889 962 apud
900 920 1049 959 Pmficlem

176 973 279 1014 majori
295 973 376 1002 trimo
388 969 514 1009 petenti,
537 967 649 997 nomine
673 965 732 1005 ejus
756 963 960 1004 monstratum,
978 962 1048 1004 jure

176 1010 328 1053 manifesto
344 1012 500 1042 declarant.
533 1008 594 1039 Sed
614 1015 718 1046 neque
737 1016 772 1037 ea
794 1006 823 1036 in
841 1005 911 1045 lege
931 1005 1045 1034 Accur·

176 1055 222 1088 fio
239 1054 318 1086 favit
335 1052 463 1084 fortuna
479 1047 749 1090 jurisprudentiae.
774 1043 923 1091 Namqetsi
940 1054 977 1075 ea
995 1045 1047 1075 lex

177 1098 222 1128 :iit
231 1119 240 1135 ,
253 1104 319 1127 non
330 1093 391 1125 effe
403 1093 548 1131 cuiquam
561 1091 692 1120 liberum
703 1111 711 1126 ‚
722 1097 838 1129 negare
848 1087 945 1118 tilium
957 1096 965 1124 3
983 1095 1047 1116 non

178 1138 297 1179 probat
314 1144 418 1167 tamen
437 1134 524 1174 quod
549 1130 711 1162 Accurfius
734 1130 900 1169 indigitat:
921 1128 992 1167 quia
1016 1127 1048 1157 in

179 1180 208 1210 d.
227 1179 246 1210 l.
264 1188 292 1209 2.
322 1186 386 1208 non
406 1176 475 1206 haec
491 1172 622 1213 quaestio
639 1170 702 1209 est,
726 1180 762 1201 an
780 1179 868 1210 pater
884 1170 921 1200 ad
939 1177 1050 1207 agnos-

179 1220 319 1252 cendum
333 1217 544 1255 alendumque
561 1213 658 1245 filiurn
669 1213 804 1243 civiliter
814 1212 884 1251 cogi
897 1200 989 1250 possit
1000 1209 1049 1240 vel

179 1260 362 1293 denunciari
374 1266 467 1297 poena
481 1266 519 1287 ex
530 1253 810 1287 Senatusconsulto
824 1252 989 1283 Planciano
1000 1274 1008 1288 ,
1020 1250 1050 1281 dt*

181 1303 284 1334 altero
300 1301 388 1341 quod
405 1298 467 1330 fuit
483 1306 629 1337 tempore
649 1295 722 1325 Divi
740 1293 892 1325 Hadriani
911 1291 1028 1323 faCtum
1040 1314 1049 1329 ‚

180 1344 235 1378 vel
253 1341 454 1383 praejudicio,
479 1339 528 1369 seu
547 1336 746 1377 praejudiciali
767 1335 911 1371 afflone,
936 1334 984 1363 vel
1003 1342 1047 1378 re.

180 1385 292 1417 medio
317 1383 404 1423 quod
429 1384 520 1412 datur
536 1378 644 1418 major-i
665 1377 777 1414 trinit),
801 1377 840 1406 de
857 1375 971 1415 quibus
988 1381 1050 1418 agit

182 1428 211 1458 d.
228 1426 246 1456 l.
259 1436 287 1462 9.
308 1424 453 1455 Minime.
480 1430 548 1461 quae
566 1422 595 1450 in
609 1420 636 1449 d.
650 1419 668 1449 l.
682 1429 709 1449 2.
734 1425 883 1448 movetur
900 1414 1049 1454 quaestio,

180 1468 252 1500 haec
275 1465 336 1504 est,
360 1473 397 1495 an
415 1470 504 1503 pater
520 1462 594 1492 ideo
612 1462 699 1500 quod
716 1458 816 1489 filium
833 1456 1049 1497 sanguinolen-

181 1517 250 1540 tum
267 1508 296 1538 δι
312 1505 454 1537 nondum
472 1503 611 1539 agnitum
631 1498 793 1540 exposuit,
818 1498 995 1538 abjecitve,
1020 1505 1049 1527 a·

183 1549 250 1590 pud
276 1544 465 1578 Praefestum
489 1542 605 1580 Urbis,
630 1540 838 1572 Praefidemve
852 1539 1050 1575 Provinciae,

183 1588 390 1621 criminaliter
407 1583 543 1616 accusari
561 1582 728 1624 punirique
746 1581 849 1622 poffit.
873 1581 905 1612 id
922 1589 1000 1611 vero
1018 1581 1050 1611 in

183 1632 213 1663 d.
230 1630 249 1661 l.
266 1638 295 1666 9.
319 1637 336 1659 a
355 1626 562 1658 Diocletiano
578 1625 607 1655 δε
622 1623 817 1655 Maximiano
834 1631 899 1653 non
918 1621 1051 1659 dicitur-3

181 1680 290 1710 neque
306 1669 366 1701 illis
385 1667 585 1707 Principibus
597 1665 645 1705 jus
661 1664 738 1696 fuit:
761 1671 796 1695 ut
816 1662 903 1702 supra
917 1662 1051 1694 ostendi.

182 1711 232 1744 Ut
248 1711 333 1743 enim
350 1708 453 1751 posset
470 1708 607 1740 civiliter
623 1707 697 1748 cogi
715 1713 821 1747 pater,
844 1704 943 1736 filium
958 1704 987 1735 &
1002 1713 1052 1744 ag-

180 1752 316 1787 noscere
332 1752 362 1784 &
377 1752 481 1789 alere;
498 1757 602 1781 tamen
619 1747 640 1779 fi
658 1756 728 1778 eum
745 1746 848 1778 statim
863 1756 879 1777 a
894 1753 985 1787 partu
1000 1754 1054 1776 ex-

180 1801 342 1838 poneret,
359 1793 441 1825 nulla
455 1790 553 1833 posita
567 1789 628 1821 fuit
648 1789 809 1820 arbitraria
825 1797 921 1828 poena
939 1796 998 1827 qua
1011 1786 1055 1817 ob

184 1838 220 1869 id
236 1839 461 1868 coerceretur:
485 1833 539 1873 qui
556 1832 623 1862 aliis
639 1830 791 1870 exemplo
807 1828 884 1860 effet
899 1829 938 1860 ad
953 1829 1055 1859 deter-

183 1878 320 1911 rendum
336 1874 538 1908 maleficium.
564 1872 639 1904 Non
656 1873 748 1912 igitur
764 1870 875 1904 debuit
891 1868 1056 1901 Accursius

183 1920 225 1952 ad
242 1917 541 1960 interpretationem
557 1916 584 1946 d.
602 1914 621 1945 l.
641 1922 670 1945 2.
693 1913 739 1944 uti
756 1912 942 1943 auctoritate
958 1912 986 1942 d.
996 1911 1016 1942 l.
1029 1920 1054 1943 1.

183 1961 204 2004 ἓ
229 1970 292 2034 §ed
310 2009 415 2041 neque
431 1998 517 2031 Pauli
534 1997 562 2028 [l.
578 1997 597 2028 l.
612 2005 641 2033 st.
661 1995 702 2027 D.
722 1996 756 2027 de
773 1994 958 2036 agnoscendis
974 1993 1011 2028 Εἴ
1028 2004 1057 2024 α-

188 2044 279 2075 lendis
295 2043 406 2077 liberm
430 2039 485 2071 etfi
507 2038 548 2070 fic
566 2037 699 2076 scribat,
723 2036 838 2068 Necare
862 2036 979 2066 videtur
999 2045 1056 2065 non

189 2090 306 2116 tantum
323 2085 346 2114 is
362 2083 413 2124 qui
425 2086 544 2122 partum
555 2079 705 2120 perfocat:
721 2078 767 2112 fed
782 2076 818 2112 ἐξ
834 2078 859 2108 is
874 2078 924 2117 qui
939 2077 1055 2117 abjicit;

189 2125 228 2160 δ’
251 2126 303 2166 qai
325 2124 459 2155 alimonia
483 2123 623 2161 demergam
647 2118 684 2154 &³
707 2118 761 2160 [is]
786 2119 838 2160 qni
852 2117 974 2159 publicis
990 2117 1057 2147 locis

187 2166 381 2208 misericordiae
402 2164 489 2204 causa
515 2163 658 2204 exponit,
688 2170 776 2202 quam
799 2159 857 2201 ipfh
881 2168 938 2190 non
963 2159 1056 2190 habet.

789 139 852 170 Sed
867 137 979 177 fustra
994 146 1032 169 ea

900 2271 1112 2306 CAPUT

759 52 1066 96 Ganannr
1114 46 1341 83 Noonr

1074 135 1152 169 Non
1170 135 1255 168 enirn
1271 133 1415 178 agnoscit
1430 132 1544 166 Paulus
1560 133 1645 167 illam
1664 134 1829 168 ordinariae
1845 134 1875 167 &
1892 144 1948 168 εκ·

1077 177 1291 210 traordinariae
1309 185 1412 217 poenae
1435 174 1667 214 differentiam,
1691 185 1783 216 quam
1799 179 1883 209 circa
1899 179 1946 209 in-

1076 218 1173 251 fantis
1183 218 1417 259 expositionem
1433 216 1557 248 faciunt
1566 216 1745 249 Dofflffimi
1761 217 1839 249 Viri.
1858 218 1946 259 Quin

1078 259 1257 292 indistincte
1274 261 1317 291 ait
1330 282 1339 297 ‚
1363 266 1487 299 partum
1503 267 1617 289 necare
1633 259 1686 299 qui
1705 258 1868 299 persecat,
1892 259 1948 301 qui

1079 301 1204 341 abiicit,
1228 301 1282 341 qui
1309 300 1457 332 alimonia
1481 300 1636 340 denegat,
1658 300 1797 339 denique
1823 300 1876 340 qui
1893 309 1949 340 pu-

1080 343 1173 374 blicis
1190 343 1270 374 locis
1287 341 1512 374 misericordiae
1527 339 1616 372 caula
1638 342 1774 381 exponit
1790 349 1882 380 quam
1900 341 1948 380 ip-

1081 384 1111 414 se
1129 393 1193 415 non
1211 384 1317 415 habet.
1342 382 1407 424 Qui
1418 383 1513 424 igitur
1529 381 1655 423 possunt
1672 390 1783 413 eorum
1799 381 1894 421 aliqui
1905 382 1949 413 le-

1082 435 1122 466 ge
1140 424 1308 463 Cornelia,
1323 433 1376 455 aut
1385 423 1555 464 Pompeja,
1570 424 1666 464 aliqui
1684 431 1773 455 extra
1785 423 1929 454 ordinem
1941 443 1952 459 ‚

1084 467 1204 504 teneri,
1221 467 1330 506 utique
1345 475 1385 496 ex
1401 465 1490 498 Pauli
1506 464 1686 497 sententia?
1702 465 1722 497 fi
1739 465 1823 496 enim
1842 471 1955 504 putat,

1084 517 1140 538 eos
1160 509 1212 548 qui
1230 515 1353 546 partum
1371 515 1505 545 necant,
1524 506 1675 538 Cornelia
1687 529 1696 544 ‚
1713 515 1766 537 aut
1784 505 1955 545 Pompeia,

1084 549 1154 587 lege
1175 549 1296 588 puniri:
1319 557 1409 588 aeque
1432 555 1540 589 putat,
1564 548 1652 579 illum
1670 548 1724 584 qui
1750 555 1874 587 parturn
1899 555 1953 586 pu-

1085 590 1172 621 blico
1190 589 1265 619 loco
1279 589 1388 620 alienae
1404 589 1625 621 misericordiae
1643 590 1797 629 exponit,
1813 588 1858 619 eis
1877 587 1953 628 legi-

1086 631 1144 662 bus
1161 631 1324 668 coerceri,
1346 635 1442 671 atque
1468 631 1553 662 hunc
1578 631 1630 672 qui
1648 639 1769 671 partum
1788 628 1957 670 perfocat3

1086 680 1140 704 aut
1163 680 1236 702 eum
1260 671 1383 711 abjicit,
1407 679 1460 703 aut
1483 673 1513 703 ei
1536 672 1684 704 alimonia
1703 673 1857 712 denegat:
1881 670 1955 709 quia

1087 714 1148 750 ait,
1173 722 1285 743 ornnes
1311 720 1432 752 partum
1455 722 1604 754 peraeque
1622 723 1746 744 necare.
1776 721 1873 752 atque
1891 712 1958 742 hoc

1087 754 1191 786 voluit
1208 752 1318 784 Glossa
1333 754 1372 785 ad
1387 755 1414 785 d.
1433 754 1452 785 l.
1467 764 1498 793 4.
1544 754 1747 796 Quamquam
1772 763 1832 785 nec
1853 752 1895 784 fic
1916 752 1957 783 ad

1088 804 1197 827 verum
1222 794 1401 827 acceditur:
1426 797 1498 834 quia
1522 795 1634 828 Paulus
1658 796 1761 828 nullos
1788 805 1828 826 ex
1852 794 1900 825 his
1916 793 1958 824 de

1088 837 1202 877 quibus
1219 836 1301 874 dixi,
1325 836 1379 867 ulli
1400 835 1562 877 adstringit
1578 846 1700 876 poenae,
1725 847 1765 868 ne
1791 836 1869 877 legis
1890 835 1959 875 qui·
1999 866 2004 871 x
2035 824 2036 827 ¹

1091 881 1163 910 dem
1181 877 1358 917 Pompejae,
1383 885 1436 908 aut
1453 876 1622 910 Cor-neliae.
1659 877 1765 920 Quid,
1787 878 1808 910 fi
1825 886 1884 909 nec
1899 886 1959 917 po-

1091 920 1152 951 tuit
1167 918 1384 959 adstringere?
1404 918 1539 959 quippe,
1555 928 1625 950 cum
1637 921 1700 958 ejus
1716 927 1826 957 aetate,
1842 919 1874 950 id
1893 917 1959 954 est,

1091 961 1147 992 sub
1171 960 1327 1001 Septimio
1350 959 1492 997 Severo,
1517 959 1696 998 Caracalla,
1720 962 1749 991 ἃ
1774 961 1962 992 Alexandro

1090 1003 1230 1039 Severo,
1254 1002 1348 1042 plane
1371 1002 1559 1041 impunitam
1584 1002 1764 1041 licitamque
1785 1001 1876 1032 fuiss'e
1894 999 1961 1031 san-

1089 1043 1351 1085 guinolentorum
1367 1043 1540 1074 liberorum
1557 1042 1586 1073 δι
1601 1042 1832 1078 expolitionem
1843 1066 1852 1081 ,
1870 1042 1962 1072 &ab-

1087 1085 1279 1125 Jefitionem,
1304 1084 1334 1115 ὅτ.
1350 1093 1482 1120 necem,
1505 1082 1593 1124 supra
1609 1083 1765 1114 ostensum
1782 1083 1827 1114 fit.
1861 1082 1963 1125 Quod

1090 1126 1110 1158 si
1128 1126 1191 1164 est3
1215 1133 1362 1166 apparet,
1386 1123 1571 1165 constitutam
1587 1125 1670 1156 illam
1688 1123 1962 1162 animadverfionenz

1092 1176 1185 1206 quam
1202 1166 1348 1198 adversus
1363 1166 1521 1198 infantum
1536 1166 1770 1206 expolitionem
1786 1166 1965 1197 decernunt

1094 1209 1357 1245 ValentinianuS,
1384 1207 1517 1247 Valens,
1541 1209 1570 1238 dt
1589 1206 1779 1245 Gratianus,
1804 1207 1834 1238 in
1852 1208 1879 1239 d.
1896 1207 1915 1237 l.
1933 1216 1966 1237 2.

1091 1258 1212 1281 temere
1229 1251 1320 1289 petia
1333 1248 1448 1280 Paulo:
1466 1251 1516 1288 qui
1535 1249 1574 1279 de
1591 1258 1628 1279 ea
1642 1257 1812 1288 numquam
1825 1271 1834 1286 ,
1849 1258 1889 1279 ne
1907 1256 1964 1287 per

1092 1291 1245 1322 somnium
1265 1290 1410 1330 quidem,
1427 1290 1599 1327 cogitavit:
1624 1291 1695 1329 quia
1711 1290 1794 1321 nulia
1811 1297 1879 1320 erat
1898 1289 1965 1329 ejus

1093 1341 1204 1370 aetate3
1229 1332 1258 1363 δε
1275 1332 1390 1362 deinde
1408 1330 1483 1370 post‘
1500 1339 1621 1362 tantum
1641 1332 1794 1371 temporis
1812 1331 1963 1361 interval-

1093 1375 1156 1404 lum
1176 1375 1302 1404 demum
1321 1381 1450 1412 recepta
1468 1371 1538 1404 est?
1555 1372 1607 1402 Ait
1623 1380 1727 1403 tamen
1746 1372 1857 1403 Paulus
1870 1394 1880 1409 ‚
1902 1371 1966 1402 Ne-

1093 1424 1157 1445 care
1172 1416 1286 1445 videtur
1301 1423 1357 1444 non
1376 1418 1490 1444 lantum
1509 1414 1532 1443 is
1547 1414 1598 1454 qui
1610 1420 1730 1453 partum
1747 1414 1893 1453 perforat,
1908 1412 1963 1452 secl

1093 1455 1130 1490 &²
1141 1457 1164 1486 is
1182 1456 1232 1496 qui
1247 1455 1366 1496 abjicit,
1390 1453 1426 1488 ὅ)
1443 1455 1494 1496 qni
1509 1454 1644 1485 alimonia
1660 1456 1799 1495 denegat,
1815 1453 1850 1488 ὃ)
1869 1455 1894 1483 is
1911 1454 1964 1494 qni

1088 1497 1211 1538 publicis
1225 1496 1291 1526 locis
1302 1497 1495 1535 misericordiae
1510 1495 1596 1536 causti
1605 1497 1719 1536 exponit
1734 1505 1821 1535 quam
1835 1496 1890 1535 ipse
1905 1504 1966 1525 non

1093 1539 1185 1569 hahet.
1218 1536 1361 1576 Optime.
1386 1545 1482 1577 atque
1499 1537 1542 1567 ita
1558 1536 1728 1568 censebant
1746 1537 1889 1577 plerique
1906 1536 1965 1566 bo-

1094 1580 1124 1610 ni
1142 1588 1179 1609 ac
1196 1578 1266 1618 justi
1287 1579 1364 1610 viri:
1389 1585 1424 1609 ut
1450 1585 1522 1609 toto
1548 1578 1611 1608 hoc
1636 1577 1745 1618 Opere
1769 1577 1968 1618 intelligitur.

1094 1621 1169 1661 quin
1186 1618 1429 1657 Constantinus,
1453 1619 1483 1650 δε
1501 1619 1718 1658 Athenagoras
1732 1642 1742 1657 ‚
1765 1626 1800 1649 ut
1813 1620 1874 1658 jam
1891 1618 1968 1658 capi-

1094 1669 1120 1692 te
1138 1660 1178 1692 V.
1203 1660 1346 1697 ostendi,
1371 1670 1408 1691 ea
1429 1661 1460 1691 in
1484 1659 1588 1700 specie
1605 1661 1699 1690 etiam
1713 1660 1905 1700 parricidium
1922 1659 1968 1690 <ii-

1095 1703 1221 1734 cebant.
1252 1701 1314 1732 Sed
1330 1702 1406 1733 licet
1422 1701 1463 1732 fic
1478 1701 1601 1741 optime
1619 1700 1756 1741 disputet
1775 1700 1906 1738 Paulus,
1923 1708 1969 1731 ta-

1097 1753 1171 1776 men
1183 1743 1264 1775 male
1280 1743 1323 1775 illi
1341 1743 1395 1783 qui
1412 1742 1488 1773 hinc
1498 1742 1705 1783 collegerint;
1723 1741 1753 1772 Si
1765 1750 1879 1773 necare
1890 1741 1970 1773 Pau-

1098 1786 1131 1817 lo
1157 1785 1282 1816 videtur
1308 1793 1372 1815 non
1397 1791 1519 1815 tantum
1543 1784 1568 1814 is
1585 1783 1639 1823 qui
1658 1791 1781 1824 partum
1799 1782 1967 1823 perfocat‚

1098 1826 1151 1858 sed
1168 1826 1196 1858 ὅ(
1213 1827 1237 1858 is
1253 1826 1306 1866 qui
1322 1825 1448 1865 abjicit,
1460 1825 1490 1856 &
1502 1826 1553 1865 qui
1570 1825 1718 1856 alimonia
1733 1824 1927 1865 denegat‚&
1941 1824 1968 1855 is

1099 1869 1152 1908 qui
1168 1868 1301 1908 publicis
1317 1867 1395 1898 locis
1406 1866 1626 1898 misericordiae
1637 1865 1725 1897 causa
1735 1866 1869 1906 exponit
1877 1874 1971 1905 quam

1098 1908 1164 1950 ipse
1184 1918 1247 1940 non
1264 1908 1379 1940 habet:
1403 1907 1464 1938 fuit
1487 1908 1581 1948 igitur
1601 1907 1731 1939 infantis
1749 1908 1778 1938 ἃ
1797 1908 1917 1945 caedes,
1940 1908 1971 1938 ὅτ.

1101 1950 1236 1991 abjectio
1249 1974 1259 1988 ‚
1281 1950 1310 1981 ἀ
1325 1949 1500 1989 expolitio,
1526 1948 1610 1980 Pauli
1630 1957 1775 1989 tempore
1790 1949 1901 1987 punita
1917 1955 1971 1979 aut

1102 1992 1285 2028 homicidii,
1308 1999 1361 2022 aut
1379 1990 1558 2031 parricidii,
1582 1999 1687 2030 poena.
1722 1989 1810 2021 Nihil
1827 1990 1910 2021 enim
1927 1990 1972 2021 in-

1099 2034 1223 2074 eptius,
1245 2033 1323 2063 nihil
1340 2033 1436 2072 magis
1456 2041 1472 2062 a
1488 2040 1567 2062 vero
1584 2032 1751 2063 abhorret:
1773 2030 1827 2062 etsi
1844 2040 1907 2062 non
1924 2031 1971 2062 in·

1098 2073 1205 2112 ficier,
1223 2074 1285 2105 tale
1301 2079 1519 2113 argumentum
1531 2073 1618 2112 quod
1636 2082 1677 2104 ex
1693 2073 1779 2104 Pauli
1792 2073 1896 2103 verbis
1915 2071 1974 2102 hic·

1099 2116 1244 2147 videatur
1259 2114 1400 2154 aliqualis
1416 2115 1532 2145 ducere
1552 2112 1797 2154 consequentia,
1821 2113 1971 2146 hactenus

1099 2157 1227 2198 qualern
1244 2156 1371 2197 qualem
1386 2156 1453 2187 veri
1468 2154 1605 2195 speciem
1622 2155 1764 2186 induere.

1177 2266 1272 2304 VII.

187 2368 229 2412 In
247 2373 425 2421 exponendis
442 2371 585 2408 Veterum
603 2371 803 2405 monumentis
810 2367 1060 2416 frequentifflma
1080 2365 1166 2402 Viris
1179 2392 1188 2407 ‚
1215 2367 1308 2400 etiam
1331 2364 1573 2413 Eruditzffimis,
1600 2364 1655 2411 effi
1673 2371 1855 2411 argumenta
1871 2375 1890 2397 a
1907 2375 1975 2398 con-

232 2423 414 2472 sequentia:
421 2420 482 2468 sed
489 2419 699 2466 fallaciffi'ma
719 2418 793 2464 effi,
809 2417 850 2457 &²
869 2418 1017 2453 evitanda
1031 2418 1077 2451 his
1096 2417 1146 2461 qui
1159 2415 1200 2449 ad
1215 2415 1335 2449 laudem
1350 2426 1429 2448 verae
1445 2415 1622 2449 eruditionis
1639 2414 1816 2459 adspirant,
1830 2413 1979 2459 exemplis·

240 2472 453 2519 pulcherrimis
475 2469 732 2516 demonstratum:
750 2465 848 2512 fimul
871 2467 1012 2513 expedita
1029 2465 1163 2511 qucedam
1175 2489 1187 2508 ,
1213 2470 1302 2509 atque
1318 2463 1419 2498 eadem
1436 2464 1600 2506 intricata,
1625 2463 1721 2508 Juris
1739 2461 1845 2496 Civilis
1862 2463 1976 2508 capita,

195 2582 288 2657 Sed
306 2581 432 2620 nescio,
449 2589 488 2612 an
501 2579 587 2621 quod
598 2577 799 2619 frequentius
817 2576 1065 2617 Interpretibus,

263 2631 327 2654 non
345 2624 444 2654 modo
461 2622 501 2653 de
518 2621 631 2661 plebe,
647 2620 699 2651 sed
716 2620 810 2651 etiam
822 2619 974 2658 majorum
992 2626 1067 2658 gen-

196 2664 298 2699 tium,
320 2662 355 2694 fit
381 2671 618 2704 argumentum,
643 2670 737 2702 quam
759 2661 845 2701 quod
863 2659 1034 2691 desumitur
1049 2667 1066 2689 a

195 2703 423 2745 consequentia
448 2705 577 2735 rationis
602 2710 655 2733 aut
680 2702 754 2734 dicti
774 2711 839 2742 quo
857 2701 923 2732 usus
940 2699 975 2732 fit
994 2700 1063 2740 quis

195 2745 300 2778 Vetus
328 2744 468 2776 Auctor:
492 2753 588 2785 atque
612 2744 738 2775 interim
762 2743 881 2775 nullum
910 2741 955 2773 est
976 2741 1065 2781 quod

195 2786 420 2828 Imprudentes
443 2793 532 2825 aeque
554 2785 660 2823 fallat,
684 2785 732 2822 &,
756 2793 828 2816 cum
855 2792 894 2814 ex
920 2792 999 2813 vero
1025 2791 1062 2813 ac

195 2827 354 2870 probabili
379 2825 520 2857 colorem
542 2825 642 2863 ferat,
667 2826 765 2867 magis
786 2833 900 2865 praeter
916 2824 1064 2856 Austoris

193 2877 335 2904 mentem
347 2867 488 2898 ducatur.
512 2865 567 2904 Id,
584 2867 637 2898 nifi
646 2877 742 2907 grave
758 2868 906 2907 cuiquam
922 2865 976 2904 fit,
993 2874 1065 2904 pau-

196 2913 262 2950 cis,
287 2908 338 2941 sed
360 2907 516 2949 pulchris,
540 2910 694 2947 exemplis
717 2907 933 2940 demonstrare
949 2906 1063 2937 consti-

196 2953 261 2986 tui:
283 2959 318 2983 ut
335 2949 497 2989 aliquanto
521 2947 638 2978 certior
662 2948 716 2979 fiat
734 2949 819 2981 Pauli
837 2948 1011 2980 sententia:
1031 2946 1066 2979 fi-

194 2995 262 3027 mul
286 2997 455 3033 appareat,
479 2988 523 3020 eis
542 2989 594 3028 qui
611 2988 650 3019 ad
666 2991 896 3028 eruditionem,
920 2990 1005 3020 illam
1019 2989 1065 3028 ju-

195 3036 273 3069 stam
289 3042 326 3065 ac
343 3030 527 3068 masculam,
543 3029 627 3060 bona
643 3030 806 3062 enituntur
818 3030 900 3070 fide,
917 3031 947 3062 in
967 3039 1065 3070 expo-

196 3076 309 3109 nendis
326 3073 479 3105 Veterum
498 3070 668 3103 Auctorum
689 3070 809 3109 scriptis
829 3073 980 3111 deinceps
997 3080 1065 3110 par-

199 3117 334 3150 cendum
350 3114 412 3146 esse
428 3111 617 3154 argumentis
634 3111 828 3156 tamlevibus
845 3113 874 3143 ὅ(
889 3112 1065 3144 fallacibus.

236 3158 377 3192 Primum
393 3154 512 3191 sumam
536 3162 576 3187 ex
599 3150 750 3193 Virgilio:
773 3152 857 3192 apud
872 3162 965 3193 quem
981 3153 1065 3194 ,ωηο

1107 2574 1270 2614 Juturnam
1286 2573 1327 2605 sic
1342 2573 1511 2611 alloquitur
1526 2572 1572 2603 lib.
1594 2570 1672 2602 XII.
1690 2570 1893 2611 AEneid.ve²f
1911 2580 1974 2610 142.

1146 2615 1288 2656 Nympha
1303 2617 1387 2645 decus
1396 2614 1555 2655 fluviorum
1572 2615 1666 2644 animo
1680 2611 1840 2653 gratzffima
1850 2610 1964 2652 nostro,

1150 2656 1231 2694 Scis,
1254 2662 1287 2686 ut
1307 2662 1332 2686 te
1347 2656 1459 2687 cunffls
1475 2666 1582 2693 unam,
1604 2663 1779 2695 quaecunque
1795 2653 1913 2685 Latine

1149 2697 1437 2738 MagnanimiJovis
1455 2698 1604 2738 ingratum
1622 2694 1787 2735 adscendere
1803 2694 1912 2734 cubile,

1148 2738 1342 2770 Praetulerim.

1148 2780 1202 2810 Ait
1216 2778 1319 2819 Juno,
1342 2779 1372 2811 se
1397 2778 1560 2821 Nymphis
1586 2778 1706 2810 cunctis
1723 2787 1799 2819 quas
1825 2777 1976 2809 amaverit

1106 2820 1248 2861 Jupiter,
1270 2820 1433 2860 Juturnam
1452 2819 1638 2861 praetulisse:
1660 2820 1790 2860 perinde
1807 2817 1890 2859 quafi
1912 2826 1978 2849 om-

1107 2872 1163 2894 nes
1179 2862 1210 2892 in
1222 2862 1345 2894 honore
1357 2862 1504 2893 habuerit
1519 2871 1644 2893 amores
1652 2861 1751 2900 jovis.
1767 2861 1799 2892 id
1816 2869 1892 2891 vero
1909 2867 1975 2890 non

1107 2905 1150 2935 ita
1162 2901 1223 2934 esse
1239 2902 1381 2941 constat,
1398 2903 1427 2934 ἂ
1446 2904 1476 2934 in
1495 2901 1592 2934 Notis
1604 2902 1750 2934 observat
1765 2901 1907 2932 Servius:
1922 2907 1974 2929 cu-

1105 2945 1155 2985 jus
1169 2943 1313 2985 adscripsi
1328 2944 1424 2976 verba
1435 2954 1445 2983 ;
1459 2952 1556 2985 atque
1567 2953 1607 2975 eo
1622 2944 1780 2975 lubentius
1790 2964 1799 2980 ‚
1816 2941 1886 2979 quia
1897 2948 1973 2979 pra:-

1109 2994 1195 3017 terea
1211 2986 1319 3017 attulit
1342 2986 1450 3017 locum
1465 2995 1505 3017 ex
1524 2984 1667 3016 Sallustio
1684 2992 1773 3024 aeque
1789 2980 1950 3027 pulchrum
1962 3001 1973 3017 ,

1109 3028 1139 3059 δε
1158 3028 1195 3058 ad
1214 3036 1280 3058 rem
1295 3027 1586 3059 accommodatum.
1616 3025 1720 3056 Verba
1735 3024 1846 3054 Servii.
1873 3019 1976 3060 szro-

1109 3076 1150 3099 zes
1160 3068 1264 3109 figura
1276 3076 1329 3110 per
1347 3070 1534 3100 contrarium.
1562 3068 1630 3108 pius
1655 3067 1728 3096 enim
1741 3063 1810 3093 dicit
1824 3060 1861 3095 ἐξ
1876 3063 1974 3091 minus

1102 3108 1265 3152 significat.
1287 3119 1410 3152 namque
1426 3110 1500 3142 alias
1508 3118 1601 3140 omnes
1616 3105 1654 3147 est
1663 3104 1825 3149 persecuti&
1845 3101 1912 3132 huic
1926 3110 1975 3132 ve·

1109 3161 1139 3184 ro
1157 3151 1274 3184 libenter
1287 3150 1418 3190 indulfit.
1458 3150 1502 3183 Et
1518 3151 1588 3182 dicit
1592 3150 1627 3189 se
1643 3147 1716 3178 banc
1729 3144 1857 3175 omnihus
1867 3148 1974 3184 praetrt-

1898 3182 1973 3225 lzffe:
