2036 3495
173 117 248 155 286·

174 202 260 234 enim
276 202 421 243 intelligo
438 223 447 239 ,
481 200 648 241 quomodo
674 199 735 231 ulla
761 197 845 229 saluo
865 197 942 229 statu
968 206 1044 228 con-

177 245 277 284 tingat
293 245 403 283 capitis
420 242 566 274 minutio.
610 240 690 272 Rem
713 248 876 280 putemus:
898 238 974 285 quid
999 236 1044 284 est

175 285 288 324 capitis
306 284 466 315 minutio?
489 292 596 314 nonne
624 280 719 313 ssatus
743 289 937 321 permutatio
954 279 971 312 ’ἒ
1003 279 1044 311 iic

176 326 285 364 utique
305 323 454 356 definitur
476 324 495 355 l.
519 334 543 355 1.
567 323 610 354 D.
634 324 668 354 de
692 324 783 363 capite
805 321 952 352 minutis:
983 329 1044 351 nec

175 364 273 405 magis
294 366 431 397 maxima
450 365 481 396 <St
504 365 608 396 media
628 386 638 402 ,
672 372 766 404 quain
784 363 923 395 minima.
967 361 1044 393 Pau-

175 405 241 436 ium
257 406 417 438 audiamus
442 405 463 437 l.
478 406 533 437 ult.
558 405 601 437 D.
626 407 685 436 eod.
703 405 750 435 tit.
794 402 892 442 Cum,
922 403 1043 444 inquit,

177 444 214 480 θ’)
229 445 345 477 libertas
361 447 397 481 ἑὸ)
413 448 520 479 civitas
536 448 695 484 retinetur,
714 443 837 486 familia
852 450 965 476 tantum
980 454 1044 474 mu-

176 492 276 524 tatur,
306 488 453 519 minimam
478 488 529 530 effe
555 488 656 528 capitis
679 487 901 518 deminutionem
924 484 1044 526 constat.

173 526 293 560 Rursus
315 528 363 560 lib.
389 539 418 569 53.
443 529 572 561 Sentent.
599 530 646 559 tit.
663 533 693 560 6.
716 527 745 570 §.
764 537 813 564 29.
859 525 970 568 Capitis
991 526 1044 557 mi-

173 570 292 600 nutione
309 571 457 602 amittitur
472 569 738 612 (ususfructus‚)
751 568 780 607 fi
795 571 826 600 in
842 568 965 608 insulam
975 568 1046 606 fru-

174 609 307 642 &uarius
322 612 503 652 deponetur,
526 612 575 643 vel
589 610 619 649 fi
643 621 680 643 ex
705 610 792 651 causa
817 609 925 640 metalli
938 609 1047 649 servus

171 656 261 693 poeriae
281 651 426 693 efficiatur
440 676 449 692 ,
479 659 533 685 aut
554 651 583 691 fi
600 651 715 693 statum
735 661 771 683 ex
794 651 980 692 adrogatione
1000 649 1048 696 vei

172 694 324 734 adoptione
341 694 510 726 mutaverit.
552 693 666 726 Paulus
682 693 780 732 dicit,
804 691 916 725 statum
931 699 1046 723 mutari

175 743 242 766 non
261 736 360 767 modo
376 735 603 776 deportatione
619 735 649 767 ὅ(
666 734 819 766 servitute
835 742 960 774 poenae,
974 741 1045 772 quae

176 774 247 807 sunt
264 778 411 817 exempla
428 778 572 809 maximae
591 776 621 808 <St
638 776 751 808 mediae
768 776 880 815 capitis
903 775 1045 806 deminu-

174 818 291 857 tionis3
314 817 366 849 sed
382 819 477 850 etiarn
497 817 703 860 arrogatione
723 818 774 848 vel
791 816 986 857 adoptione,
1010 814 1042 846 id

176 857 221 889 est
238 882 248 896 ‚
284 860 397 898 capitis
424 860 647 892 deminutione
674 858 816 891 minima.
858 866 919 898 qua
950 857 1046 897 igitur

175 899 287 932 fronte
303 900 459 940 Ulpianus
476 904 506 934 i'n
523 900 551 932 d.
569 901 588 932 l.
610 909 635 932 1.
660 899 689 942 §.
709 905 739 935 8.
764 899 876 940 Capitis
889 923 898 937 ‚
925 897 1046 938 inquit,

176 942 299 973 minutio
310 945 393 980 salvo
406 940 485 982 [latu
502 944 600 974 contin
621 951 670 973 ens
686 942 782 973 liberis
807 940 880 972 nibil
905 945 984 970 nocet
1010 940 1048 969 (id

175 974 331 1024 iegi'ti'mam
348 983 531 1017 hereditatem
546 984 564 1016 Ξ)
617 982 727 1025 ῖςιιῑᾶ
752 983 866 1019 video;
890 978 978 1013 deest
994 978 1048 1011 Ul-

175 1026 272 1064 piano
288 1025 442 1064 verbum,
467 1026 556 1068 quod
581 1034 646 1056 non
668 1023 922 1065 improbabiliter
946 1020 988 1053 fic
1003 1031 1048 1053 re*

175 1065 313 1099 stituam.
357 1067 469 1107 Capitis
486 1067 609 1099 minutio
646 1066 711 1097 alvo
721 1063 808 1106 statu
823 1074 846 1095 c.
863 1064 1048 1104 contingens:

176 1107 210 1138 id
226 1106 290 1147 est,
315 1107 437 1149 Capitis
456 1109 593 1141 minutio
631 1108 704 1139 alvo
726 1106 806 1139 statu
822 1106 951 1137 civitatis
970 1113 1048 1137 con-

177 1149 315 1191 tingens.
360 1150 451 1191 Siglis
474 1151 558 1182 enim
582 1149 651 1188 his,
675 1148 713 1180 C.
731 1147 773 1180 Ο.
805 1147 888 1187 apud
912 1145 1049 1178 Veteres

177 1188 396 1231 significatur,
426 1193 533 1223 civitas
557 1192 674 1223 omnis:
711 1197 746 1222 ut
778 1190 876 1221 docet
904 1186 1049 1234 Valerius

176 1230 322 1272 Probus,
345 1230 437 1264 Notis
457 1230 606 1265 Veterum.
636 1230 733 1263 facile
758 1238 863 1262 autem
886 1228 1048 1262 Librarius

177 1274 344 1314 imperitus
368 1297 379 1312 ‚
416 1281 471 1305 aut
500 1283 566 1306 non
592 1273 761 1305 attendens
783 1271 823 1303 ad
855 1268 1049 1316 potestatem

178 1314 254 1355 Sigli
271 1338 280 1354 ‚
305 1314 355 1354 C,
379 1315 410 1346 dt
426 1322 540 1348 contra
557 1323 708 1356 reputans
725 1336 734 1352 ,
757 1323 775 1345 a
792 1313 845 1344 tali
861 1313 950 1344 litera
974 1313 1047 1342 inci-

177 1364 256 1397 pere
271 1355 457 1397 sequentem
474 1364 610 1396 vocem‚
632 1357 818 1396 contingen13
836 1352 978 1393 neglesta
996 1361 1050 1398 ea,

173 1405 342 1438 tamquam
366 1397 584 1439 supervacua,
614 1395 734 1437 scripsit
750 1419 761 1435 ,
790 1395 901 1436 Capitis
929 1395 1051 1425 minutio

171 1438 259 1480 ,salvo
275 1437 363 1480 statu
387 1440 556 1481 contingens
571 1449 582 1470 .·
617 1447 690 1469 cum
723 1436 923 1468 scribendum
948 1433 1025 1466 ess'et
1042 1456 1052 1473 ,

181 1479 291 1521 Capitis
307 1481 430 1511 minutio
447 1477 620 1519 salvostatu
635 1478 773 1510 civitatis
790 1477 969 1518 contingens.
1006 1474 1052 1506 Ea

179 1519 384 1559 formidem
402 1519 557 1561 Ulpianus
583 1520 602 1550 t.
621 1529 649 1551 2.
671 1518 706 1552 D
739 1520 772 1550 de
790 1519 882 1560 capite
901 1518 1022 1548 minutis
1038 1540 1048 1556 ,

179 1561 330 1600 Pertinet,
353 1563 477 1602 inquit,
500 1562 550 1593 hoc
566 1559 706 1600 Edictum
719 1561 758 1592 ad
773 1569 821 1592 eas
844 1560 946 1600 capitis
962 1558 1048 1589 demi-

178 1603 310 1634 nutiones
339 1613 402 1645 quoe
426 1601 508 1635 salva
539 1602 671 1634 civitate
702 1603 886 1642 contingunt.
935 1599 1049 1632 Paulus

180 1653 310 1685 quoque
325 1645 344 1675 l.
361 1655 392 1685 5.
416 1643 444 1686 §.
464 1644 518 1676 ult.
543 1643 585 1675 D.
610 1644 669 1675 eod.
687 1643 735 1674 tit.
755 1640 853 1674 Primo
866 1637 965 1689 ‚infit
982 1663 994 1679 ,
1015 1641 1048 1671 de

177 1687 281 1726 eapitis
298 1687 490 1718 deminutione
503 1695 565 1727 qua
584 1684 666 1717 salva
685 1684 816 1716 civitate
830 1684 947 1715 accidit:
989 1681 1050 1714 Ca-

176 1727 255 1769 pitis
273 1737 371 1768 porro
390 1728 526 1760 minutio
543 1750 554 1766 ‚
578 1726 661 1768 salva
683 1725 815 1758 civitate
839 1724 1051 1765 contingens,

175 1775 303 1809 ,tautum
320 1768 474 1802 familiam
491 1776 615 1808 mutat3
638 1776 700 1799 nee
722 1767 781 1799 alia
799 1765 864 1810 est,
888 1773 982 1806 quam
999 1765 1052 1810 mi-

176 1815 250 1844 nor.-
273 1811 322 1843 cui
342 1810 498 1852 Ulpianus
520 1811 553 1842 in
573 1808 645 1852 ipso
668 1808 697 1851 §.
716 1813 745 1843 8.
769 1809 799 1840 d.
818 1809 838 1839 i.
860 1812 1053 1854 1.·oppon·it

177 1859 335 1895 niagnam:
357 1853 492 1892 (licens,
521 1860 591 1893 eam
613 1850 660 1883 vel
684 1851 832 1881 civitatem
854 1849 995 1893 adimere}
1018 1847 1052 1893 id

180 1893 226 1927 est
244 1917 254 1934 ‚
283 1894 380 1926 etiam
410 1894 575 1933 civitatem
608 1893 761 1925 adimere.
792 1890 891 1922 verba
919 1887 1051 1929 Ulpiani

177 1935 261 1970 sunt.
310 1934 381 1974 Ni'fi
405 1935 640 1978 magnalcapitis
662 1933 820 1964 deminutio
845 1932 1026 1962 interveniat
1042 1951 1052 1969 ,

179 1986 240 2020 quiz
269 1977 316 2009 vel
342 1979 492 2009 civitatem
515 1977 618 2008 adimit
637 1999 647 2015 ‚
678 1981 713 2006 ut
732 1980 810 2015 puta
830 1971 859 2011 fi
876 1974 1052 2019 deportetur.

181 2019 354 2061 Magnam,
376 2019 502 2060 inquis,
530 2017 643 2058 capitis
661 2017 915 2060 deminutionem
933 2014 1052 2059 yideo‘,

179 2061 338 2094 minorem
358 2069 479 2100 quaero.
502 2060 600 2101 quid,
623 2057 643 2090 si
665 2065 834 2098 utramque
852 2063 984 2087 nomine
1001 2054 1054 2101 de-

181 2102 335 2135 monstrat
354 2101 510 2144 Ulpianus
530 2101 549 2133 i.
570 2110 597 2132 1.
620 2099 651 2142 §.
666 2109 695 2137 4.
720 2098 761 2131 D.
787 2097 894 2138 defuis
909 2095 945 2130 ὃ
960 2095 1052 2136 legitt-

182 2145 237 2176 mis
253 2145 417 2180 heredibus,
442 2143 489 2174 his
508 2142 635 2180 verbis,
658 2140 749 2172 Filius
774 2144 871 2171 autem
886 2138 964 2176 suus
980 2139 1055 2182 heres

183 2185 235 2226 effe
251 2184 370 2224 definit,
385 2184 414 2220 fi
428 2184 531 2225 capitis
545 2182 737 2215 deminutione
752 2180 798 2213 vel
812 2187 923 2225 magna
939 2177 984 2209 vel
999 2186 1054 2208 mi-

182 2233 262 2259 nore
284 2227 357 2256 exiit
380 2227 413 2256 de
430 2222 567 2265 potestate
583 2224 601 2255 ἓ)
636 2222 690 2256 Est
713 2222 808 2264 igitur
835 2220 975 2261 Ulpiano
1002 2220 1053 2250 du·

175 2268 260 2311 *plex
278 2267 390 2305 capitis
408 2266 586 2298 deminutio
605 2287 615 2303 ‚
639 2273 752 2305 magna
770 2263 820 2309 vel
836 2262 972 2307 minorz·
985 2260 1055 2306 liaec

185 2309 307 2341 accidit
323 2307 451 2340 familiae
469 2307 664 2345 mutatione,
686 2305 738 2336 illa
760 2304 922 2350 amiffione
945 2308 1054 2333 civ1ta-

186 2351 246 2383 tis:
270 2350 367 2381 altera
385 2349 470 2380 tollit
488 2348 627 2388 privata,
651 2347 748 2379 altera
767 2345 972 2385 publicajura
988 2343 1008 2374 l.
1025 2352 1055 2383 5.

184 2389 214 2434 §ſs
233 2399 262 2433 3.
289 2390 328 2421 D.
352 2391 387 2421 ale
402 2388 493 2431 capite
509 2389 639 2421 minutis.
677 2387 870 2419 Callistratus
893 2386 912 2416 i.
929 2395 958 2425 5.
981 2383 1011 2430 §.
1027 2392 1056 2429 3.

187 2433 232 2465 D.
255 2434 287 2463 cie
303 2432 543 2463 extraordinariis
559 2429 769 2472 cognitionibus
792 2428 824 2459 id
839 2427 881 2459 iic
897 2433 1058 2467 exprimit.

180 2473 373 2510 'Consumitur
387 2482 454 2504 vero
471 2471 716 2512 (existimatio)
738 2470 868 2511 quotiens
884 2476 1059 2514 magna-ca·-

179 2515 253 2557 Jn'tis
267 2516 386 2545 minutio
403 2514 562 2545 intervenit
579 2538 587 2552 ‚
612 2513 643 2543 iil
658 2509 697 2553 est
711 2535 721 2551 ‚
743 2520 809 2542 cum
823 2511 938 2541 libertas
956 2509 1059 2541 adimi·

191 2562 257 2587 tur:
279 2556 371 2586 veluti
396 2565 461 2585 cum
481 2564 558 2596 aqua
582 2553 619 2588 ξεῖ
641 2554 706 2595 igni
721 2552 923 2589 interdicitur,
944 2559 1005 2591 quae
1027 2551 1059 2580 in

183 2596 305 2639 perstina
319 2597 529 2636 deportaturum
546 2596 646 2634 venit,
668 2594 715 2625 vei
729 2604 794 2627 cum
804 2593 928 2634 plebejas
944 2594 976 2622 in
990 2597 1059 2630 opus

189 2637 317 2674 metalli,
340 2636 386 2666 vel
411 2638 442 2667 in
466 2636 612 2669 metallum
636 2637 748 2671 datum
773 2635 845 2665 nibil
860 2635 935 2664 enim
950 2632 1057 2672 refert,

191 2684 243 2711 nec
260 2677 371 2717 diversa
385 2683 470 2717 poena
484 2675 523 2718 est
539 2678 628 2717 operis
644 2676 681 2712 fi?
698 2676 806 2707 metalli
820 2698 830 2712 ,
853 2673 909 2713 nisi
924 2674 999 2715 quod
1015 2681 1058 2703 re·

178 2722 266 2764 fugoe
282 2718 372 2758 operis
388 2727 445 2748 non
463 2723 570 2757 morte,
592 2721 639 2756 secl
662 2724 753 2759 poenae
772 2716 881 2748 mecum
899 2715 1058 2757 juojiciun-

189 2767 252 2793 tur.
301 2758 496 2791 Callistratus
528 2759 685 2800 aliquibus
714 2759 840 2790 videtur
862 2766 955 2788 corru
982 2763 1060 2793 tus;

215 2801 352 2842 lerisque
371 2799 549 2839 obscurus3
581 2800 753 2841 Franciseo
777 2798 931 2830 Duareno
968 2798 1004 2827 ib.
1032 2805 1058 2828 1.

184 2812 311 2882 flispui.
328 2841 473 2881 anniveif.
495 2851 519 2873 c.
537 2849 568 2877 9.
591 2841 734 2882 integer:
758 2841 893 2881 talisque
909 2838 985 2870 mihi
1005 2846 1059 2868 oc-

190 2883 299 2918 currit.
322 2882 460 2924 primum
476 2882 520 2914 ait
536 2881 731 2913 Callistratus
747 2904 758 2920 ,
790 2880 1059 2913 existimationem

189 2925 357 2964 consumi,
374 2925 503 2966 quotiens
526 2931 639 2964 magna
663 2923 765 2963 capitis
788 2923 910 2954 minutio
933 2922 1061 2952 interve·

192 2971 258 3003 nii:
280 2966 323 3001 sic
340 2975 418 3001 vero
434 2964 575 2999 ostendit
591 2963 771 3004 duplicem,
794 2972 888 3005 quam
906 2962 991 3004 dixi,
1012 2970 1062 2993 ca-

785 110 1090 154 GnitAnni
1138 103 1368 156 Noun-1·

1085 195 1161 236 pitis
1184 195 1395 227 minutionem
1412 216 1422 233 ‚
1452 195 1598 235 magnam
1622 192 1652 225 ὅ(
1676 194 1843 229 minorem.
1879 207 1952 231 cum

1086 242 1192 268 autem
1209 237 1308 277 quaeri
1325 235 1438 277 poffit,
1460 244 1530 276 quae
1553 234 1588 267 iit
1613 244 1742 276 magna:
1766 238 1880 270 deinde
1896 242 1949 271 ad-

1086 278 1151 316 dit,
1174 278 1204 309 id
1225 276 1264 318 est
1279 301 1290 317 ,
1319 287 1385 308 cum
1408 277 1523 309 libertas
1549 278 1706 308 adimitur.-
1735 279 1951 317 appellatione

1086 319 1240 350 libertatis
1259 328 1324 350 non
1340 318 1463 359 privata
1477 316 1606 350 familiae
1622 341 1631 357 ,
1657 317 1708 349 sed
1732 319 1859 360 publica
1881 322 1956 352 civi-

1087 361 1177 400 tatis,
1199 361 1266 400 jura
1282 358 1469 401 significans.
1492 359 1557 392 hoc
1574 368 1706 400 quoque
1723 369 1764 391 ne
1783 361 1883 401 pariat
1898 362 1956 394 ob·

1086 401 1266 433 scuritatem
1284 424 1293 440 ‚
1316 401 1444 442 duplice
1462 408 1499 432 ea
1517 401 1666 433 libertate
1681 424 1691 439 ,
1722 401 1782 433 alia
1804 403 1954 442 naturali,

1086 443 1144 473 alia
1161 442 1440 482 civilizutriusque
1451 442 1601 482 exemplo
1618 441 1762 474 illustrat.
1780 452 1874 475 unum
1891 443 1954 475 est:

1086 483 1180 514 veluti
1197 494 1264 514 cum
1278 490 1356 524 aqua
1372 483 1409 518 69⁹
1422 485 1486 526 igni
1502 484 1707 523 interdicitur,
1731 493 1794 525 quoe
1816 484 1955 525 (capitis

1086 524 1257 564 minutio)
1278 525 1311 556 in
1328 525 1445 565 persona
1470 526 1681 566 deportaturum
1702 526 1795 556 venit.
1820 525 1955 558 alterum

1088 564 1152 597 est:
1176 565 1223 596 vet
1247 575 1313 597 cum
1332 565 1456 608 plebejiis
1479 569 1512 597 in
1535 572 1603 607 opus
1627 566 1737 597 metalli
1751 565 1797 597 vel
1812 568 1843 598 in
1858 567 1956 598 mettii-

1088 606 1149 638 lum
1167 607 1264 638 datur.
1287 606 1443 647 posterius
1467 607 1649 649 exemplum
1673 607 1873 640 manifestum
1896 608 1959 642 est:

1090 647 1220 679 datione
1239 648 1324 678 enim
1340 648 1371 679 in
1391 649 1552 680 metallum
1568 672 1578 687 ,
1600 649 1651 681 vel
1669 649 1699 681 in
1716 658 1797 690 opus
1813 650 1931 681 metalli
1947 672 1959 688 ‚

1089 697 1222 729 uti-aque
1238 689 1361 720 tollitur
1382 689 1509 721 libertas
1526 714 1535 728 ,
1568 699 1630 722 tam
1659 691 1805 722 naturalis
1821 714 1832 729 ,
1861 699 1958 731 quarn

1088 730 1208 762 civilis:
1232 730 1351 770 quippe
1365 737 1437 761 cum
1457 740 1493 761 ea
1512 731 1678 773 contingat
1694 741 1799 773 poenae
1810 731 1954 764 servitus.

1089 771 1172 811 prius
1203 769 1420 802 obscuriorem
1445 771 1541 803 habet
1573 775 1754 805 rationein:
1785 775 1957 814 deportato

1087 813 1267 844 libertatem
1285 812 1462 851 retinente,
1486 812 1542 844 etfi
1558 814 1682 846 amittat
1698 814 1872 847 civitatem.
1896 820 1959 846 nec

1089 860 1195 885 tamen
1220 853 1284 884 hoc
1308 851 1480 885 confundit
1499 854 1721 887 Callisti-atum.
1744 861 1816 888 nam
1840 854 1893 896 qui
1912 855 1957 896 ci·>

1090 896 1223 926 vitatem
1240 894 1377 933 amittit,
1401 902 1435 926 ut
1454 896 1641 935 deportatus
1654 920 1665 935 ,
1688 897 1713 928 is
1737 897 1866 937 quidem
1883 896 1957 934 Jure

1090 933 1248 968 Gentium
1263 936 1342 967 liber
1358 935 1404 967 est
1421 946 1429 966 ε
1448 937 1668 970 retinct'enim
1687 947 1757 978 quae
1773 937 1852 977 Juris
1871 936 1957 969 Geu-

1092 978 1172 1009 tium
1188 977 1265 1009 sunt.
1289 985 1441 1008 caeterum
1458 979 1575 1009 amittit
1593 985 1662 1018 quae
1686 979 1754 1010 sunt
1771 979 1852 1019 Juris
1872 978 1958 1011 Civi-

1090 1019 1128 1051 lis
1146 1019 1165 1049 i.
1188 1028 1235 1059 15.
1266 1018 1308 1049 D.
1340 1019 1373 1049 de
1395 1018 1555 1049 interdictis
1579 1019 1616 1053 &³
1640 1020 1782 1060 relegatis.
1806 1028 1867 1052 nec
1885 1019 1961 1052 ideo

1091 1060 1137 1092 est
1160 1059 1233 1100 Jure
1258 1059 1352 1104 Civili
1377 1060 1480 1096 liber3
1505 1062 1593 1100 quod
1615 1060 1652 1092 iit
1676 1061 1754 1092 liber
1777 1061 1850 1101 Jure
1872 1060 1960 1094 Gen-

1092 1102 1181 1134 tium.
1225 1101 1302 1133 Hoc
1320 1101 1421 1132 voluit
1442 1098 1654 1133 Callistratus:
1678 1103 1707 1134 &
1724 1110 1798 1134 ante
1814 1102 1960 1134 observa-

1091 1144 1138 1175 vit
1154 1141 1262 1174 Livius
1280 1143 1328 1174 lib.
1345 1153 1393 1182 45.
1418 1152 1442 1174 c.
1463 1152 1510 1182 15.
1547 1141 1651 1175 Verba
1676 1143 1768 1175 Livii.
1813 1144 1957 1176 Omnibus

1091 1186 1218 1227 quinque
1234 1183 1271 1219 ὃ)
1287 1186 1412 1225 triginta
1432 1184 1564 1215 tribubus
1581 1194 1725 1217 emovere.-
1747 1186 1778 1216 id
1799 1183 1855 1226 est,
1878 1186 1959 1217 liber-

1091 1233 1178 1258 tatem
1207 1226 1411 1266 civitatemque
1438 1227 1553 1266 eripere.
1607 1226 1726 1258 Cicero
1755 1236 1887 1267 quoque
1906 1233 1960 1267 pro

1092 1268 1205 1299 Caecina
1220 1274 1282 1308 cap.
1298 1275 1348 1307 33.
1397 1266 1432 1296 Si
1448 1289 1457 1305 ,
1487 1267 1591 1307 inquit
1607 1290 1617 1306 ‚
1637 1267 1727 1307 semel
1749 1269 1854 1300 civitas
1875 1268 1963 1300 adimi

1088 1306 1177 1350 potest
1193 1331 1203 1346 ‚
1233 1308 1355 1339 retineri
1382 1307 1495 1339 libertas
1516 1318 1574 1339 non
1591 1306 1691 1349 potest.
1715 1310 1767 1351 qai
1780 1311 1859 1340 enim
1869 1305 1962 1350 potest

1087 1351 1155 1392 jure
1173 1348 1338 1392 Quiritium
1360 1348 1429 1380 liber
1449 1348 1500 1390 effe
1518 1351 1570 1391 qui
1596 1351 1628 1381 in
1654 1359 1771 1382 numero
1793 1349 1961 1394 Quiritium

1093 1401 1150 1422 nori
1175 1393 1222 1433 est.
1276 1389 1332 1422 Est
1352 1390 1447 1431 igitur
1475 1391 1595 1432 duplex
1619 1392 1731 1432 capitis
1757 1392 1936 1424 deminutio
1951 1413 1965 1431 ,

1095 1441 1205 1473 magna
1225 1432 1254 1463 ἃ.
1269 1431 1383 1463 minor.
1409 1438 1443 1462 ut
1458 1431 1504 1463 est
1520 1433 1640 1472 duplex
1657 1433 1804 1465 libertas:
1828 1442 1888 1465 una
1905 1441 1964 1474 pu-

1094 1474 1178 1506 blica
1194 1474 1351 1512 civitatis,
1374 1473 1470 1505 altera
1494 1474 1616 1514 privata
1637 1472 1777 1506 familioe.
1821 1473 1890 1506 Imo
1917 1471 1964 1506 est

1092 1515 1208 1556 triplex
1224 1515 1336 1555 capitis
1354 1514 1549 1554 deminutio,
1573 1516 1709 1547 maxima
1724 1539 1736 1556 ,
1759 1516 1883 1551 media.
1906 1516 1964 1546 mi-

1091 1557 1185 1589 nima.
1207 1555 1249 1589 sic
1267 1554 1453 1595 justinianus
1478 1557 1524 1587 tit.
1553 1554 1623 1598 Inst.
1650 1558 1683 1588 de
1709 1558 1810 1598 capitis
1833 1559 1962 1588 derm'nu·⁴

1092 1599 1187 1634 tione3
1210 1597 1252 1629 fic
1268 1597 1382 1628 Paulus
1401 1597 1419 1627 t.
1437 1597 1491 1628 ult.
1522 1596 1565 1629 D.
1597 1600 1630 1629 de
1647 1600 1738 1639 capite
1752 1600 1893 1634 minutis,-
1917 1597 1959 1629 fic

1095 1639 1250 1680 Ulpianus
1271 1639 1303 1669 in
1319 1637 1434 1679 Fragm.
1454 1640 1500 1669 tit.
1519 1647 1571 1669 xt.
1594 1639 1622 1680 §.
1637 1647 1668 1671 x.
1696 1638 1733 1674 δ’
1755 1640 1774 1672 l.
1793 1644 1844 1680 63.
1867 1639 1895 1680 [ξ.
1916 1648 1965 1671 10.

1094 1680 1137 1713 D.
1161 1681 1223 1712 Pro
1232 1680 1328 1720 Joci03
1352 1687 1448 1719 atque
1465 1680 1616 1719 exemplo
1641 1680 1794 1713 libertatis
1810 1681 1941 1722 triplicis
1954 1704 1965 1718 ‚

1093 1730 1213 1795 ῐέωᾶε
1231 1744 1242 1760 ,
1273 1720 1415 1752 civitatis
1432 1744 1442 1761 ,
1472 1729 1508 1752 ac
1530 1720 1669 1754 familiae.
1694 1722 1786 1763 praeit
1805 1722 1963 1754 Ausonius

1126 1765 1143 1795 (i
1188 1787 1194 1794 .
1218 1771 1270 1793 xi.
1959 1765 1962 1769 ’

1133 1772 1255 1845 ‘Iy'riplex
1269 1802 1404 1841 libertas,
1427 1802 1585 1844 capitisque
1602 1804 1726 1835 minutio
1744 1804 1858 1845 triplex.

1095 1846 1158 1881 Sed
1176 1845 1296 1879 nullum
1315 1844 1515 1885 periculum:
1549 1843 1594 1876 est
1618 1845 1703 1879 enim
1727 1846 1757 1878 in
1781 1846 1886 1877 verbis
1906 1843 1966 1876 dif:

1094 1887 1230 1920 ferentia
1245 1895 1270 1932 ς,
1287 1887 1317 1918 in
1333 1895 1376 1933 ’re
1402 1885 1503 1932 nulla..
1528 1895 1601 1917 cum
1625 1887 1742 1919 dicitur
1764 1887 1884 1928 triplex,
1903 1880 1967 1933 effe

1094 1929 1207 1971 capitis
1230 1935 1391 1966 minut103
1420 1935 1556 1959 maxima
1579 1936 1718 1960 mutatur
1740 1931 1888 1970 naturae,
1910 1929 1968 1968 mi-

1094 1974 1175 2003 nore
1191 1969 1357 2008 civitatis3
1388 1968 1513 2000 minima
1537 1968 1664 2000 famiiiae
1689 1969 1797 2002 ssatus.
1820 1970 1865 2001 ita
1891 1971 1965 2001 cuni

1095 2020 1160 2045 tres
1177 2011 1238 2043 fint
1252 2010 1366 2052 gradus
1385 2009 1541 2041 libertatis
1558 2021 1567 2046 ;
1597 2019 1660 2041 tres
1687 2010 1757 2045 sunt
1778 2010 1897 2052 species
1917 2020 1966 2042 ca-

1094 2054 1170 2095 pitis
1186 2051 1425 2084 deminutionis.
1456 2058 1489 2082 at
1507 2073 1516 2089 ‚
1546 2059 1619 2082 cum
1645 2052 1806 2092 duplicem
1828 2051 1965 2084 facimus

1095 2094 1209 2135 capitis
1245 2093 1516 2130 deminutionem,
1548 2101 1690 2133 magnam
1713 2093 1751 2129 ἃ
1782 2093 1966 2125 minorem:

1097 2136 1167 2167 haec
1183 2135 1322 2176 pertinet
1337 2133 1378 2164 ad
1392 2134 1513 2173 privata
1530 2133 1677 2173 fainiliae,
1702 2134 1753 2166 illa
1777 2135 1816 2166 ad
1838 2134 1965 2175 publica

1097 2175 1316 2215 civitatisJura
1335 2198 1345 2214 ‚
1374 2174 1436 2214 ipsa
1463 2175 1577 2215 partim
1597 2176 1725 2217 civilia,
1748 2175 1862 2216 partim
1880 2175 1968 2206 nati-12

1096 2218 1189 2250 ralia:
1214 2215 1377 2249 dividendi
1395 2214 1499 2247 forma
1518 2216 1648 2248 minime
1663 2217 1787 2248 inlolita
1805 2213 1966 2257 Ulpiano,

1098 2259 1186 2291 simili
1204 2258 1302 2290 modo
1319 2259 1349 2289 in
1370 2258 1388 2288 l.
1411 2266 1434 2288 1.
1464 2257 1494 2299 §.
1520 2267 1549 2289 2.
1580 2257 1623 2289 D.
1655 2259 1687 2288 de
1705 2256 1824 2300 justitia
1846 2257 1883 2292 ὅθ
1899 2258 1967 2300 jure

1099 2301 1239 2338 dicenti,
1263 2297 1353 2331 Duas
1370 2297 1432 2330 ess'e
1446 2298 1732 2339 JurisPofitiones,
1756 2300 1918 2340 publicum
1935 2299 1965 2337 Gt

1099 2344 1278 2383 privatum:
1301 2349 1375 2372 cum
1395 2340 1550 2371 Ausonius
1576 2340 1609 2371 in
1633 2338 1816 2373 Duodecim
1832 2339 1967 2379 Tabulis

1084 2383 1237 2424 »reperiat
1257 2382 1306 2423 jus
1331 2382 1474 2421 triplex:
1507 2383 1664 2422 privatum
1679 2404 1689 2420 ,
1720 2383 1881 2423 publicum
1895 2396 1906 2421 ,
1935 2380 1967 2413 dc

1101 2424 1231 2456 sucrum.
1256 2422 1353 2455 verba
1368 2423 1497 2454 Ausonii
1513 2423 1543 2453 d.
1559 2422 1659 2462 Edyli.
1682 2431 1735 2454 xi.

1140 2465 1202 2506 Jus
1231 2464 1336 2505 triplex
1360 2487 1371 2504 ,
1413 2463 1529 2496 Tabuloe
1563 2465 1638 2506 quod
1666 2470 1711 2496 ter
1738 2464 1862 2506 sanxere
1886 2461 1970 2504 -rqua'-

1141 2511 1479 2588 Samtrffzrfoeprivatum
1494 2569 1505 2586 ,
1532 2546 1633 2588 populi
1659 2556 1803 2579 commune
1823 2547 1900 2589 quod
1920 2555 1969 2578 us·

1106 2630 1203 2663 Nulla
1222 2598 1320 2671 {ligone
1331 2587 1558 2661 esgontradistio
1583 2629 1653 2662 est:
1685 2628 1841 2670 Ulpianus
1867 2628 1970 2667 enim,

1102 2672 1225 2704 faciens
1240 2671 1288 2712 J'us
1304 2671 1423 2711 duplex
1438 2692 1449 2709 ,
1478 2672 1636 2710 privatum
1659 2671 1689 2703 δι
1710 2671 1892 2713 publicum,
1915 2667 1968 2708 sub

1103 2713 1234 2754 publico
1259 2713 1354 2744 etiam
1380 2710 1499 2742 sacrum
1521 2712 1771 2753 complectitur:
1794 2720 1828 2744 ut
1843 2721 1884 2743 ex
1906 2710 1970 2750 ejus
2025 2726 2029 2743 l

1102 2755 1209 2787 verbis
1226 2753 1360 2799 intelligi
1378 2752 1494 2793 potest.
1516 2753 1560 2785 ita
1576 2754 1709 2795 perinde
1726 2753 1771 2786 est
1788 2764 1809 2792 ;*
1826 2762 1864 2785 ac
1887 2750 1910 2784 fi
1924 2752 1970 2783 di·
2025 2771 2026 2774 =

1103 2803 1175 2835 cat,
1197 2796 1244 2835 jus
1268 2794 1330 2825 esse
1357 2794 1406 2840 vel
1430 2795 1590 2842 privatum
1606 2818 1616 2834 ,
1647 2795 1700 2842 ⁴vel
1728 2795 1916 2835 publicum3
1940 2792 1970 2824 dc

1105 2837 1169 2869 hoc
1189 2834 1289 2868 rursus
1315 2836 1366 2866 vel
1389 2845 1423 2866 in
1444 2836 1548 2875 ipecie
1567 2836 1749 2877 publicum,
1773 2836 1823 2867 vel
1839 2834 1966 2881 facturn.

1103 2879 1136 2910 id
1152 2887 1229 2924 vero
1245 2877 1322 2918 quid
1338 2875 1416 2923 ests?
1449 2875 1503 2908 nifi
1519 2878 1607 2919 quod
1627 2876 1779 2930 Ausonius
1797 2876 1876 2907 dicit
1890 2897 1901 2912 ‚
1920 2882 1969 2930 jus

1105 2918 1169 2954 effe
1185 2919 1322 2961 triplex,
1345 2922 1526 2961 privatum,
1549 2918 1736 2962 publicum,
1758 2917 1787 2952 Gt
1801 2915 1928 2949 sacrum·
