2036 3495
177 120 244 155 312

171 198 289 230 moribus
313 194 350 231 ἐξ
373 190 558 234 hypothecis.-
581 187 614 218 in
637 193 702 227 quo
727 183 838 231 (quod
861 181 1051 230 Justinianus

176 238 278 272 refert
303 237 323 268 l.
348 239 457 265 omnem
479 232 508 273 §.
531 239 561 269 4,
586 228 633 259 De
650 231 826 265 conceptione
842 220 1049 265 Digestorum)

175 280 352 320 explicatur
378 270 611 315 hypothecaria
633 266 794 314 formula:
826 273 895 311 quae
923 266 955 295 in
980 273 1047 295 rem

175 320 220 351 est
235 342 246 358 ,
268 328 305 349 ac
329 315 472 357 pignoris
496 311 752 353 persecutionem
777 313 926 352 continet
951 305 970 336 l.
998 314 1045 345 17.

171 361 214 393 D.
231 362 264 390 de
273 358 463 399 pignoribus.-
486 354 609 394 plenius
630 351 831 391 pigneratitia
847 351 878 394 in
896 356 963 378 rem
978 346 999 393 lt
1017 355 1046 386 7.

172 402 200 443 §.
227 410 273 432 12.
300 400 340 430 D.
366 398 517 429 Communi
540 394 726 428 dividundo,
764 397 818 420 aut
843 395 1046 430 pigneratitia

173 442 322 473 Serviana
339 439 357 470 l.
375 449 403 480 3.
422 437 451 480 §
470 448 499 477 ⁴3.
516 435 558 467 D.
583 435 634 465 Ad
651 433 843 465 exhibendum
857 430 1045 475 appellatur.

171 482 265 514 Hanc
282 481 352 512 sane
370 490 387 511 a
406 473 504 511 Paulo
522 476 675 518 designari
694 475 723 505 d.
740 473 758 503 l.
775 482 826 512 41.
851 474 922 512 quis
940 479 1045 517 verius

169 523 237 565 ipso
264 523 382 562 probet
408 520 533 553 Paulo?
555 518 642 558 atqui
666 518 691 547 is
717 524 755 546 ea
771 515 805 546 in
821 514 891 554 lege
910 512 940 559 se
960 513 1046 557 illam

173 565 352 605 intelligere
372 564 484 595 utilem
500 558 735 603 pignoratitiam
756 565 825 597 quae
847 555 1045 601 aid-pignoris

173 606 431 647 persecutionem
455 603 592 645 spectet‚
616 597 783 632 manifeste
805 595 922 644 scribit.
967 594 1045 626 Hoc

169 648 308 687 primum
323 647 521 679 monendum
538 643 610 675 fuit.
634 641 737 672 Porro
755 638 934 684 suinCiam,
958 637 1045 684 quod

168 690 282 721 Paulus
304 712 313 728 ,
343 698 417 720 cum
444 690 486 718 ait
503 710 512 725 ,
544 685 617 716 Rem
639 683 765 713 alienam
786 681 902 721 pignori
925 676 1044 718 dedisti,-

169 732 270 762 deinde
284 732 415 762 dominus
431 730 472 760 rei
486 728 547 769 ejus
560 724 611 765 effe
625 721 748 764 caepisti:
767 724 857 768 (lazur
873 719 955 750 utilis
970 718 1045 750 αεῖῐο

169 773 319 804 credz‘iori:
342 781 407 803 non
433 770 492 801 hac
513 774 623 800 mente
646 765 708 797 effe
732 761 956 806 existimandus
980 760 1044 799 est,

169 813 254 856 quali
279 811 443 845 indefinita
471 811 522 842 illa
540 807 693 849 loquendi
713 805 818 837 forma
837 803 932 840 velit,
957 805 1045 848 quod

171 856 276 897 primo
292 853 437 894 adspectu
456 854 598 888 videtur,
624 849 706 880 hanc
723 847 881 878 astionem
904 848 1043 889 credito-

167 897 194 929 ri
213 897 276 927 dari
301 895 486 936 {impliciter
513 903 550 924 ac
576 891 715 930 semper:
743 887 793 934 sed
811 886 894 927 quasi
912 884 1043 924 scribat,

169 948 240 970 eam
255 936 407 969 creditori
424 934 596 976 aliquando
613 934 677 964 dai-i
689 954 698 969 ,
722 929 892 970 aliquando
909 937 972 958 non
992 928 1043 957 da-

167 980 211 1011 ri:
236 978 370 1020 proinde
397 978 490 1016 dari,
518 975 571 1008 sed
594 984 659 1006 non
685 972 817 1012 semper.
863 969 942 1000 Sunt
967 970 1043 1000 tales

167 1019 341 1052 indefinitae
371 1019 554 1051 locutiones
580 1015 767 1055 frequentes
785 1012 868 1052 apud
887 1010 1042 1049 Veteres,

171 1063 202 1094 ἀ
227 1061 307 1103 saepe
333 1059 496 1099 molestae,
521 1068 585 1091 non
610 1058 714 1089 dicam
731 1054 848 1094 vulgo,
874 1051 925 1083 scd
945 1051 1042 1083 Inter-

168 1104 313 1146 pretibus
332 1099 715 1139 eruditissimiS‚ideoqiie
735 1093 953 1135 temperate&
974 1102 1043 1140 pru-

169 1147 285 1178 denter
300 1144 508 1185 accipiendae.
532 1141 586 1174 De
602 1140 650 1172 his
666 1141 708 1170 ita
725 1137 875 1182 praeclare
894 1135 1042 1174 Apuleius

167 1187 217 1218 lib.
242 1197 272 1228 3.
298 1185 345 1217 De
369 1185 559 1226 Philosophia.
603 1179 789 1220 Universales
802 1180 894 1219 sunm
918 1182 948 1206 ui
962 1185 1043 1223 omne

178 1229 283 1270 piram
295 1228 395 1259 vivit:
419 1224 483 1258 alioe
505 1224 715 1266 particulares,
737 1226 770 1251 uc
785 1220 914 1261 quoeclam
930 1227 1040 1265 afirma-

166 1270 209 1302 lia
229 1279 287 1301 non
303 1268 441 1310 spirant.-
463 1268 526 1299 cilice
549 1264 726 1305 indefiizicae3
749 1268 783 1293 m
807 1259 916 1308 animal
931 1261 1039 1299 spirat.

166 1320 225 1342 non
241 1312 317 1342 enim
331 1308 453 1350 definit,
477 1315 579 1340 utrum
602 1315 700 1343 omna,
723 1314 762 1334 an
785 1302 912 1349 aliquod:
933 1301 981 1340 sed
996 1306 1038 1348 iq-

168 1362 233 1384 men
248 1359 302 1393 pro
321 1350 506 1393 particulari
517 1351 623 1388 semper
643 1347 742 1378 valet.-
763 1354 833 1386 qum
851 1349 944 1373 tutius
959 1340 997 1382 est
1012 1343 1042 1372 zd

168 1403 208 1426 ex
221 1395 328 1425 incerto
344 1394 488 1434 accipere,
507 1392 583 1433 quod
599 1390 695 1420 iiiinus
704 1384 752 1427 est.
776 1385 958 1430 Secundum
977 1384 1041 1414 hoc

163 1436 197 1467 in
213 1434 361 1476 praesenti
380 1436 488 1472 daim,
505 1432 588 1473 apud
610 1430 743 1462 Paulum
762 1427 824 1464 est,
842 1427 907 1457 dai-1
924 1425 1041 1472 potest:

163 1486 231 1518 quo
254 1476 354 1508 modo
379 1474 534 1515 Ulpianus
557 1473 576 1503 l.
600 1481 646 1513 13.
671 1470 701 1511 §.
727 1469 781 1515 illc.
806 1467 849 1498 D.
868 1468 907 1513 ¹cie
930 1467 973 1497 bis
989 1476 1039 1512 qut

162 1524 305 1550 notantur
318 1516 463 1556 infamia,
489 1515 624 1552 Crimen,
648 1513 753 1551 inquit
769 1532 778 1547 ,
793 1507 976 1548 stellionatus
992 1517 1037 1538 m-

155 1560 285 1601 famz'am
309 1558 430 1598 irrogat
454 1556 604 1588 damnato
621 1577 631 1592 ,
655 1552 792 1594 quamvis
809 1550 961 1596 publicum
981 1558 1038 1580 non

159 1610 175 1632 e
221 1599 367 1631 ‘adiciunt
385 1606 447 1629 nec
462 1605 569 1629 tamen
585 1595 705 1627 indicat
716 1616 726 1632 ,
739 1593 825 1633 quod
838 1591 1038 1638 stellionatus

163 1610 326 1674 inflmiam
342 1640 494 1671 damnato
509 1637 633 1679 semper
649 1636 785 1676 irrogat:
802 1633 853 1674 (id
871 1641 956 1680 enim
972 1641 1038 1664 non

162 1685 206 1716 ita
222 1681 305 1721 effe,
324 1681 410 1713 idem
430 1678 586 1721 Ulpianus
603 1678 646 1710 ait
661 1677 679 1709 l.
699 1687 727 1709 2.
753 1674 791 1709 D.
808 1671 1038 1715 destellzomziu)

162 1724 215 1757 sed
234 1724 299 1755 hoc
316 1723 404 1761 vult,
428 1721 517 1763 quod
533 1719 731 1753 stellionatus
744 1727 788 1765 ‘eo
806 1717 894 1757 quod
910 1725 974 1762 non
993 1716 1038 1747 est

159 1766 326 1808 publicum
347 1764 521 1805 judicium,
543 1772 610 1794 non
631 1761 826 1806 impeditur,
848 1766 914 1797 quo
933 1766 1036 1789 minus

160 1807 333 1849 aliquando
350 1806 445 1846 poffit
462 1806 612 1837 damnato
638 1801 801 1834 infamiam
818 1808 977 1845 irrogare:
990 1798 1035 1845 ‚fi-

155 1860 216 1888 ve,
241 1849 331 1889 quod
349 1847 566 1885 stellionatuS,
591 1843 645 1877 etii
667 1852 730 1874 non
750 1841 785 1873 fit
802 1841 968 1886 publicum
986 1849 1033 1887 Ju-

159 1892 280 1924 dicium
304 1899 345 1921 ex
371 1894 436 1930 quo
453 1887 581 1920 infamia
597 1887 781 1918 damnatum
799 1883 921 1929 semper
937 1883 1035 1922 lequi-

159 1940 230 1971 tur,
255 1940 361 1964 tamen
388 1930 495 1972 potest
518 1930 670 1961 damnato
693 1925 857 1957 infamiam
882 1933 1033 1964 irrogare.

161 1974 261 2006 Simili
285 1973 380 2015 igitur
404 1973 503 2004 modo
527 1970 642 2002 Paulus
661 1969 689 2000 d.
708 1967 729 1998 l.
746 1976 797 2006 41.
821 1974 914 2004 cum,
938 1965 1032 2003 Rem,

160 2016 285 2056 inquit,
309 2015 434 2046 alienam
447 2013 565 2054 pignori
585 2008 706 2050 dedisti,
728 2009 829 2039 deinde
844 2009 977 2038 dominus
995 2008 1036 2039 rei

163 2058 225 2098 ejus
250 2055 301 2097 effe
327 2054 453 2097 coepz'sti:
477 2057 565 2086 datur
587 2052 669 2084 utilis
690 2049 764 2082 αὲἶὶυ
793 2050 946 2080 credz'tori:
969 2058 1035 2080 non

159 2097 315 2140 significat
331 2121 340 2135 ,
364 2106 433 2129 eam
460 2096 619 2127 athonem
647 2092 799 2137 creditori
823 2092 888 2122 dari
912 2090 1035 2131 semper

161 2149 259 2181 atque
285 2138 482 2171 indistincte:
508 2136 560 2168 sed
577 2134 665 2177 poss'e
680 2134 745 2179 dari
762 2132 951 2172 aliquando:
966 2140 1032 2178 ut,

160 2181 183 2214 fi
201 2183 226 2214 is
242 2181 277 2212 fit:
295 2184 400 2212 exitus
418 2177 646 2211 conventionis
663 2177 703 2208 de
715 2181 915 2216 pignore‚ut
933 2173 1035 2219 aliena

160 2233 212 2256 res
230 2222 377 2263 improbe
387 2221 425 2252 sit
435 2219 585 2251 creditori
598 2218 737 2258 obligata
755 2226 810 2256 per
822 2216 1035 2247 mendacium.

160 2264 250 2306 quod
267 2266 397 2295 demum
416 2260 470 2293 fit:
494 2260 514 2292 ii
539 2269 611 2291 curn
634 2260 802 2299 ignorante
818 2257 979 2288 creditore
996 2257 1036 2287 de

161 2307 296 2347 pignore
313 2304 350 2336 fit
372 2311 570 2335 conventum
586 2302 602 2332 a
619 2310 683 2331 non
702 2301 856 2337 domino,
879 2299 933 2339 qui
949 2298 1037 2329 dein-

163 2348 204 2379 de
230 2346 378 2379 dominus
402 2344 523 2381 fastus,
547 2343 624 2374 ideo
641 2351 706 2373 non
724 2341 879 2380 patiatur,
903 2349 919 2370 a
937 2339 1037 2370 credi-

163 2397 235 2420 tore
266 2387 393 2420 moveri
424 2386 535 2417 utilem
559 2383 826 2425 hypothecariam
858 2381 1036 2413 astionem:

163 2430 236 2471 quia
252 2437 367 2471 negat,
391 2428 526 2469 pignus,
543 2426 617 2457 cum
633 2425 672 2456 de
690 2433 730 2455 eo
748 2425 961 2461 conveniret,
979 2421 1037 2454 suis

160 2471 193 2503 in
209 2471 303 2503 bonis
321 2469 423 2501 fuiss'e.
441 2475 574 2509 apparet
588 2467 693 2505 enim,
709 2474 800 2503 eum,
826 2474 899 2496 cum
917 2465 956 2496 de
972 2464 1039 2509 pig·

159 2521 241 2544 nore
256 2512 469 2548 conveniret,
493 2508 652 2551 ignoranti
670 2517 736 2539 rem
757 2507 891 2538 alienam
912 2515 970 2546 pro
988 2506 1039 2536 lua

160 2551 335 2594 obligaffe3
353 2561 436 2584 nunc
452 2560 531 2582 vero
548 2549 706 2582 mendacii
725 2548 810 2590 argui
827 2557 844 2578 a
862 2548 1034 2579 creditore.

159 2595 204 2626 ita
228 2603 292 2626 non
316 2595 436 2634 patitur
459 2592 561 2630 ratio,
586 2600 620 2622 ut
638 2600 674 2622 ea
691 2590 899 2630 improbitas,
924 2588 980 2620 etsi
998 2587 1038 2618 E-

160 2635 235 2668 diffi
261 2635 368 2666 verbis
391 2643 458 2666 non
480 2637 688 2671 coerceatur,
714 2641 820 2663 tamen
845 2631 910 2671 ejus
928 2637 1037 2661 mente

160 2677 339 2717 adjuvetur.

203 2716 344 2759 Exposui
362 2716 502 2757 priorem
518 2716 605 2747 Pauli
623 2715 759 2757 speciem
770 2737 780 2752 ,
796 2723 891 2755 quam
908 2722 948 2745 ex
964 2711 1039 2743 Mo·

161 2759 287 2793 destino
308 2758 340 2790 in
357 2759 385 2789 d.
402 2757 421 2788 l.
440 2766 489 2788 22.
509 2756 551 2788 D.
579 2760 611 2788 de
631 2757 800 2798 pignoribus
822 2765 888 2787 non
906 2753 1039 2796 posuere

162 2801 244 2843 Juris
265 2799 366 2832 nostri
391 2798 577 2830 Architecti.
603 2808 699 2830 venio
715 2799 753 2830 ad
770 2797 921 2835 alteram,
944 2804 1039 2837 quam

161 2852 204 2876 ex
220 2842 261 2874 eo
278 2838 534 2881 descripsereilla
550 2840 581 2870 in
599 2840 680 2880 lege.
701 2839 747 2870 Ea
765 2838 886 2880 specics
903 2837 958 2869 est.
981 2836 1040 2868 Ti-

159 2885 224 2917 tius
251 2890 320 2916 rem
342 2889 446 2914 meam
463 2903 473 2919 ,
502 2889 554 2911 me
579 2880 747 2921 ignorante
763 2903 772 2920 ,
804 2880 958 2911 creditori
983 2879 1039 2910 suo

159 2926 288 2967 pignori
308 2922 471 2965 obligavit.
496 2921 614 2952 deinde
629 2924 763 2953 moritur
778 2919 905 2953 Titius:
923 2930 975 2952 me
991 2930 1039 2952 re-

160 2967 237 3001 licto
254 2965 385 2998 herede.
433 2962 616 3004 Quaeritur,
641 2972 678 2994 an
697 2963 760 2993 hoc
777 2963 878 2995 modo
895 2963 1039 3004 pignoris

160 3008 346 3050 persecutio
364 3015 432 3048 quae
457 3005 519 3046 (ut
536 3003 628 3043 dixi)
653 3003 698 3034 cst
726 3003 810 3035 utilis
836 3003 1041 3045 pigneratitia

160 3052 194 3083 in
212 3050 281 3082 rem
297 3049 402 3087 attio,
426 3045 636 3078 concedenda
654 3044 690 3075 sic
705 3045 884 3077 creditori?
907 3045 1040 3086 quaestio

159 3091 236 3124 hinc
257 3089 401 3133 pendet,
426 3096 465 3120 an
485 3087 598 3128 pignus
617 3086 706 3127 quod
727 3085 766 3116 ab
786 3085 879 3116 initio
902 3096 967 3119 non
988 3096 1040 3117 va.

159 3133 238 3170 luit,
262 3132 337 3174 quia
361 3131 470 3163 alienae
496 3129 542 3161 rei
568 3135 658 3166 erat,
683 3126 800 3159 exinde
825 3134 865 3157 ex
889 3136 955 3167 quo
981 3137 1042 3168 ego

157 3174 246 3215 cuius
261 3174 294 3205 in
310 3174 404 3205 bonis
422 3171 486 3210 est,
507 3169 603 3202 Titio
622 3168 716 3201 heres
734 3167 836 3200 faetus
854 3166 940 3207 sum,
956 3169 1038 3200 dire-

160 3216 235 3258 cto,
259 3214 294 3249 id
308 3214 376 3256 est,
392 3213 457 3249 fine
475 3222 563 3249 novo
579 3211 686 3252 fatto,
703 3209 767 3246 five
784 3207 846 3245 fine
863 3217 948 3244 nova
963 3217 1040 3243 con-

160 1229 189 1270 ’χ

780 94 1091 130 GERARDI

1146 91 1382 131 Noonr

1093 182 1271 223 ventione,
1294 183 1362 224 ipso
1386 183 1525 225 denique
1547 182 1637 223 jure,
1663 185 1894 221 convalescat?
1919 188 1960 221 fic

1095 225 1182 255 enim
1197 226 1280 265 apud
1291 225 1511 258 Modestinum
1528 224 1617 256 sonat
1634 226 1665 257 id
1680 225 1959 266 vei-bun1,dire8io;

1093 273 1127 296 ut
1143 266 1175 297 in
1190 267 1211 298 l.
1231 276 1278 299 12.
1296 267 1324 308 §.
1345 276 1392 300 11.
1409 267 1452 299 D.
1471 267 1624 298 Mandaii.
1649 266 1676 308 ᾗ.
1698 276 1725 298 2.
1752 265 1824 307 Just.
1839 270 1872 299 de
1885 272 1958 301 cocli-

1089 306 1181 345 cillis‚
1205 306 1242 342 &2⁵
1264 308 1294 349 §.
1314 318 1342 339 2.
1368 306 1440 349 lnfi.
1465 310 1498 340 de
1516 306 1642 348 singulis
1665 309 1748 339 rebus
1756 315 1808 348 per
1819 308 1960 348 fideicom-
2013 331 2015 341 i

1088 347 1202 388 mistum
1224 349 1342 382 relictis.
1374 350 1481 391 Nega-t
1502 357 1609 381 autem
1638 349 1867 389 Modestinus,
1896 352 1960 385 hoc

1089 390 1204 430 pignus
1222 391 1365 432 directo,
1381 392 1414 424 id
1431 392 1497 431 est,
1520 399 1555 422 ut
1573 390 1656 430 dixi,
1681 390 1732 421 sua
1747 391 1880 431 sponte,
1896 392 1958 425 fine

1089 439 1175 477 nova
1192 433 1431 472 conventione,
1456 432 1525 474 ipso
1541 433 1629 473 jure,
1652 431 1890 464 convalescere.
1913 444 1960 466 re-

1090 471 1140 518 cte
1162 473 1257 513 igitur
1276 473 1390 507 Paulus
1409 476 1441 506 in
1457 477 1486 506 d.
1502 475 1523 506 l.
1541 483 1594 513 41.
1630 474 1713 513 Hoc,
1736 474 1862 513 inquit3
1883 478 1959 509 modo

1084 515 1218 553 pignoris
1222 517 1378 555 persecutio
1388 518 1564 548 concedenda
1572 524 1629 547 non
1644 513 1683 556 est
1699 517 1841 546 creditori.
1866 525 1959 556 quam

1089 554 1133 585 ob
1150 555 1297 602 causam?
1322 559 1393 598 quia
1412 567 1473 599 ego
1490 559 1542 599 qui
1562 556 1625 588 sum
1640 558 1782 598 pignoris
1793 557 1959 599 dominus,

1089 595 1130 643 de
1155 605 1289 637 pignore
1314 606 1380 630 nou
1405 601 1564 631 conveni:
1587 597 1695 630 Titius
1719 607 1825 630 autem
1850 599 1902 639 qui
1919 600 1958 631 de

1089 645 1224 678 pignore
1241 642 1415 680 convenit,
1433 641 1499 681 ejus
1516 642 1665 672 dominus
1681 650 1746 672 non
1761 639 1834 671 fuir.
1861 641 1959 681 Atqui

1089 688 1153 718 cgo
1169 701 1177 717 ,
1211 679 1379 726 postquam
1402 683 1538 714 debitori
1565 680 1660 713 Titio
1684 682 1738 722 qui
1761 682 1801 713 de
1826 683 1960 722 pignore

1089 728 1265 767 convenit,
1295 722 1388 754 heres
1414 722 1516 756 faCtus
1539 724 1625 760 sum,
1653 732 1726 755 eum
1744 725 1958 764 repraesento:

1088 770 1153 807 nec
1166 771 1268 794 minus
1280 764 1423 805 pignoris
1440 766 1587 796 dominus
1605 765 1687 803 sum,
1704 774 1797 805 quarn
1813 765 1959 797 debitor:

1088 811 1207 843 pariter
1225 812 1258 835 ut
1275 805 1305 836 in
1324 807 1429 844 priore
1448 805 1562 846 specie.
1584 804 1718 838 Interest
1730 814 1853 844 tamen,
1871 807 1959 845 quod

1087 846 1118 890 in
1136 845 1242 884 priore
1258 847 1309 877 illa
1326 847 1391 887 ipse
1409 848 1557 879 dominus
1573 848 1614 878 de
1630 847 1765 888 pignore
1788 848 1960 879 convenit:

1086 895 1118 917 in
1139 886 1198 931 hac
1215 886 1393 927 posteriore
1411 898 1476 920 non
1495 887 1561 930 ipse
1587 889 1628 920 de
1644 898 1685 919 eo
1709 889 1882 926 convenit3
1907 887 1935 919 se

1086 927 1227 960 debitori
1251 930 1304 969 qui
1328 930 1483 962 convenit
1499 953 1509 968 ‚
1543 929 1702 961 succeffit:
1727 929 1758 961 ὅτ,
1782 930 1871 969 quod
1895 930 1959 962 ani·

1086 969 1258 1001 madvertit
1275 971 1389 1004 Paulus
1406 973 1433 1003 d.
1450 972 1469 1002 l.
1485 980 1522 1011 41
1534 994 1543 1010 ,
1562 981 1627 1003 non
1644 969 1758 1002 sufficit
1774 972 1811 1002 ad
1829 980 1958 1011 compe·

1087 1011 1217 1057 ten-dam
1231 1012 1339 1044 utilem
1354 1013 1587 1055 pigneratitiam
1597 1012 1659 1044 five
1674 1012 1784 1044 utilem
1802 1012 1960 1054 hypothe-

1086 1060 1201 1084 cariam
1226 1053 1407 1094 astionem,
1429 1055 1580 1086 eumdem
1605 1054 1635 1085 ὅ(
1659 1054 1801 1094 pecuniae
1831 1055 1956 1085 debito-

1086 1103 1172 1133 rem,
1197 1094 1228 1126 &
1252 1096 1394 1136 pignoris
1417 1097 1582 1128 dominum
1602 1094 1681 1126 effe:
1704 1103 1736 1126 at
1752 1095 1876 1127 necesse
1893 1095 1957 1135 est,

1087 1142 1120 1166 ut
1138 1136 1193 1176 qui
1210 1136 1251 1168 de
1267 1139 1401 1178 pignore
1423 1144 1496 1169 cum
1519 1139 1687 1178 ignorante
1703 1137 1865 1169 creditore
1882 1146 1958 1169 con-

1086 1177 1228 1222 venerit,
1252 1178 1276 1210 is
1299 1180 1417 1211 deinde
1439 1180 1504 1219 ejus
1522 1179 1671 1210 dominus
1688 1175 1820 1210 effectus
1835 1177 1880 1210 fit.
1912 1178 1960 1210 ln-

1084 1217 1215 1258 geniose
1232 1218 1343 1252 Paulus
1359 1220 1390 1252 dc
1407 1220 1518 1252 doEte!
1537 1230 1603 1252 non
1619 1220 1703 1251 enim
1720 1220 1884 1258 debitum,
1902 1229 1956 1253 nc-

1085 1268 1148 1298 que
1168 1260 1363 1300 dominium,
1390 1261 1435 1293 est
1459 1261 1550 1293 causa
1566 1262 1650 1293 utilis
1669 1260 1909 1302 hypothecariae
1926 1271 1958 1293 a-

1085 1301 1220 1334 ctionis:
1246 1301 1298 1333 sed
1328 1303 1506 1334 conventio
1529 1311 1604 1334 cum
1638 1304 1800 1334 creditore
1825 1304 1865 1334 de
1888 1304 1956 1343 pig-

1084 1351 1164 1373 nore
1189 1342 1271 1375 fasta
1292 1344 1331 1375 ab
1348 1354 1388 1376 eo
1405 1345 1459 1384 qui
1477 1353 1563 1376 nunc
1581 1345 1647 1385 eJ'us
1664 1344 1814 1375 dominus
1833 1343 1897 1382 est,
1920 1345 1956 1376 li-

1083 1391 1139 1414 cet
1164 1384 1203 1415 ab
1228 1385 1320 1417 initio
1347 1394 1414 1418 non
1430 1385 1537 1418 fuerit.
1563 1392 1654 1426 putat
1670 1385 1818 1417 nimirum
1840 1386 1954 1417 Paulus

1082 1426 1110 1455 cl.
1128 1424 1147 1457 l.
1167 1435 1203 1464 41
1224 1450 1233 1465 ‚
1258 1427 1369 1459 utilem
1395 1427 1578 1459 Servianam
1601 1426 1761 1458 astionem
1791 1428 1955 1467 pertinere

1082 1466 1122 1497 ad
1147 1476 1255 1500 curam
1279 1469 1454 1509 aequitatis:
1478 1478 1544 1509 quo
1568 1467 1641 1500 casu
1665 1467 1720 1504 fit,
1744 1475 1781 1499 ut
1796 1469 1955 1500 mendacii

1081 1516 1228 1548 arguatur
1244 1509 1309 1550 ipse
1326 1511 1378 1550 qui
1401 1520 1467 1542 rem
1484 1510 1618 1542 alienam
1636 1508 1721 1550 quast
1736 1510 1897 1549 propriam
1912 1510 1957 1551 ig·

1082 1552 1209 1581 noranti
1234 1552 1409 1593 obligavit3
1433 1552 1463 1583 ἂ
1490 1552 1636 1583 dominus
1658 1549 1759 1583 faCtus
1774 1573 1784 1590 ,
1807 1552 1955 1591 improbe

1081 1589 1210 1630 resistit,
1234 1601 1299 1633 quo
1322 1594 1426 1627 minus
1452 1602 1493 1624 ex
1517 1592 1568 1624 sua
1591 1593 1811 1624 conventione
1829 1592 1897 1624 utili
1917 1601 1954 1625 ea

1082 1632 1209 1664 afflone
1235 1642 1390 1666 teneatur.
1416 1634 1481 1665 hoc
1504 1635 1535 1665 in
1560 1634 1668 1674 priore
1684 1634 1813 1665 evenire
1831 1632 1954 1675 specie:

1082 1682 1114 1704 at
1132 1675 1176 1706 nil
1194 1675 1256 1706 tale
1274 1674 1342 1707 fieri
1358 1677 1389 1707 in
1408 1676 1585 1713 posteriore
1599 1675 1630 1706 in
1648 1684 1709 1715 qua
1726 1684 1787 1716 ego
1812 1676 1953 1707 extitero

1083 1715 1177 1747 heres
1192 1715 1286 1747 Titio
1303 1717 1357 1757 qui
1381 1726 1449 1749 rern
1474 1723 1577 1749 meam
1603 1716 1668 1748 fine
1691 1726 1761 1748 mea
1786 1717 1955 1749 voluntate

1081 1757 1235 1788 creditori
1246 1757 1300 1789 suo
1313 1758 1514 1800 obligaverit.
1540 1758 1669 1790 utenim
1687 1757 1740 1789 hie
1756 1757 1885 1789 debitor
1898 1758 1954 1790 fim

1078 1798 1108 1829 dt
1126 1799 1266 1839 pignoris
1286 1800 1454 1840 dominus,
1472 1801 1589 1841 pariter
1607 1807 1642 1831 ut
1657 1800 1687 1831 in
1705 1801 1811 1839 priore
1829 1799 1952 1840 specie:

1103 1843 1168 1872 uod
1194 1849 1300 1873 tamen
1324 1841 1453 1880 debeo,
1476 1851 1542 1874 non
1569 1851 1644 1875 meo
1668 1841 1774 1873 debeo
1799 1842 1951 1880 nomine,

1091 1881 1131 1913 ed
1156 1881 1238 1913 Titii
1264 1883 1352 1923 cujus
1373 1883 1465 1916 heres
1487 1883 1563 1915 sum.
1587 1883 1632 1914 rei
1650 1890 1756 1914 autern
1775 1882 1950 1925 pignoratae

1077 1932 1143 1954 non
1160 1922 1242 1955 Titii
1259 1923 1471 1965 succesfione,
1487 1934 1599 1957 verum
1616 1932 1691 1956 meo
1703 1924 1773 1964 J'ure
1784 1925 1952 1963 ‚dominus

1077 1965 1155 1998 suni.
1189 1967 1334 2006 accedit,
1359 1967 1448 2005 quod
1465 1976 1530 1999 non
1549 1976 1610 2007 ego
1627 1966 1680 2007 qui
1700 1974 1846 2006 poteram
1862 1966 1902 1997 de
1916 1975 1951 1997 re

1078 2016 1147 2038 inea
1166 2006 1299 2048 pacisci,
1317 2008 1427 2048 pactus
1443 2007 1508 2040 sum
1520 2031 1529 2047 ,
1548 2016 1582 2038 ut
1600 2016 1636 2038 ea
1654 2007 1806 2038 creditori
1824 2007 1950 2048 pignori

1079 2047 1173 2080 elset:
1198 2048 1251 2080 sed
1276 2048 1386 2081 Titius
1411 2050 1461 2080 cui
1480 2058 1544 2080 non
1562 2056 1629 2079 erat
1642 2048 1689 2087 J'us
1707 2050 1747 2080 de
1764 2058 1798 2080 re
1812 2057 1882 2080 mea
1900 2058 1951 2089 pa-

1079 2088 1163 2120 cisci.
1194 2099 1291 2130 quare
1314 2089 1335 2121 fi
1353 2089 1502 2122 summam
1520 2090 1738 2122 subducimus:
1762 2099 1826 2120 non
1843 2091 1951 2130 potuit

1079 2131 1232 2163 creditori
1258 2133 1265 2162 i
1336 2131 1478 2172 ropofito
1501 2132 1584 2162 utilis
1610 2131 1842 2172 hypothecaria
1866 2130 1948 2162 aetio

1078 2172 1164 2211 dari,
1190 2140 1400 2206 vivofflltio:
1424 2173 1497 2214 quia
1519 2171 1644 2211 Titius,
1669 2181 1861 2212 quamquam
1878 2181 1951 2203 cum

1080 2223 1122 2245 eo
1139 2215 1180 2245 de
1195 2214 1240 2245 rei
1258 2223 1337 2246 meae
1354 2214 1489 2256 pignore
1504 2215 1658 2245 convenit
1669 2236 1678 2252 ‚
1694 2223 1866 2253 numquam
1885 2214 1951 2253 ejus

1079 2255 1228 2287 dominus
1244 2255 1317 2288 fuit.
1334 2265 1394 2287 nec
1411 2256 1508 2297 magis
1527 2254 1634 2296 potest
1646 2256 1797 2286 creditori
1816 2264 1851 2286 ea
1868 2255 1949 2286 attio

1080 2297 1146 2328 dari
1165 2297 1235 2338 post
1254 2296 1335 2328 Titii
1354 2306 1510 2329 mortem:
1535 2297 1606 2337 quia
1622 2296 1676 2327 etii
1693 2295 1786 2327 Titio
1804 2295 1950 2327 success'e-

1080 2340 1140 2370 rim
1157 2348 1218 2380 ego
1236 2339 1290 2381 qui
1309 2338 1378 2370 sum‘
1400 2339 1541 2380 pignoris
1558 2339 1722 2369 dominus:
1748 2346 1817 2377 quae
1843 2346 1949 2369 tamen

1080 2389 1150 2411 mea
1173 2389 1247 2412 cum
1270 2381 1433 2412 creditore
1456 2379 1629 2411 intervenit
1653 2380 1693 2410 de
1717 2379 1850 2420 pignore
1875 2387 1949 2410 con-

1080 2421 1218 2453 ventio?
1242 2421 1336 2453 nulla.
1360 2421 1496 2463 proinde
1512 2421 1532 2453 fi
1552 2420 1621 2462 post
1636 2419 1715 2451 Titii
1733 2429 1870 2452 mortem
1886 2429 1951 2452 cre-

1081 2464 1169 2495 ditor
1186 2471 1259 2504 agat
1276 2472 1313 2494 ac
1332 2463 1494 2501 vindicet,
1520 2461 1606 2494 suum
1630 2461 1692 2493 ess'e
1712 2462 1843 2503 pignus,
1865 2461 1950 2502 quod

1082 2505 1111 2536 ei
1128 2505 1286 2546 ignoranti
1304 2514 1320 2535 a
1335 2503 1428 2536 Titio
1446 2505 1533 2544 cuius
1549 2503 1641 2535 heres
1660 2503 1726 2534 sum
1742 2526 1751 2541 ,
1776 2503 1960 2543 obligatum

1081 2545 1139 2578 iit:
1161 2547 1288 2587 optimo
1304 2546 1372 2587 jure
1388 2545 1416 2577 ei
1437 2552 1603 2577 occurram
1619 2546 1835 2585 exceptione,
1853 2543 1950 2576 Extra

1075 2596 1177 2628 'quam
1205 2587 1227 2619 fi
1250 2597 1286 2619 ea
1310 2597 1359 2618 res
1378 2587 1409 2618 in
1426 2587 1519 2618 bonis
1536 2584 1616 2617 Titii
1635 2595 1804 2626 numquam
1822 2585 1891 2617 fuit.
1914 2593 1949 2616 ac

1080 2629 1101 2661 si
1127 2629 1283 2669 replicet,
1312 2628 1374 2660 ess‘e
1401 2627 1432 2659 se
1455 2630 1655 2668 ignorantem
1678 2626 1760 2659 Titii
1781 2627 1950 2659 mendacio

1082 2671 1355 2707 circumventum;
1374 2670 1403 2701 in
1415 2676 1522 2710 eoque
1537 2678 1589 2700 rne
1606 2667 1750 2708 quiTitii
1767 2669 1857 2700 heres
1869 2668 1952 2707 sum,

1078 2712 1221 2753 'adjuvari
1238 2710 1387 2743 adversus
1404 2710 1510 2750 sejure
1524 2711 1731 2751 judicioque,
1743 2710 1838 2752 ipsam
1855 2709 1953 2741 fidem

1082 2761 1180 2794 atque
1202 2753 1387 2793 aequitatem
1413 2751 1603 2794 prohibere:
1626 2752 1752 2794 negabo
1766 2775 1776 2791 ‚
1800 2750 1861 2784 effe
1882 2756 1954 2782 cau-

1082 2795 1145 2827 sam
1169 2794 1385 2836 improbitatis
1403 2792 1571 2837 accusandi
1588 2802 1658 2826 me:
1682 2793 1736 2835 qui
1754 2794 1794 2825 de
1812 2793 1856 2824 rei
1874 2800 1952 2824 meae

1082 2837 1217 2877 pignore
1234 2845 1307 2868 cum
1324 2844 1365 2867 eo
1382 2837 1556 2877 numquam
1582 2835 1722 2867 conveni
1740 2845 1750 2874 ;
1771 2834 1824 2866 sed
1849 2837 1952 2874 nequ'e

1083 2878 1177 2910 Titio
1189 2901 1199 2917 ,
1221 2885 1258 2909 ut
1275 2877 1307 2909 id
1324 2875 1467 2916 faceret,
1490 2879 1640 2919 'umquam
1656 2876 1767 2908 auctor
1786 2874 1844 2908 fui.
1867 2872 1954 2914 quod

1082 2920 1103 2952 fi
1131 2918 1195 2951 est:
1218 2926 1368 2960 apparet,
1393 2918 1545 2960 quamdiu
1568 2919 1649 2950 vixit
1673 2917 1799 2955 Titius,
1824 2924 1862 2948 ex
1886 2914 1950 2953 ejus

1083 2962 1306 2994 conventione
1329 2969 1393 2992 non
1419 2959 1509 2992 fuisse
1533 2959 1576 2992 rei
1601 2969 1678 2992 meae
1695 2960 1805 3001 pignus
1815 2966 1830 3002 3·
1847 2963 1950 2994 neque

1085 3011 1153 3037 tum
1176 3000 1346 3034 obtinuisse
1370 3001 1480 3033 utilem
1498 3001 1759 3043 hypothecariam
1774 2997 1949 3043 actionem:-

1109 3044 1254 3086 ostquam
1269 3051 1376 3076 autem
1401 3051 1546 3075 mortuus
1564 3042 1609 3074 est
1633 3041 1757 3078 Titius,
1780 3045 1903 3082 egoque
1920 3044 1950 3067 el

1084 3054 1178 3118 ζει-ες
1203 3085 1355 3123 succeffi,
1393 3094 1500 3126 neque
1528 3083 1658 3124 coepisse
1690 3082 1793 3112 valere
1817 3086 1951 3118 pignus,

1085 3137 1192 3168 neque
1215 3127 1290 3160 inde
1314 3125 1461 3159 adversus
1488 3135 1539 3157 me
1558 3125 1619 3156 else
1635 3130 1737 3155 natam
1754 3119 1953 3160 hypotheca-

1084 3171 1163 3202 riam
1181 3169 1359 3202 actionem:
1376 3169 1448 3209 quia
1463 3168 1543 3199 ratio
1561 3175 1623 3198 non
1640 3163 1727 3201 finit,
1744 3160 1893 3192 heredem
1913 3168 1953 3190 ex

1084 3210 1218 3252 persona
1236 3209 1380 3244 defuntli
1399 3217 1495 3251 quem
1513 3204 1731 3248 repraesentat,
1747 3201 1808 3234 alio
1823 3209 1954 3282 utilggig
