2108 3479
543 97 714 139 VITA
768 100 812 137 V.
866 99 902 135 C.
958 100 1266 139 GERARDI
1316 105 1573 145 NOODT⁰

158 185 312 227 versarii,
340 190 374 218 ut
407 188 533 215 nomen
563 178 637 226 ejus
669 188 737 212 non
765 177 952 223 proderet,
995 177 1032 212 δι’
1062 178 1198 214 Lcffi‘tori
1225 182 1471 228 exquirendum
1506 186 1721 233 relinqueret.
1779 188 1837 224 Ille
1869 200 1950 225 con-

158 248 210 273 tra
237 233 339 280 magis
365 230 422 264 dat
447 228 560 264 locum
587 226 765 272 suspicioni
787 225 962 271 jaetanriae
987 225 1023 261 δε
1052 227 1241 272 desset-tui,
1270 232 1344 277 qui,
1382 243 1483 278 quem
1507 244 1629 279 petat,
1664 247 1682 270 a
1707 237 1844 281 nemine
1872 240 1950 274 vult

157 283 312 323 ionorari.
361 277 480 313 Solent
505 276 602 318 sane,
637 275 696 322 qui
720 274 968 311 humaniori&
991 276 1188 313 modestiori
1215 279 1289 313 sunt
1311 280 1453 325 indole,
1493 282 1518 316 fi
1551 294 1654 330 quem
1686 284 1797 320 adhuc
1824 286 1949 320 vivum

158 314 277 371 etiroris
306 337 445 375 arguere
474 325 663 360 consultum
696 333 843 368 putent,
883 335 952 359 non
976 323 1078 360 facile
1103 337 1228 362 nomen
1256 328 1327 374 ejus
1345 356 1355 372 ,
1397 330 1458 365 nisi
1494 331 1644 378 alioquin
1677 334 1787 369 cuivis
1828 346 1949 370 notum

158 380 219 418 effe
244 387 363 420 queat,
390 374 585 410 enuntiare:
613 385 656 408 ne
682 371 771 406 forte
799 372 978 408 videantur
1005 374 1093 409 velle
1129 375 1199 421 ejus
1230 375 1333 412 famae
1359 379 1483 424 aliquid
1507 380 1711 425 detrahere,
1758 381 1795 417 &
1819 382 1851 417 se
1876 395 1947 430 prae

155 441 197 465 eo
221 425 352 461 efferre.
406 424 481 458 Plus
509 423 642 458 dicam:
671 432 838 467 ponamus
868 433 955 456 vero
980 422 1109 457 Noodrio
1134 424 1350 469 propositum
1373 426 1486 472 fuiffe,
1522 429 1632 475 aliqua
1658 440 1874 477 contemptus
1905 432 1948 467 sl-

152 475 378 524 gnificatione
401 472 569 517 impetum
594 470 774 506 retundere
801 469 1018 513 Adversarii,
1047 470 1159 516 palam
1183 472 1326 510 &1data
1349 486 1454 520 opera
1481 489 1569 524 eum·
1586 480 1826 524 provocantis:
1860 491 1946 524 uon-

151 537 194 561 ne
221 524 275 559 hic
302 522 375 558 satis
393 520 517 566 justam
540 519 685 555 caussam
712 518 882 554 dederat?
919 518 954 553 Si
975 519 1064 554 aliud
1089 522 1204 567 agenti
1230 522 1425 559 Waechtlero
1451 525 1625 562 neceffitas
1661 537 1719 564 aut
1747 530 1947 575 opportuni-

152 586 201 610 tas
227 580 303 607 nata
331 568 460 613 fuisset,
489 578 525 604 ut
553 568 716 610 aliorum,
749 568 796 602 ita
824 566 963 610 Nostri,
999 568 1041 603 de
1071 568 1122 603 his
1148 571 1204 605 vel
1227 570 1289 606 illis
1319 572 1418 608 rebus
1444 574 1622 611 sententias
1652 577 1692 611 ad
1723 587 1868 621 examen
1893 589 1947 612 re-

151 621 316 657 vocandi:
344 621 431 655 bene
450 627 541 661 erat,
569 617 607 653 &
632 617 744 652 minus
772 628 862 663 aegre
889 616 978 651 forte
1006 617 1039 652 id
1064 619 1214 653 Noodtius
1232 618 1372 664 tulisset,
1400 632 1501 668 quam
1520 625 1629 669 quivis
1649 625 1731 660 alius
1756 637 1775 660 a
1797 626 1946 661 Waccht-

150 672 208 706 lero
232 668 383 704 censoria
410 667 543 714 virgula
569 675 713 702 notatus.
768 665 815 699 At
842 677 938 712 quae,
966 666 1115 708 malum,
1141 668 1302 714 prurigo,
1335 670 1441 715 qualis
1466 671 1673 716 adfee‘tatio,
1707 673 1877 720 integrum
1904 677 1944 709 ti—

150 720 190 755 bi.
211 719 338 754 sumere
369 715 583 751 refutandum
614 715 712 760 Opus
738 713 816 749 Viri
841 741 850 755 ,
887 725 966 749 curn
992 726 1060 761 quo
1087 714 1168 750 nihil
1198 717 1259 752 tibi
1280 716 1346 752 fuit
1369 720 1523 765 negotii:
1567 720 1614 756 ita
1644 730 1680 756 ut
1707 734 1726 757 a
1756 723 1869 769 capite
1902 723 1945 767 ad

150 768 279 803 calcem
307 765 388 800 nihil
416 764 488 800 fere
512 763 594 800 boni
620 764 651 799 ei
685 761 869 809 relinquas,
904 764 991 798 inter
1015 773 1065 798 tot
1091 763 1219 810 ingenii
1246 765 1292 800 sui
1326 766 1363 802 &
1393 768 1588 807 eruditionis
1619 770 1828 816 specimina,
1869 768 1945 817 quae

148 817 204 852 ille
229 813 379 850 modeste
399 813 581 856 exhibuit,
616 812 656 847 ad
690 812 878 846 ornandam
903 823 964 857 pro
991 812 1080 847 virili
1106 823 1212 847 artem
1238 813 1328 849 suam
1344 816 1361 848 (ἒ
1398 816 1485 865 Quae
1513 817 1742 862 confidentia,
1776 830 1808 855 te
1834 819 1946 866 ipsum

142 866 294 912 judicem
318 864 360 899 de
378 863 427 898 his
452 861 611 907 omnibus
636 860 860 903 constituere,
888 861 926 896 ἃ
952 861 1026 896 satis
1053 860 1215 896 idoneum
1241 872 1382 907 putare,
1421 875 1457 899 ut
1481 876 1547 901 una
1575 868 1666 913 quasi
1690 869 1790 904 litura
1812 880 1944 914 expun-

147 927 207 962 gas
230 912 390 960 quidquid
417 911 449 947 se
472 909 636 946 inveniffe
659 920 755 955 putat
772 911 859 944 novi
880 909 1014 944 Αυξὶοτ
1036 921 1105 944 non
1132 911 1164 944 in
1191 911 1283 945 nullo
1306 913 1416 957 pretio
1442 913 1611 960 habitus„
1628 916 1665 952 &
1689 929 1788 964 quem
1816 918 1872 953 vel
1898 930 1944 955 ex

147 975 190 999 eo
210 961 281 1006 ipso
298 961 414 1007 Opere
438 960 514 996 satis
538 968 637 1007 potes
660 959 846 1005 intelligere
863 970 931 993 non
954 958 1070 993 leviter
1094 970 1236 1003 operam
1265 960 1389 997 dedisse
1405 963 1560 1008 parandis
1580 964 1728 1001 subsidiis
1754 965 1944 1003 necessariis

146 1012 187 1047 ad
215 1011 268 1046 sua
296 1009 525 1056 excogitanda
549 1008 586 1044 δε
611 1007 807 1043 firmanda?
844 1007 898 1042 An
919 1006 1022 1053 igitur
1047 1008 1146 1042 valde
1173 1007 1362 1054 culpandus
1388 1010 1468 1047 effet
1493 1013 1664 1058 Noocltius,
1701 1014 1724 1049 fi
1751 1015 1943 1051 durioribus

144 1061 269 1100 etiam,
297 1068 419 1106 praeter
441 1057 586 1104 paucula
615 1057 669 1092 illa
691 1054 884 1101 ‹lui-iuscula,
913 1064 1007 1090 tanto
1033 1067 1138 1101 opere
1168 1056 1200 1091 ei
1217 1059 1444 1104 exprobrata,
1470 1062 1583 1097 verbis
1603 1063 1676 1098 usus
1692 1061 1802 1099 fuisset
1821 1065 1943 1100 adver—

145 1109 196 1145 sus
213 1119 314 1150 eum,
343 1107 421 1154 qui,
449 1105 519 1142 fine
544 1106 609 1141 ulla
637 1103 834 1140 neceffitate
864 1113 921 1139 aut
945 1104 1113 1150 probabili
1137 1105 1294 1149 ratione,
1341 1107 1527 1154 professum
1552 1110 1601 1146 ita
1627 1112 1698 1158 ejus
1722 1112 1942 1159 reprehenso-

143 1170 216 1193 rem
233 1156 385 1203 agebat?
412 1155 476 1190 Sed
500 1166 539 1190 ea
559 1152 731 1199 duriusculrz
757 1152 937 1188 conferant
963 1151 1125 1189 Leti-ores
1143 1181 1152 1196 ,
1189 1155 1309 1200 quibus
1330 1156 1403 1202 jam
1435 1158 1539 1202 licet,
1584 1170 1662 1194 cum
1689 1161 1840 1206 plurimis
1865 1173 1941 1209 qute

144 1205 260 1252 paffim
292 1204 511 1239 bVaechtlerus
533 1201 678 1237 effundit
704 1202 736 1236 in
764 1201 960 1236 exercendo
979 1212 1119 1238 munere
1143 1202 1201 1238 suo
1226 1204 1399 1241 censorio:
1435 1206 1472 1242 δε
1490 1207 1649 1252 videant,
1677 1221 1717 1244 an
1740 1222 1805 1246 non
1825 1210 1881 1246 hic
1908 1212 1943 1246 in

144 1252 350 1290 antecess‘um
375 1252 523 1298 palmam
545 1249 641 1286 istam
671 1249 803 1285 Nostro
830 1250 961 1286 strenue
987 1251 1212 1298 praeripuerit.
1265 1253 1373 1289 Mitto
1403 1255 1483 1299 alia,
1510 1268 1578 1292 non
1603 1258 1738 1305 quidem
1758 1271 1776 1293 a
1795 1260 1942 1295 IVaechr·

143 1305 221 1346 lero,
251 1301 507 1347 improbatum,
535 1309 638 1346 puto,
667 1298 690 1333 fi
711 1299 865 1342 viveret,
901 1300 956 1334 sed
985 1312 1004 1335 a
1034 1300 1248 1347 praeposteris
1281 1303 1353 1349 ejus
1384 1304 1613 1341 defensoribus
1637 1306 1671 1342 in
1701 1306 1866 1342 Nostrum
1892 1309 1943 1344 in-

142 1353 242 1398 digne
266 1350 374 1393 dista,
408 1359 482 1396 quae
505 1348 698 1384 dicentibus
721 1358 852 1383 tantum
885 1350 1011 1394 probro
1043 1349 1107 1385 esse
1131 1349 1279 1396 possunt:
1321 1352 1368 1387 ita
1397 1354 1438 1388 ab
1464 1354 1557 1390 omni
1580 1355 1654 1390 veri
1679 1355 1791 1401 specie
1816 1356 1942 1392 abhor-

142 1410 229 1437 rent.
282 1399 363 1434 Nec
388 1397 522 1434 stabunt
543 1397 629 1443 aequi
653 1396 690 1432 ὃ(
714 1396 816 1443 periti
832 1409 943 1432 rerum
969 1409 1008 1432 ac
1034 1398 1254 1443 personarum
1283 1400 1503 1438 aestimatores
1527 1403 1654 1449 judicio
1687 1405 1808 1441 alicubi
1833 1405 1942 1441 homi-

141 1461 245 1492 num,
274 1448 330 1495 qui
357 1456 427 1483 tam
450 1456 566 1494 aperte
590 1445 793 1489 ostendunt,
821 1447 853 1482 se
879 1446 990 1481 studio
1017 1447 1185 1493 partium,
1213 1447 1251 1484 ἃ
1277 1450 1350 1486 aliis
1375 1451 1570 1488 blandiendi
1590 1453 1799 1498 cupiditate,
1835 1464 1942 1489 trans-

142 1498 258 1534 versos
281 1496 346 1545 agi.
397 1495 643 1539 Gratalsaltem
664 1494 841 1541 posteritas
870 1495 1076 1542 ubicumque
1102 1496 1280 1542 locorum,
1309 1500 1469 1545 quamdiu
1493 1501 1569 1536 suus
1596 1502 1734 1538 Litteris
1761 1514 1800 1538 ac
1824 1503 1943 1539 Virtun

142 1547 170 1582 ti
195 1548 303 1583 honos
327 1544 413 1588 erit,
440 1543 608 1579 Nostrum
635 1544 677 1579 ab
698 1543 826 1591 injuriis
851 1544 1023 1590 ejusmodi
1042 1545 1241 1583 vindicabit.
1293 1547 1348 1584 De
1365 1548 1443 1595 ipsis
1467 1549 1572 1585 Notis
1595 1550 1812 1596 Wacchtleri,
1838 1563 1945 1599 quum

141 1596 207 1633 illae
235 1606 345 1640 nuper
371 1592 449 1641 post
470 1602 601 1629 tantum
626 1602 761 1638 tempus
784 1605 804 1628 e
830 1594 977 1629 tenebris
1001 1604 1105 1629 erutae
1132 1594 1215 1638 sint,
1252 1597 1377 1642 poterit
1397 1598 1558 1645 quisque,
1585 1599 1641 1635 cui
1663 1600 1832 1647 judicium
1857 1601 1946 1637 inte-

144 1656 246 1692 grum
260 1642 330 1687 est,
356 1653 437 1678 cum
453 1641 580 1678 Noodrii
597 1642 818 1677 Probabilibus
832 1643 1084 1689 comparand03
1111 1641 1211 1679 facile
1226 1644 1431 1689 decernere,
1458 1649 1579 1692 plusne
1606 1648 1709 1684 famae
1732 1649 1853 1685 Nostri
1879 1649 1944 1687 hac

142 1694 180 1729 in
204 1702 300 1740 parte
324 1692 478 1727 nocitum
503 1690 628 1734 fuerit,
664 1702 704 1726 an
728 1690 930 1727 consultum.
989 1692 1054 1728 Sed
1080 1692 1217 1728 uberior
1246 1694 1358 1729 adhuc
1382 1696 1423 1731 ad
1445 1696 1671 1743 judicandum
1699 1697 1842 1734 materia
1868 1698 1945 1745 sup·

141 1743 248 1789 petit,
289 1753 332 1776 ex
352 1752 419 1788 quo
446 1740 547 1776 editae
574 1739 676 1775 etiam
704 1739 814 1774 Notae
843 1739 1012 1785 postumce
1045 1741 1235 1777 lVaechtleri
1260 1743 1302 1778 ad
1334 1744 1479 1780 Librum
1512 1746 1724 1782 Probabilium
1755 1756 1912 1794 quartum
1931 1774 1944 1791 ,

145 1803 248 1837 quem
273 1790 413 1836 putabat
436 1789 562 1824 scilicet
592 1787 719 1823 ultimae
746 1788 899 1824 Editioni
923 1790 1076 1825 omnium
1102 1791 1228 1826 Noodtii
1256 1792 1411 1838 Operum
1434 1794 1581 1839 primurn
1610 1794 1788 1832 acceffiffe.
1840 1795 1945 1832 Inve-‘s

146 1840 196 1876 nit
219 1839 310 1874 enim
332 1837 409 1872 heic
433 1836 563 1871 Noster
585 1836 758 1871 vindicem
784 1837 817 1872 se
844 1837 985 1882 dignum
1001 1865 1010 1879 ,
1044 1838 1100 1883 qui
1122 1839 1155 1872 in
1184 1838 1398 1884 Miscellaueis
1426 1841 1724 1887 Observationihus,
1750 1844 1944 1893 Amsteloda-

146 1891 190 1924 mi
218 1888 307 1934 prela
325 1896 344 1920 a
369 1884 509 1920 biennio
538 1883 795 1926 exercentibus,
829 1895 957 1917 novam
983 1885 1073 1918 illam
1099 1885 1274 1920 censuram
1298 1887 1338 1921 ad
1372 1898 1517 1924 examen
1541 1890 1763 1935 aequiffimum
1795 1903 1941 1928 revoca-

148 1936 218 1980 vit,
245 1935 313 1972 Vol,
335 1933 390 1968 ΙΙΙ,
418 1942 514 1978 pagg.
538 1943 602 1966 111
617 1958 627 1975 ,
644 1929 781 1976 &seqcp
815 1939 879 1973 271
894 1956 906 1973 ,
927 1928 1077 1985 ἐξήκῃ..
1115 1932 1259 1967 Nomen
1278 1934 1356 1969 heic
1377 1935 1471 1970 suum
1488 1936 1587 1972 nobis
1605 1939 1750 1976 invidit:
1777 1951 1944 1988 magnum

148 1985 298 2020 animum
311 2009 320 2026 ‚
343 1981 509 2028 judicium
523 2007 532 2022 ,
557 1979 748 2014 doctrinam
766 1979 876 2014 celare
894 1991 962 2014 non
982 1989 1106 2026 potuit.
1160 1981 1355 2018 Redeamus
1374 1984 1408 2019 in
1427 1984 1532 2021 viam.

199 2034 299 2068 Anno
322 2028 502 2066 millesimo
530 2026 773 2063 sexcentesimo
807 2028 1030 2074 nonagesimo
1065 2028 1191 2064 ofitavo
1222 2031 1304 2066 editi
1329 2031 1403 2068 sunt
1430 2034 1597 2080 Lugduni,
1632 2036 1721 2082 apud
1749 2037 1942 2075 Reda-icum

147 2082 317 2126 Hauriug,
343 2081 393 2115 De
417 2079 537 2114 Faenore
568 2075 609 2117 ἐξ
633 2075 743 2123 Usttris
774 2076 870 2112 Libri
893 2084 983 2121 tres-3
1016 2078 1125 2123 quibus
1152 2080 1250 2114 multa
1280 2080 1376 2126 Juris
1410 2082 1519 2118 Civilis
1538 2111 1548 2127 ‚
1583 2084 1769 2132 aliorumque
1796 2087 1943 2124 Veterum

147 2132 336 2177 Scriptorum
361 2129 423 2162 loca
449 2135 504 2161 aut
528 2125 745 2173 illustrantur,
779 2133 835 2160 aut
861 2126 1072 2162 emendantur.
1129 2127 1167 2162 In
1197 2140 1240 2163 eo
1267 2130 1383 2176 Opere
1399 2158 1409 2174 ,
1445 2133 1536 2178 quod
1560 2132 1647 2168 inter
1669 2134 1733 2169 alia
1758 2136 1944 2181 pulcherri-

147 2191 243 2214 mum
271 2177 320 2213 est
342 2177 379 2212 δε
408 2174 727 2218 elaboratiffimum,
753 2173 861 2210 firmis
888 2174 926 2210 ἀ
954 2174 1092 2210 ἰηνίἐὶὶε
1116 2178 1322 2223 argumentis
1352 2180 1474 2226 probat
1499 2180 1649 2224 Noster,
1686 2184 1838 2219 Mutuum
1861 2196 1942 2222 cum

141 2227 282 2274 foenore,
310 2227 342 2261 in
369 2226 400 2261 se
425 2224 461 2261 &
491 2233 611 2259 natura
629 2223 684 2259 sua
708 2223 920 2270 speetatum,
946 2223 1027 2259 nihil
1053 2225 1196 2260 omnino
1219 2226 1367 2271 habere,
1395 2229 1486 2275 quod
1511 2230 1582 2276 Juri
1614 2231 1826 2269 Naturali&
1849 2234 1941 2270 Gen=

149 2278 234 2311 tium
255 2274 465 2310 adversetur:
501 2272 560 2308 etsi
586 2273 734 2319 Legibus
763 2272 944 2315 Civilibus,
973 2274 1017 2309 ob
1043 2273 1221 2311 utilitatem
1247 2277 1419 2321 publicam
1436 2304 1447 2320 ‚
1480 2277 1517 2314 δε
1546 2279 1587 2314 ad
1614 2281 1779 2316 tollendos
1803 2282 1942 2328 abusus,

149 2326 206 2360 vel
222 2324 362 2359 omnino
386 2322 558 2369 prohiberi
581 2321 680 2367 poffit
710 2321 785 2357 talis
812 2321 1005 2358 contrafitus
1023 2349 1033 2366 ‚
1067 2323 1123 2358 vel
1148 2324 1280 2360 nonnifi
1313 2325 1400 2361 intra
1424 2337 1555 2363 certum
1591 2330 1771 2375 quemdam
1799 2331 1943 2368 modum

149 2372 294 2409 facultas
318 2372 390 2418 ejus
414 2370 608 2406 celebrandi
637 2370 792 2406 concedi.
846 2371 884 2406 In
907 2370 1026 2417 primis
1048 2380 1163 2407 ortum
1193 2372 1231 2409 ἃ
1258 2373 1468 2420 progressum
1493 2376 1666 2413 variorum
1685 2378 1749 2413 hac
1771 2379 1813 2415 de
1836 2390 1873 2416 re
1886 2381 1941 2428 ju-

148 2423 237 2458 rium
269 2422 358 2465 apud
383 2421 536 2456 Romanos
561 2418 720 2455 adcurate
744 2418 912 2455 ostendit:
940 2418 978 2456 ἃ
997 2430 1117 2456 omnes
1133 2420 1205 2458 fere
1222 2423 1334 2470 Leges
1354 2423 1422 2459 huc
1440 2425 1649 2471 pertinentes
1665 2428 1828 2474 exponit,
1856 2431 1942 2466 mul-

149 2479 182 2506 ta
215 2470 364 2515 plurimis
390 2469 466 2504 luce
492 2468 615 2504 addita.

197 2519 328 2554 Eodem
362 2518 463 2553 Anno
487 2517 615 2552 Noster
637 2516 785 2564 primurn
809 2515 986 2553 Academiae
1008 2519 1227 2566 Lugdunensis
1249 2520 1379 2558 ReGior
1403 2522 1615 2570 Magnificus
1630 2535 1761 2561 creatus
1777 2526 1836 2563 est.
1869 2528 1942 2564 Un=

149 2567 192 2604 de
211 2578 287 2604 nata
303 2566 352 2603 est
371 2567 513 2609 Oratio,
542 2578 641 2613 quam
670 2566 819 2613 sequenti
838 2567 940 2602 Anno
964 2567 1142 2603 millelimo
1165 2569 1410 2606 sexcentefimo
1431 2572 1652 2620 nonagefimo
1679 2586 1792 2620 nono,
1824 2577 1941 2624 Magi-

149 2616 254 2652 stratu
276 2617 408 2659 abiens,
436 2626 498 2662 pro
519 2627 614 2650 more
637 2614 774 2651 habuit:
801 2616 852 2650 De
872 2615 956 2661 Jure
973 2617 1094 2651 Summi
1108 2617 1256 2663 Imperii,
1283 2618 1325 2659 δέ)
1338 2621 1424 2667 Lege
1440 2622 1552 2668 Regia,

201 2665 307 2700 Nulla
329 2664 377 2700 est
405 2674 498 2699 tanta
522 2663 680 2705 felicitas,
721 2675 794 2711 quae
814 2675 883 2700 non
907 2664 1086 2711 aliquando
1110 2666 1239 2702 Calibus
1265 2669 1431 2713 adversis,
1467 2671 1545 2706 Deo
1569 2671 1615 2707 ita
1645 2674 1785 2709 volente
1801 2700 1810 2716 ‚
1836 2673 1940 2711 intere

151 2715 312 2750 turbetur.
365 2713 402 2748 Id
427 2712 557 2748 Noster
585 2713 651 2748 hoc
674 2713 746 2758 ipso
773 2713 877 2748 Anno
894 2739 905 2755 ‚
943 2724 1070 2760 magno
1098 2725 1177 2750 cum
1202 2715 1260 2751 suo
1290 2717 1428 2761 dolore,
1464 2729 1623 2766 expertus
1646 2721 1705 2757 est.
1757 2722 1879 2758 Amisit
1905 2736 1940 2760 e-

152 2763 221 2798 n'irn
243 2761 486 2799 dilefflflimarn
511 2761 699 2808 Coniugem
718 2788 729 2806 ,
764 2762 818 2797 die
842 2761 983 2808 septima
1009 2764 1176 2799 Octobris:
1210 2775 1279 2810 quo
1306 2766 1389 2803 nihil
1418 2767 1480 2814 ipfi
1506 2769 1661 2806 accidere
1690 2780 1822 2818 poterat
1846 2783 1942 2808 acer-

155 2807 239 2846 bius.
289 2812 382 2846 Forti
410 2822 521 2847 tamen
550 2811 689 2852 animo,
723 2810 935 2856 praecipuum
966 2810 1001 2846 in
1035 2811 1182 2847 adversis
1209 2816 1398 2851 remedium
1415 2843 1424 2859 ,
1462 2816 1694 2855 Humanitatis
1715 2818 1820 2855 studia
1845 2820 1941 2856 adhi.

154 2858 238 2893 buit.
289 2860 419 2908 Quibus
442 2871 478 2895 uc
507 2859 638 2895 falleret
663 2859 848 2895 solitudinis
877 2859 943 2894 suae
966 2859 1117 2897 infelices
1147 2860 1267 2906 horas,
1303 2865 1345 2900 de
1370 2876 1571 2912 argumento
1601 2866 1781 2911 historico,
1816 2868 1857 2903 ad
1879 2869 1939 2914 Ju-

155 2907 411 2952 risprudentiam
436 2908 608 2955 speflzante
625 2935 635 2952 ,
670 2907 910 2955 pertraftando
942 2909 1138 2956 cogitavit,
1174 2909 1212 2946 &
1237 2912 1382 2949 excuffis
1409 2926 1449 2949 ac
1472 2916 1651 2952 elaboratis
1677 2926 1751 2963 quae
1776 2926 1874 2952 antea
1902 2919 1938 2956 in

153 2954 244 2990 hanc
270 2965 342 2989 rem
364 2957 540 2993 meditatus
562 2966 656 3002 erat,
689 2957 767 2993 inde
787 2956 916 3004 justum
948 2958 1047 3004 Opus
1076 2959 1280 3007 conscripsit.
1331 2961 1556 2999 Notiffimum
1586 2964 1653 3008 est,
1688 2964 1777 3010 apud
1805 2975 1937 3004 veteres

154 3003 304 3046 Gentes,
330 3004 431 3038 etiam
453 3006 664 3050 cultiffimas,
693 3006 806 3053 quales
834 3007 935 3042 Graeci
958 3005 997 3042 δε
1021 3008 1173 3051 Romani,
1199 3019 1376 3056 receptum
1406 3011 1525 3056 fuisse,
1555 3021 1593 3048 ut
1618 3013 1653 3048 in
1679 3013 1861 3050 Parentum
1876 3027 1938 3062 po-

154 3051 274 3088 testate
296 3051 395 3094 esset,
421 3052 559 3090 Liberos
581 3067 699 3092 recens
723 3066 838 3098 natos,
867 3054 891 3090 fi
914 3054 960 3091 eis
983 3057 1119 3103 quidem
1150 3057 1342 3104 videretur,
1370 3060 1509 3102 tollere;
1542 3060 1589 3096 fin
1620 3060 1753 3105 minus,
1785 3074 1937 3109 expone-

151 3112 190 3137 re
210 3111 266 3138 aut
287 3112 420 3136 necare.
472 3101 518 3136 At
542 3113 626 3138 vero
646 3116 714 3151 quo
746 3114 902 3149 tempore
923 3114 999 3141 mos
1013 3105 1070 3141 ille
1092 3106 1253 3143 barbarus
1266 3136 1277 3153 ,
1305 3121 1324 3144 a
1351 3109 1553 3155 sapientibus
1576 3108 1613 3144 δι
1639 3109 1736 3145 bonis
1755 3112 1836 3148 viris
1854 3113 1940 3149 sem-

150 3162 214 3197 per
236 3149 496 3194 improbatus&
513 3149 707 3196 damnatus,
735 3153 873 3190 tandem
896 3153 1078 3202 abrogatus
1097 3155 1202 3192 fuerit
1223 3157 1371 3205 Legibus
1393 3157 1572 3199 Civilibus,
1600 3169 1733 3205 poenam
1755 3171 1882 3197 certam
1898 3163 1936 3199 &

149 3199 348 3236 ordinariam
367 3198 524 3239 adversus
536 3211 594 3236 eos
619 3201 675 3249 qui
696 3201 729 3240 id
755 3202 886 3239 sceleris
911 3213 1083 3251 patrarent
1107 3202 1345 3253 statuentibus,
1381 3216 1450 3244 non
1484 3207 1531 3244 ita
1557 3205 1660 3244 facile
1684 3218 1756 3246 erat
1782 3210 1934 3248 definire.

1868 3259 1938 3295 Pri*
