2052 3487
199 149 269 191 146
612 140 628 174 1
676 136 716 173 N
764 135 799 171 D
850 133 882 171 E
929 133 962 168 x
1033 130 1060 168 c

198 232 278 266 CAP.
293 234 334 266 X.
349 233 414 265 Hoc
428 232 519 269 capite
533 228 623 259 teneri
637 235 745 258 omnem
759 226 811 267 qui
825 225 936 265 injuria
948 221 1062 253 occidit.

276 277 326 308 An
350 276 385 309 &²
405 274 558 312 furiosus,
584 269 705 308 infans,
737 267 852 304 infante
876 265 988 305 major,
1011 267 1064 293 aut

272 318 424 358 proximus
434 309 610 355 pubertati?
625 309 662 342 δέ)
677 309 797 349 quinam
815 308 953 338 dicautur
969 302 1063 334 tales?

311 357 378 394 uid,
393 354 422 393 si
440 361 540 391 servus
556 351 646 382 alium
666 351 793 387 occidat,
825 348 870 379 vel
889 349 1062 388 ignorante,

275 401 320 428 vel
330 399 454 435 sciente,
476 395 523 425 vel
539 393 674 434 jubente,
709 391 757 421 vel
777 390 871 421 invito
884 411 893 427 ‚
922 388 1032 419 domino
1046 385 1064 417 ‘2

276 438 381 478 Sensus
396 437 415 468 l.
432 447 459 468 2.
482 435 522 466 D.
533 435 565 465 de
582 433 736 464 noxialibus
755 427 979 467 afflonfflun&
993 436 1065 468 qua-

277 481 414 511 rumdam
431 479 567 509 aliorum.
606 474 709 518 Quid,
728 472 753 511 fi
778 473 856 503 homo
872 471 940 502 liber
956 468 1066 500 occidat

269 521 351 564 juffu
375 520 494 551 alterius
510 517 528 548 ?
562 516 645 560 Quid
661 539 671 554 ‚
693 512 723 553 si
745 514 823 545 homo
846 523 864 544 a
878 511 1011 553 pluribus
1033 510 1065 540 in

276 564 345 594 rixa
368 561 474 602 occisus
494 557 536 597 fit
554 582 563 595 ,
592 557 628 592 ὅ)
653 556 753 588 auctor
778 555 860 587 cadis
876 553 922 585 vel
936 553 1065 590 sciatur,

276 604 323 635 vel
344 600 519 644 ignoretur?
544 599 625 642 Quid
635 623 644 636 ‚
661 596 690 636 fi
706 599 741 629 ab
759 606 817 628 uno
834 594 980 634 mortifere
995 591 1063 623 vul-

277 651 415 683 neratus,
437 644 472 675 ab
496 642 551 673 alio
561 640 696 679 fimiliter
712 638 787 670 ictus
797 636 899 678 statim
922 632 1064 666 decedat?

277 688 317 719 ad
347 688 433 726 l.51.
458 685 476 715 l.
502 692 548 715 11.
571 682 600 724 §.
623 691 651 722 3.
674 680 694 711 l.
718 689 764 720 15.
791 680 819 722 §.
838 688 865 710 1.
889 677 931 709 D.
955 676 1005 707 Ad
1030 674 1066 705 le-

275 738 341 771 gem
358 726 521 768 Aquiliam.
564 723 616 755 An
631 723 708 753 heres
723 722 785 763 ejus
800 721 851 762 qui
865 718 1005 751 hominem
1022 725 1066 747 oc·

279 770 349 801 cidit
362 792 371 808 ‚
394 770 453 809 lege
467 765 591 807 Aquilia
612 762 773 795 teneatur?
910 759 983 800 Pag.
1012 766 1069 793 129

203 809 263 844 XI.
289 810 340 843 Ex
353 812 446 852 primo
464 809 553 848 capite
568 806 640 848 legis
648 804 777 845 Aquiliae
791 801 931 835 astionem
945 801 1010 831 dari
1024 800 1069 830 he-

280 863 309 884 ro
324 875 336 890 ‚
360 853 413 891 seu
435 849 546 880 domino
564 857 573 878 .-
602 847 632 877 id
649 844 687 886 est
703 869 713 884 ‚
743 846 768 876 ei
784 845 834 886 qui
850 849 913 874 tum
938 842 1070 873 dominus

275 894 360 934 fuit,
384 901 450 922 cum
459 892 566 932 servus
581 896 635 920 aut
652 894 740 928 pecus
757 886 949 918 occideretur:
979 890 1069 923 neque

284 932 411 974 intereffe
427 956 438 970 ,
470 937 572 963 utrum
592 935 749 970 perpetuus
774 928 905 959 dominus
928 923 971 964 sit
988 947 998 963 ‚
1030 933 1070 954 an

283 975 481 1016 temporarius.
524 971 606 1016 Quid
614 994 625 1010 ⁷
641 969 670 1008 fi
685 970 786 1001 deinde
810 966 922 1006 deflerit
938 965 1070 998 dominus

285 1016 361 1058 effe?
386 1015 486 1062 Quid,
509 1013 532 1050 li
547 1010 608 1054 post
619 1010 776 1052 fabiusfit
792 1034 803 1049 ‚
824 1009 879 1049 sed
889 1007 1008 1049 fictione
1017 1007 1069 1048 ju·

280 1061 322 1091 ris
337 1063 411 1089 retro
427 1057 557 1088 dominus
572 1055 711 1085 habeatur
728 1053 745 1085 ‘2
775 1051 828 1083 An
852 1051 960 1081 domini
976 1047 1071 1088 appel-

282 1100 389 1132 latione
406 1099 483 1129 bonae
492 1096 566 1138 fidei
576 1093 707 1136 poffeffor
723 1090 983 1126 contineaturffsst
1000 1089 1070 1131 quid

282 1144 317 1174 de
327 1139 496 1181 fructuario
511 1162 523 1178 ,
552 1139 585 1170 de
599 1135 818 1168 commodatario
833 1156 845 1174 ,
875 1132 912 1167 ὅ)
934 1133 1071 1163 creditore

230 1207 231 1210 =
283 1182 484 1226 pignoratitio.
1015 1181 1071 1213 132

209 1222 285 1258 XII.
297 1225 343 1257 De
351 1221 534 1265 aestimatione
541 1219 623 1258 occisi
637 1219 758 1251 hominis
772 1223 826 1250 aut
830 1215 950 1258 pecudis
964 1224 1000 1246 ex
1010 1214 1071 1254 pri-

284 1277 328 1299 mo
345 1266 437 1307 capite
451 1264 520 1305 legis
536 1262 674 1303 Aquiliae.
1013 1263 1072 1296 134

206 1307 295 1341 Xln.
308 1308 474 1340 Secundum
490 1310 576 1346 caput
592 1304 663 1345 legis
674 1300 800 1343 Aquiliae
815 1300 848 1331 in
863 1298 1073 1340 desuetudinem

287 1349 401 1390 abizffie,
425 1347 462 1383 ὅ)
477 1347 539 1378 vim
553 1345 615 1387 ejus
631 1343 771 1386 ignorari.
1015 1347 1071 1378 135

209 1390 300 1425 XIV.
311 1391 407 1424 Verba
429 1389 530 1430 capitis
552 1387 630 1418 tertii
652 1386 721 1426 legis
744 1380 882 1425 Aquiliae.
923 1379 967 1411 Eo
985 1380 1075 1420 capite

288 1433 386 1465 caveri
401 1432 434 1463 de
450 1437 546 1462 caetero
562 1428 639 1459 omni
653 1428 755 1457 damno
772 1448 782 1463 ‚
807 1428 912 1464 prater
935 1421 1074 1452 hominem

290 1474 327 1510 δ”
338 1474 473 1516 pecudem
489 1469 599 1508 occisos.
644 1467 726 1512 Quid
742 1467 775 1497 de
789 1465 893 1505 apibus
908 1469 961 1494 aut
970 1461 1075 1500 fimiti-

287 1517 338 1548 bus
345 1516 426 1556 feris
440 1511 559 1554 hestiis?
578 1509 761 1541 Emendatur
780 1505 905 1548 Ulpiani
920 1502 1075 1546 Fragmen-

286 1560 349 1590 νυνι
371 1555 432 1589 Tit.
459 1564 507 1588 12.
537 1550 710 1587 Collationis
732 1548 849 1592 Legum
872 1545 1074 1588 Mosaicarum

1110 130 1142 167 A
1191 130 1282 166 ΡΙ
1333 130 1368 165 T
1423 129 1557 182 uio.

1191 219 1228 254 δ’
1243 219 1454 252 Romanarum.
1900 229 1970 262 >135

1106 261 1183 295 XV.
1194 262 1261 294 Hoc
1283 263 1375 302 capite
1391 262 1489 293 caveri
1504 260 1619 302 quidem
1641 259 1675 291 de
1690 264 1786 291 caetero
1802 260 1879 290 omni
1894 261 1971 291 dam-

1187 313 1223 335 no
1242 327 1251 342 ,
1276 304 1328 343 sed
1343 304 1467 334 maxime
1481 325 1491 341 ,
1514 300 1545 340 fi
1559 302 1648 343 quid,
1678 299 1775 342 ustum
1791 324 1801 340 ,
1818 300 1971 341 fractum,

1185 351 1237 376 aut
1253 350 1372 385 ruptum
1382 343 1433 383 fit.
1477 343 1544 374 Hoc
1558 344 1678 374 verbum
1693 366 1702 381 ‚
1734 349 1872 383 ruPtum,
1894 344 1973 373 vide-

1186 387 1214 418 ri
1226 386 1359 428 generale
1375 408 1384 424 ‚
1415 383 1452 420 &³
1461 384 1506 423 fic
1522 390 1667 425 acceptum
1688 383 1739 424 effe
1755 407 1765 422 ,
1795 390 1971 424 corruptum.

1186 428 1239 460 An
1254 428 1453 468 consumptum
1468 427 1549 467 rupti
1565 426 1752 467 appellatione
1767 424 1894 456 veniat?
1910 424 1973 456 Ru-

1185 475 1272 510 ptum
1280 472 1336 509 Jeu
1352 473 1519 509 corruptum
1533 477 1592 499 non
1607 466 1750 509 intelligi,
1772 464 1827 504 nzfi
1843 466 1879 500 ἐπ’)
1896 467 1976 497 dam-

1188 520 1261 541 num
1278 511 1379 541 datum
1388 507 1441 548 fit.
1917 510 1975 549 156

1108 550 1200 584 XVI.
1213 550 1384 583 Emendatio
1399 551 1419 582 l.
1429 558 1479 589 41.
1496 549 1539 581 D.
1554 550 1606 582 Ad
1614 550 1721 592 Legem
1729 548 1892 591 Aquiliam.
1919 553 1974 590 138

1108 591 1217 626 XVH.
1242 592 1275 623 Si
1288 593 1354 633 quis
1373 592 1479 623 olivam
1502 593 1689 624 immaturam
1710 591 1898 631 decerpserit,
1927 590 1974 621 vel

1177 639 1304 681 segetem
1319 633 1492 672 desecuerit,
1522 633 1569 664 ‘vel
1584 643 1661 665 uvas
1676 634 1799 672 crudas,
1822 641 1862 664 an
1878 631 1973 672 Aqui-

1186 675 1229 707 lia
1247 675 1403 706 teneatur?
1430 674 1577 714 Ulpianus
1600 674 1740 716 expofitur
1762 674 1781 705 l.
1802 683 1839 714 27
1876 674 1906 712 §.
1924 682 1975 712 25.

1189 716 1233 749 D.
1255 716 1307 747 Ad
1321 715 1428 757 Legem
1444 716 1596 760 Aquiliam
1613 740 1623 755 ,
1653 716 1691 751 ὃ
1707 715 1872 756 Javolenus
1887 715 1906 745 l.
1923 723 1976 753 42.

1192 757 1235 790 D.
1262 759 1295 788 de
1310 758 1364 797 usu
1379 756 1587 798 &rusufruft‘u
1603 759 1705 800 legato.
1919 760 1975 796 138

1112 798 1410 847 XV1153Verbun-z,
1433 799 1576 839 ruperit,
1599 801 1631 831 in
1647 799 1707 840 lege
1721 797 1846 840 Aquilia
1861 806 1918 828 non
1933 799 1978 827 in-

1190 842 1315 881 dzgztare
1339 841 1428 871 aliam
1450 842 1658 880 corruptionem
1673 863 1683 878 ‚
1713 850 1800 881 quam
1815 848 1874 879 qua
1896 839 1977 869 dam-

1192 892 1265 913 num
1280 883 1388 953 ‘JTRM
1404 880 1442 915 {5⁹
1457 892 1476 913 α
1490 888 1603 922 corpore
1617 882 1760 920 adfertur.
1777 881 1923 921 complura
1938 880 1978 910 lo-

1112 930 1504 1010 XIXfaZdezmnjziquiliam
1515 986 1526 1003 ,
1557 962 1608 1002 etsi
1622 963 1866 1005 corruptionem
1884 930 1979 1004 peIrJe9-

1192 1006 1366 1053 quatur-hoc
1383 1010 1477 1052 'capite
1492 1028 1502 1043 ‚
1532 1010 1628 1052 tamen
1650 1016 1707 1037 non
1729 1006 1817 1037 aliam
1827 1006 1979 1046 peryequi‚

1192 1045 1545 1128 tti’‚3²22-²2?35?2‘}i}{²?352
1557 1048 1980 1129 232³tss¹5²¹¹32520ffl522i222522222

1192 1130 1288 1178 culpo.
1311 1172 1316 1177 μ
1332 1129 1454 1177 Siquid
1465 1129 1536 1169 jure
1551 1136 1603 1160 aut
1619 1131 1687 1170 casu
1703 1135 1823 1169 ruptum
1832 1127 1873 1166 fit
1884 1152 1893 1166 ‚
1917 1137 1976 1159 non

1191 1171 1316 1218 intelligi
1332 1180 1484 1212 injuriam.
1532 1168 1614 1211 Quid
1629 1171 1709 1212 juris
1725 1193 1735 1209 ,
1757 1168 1786 1208 fi
1808 1172 1873 1211 quis
1888 1169 1982 1200 vicini

1193 1213 1263 1243 cedes
1286 1210 1434 1253 diffipavt't
1455 1211 1581 1243 incendii
1604 1212 1721 1243 arcendi
1739 1211 1870 1253 gratia?
1895 1210 1932 1245 ὃ)
1947 1220 1979 1241 a·

1194 1254 1236 1326 lm
1257 1254 1286 1285 id
1305 1262 1399 1295 genus
1419 1253 1549 1294 exempla
1569 1255 1699 1294 quaedam
1714 1253 1857 1295 elegantia
1873 1250 1981 1293 exposi-

1208 1305 1236 1326 a.

1117 1334 1196 1368 XX.
1220 1335 1378 1383 Adversus·
1394 1335 1538 1383 quem-&³
1561 1335 1609 1367 cui
1630 1336 1714 1368 detur
1736 1335 1809 1367 actio
1832 1345 1869 1367 ex
1890 1302 1982 1376 capitte

1196 1384 1279 1409 tertio
1304 1377 1392 1419 Legis
1413 1377 1551 1418 Aquilia·
1592 1375 1634 1409 Et
1653 1378 1744 1420 quid,
1769 1376 1798 1416 fi
1812 1377 1890 1409 homo
1912 1377 1982 1407 liber

1195 1419 1369 1450 vulneratus
1378 1417 1445 1456 fit?
1924 1426 1983 1458 144

1117 1459 1212 1493 XXI.
1237 1459 1285 1508 De
1300 1459 1483 1508 aestimatione
1503 1460 1603 1493 damni
1623 1461 1737 1503 injuria
1760 1461 1823 1492 dati
1838 1469 1875 1492 ex
1890 1459 1983 1500 capite

1196 1507 1280 1534 tertio
1297 1502 1368 1545 legis
1383 1503 1522 1544 Aquiliae.
1924 1509 1982 1541 144

1906 3266 1998 3300 Gn:-

2042 0 2044 15 Ι

2043 73 2045 86 Ι

2044 89 2045 102 1

2045 216 2046 226 π

2045 233 2047 242 7
