2036 3495
306 77 375 114 ΧΑΒ
401 77 494 112 Lm.
522 74 628 112 XXI.
663 73 759 110 Tm.
787 71 834 108 11.
869 70 921 109 De
938 72 1131 108 evictionibus
1151 67 1192 112 85⁹
1210 69 1515 121 (L'rplaestcjom‘utiont-

26 171 103 203 debet
126 167 282 210 praestare,
309 168 415 209 quanti
436 167 551 196 minoris
578 163 682 204 emiffirt
711 168 818 202 emptor
834 183 843 199 ,
868 161 898 201 fi

24 211 115 252 scz'ffet
138 212 212 241 hanc
233 211 404 251 servitutem
430 207 596 248 impositam.
642 204 736 248 Ratio
761 204 811 235 illa
828 203 895 250 est?

27 253 114 293 quod
140 252 209 283 haec
234 251 315 281 asilo
341 250 477 289 emmori
502 249 592 278 datur
609 256 648 277 ex
675 245 787 276 Editio
810 245 896 277 AEdi-

26 295 104 327 lium
132 294 175 324 ob
198 293 228 323 id
254 301 373 331 quanto
399 289 524 322 minoris
555 297 620 319 rem
648 286 753 332 suerat
774 295 896 325 emptu-

27 345 98 373 rus,
123 334 144 365 fi
161 332 259 364 sciffet
275 332 366 363 fundi
383 332 575 371 qualitatem.
601 328 735 368 proinde
757 327 782 373 {i-
802 328 897 367 pluris

29 376 161 413 emerit,
187 375 274 414 quod
296 374 346 405 vel
364 374 493 404 liberum
513 371 662 409 putabat,
686 369 735 399 vel
755 378 783 398 ei
803 371 895 399 dene-

26 419 51 449 1i
69 417 250 448 servitutem
262 436 273 455 ,
297 424 332 446 ea
349 413 468 451 evicta,
485 412 610 451 optimo
624 411 693 450 jure
713 409 811 441 habet
825 418 895 441 eam

30 457 197 489 astionem.

67 497 308 534 Demonstram,
342 494 465 536 quando
490 493 592 525 evitta
622 503 673 525 res
701 492 737 525 fit
755 516 766 532 ,
796 501 894 533 porro

26 540 95 572 sciri
114 546 261 579 oportet,
287 537 347 568 cfl'e
372 535 522 573 rationis,
553 536 756 566 venditorem
782 543 821 565 eo
838 543 895 565 no-

25 582 111 614 mine
131 581 247 611 teneri:
270 579 367 610 modo
384 577 403 608 si
422 585 567 616 emptor,
592 584 625 607 ut
644 577 730 617 supra
747 576 893 620 dixi-,au-

27 623 147 654 ctorem
174 621 258 652 illum
291 619 376 650 suum
409 619 556 649 laudavit.
597 626 662 648 turn
695 625 777 647 enim
810 615 894 647 istius

24 664 107 701 fuit,
129 671 189 694 non
209 660 362 701 defugere
378 660 618 691 austoritatem:
641 658 750 696 idest,
764 666 826 689 non
846 666 892 687 re-

26 704 130 736 cusare
159 701 376 733 defensionem
413 701 490 742 juris
519 701 706 731 venditione
745 699 892 738 promiffi.

26 754 137 777 contra
160 743 271 774 debuit
292 744 429 783 emptori
451 742 669 773 auctoritatem
693 741 757 781 ejus
785 740 894 771 desen-

22 786 107 819 fione
124 785 267 825 praestare
282 784 407 815 aftione
427 784 465 815 de
488 783 663 828 evictione:
687 791 779 821 quam
797 780 893 820 ipsam

24 827 195 866 Venulejus
210 826 228 856 l.
246 826 300 856 ult.
319 825 360 856 D.
381 825 408 856 Ι).
427 831 448 855 t.
472 825 591 856 idcirco
607 826 739 866 figurate
754 823 893 862 appellat

26 869 264 900 austoritatem:
287 868 420 905 opinor,
445 866 533 898 causa
559 875 617 905 pro
640 864 756 896 effectu
780 863 890 903 posita.

24 910 81 942 Est
97 918 174 939 vero
192 907 242 939 illa
260 907 341 938 affiiio
360 909 496 946 duplex:
521 917 581 938 una
599 915 638 938 ex
662 913 793 944 empto,
816 905 891 936 alte-

24 961 59 984 ra
77 961 116 982 ex
137 950 297 990 stipulatu:
320 949 348 980 ὅῑ
370 949 438 979 hacc
454 949 554 980 rursus
575 949 624 979 vel
643 947 760 987 fimplae
779 947 892 978 veldu-

24 994 97 1032 plae.
121 991 236 1022 indicat
254 989 447 1029 Pomponius
465 990 483 1021 l.
499 999 547 1029 27.
567 989 606 1020 D.
625 990 652 1020 b.
672 995 692 1019 t.
710 989 891 1027 eodemque

25 1035 51 1065 it
74 1034 136 1063 linc
156 1032 322 1062 Alexandri
339 1031 357 1061 l.
372 1037 399 1065 ὃ.
422 1031 454 1063 C.
472 1032 500 1062 ci.
519 1038 539 1061 t.
565 1030 683 1070 Emptor
700 1030 813 1069 fundi,
836 1027 892 1066 nisi

26 1073 139 1107 austeri
154 1079 205 1104 caut
221 1073 314 1102 heredi
328 1073 389 1114 ejus
404 1072 645 1103 denunciaverit:
667 1071 756 1102 evibio
767 1072 890 1111 praedit),

26 1125 116 1156 neque
131 1124 166 1145 ex
176 1112 337 1154 stipulatu,
361 1123 450 1153 neque
465 1123 500 1144 ex
515 1113 621 1154 dupla,
645 1121 733 1154 neque
749 1121 785 1143 ex
800 1117 891 1152 empto

28 1157 165 1188 astionem
188 1161 285 1185 contra
302 1156 475 1185 venditorem
490 1155 536 1185 vel
553 1153 741 1195 fidejufforem
757 1154 818 1194 ejus
844 1153 893 1184 ha-

32 1200 85 1230 bet.
137 1197 316 1227 Alex-andei·
338 1196 496 1227 actionem
529 1206 569 1227 ex
596 1196 689 1236 dupla
713 1194 832 1235 separat
856 1195 894 1225 ab

31 1239 156 1271 actione
173 1248 212 1268 ex
236 1238 399 1275 stipulatu,
424 1246 613 1278 quamquam
629 1237 713 1267 attio
738 1245 777 1266 ex
800 1236 895 1276 dupla

33 1281 77 1311 est
92 1289 131 1310 ex
158 1278 319 1317 stipulatu:
343 1279 435 1317 dupla
459 1288 522 1310 non
553 1286 695 1309 mutante
717 1277 892 1314 actionem,

32 1321 86 1353 sed
101 1321 231 1351 actionis
249 1318 467 1358 quantitatem.
513 1319 633 1351 Adhaec
650 1319 751 1359 agitur
773 1318 898 1349 actione

33 1372 74 1394 ex
92 1360 201 1400 dupla,
226 1359 247 1390 fi
273 1359 454 1399 intel-polita
478 1360 515 1391 fit
537 1361 577 1391 de
602 1361 695 1400 dupla
719 1358 897 1399 stipulatio:

33 1402 172 1441 alioquin
189 1410 225 1431 ea
247 1410 307 1431 non
326 1402 437 1440 agitur.
481 1401 641 1433 Ceterum
665 1399 771 1432 omissa
795 1401 898 1441 duplae

32 1442 251 1483 stipulatione,
276 1443 418 1481 quamvis
442 1442 538 1473 ceffet
561 1443 642 1474 actio
659 1451 699 1473 ex
721 1442 833 1482 dupla:
856 1443 899 1473 ait

32 1485 164 1522 Paulus,
194 1483 215 1514 fi
237 1493 277 1513 eo
305 1483 451 1521 nomine,
482 1484 512 1515 id
530 1483 592 1522 est,
622 1483 643 1514 si
670 1483 709 1514 de
732 1484 902 1523 praellanda

33 1526 138 1564 duplae
157 1523 360 1565 promissione
384 1532 507 1564 agatur,
529 1525 664 1564 (opinor
678 1542 688 1562 ,
712 1524 837 1555 afflone
861 1534 901 1556 ex

34 1575 166 1606 empto,
188 1573 260 1595 cum
279 1573 343 1595 non
363 1563 489 1604 superfit
507 1565 566 1596 alia
581 1565 684 1605 attio)
707 1565 810 1596 adhuc
829 1575 901 1597 eum

36 1607 110 1639 fore
133 1605 274 1643 exitum,
298 1612 333 1636 ut
348 1604 379 1636 in
403 1606 532 1646 duplum
556 1607 788 1638 condemnetur
811 1617 902 1646 reus,

36 1649 69 1680 id
86 1647 149 1685 est,
172 1647 323 1677 venditor
339 1647 356 1677 l.
374 1656 402 1678 2.
422 1648 468 1678 D.
486 1648 514 1679 h.
532 1654 553 1678 t.
577 1648 744 1686 videlicet,
767 1650 839 1689 quia
857 1649 902 1680 ul-

38 1698 86 1721 tra
106 1697 167 1720 non
190 1687 317 1719 interest
336 1689 501 1727 emptoris.
544 1689 606 1720 Sed
628 1689 782 1721 veriffime
796 1690 903 1730 Ulpia-

38 1740 97 1762 nus
124 1731 144 1761 l.
173 1738 222 1770 37.
246 1728 288 1760 D.
310 1730 338 1759 d.
362 1735 384 1760 t.
426 1729 592 1770 Emptori,
624 1730 746 1772 inquit,
776 1731 903 1771 duplam

37 1770 179 1813 promitti
201 1780 217 1801 a
235 1770 404 1801 venditore
429 1779 578 1812 oportet,
602 1771 658 1803 nisi
682 1772 765 1804 aliud
787 1781 903 1804 conve-

37 1813 94 1845 nit.
120 1811 259 1852 idquein
279 1819 397 1843 tantum
415 1812 442 1843 ei
455 1813 621 1852 placet,ut
636 1814 666 1844 in
678 1812 706 1855 §.
717 1823 744 1845 2.
759 1814 786 1845 d.
798 1814 905 1845 tcon-

35 1853 141 1885 firmet
164 1862 204 1884 ex
229 1854 382 1883 sententia
405 1852 548 1893 Neratii,
571 1863 770 1894 emptorem,
792 1854 814 1887 si
840 1855 907 1887 fim-

38 1896 123 1935 plam
142 1903 199 1934 pro
219 1894 313 1932 dupla
330 1903 387 1933 per
404 1904 544 1927 errorem
568 1893 603 1927 fit
619 1895 801 1936 stipulatus,
825 1906 858 1928 re
876 1906 905 1929 e·

34 1937 135 1973 victa,
168 1935 409 1966 consecuturum
434 1946 474 1968 et<
499 1945 628 1977 emptO,
659 1945 779 1978 quanto
803 1939 905 1969 minus

35 1976 198 2017 stipulatus
215 1975 260 2006 sit.
307 1975 367 2020 Per
384 1986 523 2009 errorem
540 2001 549 2016 ,
573 1981 720 2019 inquam3
744 1988 815 2011 nam
832 1980 905 2011 alio-

35 2020 110 2058 quin
134 2017 153 2048 fi
171 2018 239 2056 plus
258 2016 308 2048 vel
325 2026 445 2056 minus,
469 2028 561 2058 quam
589 2019 681 2060 pretii
704 2021 831 2052 nomine
855 2022 906 2052 da-

36 2066 103 2090 tum
121 2057 183 2094 est,
206 2058 369 2089 eviffione
393 2059 497 2090 secuta
521 2061 586 2091 dari
611 2063 819 2101 convenerit,
843 2062 905 2099 pla-

37 2102 135 2130 citum
151 2098 391 2131 custodiendum
409 2100 452 2131 est
467 2101 485 2131 l.
528 2111 557 2139 4.
572 2101 611 2133 D.
628 2103 655 2133 h.
674 2108 695 2134 t.
720 2103 819 2134 modo
836 2104 903 2134 sub-

35 2141 117 2172 iiitat
135 2142 214 2170 intra
234 2141 370 2180 duplam.
397 2141 492 2173 Plane
508 2111 663 2183 {lipianus
683 2145 711 2175 tt.
726 2144 745 2175 l.
765 2154 815 2186 37.
832 2144 859 2185 §.
874 2153 900 2176 1.

35 2190 165 2214 monet:
190 2190 229 2211 ne
248 2183 335 2221 quod
354 2183 394 2213 de
417 2184 511 2221 dupla
526 2184 642 2216 dictum
665 2185 726 2223 est,
751 2195 792 2217 ex
815 2186 900 2217 omni

33 2231 67 2254 re
86 2222 293 2258 accipiamus:
318 2222 369 2253 sed
388 2223 485 2254 dehis
506 2225 598 2256 rebus
615 2234 684 2265 quae
700 2226 902 2266 pretiosiores

35 2264 144 2295 essent.
169 2264 198 2294 ἀ
215 2262 284 2294 sunt
301 2265 464 2304 exempla,
487 2265 508 2296 fi
533 2268 698 2306 marganta
720 2266 824 2305 forte,
850 2276 904 2298 aut

35 2313 220 2337 ornamenta
237 2304 394 2344 pretiosa,
419 2307 470 2337 vel
487 2306 580 2338 vestis
606 2307 721 2346 serica,
744 2309 795 2340 vel
819 2309 902 2340 aliud

36 2356 102 2377 non
118 2345 381 2385 contemptibile,
404 2348 520 2379 veniat.
546 2350 633 2388 quod
651 2349 690 2380 de
708 2348 845 2381 vestibus
862 2350 902 2381 se-

37 2386 108 2418 ricis
134 2388 212 2417 dicit
235 2387 387 2427 Ulpianus
403 2411 412 2426 ,
444 2387 649 2421 confirmatur
670 2390 735 2422 hoc
757 2391 905 2431 Vopisci,

38 2428 197 2459 Aureliano
214 2438 239 2458 c.
259 2438 309 2468 45.
326 2435 356 2468 p.
369 2439 439 2469 540.
464 2430 536 2461 Cum
563 2433 598 2462 ab
613 2440 641 2461 eo
663 2432 807 2469 uxor-,lica
828 2438 902 2472 pete-

36 2475 96 2506 ret,
117 2475 151 2499 ut
165 2471 246 2500 unico
258 2469 344 2509 pallio
360 2471 462 2501 blatteo
477 2472 563 2505 serico
579 2477 724 2511 uteretur,
734 2473 781 2503 ille
794 2478 901 2514 respon·

37 2511 96 2546 dit,
118 2508 218 2547 aista,
240 2515 271 2540 ut
294 2521 362 2542 auro
381 2512 437 2551 fila
456 2515 620 2552 penlentur.
643 2514 717 2545 libra
740 2516 814 2545 enim
837 2516 904 2546 auri

39 2555 110 2580 tunc
127 2549 199 2594 litim
215 2550 379 2591 stricifuit.
404 2553 502 2585 Porro
517 2555 605 2585 addit
622 2554 794 2595 Ulpianus:
815 2556 902 2596 quod

39 2600 96 2629 per
112 2588 257 2634 EdiQum
276 2593 423 2626 AEdilium
448 2594 542 2626 etiam
561 2597 600 2627 de
619 2595 710 2628 servo
727 2606 840 2628 cavere
855 2597 902 2637 ju-

39 2633 131 2661 betur
157 2631 314 2675 venditor.
339 2633 390 2665 De
417 2635 493 2666 fisco
516 2636 557 2667 sic
583 2636 689 2668 scribit
713 2638 733 2668 l.
750 2649 780 2678 5.
803 2639 849 2669 D.
869 2640 902 2668 de

39 2673 99 2713 jur.
111 2671 175 2711 fise.
199 2671 231 2701 Si
244 2678 411 2711 procurator
432 2677 551 2713 Ca‘saris
573 2688 631 2709 rem
653 2679 781 2720 aliquam
802 2680 904 2710 vendi-

39 2715 128 2750 derit,
152 2714 286 2753 quamvis
303 2715 419 2754 duplum
433 2718 479 2746 vet
492 2719 607 2759 triplum
620 2726 671 2760 pro
686 2720 824 2751 evitzione
838 2727 904 2760 pro·

38 2754 162 2794 irriserit:
185 2761 279 2784 lumen
292 2753 381 2793 fiscus
393 2755 525 2797 fimplum
538 2759 690 2800 proefhihit.
723 2761 758 2792 In
776 2761 839 2792 hoc
856 2763 902 2793 lo-

39 2805 81 2826 co
100 2796 237 2825 notanda
252 2795 319 2826 sunt
337 2796 415 2828 duo:
438 2807 533 2831 unum
558 2801 620 2841 est,
645 2802 754 2834 fiscum
779 2804 819 2834 de
837 2803 888 2833 evi

38 2836 147 2867 <stione
177 2843 298 2868 tantum
323 2836 354 2868 in
375 2837 516 2884 simplum
541 2844 658 2882 teneri3
690 2843 812 2875 tametsi
840 2844 904 2875 fisci

38 2883 228 2923 procurator
245 2886 284 2907 eo
302 2886 434 2910 nomine
457 2881 525 2919 plus
551 2884 748 2924 promiserit,
773 2886 905 2925 duplum

38 2919 89 2950 vel
108 2918 257 2957 triplum,
280 2919 369 2950 verbi
384 2921 491 2960 gratia.
515 2923 645 2957 alterurn
663 2926 726 2964 est,
750 2927 836 2966 quod
847 2936 905 2956 cae·

38 2960 98 2991 teri
116 2969 245 3005 ornnes,
268 2968 384 3006 praet‘er
401 2960 504 2994 fiscum
517 2987 525 3002 ,
537 2967 755 3004 promittendo
773 2968 905 3008 duplum

36 3001 88 3032 vel
113 3000 241 3039 triplum
258 3010 297 3031 ex
318 3000 463 3042 stipulatu
480 3005 671 3047 obligantur.

78 3041 123 3087 §it
146 3041 243 3087 Paul-0
268 3040 347 3074 fides
364 3067 374 3082 ,
406 3052 556 3083 quantum
576 3049 613 3080 ad
636 3048 744 3081 fiscum
771 3051 904 3088 attinet3

36 3091 108 3123 quia
125 3092 190 3114 non
207 3083 306 3122 llquet
323 3086 526 3117 contrarium.
551 3087 602 3120 sed
621 3091 706 3126 quod
724 3090 785 3129 ait,
809 3099 904 3122 caete·

35 3133 88 3155 ros
105 3125 325 3170 promittendo
345 3126 490 3165 triplum,
513 3128 556 3159 ob
574 3131 764 3163 evistionein
787 3132 906 3172 obliga-

33 3166 79 3206 ri,
102 3164 177 3201 mihi
198 3175 265 3200 non
281 3166 455 3208 persuadet.
481 3169 616 3210 primurn
640 3172 785 3213 constat,
808 3173 903 3214 stipu-

1745 77 1814 119 367

939 165 1075 195 lationes
1091 162 1229 194 infinitas
1248 170 1344 204 atque
1361 163 1586 195 immoderatas
1609 173 1626 194 a
1643 162 1814 196 Veteribus

939 205 1111 245 improbari
1131 204 1150 233 l.
1169 214 1218 240 4ο.
1241 206 1286 235 l).
1302 207 1336 235 cle
1357 204 1576 244 damnsinsebi.
1600 206 1742 243 talesque
1767 204 1814 235 vi-

941 246 982 277 sas
1002 247 1031 277 in
1058 245 1221 285 proposito
1245 245 1306 276 css'e
1332 246 1411 277 ultra
1435 247 1566 286 duplum
1589 244 1812 287 egredientes,

941 287 1017 318 mihi
1034 288 1205 318 admodum
1228 286 1395 326 probabile
1411 287 1465 319 est.
1511 287 1608 328 Atqui
1626 287 1700 318 nuic
1716 285 1814 326 stipu-

942 328 1051 360 lationi
1069 327 1164 358 finem
1181 335 1233 358 aut
1253 328 1382 358 modum
1401 329 1484 360 nulla
1502 329 1555 361 lex
1576 328 1704 370 scripsit.
1742 326 1815 359 No·

941 368 990 406 vi,
1014 370 1042 400 δι
1066 370 1130 399 hoc
1150 367 1262 398 adferri
1288 377 1305 398 a
1329 368 1523 402 Doctiffimis
1548 370 1633 403 Viris
1650 394 1660 409 ‚
1688 370 1814 410 jacobo

940 410 1072 450 Cujacio
1090 408 1229 440 Paratitl.
1249 409 1281 439 C.
1297 409 1324 439 h.
1344 415 1366 440 t.
1390 410 1419 440 ἃ
1436 409 1579 444 Antonio
1597 411 1700 444 Fabro
1717 411 1765 442 lib.
1779 420 1812 444 2.

939 451 1066 492 Conjett.
1088 460 1112 481 c.
1131 459 1160 491 3.
1202 449 1264 480 Sed
1280 451 1356 489 quid
1374 449 1522 490 interest,
1548 460 1650 485 utrum
1668 455 1698 484 ei
1721 453 1816 493 lege,

938 502 975 524 an
1001 492 1169 536 moribus,
1188 490 1308 535 positus
1337 491 1373 523 sit
1390 491 1487 524 finis?
1509 503 1547 524 an
1571 495 1641 534 quis
1667 493 1814 536 ignorat,

939 535 1090 573 pleraque
1114 534 1186 572 juris
1207 532 1310 564 civilis
1328 542 1343 563 a
1371 533 1585 565 Prudentibus
1609 536 1809 576 composita,

938 575 1011 606 Fori
1031 574 1256 614 Disputatione
1280 574 1420 606 moribus
1437 574 1499 605 sine
1524 575 1641 615 scripto
1665 576 1812 608 venisse?

939 616 1003 647 hoc
1027 615 1107 647 dixit
1138 614 1331 655 Pomponius
1353 617 1373 647 l.
1397 626 1424 647 2.
1449 615 1478 657 §.
1495 627 1523 657 5.
1552 616 1593 649 D.
1612 619 1645 648 (Ie
1662 619 1734 658 orig.
1746 618 1813 659 jura

938 658 972 689 In
990 656 1133 697 praesenti
1152 666 1231 687 vero
1248 665 1353 687 mores
1371 657 1463 688 nimis
1487 659 1584 689 certi:
1605 659 1814 698 Jurisconsul-

938 698 976 730 tis
995 698 1166 730 foi-mulam
1184 697 1274 737 hujus
1291 697 1499 738 stipulationis
1522 699 1629 739 paffim
1647 701 1727 730 intra
1742 700 1810 731 ‘du-

936 740 1020 781 plam
1043 739 1264 771 retinentibus.
1289 740 1363 779 quid
1382 740 1399 771 fi
1416 749 1485 771 eam
1509 742 1613 781 duplae
1636 740 1813 781 stipulatio-

936 791 1010 813 nem
1038 782 1160 813 idcirco
1187 788 1361 812 vocarunt:
1393 782 1484 821 quod
1510 783 1703 819 noluerunt,
1728 783 1812 813 ultra.

935 822 1062 860 duplam
1079 822 1249 853 excedere.
1275 821 1349 862 passi
1367 822 1444 862 sint,
1468 821 1552 855 illam
1572 824 1812 864 stipulationem

934 863 1016 895 infra
1034 863 1116 894 hanc
1132 862 1231 900 stare,
1253 861 1274 894 fi
1292 863 1360 903 quis
1379 873 1435 902 pro
1452 863 1503 896 sua
1520 864 1715 897 humanitate
1732 874 1828 897 conr

935 912 1042 936 tentus
1067 903 1144 935 ess‘et
1167 903 1285 943 fimpla.
1309 911 1341 935 at
1366 905 1447 936 ultra
1472 906 1591 948 porrigi
1616 908 1821 945 noluerunt,-

935 945 1090 978 modestia
1107 945 1245 976 avaritiae
1268 945 1500 978 intercedente.
1543 948 1597 980 Sic
1612 947 1749 985 sacrum,
1773 955 1811 979 ut:

934 988 1017 1019 actio
1036 997 1076 1025 ex
1093 986 1241 1027 stipulatu
1263 993 1384 1018 tanturn
1402 988 1437 1019 sit
1452 988 1568 1030 limplae
1583 998 1637 1021 aut
1660 990 1764 1029 duplae
1787 990 1811 1021 l.

936 1038 984 1063 27-
1008 1028 1051 1060 D.
1065 1029 1084 1059 l.
1104 1033 1131 1062 8.
1152 1027 1185 1059 C.
1202 1029 1231 1060 h.
1247 1033 1269 1058 t.
1291 1029 1387 1068 dupla
1402 1028 1439 1061 fit
1456 1031 1704 1069 extremum,ad
1720 1030 1815 1070 quod-

935 1070 1127 1101 adscendere
1149 1069 1179 1100 in
1207 1069 1369 1111 proposito
1394 1071 1493 1102 debet
1516 1071 1701 1113 stipulatio:
1732 1071 1814 1103 ficui:

936 1110 1023 1143 usura
1039 1110 1209 1143 centesima
1225 1119 1358 1143 vocatur
1372 1111 1616 1154 legitima3quia
1632 1113 1697 1146 huc
1712 1112 1814 1154 usque

937 1155 1046 1184 venire
1062 1151 1186 1193 potest,
1210 1153 1291 1184 ultra
1307 1162 1372 1184 non
1395 1154 1501 1194 potest
1514 1163 1569 1186 aut
1585 1155 1745 1196 stipulatio
1756 1161 1814 1187 aut:

937 1193 1076 1225 officium
1093 1193 1222 1233 Judicis.
1268 1193 1393 1226 Eodem
1411 1196 1509 1227 modo
1528 1195 1630 1237 Judex
1646 1206 1680 1229 re
1705 1194 1812 1228 evicta.

936 1236 1141 1267 aestimaturus
1166 1235 1198 1266 id
1214 1235 1302 1275 quod
1319 1236 1450 1267 interest
1475 1237 1507 1268 in
1527 1238 1652 1269 actione
1676 1247 1717 1269 ex
1745 1247 1814 1270 em-

940 1286 999 1318 pto
1012 1300 1021 1316 ,
1038 1276 1162 1317 potest,
1185 1285 1221 1307 ut
1248 1286 1288 1307 ex
1306 1276 1458 1309 Africano
1478 1278 1508 1310 &
1525 1278 1623 1310 Paulo
1645 1278 1764 1310 dictum
1787 1278 1811 1310 l.

940 1329 990 1359 43.
1016 1319 1041 1359 §.
1059 1318 1114 1349 ult.
1140 1316 1177 1352 ὅ)
1194 1318 1213 1350 l.
1231 1328 1280 1357 44.
1307 1317 1348 1348 1).
1371 1320 1404 1349 de
1426 1318 1481 1350 aa.
1503 1321 1611 1360 empti,
1634 1321 1746 1352 venire
1769 1319 1813 1352 ad

941 1361 1070 1400 duplum
1096 1358 1218 1400 pretii,
1244 1359 1339 1403 *ultra
1374 1359 1567 1393 adscendere
1596 1370 1662 1393 non
1693 1360 1818 1402 potest&

942 1401 1092 1441 exemplo
1118 1399 1322 1439 stipulationis
1344 1401 1426 1433 intra
1450 1402 1536 1433 hunc
1567 1404 1696 1434 modum
1720 1402 1818 1434 subfi-

941 1442 1062 1473 stentis.
1114 1441 1217 1473 Mitto
1241 1442 1401 1473 actionem
1423 1451 1463 1474 ex
1486 1451 1599 1484 empto
1616 1467 1626 1483 ,
1656 1444 1688 1476 in
1709 1452 1819 1484 eaque

943 1483 1062 1523 judicis
1079 1483 1232 1514 officium.
1254 1483 1349 1521 ipsam
1371 1483 1535 1516 videamus
1556 1484 1818 1525 stipulationem:

945 1525 985 1556 de
1001 1525 1059 1555 hac
1079 1524 1119 1555 sic
1136 1523 1302 1556 manifeste
1318 1523 1433 1555 Paulus
1450 1525 1497 1555 lib.
1515 1535 1543 1556 2.
1561 1525 1690 1558 Seniani.
1707 1528 1753 1558 tit.
1765 1534 1817 1566 17.

944 1565 972 1607 §.
989 1576 1018 1606 3.
1038 1565 1095 1596 Res
1113 1571 1206 1606 empta
1222 1565 1432 1605 mancipatione
1448 1565 1485 1600 ὅ)
1501 1567 1657 1598 traditione
1666 1566 1820 1608 perfhci‘a,

938 1608 966 1646 sz
987 1609 1159 1645 evincatur,
1188 1606 1370 1638 auctoritatis
1386 1608 1520 1638 venditor
1535 1607 1620 1648 duplo
1643 1614 1728 1640 tenus
1748 1609 1818 1640 ohli-

941 1654 1042 1690 gatur.
1090 1647 1169 1680 Non
1187 1657 1238 1680 me
1264 1646 1349 1688 fugit
1365 1671 1375 1687 ,
1398 1647 1553 1687 Jacobum
1577 1648 1743 1691 Cujacium
1765 1650 1817 1684 lib.

945 1699 995 1723 21.
1021 1690 1141 1731 Observ.
1162 1699 1188 1720 c.
1219 1699 1265 1730 15.
1290 1698 1350 1730 pro
1368 1689 1453 1729 duplo
1476 1695 1579 1729 tenus,
1601 1690 1665 1723 fide
1689 1690 1820 1724 Codicis

946 1741 1040 1772 quem
1071 1739 1169 1762 vocat
1197 1731 1355 1772 optimum
1378 1730 1544 1763 restituere
1567 1732 1759 1765 nullatenus.-
1788 1732 1821 1766 ᾶι

948 1773 1030 1804 hanc
1048 1773 1218 1805 lectionem
1234 1772 1361 1813 probari
1377 1771 1546 1812 Salmafio,
1568 1772 1617 1805 De
1634 1774 1732 1815 usuris
1747 1784 1771 1805 c.
1787 1778 1822 1809 8⁴

947 1814 1001 1845 sed
1018 1814 1086 1854 quis
1105 1812 1222 1852 nescit,
1236 1813 1377 1858 Codices
1388 1815 1489 1846 etiam
1505 1815 1647 1855 optimos
1663 1815 1738 1847 alibi
1755 1814 1822 1848 ess'e

947 1855 1090 1887 vitiosos.
1112 1854 1260 1887 adversus
1276 1863 1444 1887 veritatem
1461 1863 1549 1889 certe
1571 1856 1770 1889 manifestam
1787 1866 1823 1889 e·

948 1898 1023 1929 tiam
1039 1896 1179 1938 optimus
1194 1895 1363 1929 falsitatem
1386 1897 1558 1937 inducens,-
1581 1900 1617 1931 ut
1637 1898 1668 1931 in
1690 1898 1824 1939 praesem·

949 1938 1007 1976 tia,
1038 1939 1144 1970 valere
1175 1947 1241 1970 non
1274 1938 1380 1970 debet.-
1409 1940 1578 1972 retinenda
1605 1940 1701 1982 igitur
1727 1947 1822 1973 vetus

948 1979 1096 2020 scriptura
1110 1980 1211 2020 proba
1227 1980 1257 2011 ἀ
1276 1989 1369 2019 vera,
1386 1981 1471 2022 duplo
1486 1987 1578 2013 tenus.
1599 1980 1720 2014 sensus:
1731 1983 1822 2023 quod

946 2031 995 2052 res
1014 2030 1122 2061 empta
1136 2021 1199 2053 five
1217 2022 1471 2062 mancipatione,
1494 2022 1559 2054 five
1581 2023 1754 2055 traditione
1770 2021 1820 2056 est

946 2061 1105 2102 perfetta,
1127 2062 1149 2094 fi
1167 2063 1333 2094 evincatur
1345 2086 1355 2100 ‚
1378 2063 1574 2097 auetoritatis
1592 2065 1723 2096 nomine
1740 2073 1819 2097 ven·

946 2104 1032 2134 ditor
1056 2104 1234 2144 obligatur,
1257 2104 1290 2135 id
1311 2103 1380 2145 est,
1405 2106 1538 2146 obligari
1567 2105 1691 2144 potest,
1721 2105 1760 2137 ad
1783 2105 1819 2138 fi-

945 2154 1018 2175 nem
1036 2145 1143 2185 dupli3
1167 2155 1232 2176 non
1255 2145 1346 2177 ultra.
1389 2145 1417 2178 Is
1440 2146 1486 2178 est
1512 2146 1633 2186 sensus;
1657 2146 1679 2178 fi
1703 2156 1819 2187 verus,

945 2194 979 2216 ut
995 2194 1091 2225 puto:
1115 2185 1363 2218 demonstratum
1380 2186 1445 2226 est,
1470 2186 1641 2228 Ulpianum
1658 2188 1689 2219 in
1705 2189 1735 2220 d-
1749 2188 1769 2219 l.
1783 2198 1818 2229 5.

946 2226 987 2257 D.
1003 2229 1035 2257 cle
1047 2227 1184 2268 junfisb.
1207 2227 1269 2259 esse
1282 2228 1492 2260 adulteratum
1508 2229 1688 2269 adjectione
1704 2229 1819 2261 verbo·

945 2277 1033 2306 rum,
1052 2269 1099 2299 vel
1115 2269 1251 2308 triplum:
1273 2270 1375 2310 iisque
1390 2269 1503 2301 deletis
1515 2293 1524 2308 ,
1547 2269 1609 2301 esse
1625 2270 1817 2311 legendum,-

944 2308 1078 2349 quamvis
1094 2311 1214 2349 duplum
1224 2317 1278 2350 pro
1298 2310 1437 2342 evittione
1458 2309 1626 2351 promiserit.
1669 2311 1817 2345 Succurri

946 2350 1092 2389 Ulpiano.
1117 2350 1331 2382 succurramus
1348 2352 1444 2382 etiam
1463 2351 1562 2383 Paulo
1578 2353 1598 2383 l.
1615 2352 1664 2393 56.
1688 2352 1728 2384 D.
1745 2353 1774 2385 h.
1790 2359 1816 2387 t.

946 2390 1033 2422 simili
1051 2392 1131 2423 vitio
1148 2392 1301 2423 laboranti
1317 2391 1348 2423 in
1365 2392 1414 2423 his
1433 2392 1555 2425 verbis:
1576 2393 1611 2425 Si
1623 2393 1730 2426 dietum
1743 2394 1816 2435 fue-

945 2434 984 2462 rit
999 2434 1163 2471 vendendo,
1185 2438 1220 2464 ut
1227 2431 1331 2473 simpla
1343 2434 1547 2473 promittatur,-
1569 2435 1615 2466 vel
1629 2436 1748 2476 triplum
1760 2440 1816 2468 aut

945 2473 1139 2514 quadruplum
1157 2476 1391 2514 promitteretur,
1414 2483 1451 2506 ex
1467 2481 1558 2516 empto
1568 2483 1706 2518 perpetua
1727 2476 1816 2510 aftio·

945 2524 979 2544 ne
995 2516 1044 2554 agi
1056 2515 1168 2554 poterit.
1192 2525 1249 2545 non
1265 2522 1361 2547 tamen
1371 2539 1380 2554 ‚
1392 2523 1425 2547 ut
1441 2516 1550 2557 vulgus
1566 2519 1816 2557 opinatur,etiam

936 2555 1082 2594 satisdare
1093 2556 1188 2592 debet,
1217 2557 1247 2587 ui
1255 2556 1372 2596 duplam
1376 2559 1539 2598 promittit:
1545 2559 1600 2598 sed
1613 2557 1721 2601 sufficit
1734 2562 1814 2592 nuda

945 2595 1112 2637 repromiffio
1124 2620 1133 2636 ,
1151 2566 1214 2635 nistq
1222 2597 1303 2628 aliud
1321 2600 1495 2630 convenerit.
1540 2599 1733 2634 Mendosum
1752 2600 1817 2633 effe

945 2637 1031 2669 hunc
1049 2638 1177 2677 locum,-
1200 2647 1314 2679 praeter
1330 2640 1421 2671 allata
1434 2641 1496 2681 J'am
1517 2649 1575 2681 pro
1593 2640 1710 2681 Paulo,
1735 2642 1815 2673 indi-

945 2679 997 2710 cio
1016 2679 1061 2710 est
1079 2688 1172 2710 tenor
1189 2680 1407 2720 disputationis
1425 2682 1505 2713 male
1520 2682 1721 2715 cohaerentis.
1740 2680 1816 2721 quid

946 2719 1102 2760 respicis?
1131 2729 1194 2752 non
1219 2721 1264 2752 est
1290 2722 1387 2754 Paulo
1403 2722 1532 2763 quaestio
1548 2747 1558 2763 ,
1581 2725 1619 2755 ad
1635 2732 1728 2763 quern
1746 2732 1816 2754 mo-

946 2762 1020 2793 dum
1037 2761 1105 2792 fieri
1123 2762 1239 2793 debeat
1261 2762 1437 2803 stipulatio,
1460 2763 1480 2796 fi
1498 2764 1528 2797 in
1545 2764 1714 2796 vendendo·
1737 2772 1816 2796 con-

947 2803 1093 2841 venerit,
1116 2812 1185 2834 eam
1203 2803 1350 2844 praestari.
1372 2805 1470 2837 solum
1488 2807 1618 2847 quaerit,
1641 2813 1702 2844 qua
1718 2804 1815 2836 aCtio-

947 2852 987 2874 ne
1006 2852 1096 2880 eam,
1119 2842 1140 2875 fi
1156 2854 1220 2876 non
1238 2845 1419 2886 praestetur,
1443 2851 1509 2888 peti
1535 2853 1702 2886 oporteat:
1727 2844 1815 2877 AEdi-

947 2884 1012 2915 litia
1030 2887 1216 2924 temporali,
1235 2897 1272 2918 an
1289 2896 1328 2919 ex
1343 2896 1454 2929 empto
1473 2895 1634 2927 perpetua.
1675 2883 1753 2917 Hoc
1770 2887 1816 2918 vi-

947 2926 1024 2956 dere
1054 2924 1121 2957 Viri
1144 2925 1340 2967 Doctiffimi,
1373 2928 1507 2969 jacobus
1532 2927 1678 2966 Cujacius
1699 2926 1746 2958 lib.
1765 2935 1815 2962 11.

950 2966 1067 3007 Observ.
1092 2977 1117 2999 c.
1131 2977 1161 3007 4.
1186 2970 1216 3000 ὅ(
1234 2969 1391 3001 Antonius
1415 2969 1515 3000 Faber
1535 2967 1580 2998 lib.
1595 2977 1624 2999 2.
1650 2967 1816 3009 Conjet't.‹.·.

948 3018 977 3048 3.
1026 3007 1131 3049 Opem
1151 3017 1255 3042 tamen
1275 3011 1373 3043 Paulo
1391 3008 1590 3041 neceffariam
1609 3015 1722 3040 neuter
1737 3017 1818 3042 attu-

948 3050 993 3081 lit.
1015 3048 1101 3081 forte
1120 3051 1245 3090 praestet
1262 3052 1371 3084 scribiz
1393 3051 1425 3080 Si
1447 3048 1555 3080 aicium
1578 3048 1670 3087 fuerit
1691 3052 1817 3083 venden-

950 3092 1004 3129 do,
1026 3098 1058 3122 ut
1067 3090 1171 3133 simpla
1185 3094 1231 3124 vel
1247 3094 1334 3133 dupla
1343 3091 1535 3132 proniittatur
1553 3098 1589 3121 ex
1610 3096 1701 3131 empto
1717 3099 1818 3135 perp&

950 3138 1005 3163 tua
1025 3132 1135 3165 afflone
1151 3136 1201 3175 agi
1213 3134 1328 3174 poterit.
1351 3140 1409 3161 non
1427 3136 1539 3170 tamen,
1569 3137 1603 3162 ut
1623 3132 1733 3174 vulgus
1755 3136 1816 3175 opi.

949 3178 1058 3214 natur,
1091 3176 1178 3208 etiam
1191 3175 1334 3216 satisdare
1357 3172 1435 3205 debet
1457 3173 1509 3214 qui
1529 3172 1646 3214 duplam
1661 3177 1819 3215 promittit

1760 3217 1818 3259 fia
