2052 3487
358 88 438 125 De
486 86 797 123 FonNoRE
845 94 915 121 ET
964 85 1230 123 Usunis.

1287 87 1396 125 Lii3.
1429 85 1479 125 ΙΙ,

737 244 954 282 CAPuT
1012 245 1101 283 VI.

39 348 100 385 Cur
124 349 228 384 modus
245 342 406 394 ufitr'arum
428 355 493 391 qnae
508 344 539 378 in
555 343 640 377 bonoe
650 341 729 387 fidei
738 344 869 388 judiciis
885 341 927 382 &²
944 344 1124 390 quibusdam
1146 346 1217 381 aliis
1232 343 1333 392 ffcio
1348 346 1474 392 Judicis
1495 346 1659 392 debentur,
1693 346 1808 394 nonsit

113 397 270 446 infinita53
296 406 363 431 cum
381 395 423 430 ad
438 394 471 428 id
483 393 559 438 quod
574 391 700 444 interest
723 390 923 437 referantum
951 391 994 431 &²
1016 395 1049 427 in
1072 404 1230 440 corporum
1253 396 1455 440 aestimatione
1472 425 1482 441 ,
1517 398 1612 434 etiam
1629 400 1661 435 in
1674 399 1806 445 pecunia

104 456 186 484 certo
202 447 262 482 Ioco
273 442 437 492 promiffiz,
465 442 558 477 aliter
576 441 761 487 observetur.
790 442 883 476 nodas
908 444 940 477 in
959 443 1079 478 ratione
1090 444 1266 491 jurissatis
1283 443 1558 492 difficilissolntzis.

117 546 246 580 aetenus
268 545 346 577 intra
361 540 563 575 centesimam
580 538 811 571 coarctavimus
828 538 896 569 usu-

36 549 113 624 H
136 596 228 627 ram3
257 585 321 619 five
340 583 578 620 conventione,
602 580 666 613 five
683 579 793 612 officio
809 579 896 620 Judi-

37 631 83 663 cis
98 654 109 670 ,
138 630 302 662 debeatur.
342 625 481 667 sequitur
496 647 506 663 ,
542 631 637 665 quam
659 622 692 654 id
715 621 802 668 reete
825 620 892 653 fiat.

35 680 102 704 non
126 678 231 702 tamen
246 692 257 708 ,
288 677 361 700 cum
380 667 420 699 ad
442 664 603 710 quaestum⁴
617 673 667 696 res
690 662 893 709 respicit,·&

33 713 66 745 in
95 711 200 753 specie
222 709 309 742 usura
331 716 385 741 aut
406 707 513 741 foenus
543 707 684 739 dicitur:
710 713 783 752 turn
806 713 892 750 enim

36 754 130 786 clarae
151 752 250 785 fuerit
271 750 415 784 utilitatis
431 773 442 789 ‚
465 748 611 781 coerceri
634 753 814 784 avaritiam,
837 745 892 778 nili

35 795 238 833 inhibeatur,
257 793 383 834 lougius
400 798 612 833 evagaturam.
644 789 795 828 idemque
809 788 890 826 erit,

36 836 59 870 fi
89 836 176 869 usura
199 834 269 876 post
291 843 412 866 moram
435 833 564 874 quidem
578 854 589 865 ..
610 830 664 862 sed
689 839 729 861 ex
752 838 891 860 conven-

36 880 143 918 tione,
167 878 337 910 debeatur:
361 874 418 907 etfi
440 882 506 906 tuin
524 872 623 914 magis
640 880 758 914 poena,
781 878 835 901 aut
859 870 892 902 id

36 920 122 960 quod
145 918 294 958 interest,
318 917 479 950 videatur:
504 914 624 946 scilicet
639 937 648 951 ‚
672 922 713 945 ne
736 912 812 958 quid
834 910 891 943 sub

36 971 78 994 eo
100 968 287 993 commento
314 958 370 991 fiat
391 960 423 990 in
446 957 591 989 fraudem
615 954 891 987 Constitutionum

34 1003 147 1044 quibus
166 1001 286 1043 politus
308 1000 354 1032 est
372 999 468 1032 usuris
484 999 616 1030 modus:
641 1003 675 1028 ut
690 1006 730 1027 ex
749 995 891 1036 Papinia-

9 1074 14 1078 ,
37 1054 82 1076 no
107 1043 261 1085 Ulpianus
284 1042 433 1074 observat
456 1041 476 1071 l.
502 1050 548 1081 13.
580 1039 609 1081 §.
627 1041 674 1069 26.
696 1038 737 1069 D.
760 1037 794 1068 de
806 1035 891 1067 attio-

37 1086 122 1117 nibus
136 1086 223 1126 empti
237 1083 274 1119 δέ)
289 1083 411 1115 venditi.
437 1081 489 1113 sed
508 1082 539 1113 id
556 1079 729 1121 periculum
746 1087 811 1109 non
827 1076 890 1116 est,

39 1135 114 1158 curn
137 1127 225 1158 usura
246 1126 364 1166 Judicis
387 1123 495 1156 officio
518 1123 673 1154 debetur:
695 1129 732 1151 ac
754 1128 826 1150 cum
852 1128 889 1149 ea

39 1177 170 1209 quoque
193 1168 224 1199 in
253 1166 358 1208 specie
381 1175 445 1197 non
468 1172 530 1195 tam
554 1163 641 1195 usura
663 1161 835 1207 fit,.quam
856 1160 887 1192 id

38 1211 127 1249 quod
145 1207 290 1247 interest,
313 1207 399 1247 cujus
422 1205 585 1237 :estimatio
607 1213 664 1244 pro
679 1209 804 1234 ratione
821 1211 888 1232 ces-

37 1250 131 1282 santis
152 1251 229 1282 lucri
254 1258 307 1280 aut
330 1246 518 1288 emergentis
540 1246 642 1276 damni
666 1246 727 1284 (ex
748 1251 886 1282 uti-oque

37 1293 122 1324 cuim
144 1290 266 1323 constat
288 1290 319 1321 id
341 1291 428 1328 quod
451 1286 580 1318 interest
602 1285 622 1317 l.
646 1295 691 1326 13-
709 1284 752 1315 D.
776 1284 886 1315 Ratam

34 1342 94 1364 rem
117 1332 216 1364 haberi
230 1353 240 1366 .
275 1330 295 1361 l.
319 1332 398 1361 unic.
424 1329 456 1361 C.
478 1330 512 1359 de
524 1328 679 1367 sententiis
700 1336 764 1367 qnae
779 1334 833 1367 pro
856 1336 885 1356 eo

34 1374 108 1415 quod
129 1369 245 1413 interest
268 1371 486 1413 proferuntur)
510 1370 609 1400 inodo
632 1369 728 1409 pluris
745 1391 755 1407 ,
785 1368 885 1399 modo

32 1415 163 1447 minoris
186 1413 222 1445 fit
238 1436 248 1452 ‚
277 1421 372 1453 atque
387 1435 397 1450 ,
428 1419 463 1443 ut
486 1411 599 1443 Paulus
619 1412 663 1441 ait
679 1410 699 1442 l.
718 1419 766 1448 24.
791 1409 833 1440 D.
854 1410 888 1440 cle

32 1456 138 1497 regulis
154 1455 258 1497 juris,
287 1455 320 1486 in
341 1453 446 1492 Ρειὲὶο,
468 1462 533 1484 non
557 1453 586 1483 in
606 1452 694 1492 J'ure,
717 1450 887 1489 consistat,

32 1500 128 1529 etiarn
156 1499 188 1528 in
217 1504 389 1536 corporum
411 1494 664 1536 praestationibus
688 1493 708 1525 l.
735 1501 762 1524 1.
786 1491 830 1523 D.
854 1493 888 1523 de

31 1537 190 1571 ustionibus
210 1539 298 1578 empti
317 1536 354 1571 δέ)
375 1537 508 1574 venditi,
532 1536 563 1567 in
589 1536 703 1576 quibus
723 1533 795 1565 fere
819 1532 888 1565 iim-

30 1580 108 1621 plex
129 1577 263 1611 nascitur
283 1578 389 1611 damni
411 1587 536 1620 genus:
567 1576 717 1618 profecto
742 1585 808 1607 non
834 1575 888 1607 de-

30 1621 88 1654 bet
108 1620 197 1652 usura
219 1629 362 1661 pecuniae
383 1621 472 1660 qu'us
495 1619 565 1650 usus
584 1627 649 1650 tam
664 1618 785 1656 varius,
809 1625 886 1648 tam-

29 1671 92 1704 que
113 1662 252 1694 incertus
274 1661 320 1693 est
336 1684 346 1698 ,
372 1661 427 1692 ubi
449 1659 701 1700 officioJudicis
724 1659 861 1690 debetur
876 1681 886 1697 ,

29 1703 84 1736 uni
107 1703 256 1744 adstringi
272 1701 432 1734 formulae.
456 1703 574 1743 magu,
597 1710 670 1733 cum
686 1700 770 1732 varie
787 1700 887 1731 homi·

29 1754 107 1779 num
129 1744 269 1780 interfit,
292 1747 377 1775 circa
392 1752 461 1774 earn
483 1753 547 1775 non
566 1743 726 1774 committi
743 1750 864 1773 moram
876 1763 887 1780 ,

31 1786 168 1818 dubitari
193 1785 307 1825 poffit,
329 1794 367 1816 an
385 1785 450 1824 ejus
474 1783 639 1816 aestimatio
662 1783 782 1823 Judicis
806 1783 887 1814 arbi-

31 1828 94 1859 trio
124 1827 262 1866 relinqui
294 1826 401 1866 potius
418 1848 428 1864 ,
452 1834 546 1866 quarn
568 1833 656 1856 certa
677 1825 753 1865 juris
776 1824 885 1864 regula

29 1867 281 1908 comprehendi,
305 1866 431 1898 debeat.
470 1866 546 1906 quid
573 1867 676 1903 enim,
700 1864 722 1896 fi
744 1866 887 1896 creditor

28 1910 187 1950 negotiari
216 1907 353 1947 solitus,
390 1916 523 1948 accepta
552 1907 713 1948 pecunia,
746 1907 888 1947 potuerit

30 1959 155 1983 merces
179 1959 384 1990 comparare,
407 1957 504 1990 atque
523 1958 562 1980 ex
579 1949 627 1979 his
652 1949 749 1988 majus
765 1947 887 1978 lucrum

30 1991 140 2023 facere
156 2015 167 2029 ‚
197 2000 290 2032 quain
307 2000 347 2022 ex
365 1989 461 2022 usuris
476 1990 491 2022 ⁵?
520 1991 615 2030 quid,
638 1989 659 2021 fi
674 1990 724 2022 alii
741 1989 888 2020 debuerit

27 2032 83 2064 sub
100 2042 195 2074 poena
209 2056 219 2070 ‚
249 2041 350 2073 eaque
373 2031 535 2063 commissa
557 2030 593 2063 fit
615 2040 704 2062 mora
725 2037 778 2061 tua
792 2053 802 2068 ,
833 2036 887 2060 aut

28 2074 84 2106 sub
114 2073 299 2115 pignoribus
329 2082 399 2113 quae
428 2073 503 2104 ideo
532 2072 676 2119 distraQa
704 2070 789 2110 fint3
814 2071 888 2111 quia

27 2125 93 2148 non
124 2122 251 2156 poterat
280 2115 449 2155 pecuniam
479 2114 602 2150 solvere
631 2114 675 2145 ob
698 2111 741 2144 sui
764 2121 886 2144 moram

29 2157 217 2189 debitoris?
249 2166 356 2188 nonne
386 2165 511 2197 aequum
542 2155 664 2194 fuerit,
697 2154 726 2186 ei
749 2154 886 2194 reparari

29 2198 152 2231 lucrum
182 2207 248 2238 quo
280 2205 367 2229 caret
384 2220 394 2236 ,
427 2205 480 2229 aut
501 2197 651 2228 damnum
674 2196 762 2237 quod
784 2194 886 2236 pallus

30 2239 101 2271 est?
124 2239 223 2271 videri
242 2239 336 2280 poffit
352 2249 392 2271 ex
414 2238 552 2280 Ulpiano
574 2238 593 2270 l.
612 2248 640 2270 2.
659 2237 688 2280 §.
707 2237 762 2269 ult.
787 2236 829 2268 D.
853 2238 886 2268 de

31 2289 60 2311 eo
75 2282 149 2321 quod
170 2286 241 2312 certo
263 2281 336 2318 loco,
358 2280 560 2320 sequentibus
585 2279 702 2311 verbis.
743 2278 838 2310 Nunc
853 2279 885 2309 de

32 2320 122 2362 officio
134 2322 244 2362 judicis
265 2322 352 2364 hujus
374 2322 494 2353 aetionis
515 2322 687 2363 loquendum
708 2318 756 2361 est.
785 2325 886 2351 utrum

31 2364 190 2405 quantitati
211 2362 374 2394 contrahitis
402 2364 498 2394 debeat
511 2363 623 2403 servire
638 2386 648 2401 ‚
679 2373 717 2394 an
738 2362 785 2392 vel
808 2370 885 2392 exce-

30 2407 119 2441 dere,
142 2404 188 2435 vel
212 2406 339 2436 minuere
361 2405 552 2446 quantitatem
575 2403 716 2445 [debeat]
740 2409 774 2434 ut
789 2402 818 2442 fi
840 2404 885 2434 in-

29 2445 172 2486 terfuzffet
192 2447 234 2476 rei
248 2469 258 2484 ,
289 2445 396 2486 Ephesi
413 2448 511 2486 potius
524 2445 654 2485 solvere,
677 2455 765 2486 qnam
788 2455 816 2476 eo
833 2445 886 2476 loci

29 2496 84 2527 quo
106 2488 351 2526 conveniebatur,
373 2489 446 2518 ratio
469 2488 529 2529 ejus
545 2486 718 2518 haberetur?
739 2486 884 2527 Julianus

30 2528 172 2559 Labeonis
193 2530 349 2569 opinionem
363 2530 524 2570 sequutus,
547 2529 631 2560 etiam
657 2528 760 2559 atteris
784 2529 884 2559 habuit

33 2571 196 2601 rationem.-
222 2571 305 2610 cujus
327 2572 473 2601 interdum
494 2571 586 2608 potnit
609 2569 756 2610 intereffe,
779 2567 885 2610 Ephesi

31 2611 158 2650 recipere.
193 2612 290 2652 itaque
305 2612 418 2642 utilitas
433 2622 543 2653 quoque
558 2610 661 2642 attoris
678 2612 785 2642 veniet.
814 2611 885 2652 quid

33 2652 125 2688 enim,
141 2650 170 2688 fi
186 2652 372 2693 trajectitiam
388 2656 543 2693 pecuniam
564 2654 691 2690 dederit,
715 2651 819 2693 Ephefi
843 2661 886 2683 re·

35 2696 183 2737 erepturus,
206 2695 255 2723 ubi
268 2693 325 2731 sub
341 2700 427 2734 poena
447 2696 561 2725 debebat
578 2696 750 2735 pecuniam,
773 2694 819 2725 vel
827 2694 886 2732 sub

30 2734 216 2779 Ρῐὲηθζὶῦωῑ
239 2733 282 2768 ἃῗ·
306 2734 442 2776 dillrafta
461 2737 584 2777 pignora
597 2736 673 2776 sunt
690 2759 700 2774 ‚
729 2736 776 2766 vel
794 2742 884 2775 poena

35 2773 175 2820 comnnffa
190 2783 266 2806 mora
283 2777 357 2807 tua?
382 2777 428 2807 vei
437 2776 508 2816 fisco
526 2778 637 2818 aliquid
653 2778 822 2815 debebatur,
846 2775 883 2810 &²

33 2822 76 2844 res
85 2810 266 2861 simulatoris
282 2816 411 2857 viliffimo
429 2816 566 2859 difinitio
583 2817 645 2859 est?
666 2821 698 2849 in
715 2818 790 2849 hanc
807 2819 883 2849 arbi-

34 2860 157 2901 trariam
177 2857 252 2896 quod
271 2857 406 2898 interfuit
428 2861 541 2891 veniet.-
564 2860 600 2894 ὅ*
622 2861 736 2901 quidem
754 2860 833 2890 ultra
849 2859 884 2889 le-

29 2897 169 2937 gittmum
193 2897 305 2928 modum
319 2901 484 2938 usurarum.
525 2901 609 2945 Quid
619 2901 648 2939 si
663 2910 766 2932 merces
772 2900 884 2940 solebat

32 2943 196 2985 comparare
209 2937 227 2968 ?
257 2937 293 2972 &³
311 2949 349 2970 an
363 2940 437 2972 lucri
452 2943 524 2973 ratio
549 2945 702 2980 mobeatur,
725 2951 782 2973 non
792 2943 885 2983 solius

32 2979 131 3009 damni
142 2979 159 3009 ?
180 2984 253 3020 puto
268 2979 304 3014 ὅ)
319 2980 392 3012 lucri
406 2983 561 3014 habendam
578 2986 727 3015 rationem.

67 3020 131 3051 Sed
155 3030 221 3052 non
244 3021 342 3053 recte.
375 3031 447 3055 nam
469 3023 491 3055 fi
514 3026 665 3057 creditori
691 3025 745 3056 fiat
760 3025 809 3065 jus
831 3031 884 3055 aut

29 3062 195 3094 neceffitas
218 3064 346 3094 taxandi
372 3064 519 3096 damnum
547 3067 634 3106 quod
649 3067 743 3108 poffit
760 3076 800 3098 ex
817 3075 884 3097 mo-

27 3104 212 3151 radebit?
240 3104 385 3143 pecuniae
413 3107 495 3146 pati3
521 3107 624 3147 quaeso
646 3108 756 3149 ‚2quis
785 3106 884 3139 fueriti

31 3153 136 3176 eXitus
166 3146 267 3177 litium
285 3169 294 3184 ,
326 3147 366 3177 de
397 3156 433 3178 ea
456 3147 677 3182 nascitur-arum
694 3173 703 3188 ,
736 3157 799 3180 tam
821 3148 884 3181 fre-

31 3194 150 3226 quente
168 3188 315 3229 pecuniae
332 3189 475 3229 credito,
500 3190 530 3222 in
549 3198 654 3231 eoque
672 3190 791 3224 difficili
807 3200 881 3232 pro-

945 537 1078 587 batione
1101 539 1165 581 ejus
1189 541 1277 582 quod
1300 541 1430 574 interest
1451 543 1472 575 l.
1495 542 1549 576 ult.
1572 543 1615 576 D.
1635 544 1668 576 de
1681 541 1807 586 stipula·

945 581 1069 626 tionibus
1079 584 1241 628 pretoriis,
1265 583 1309 614 ob
1325 585 1444 616 variam
1467 592 1564 626 atque
1581 587 1735 618 incertam
1753 596 1807 627 pe·

944 630 1046 668 cumae
1071 624 1252 671 utilitatem.
1287 625 1386 657 debet
1404 628 1488 658 enim
1506 627 1668 667 creditor,
1691 634 1806 669 petens

943 664 976 694 id
992 665 1080 704 quod
1103 664 1153 696 sua
1175 665 1306 698 interest
1328 676 1369 699 ex
1393 677 1483 700 mora
1504 668 1621 701 debitae
1636 670 1804 710 pecuniae,

942 707 1098 745 probare,
1123 715 1277 746 quantum
1298 710 1381 748 petit
1396 732 1406 748 ,
1430 711 1508 742 tanti
1531 709 1581 742 sua
1604 720 1638 742 re
1660 720 1735 742 vera
1757 711 1804 742 in-

942 746 1055 793 teress'e
1085 748 1105 778 i.
1128 750 1207 780 unic.
1233 749 1266 780 C.
1296 750 1330 781 de
1342 751 1497 791 stntentiz's
1517 761 1579 794 qnae
1601 758 1656 792 pro
1677 752 1804 793 eoquod

942 785 1057 834 interest
1073 790 1285 836 proferuntur,·
1309 791 1341 823 id
1365 791 1410 824 est
1425 816 1435 832 ‚
1459 792 1515 825 fibi
1533 793 1655 825 idcirco
1679 800 1804 825 tantum

942 828 1046 875 abesse
1060 852 1070 868 ,
1095 839 1167 870 quia
1185 841 1213 862 ei
1232 833 1304 864 data
1322 843 1387 865 non
1402 834 1438 866 {it
1454 836 1590 875 pecunia
1614 834 1731 867 debita.
1761 833 1803 865 fic.

943 879 1028 916 enim
1044 872 1233 918 coarctanda
1251 883 1300 905 res
1322 875 1385 908 est:
1410 879 1482 916 quia
1500 876 1666 917 quaestioni
1683 875 1729 907 est
1745 876 1804 907 uti-

940 911 1011 943 litas
1035 921 1204 958 pecuniae,
1227 924 1293 946 non
1318 918 1579 959 qualiscumque,
1603 917 1656 950 sed
1680 918 1744 958 ejus
1763 917 1803 949 de

940 962 1003 999 qua
1027 962 1138 1001 agitur.
1172 956 1224 986 illa
1243 966 1321 988 vero
1341 967 1412 998 quae
1436 959 1500 998 est,
1524 959 1578 992 nisi
1595 967 1687 991 certo
1707 958 1804 990 habe-

939 1004 964 1026 ri
989 996 1085 1035 possit
1102 1018 1112 1034 ,
1142 1004 1244 1043 'atque
1268 1008 1314 1045 ex¹
1331 1009 1367 1031 ea
1391 1002 1526 1040 pecunia
1548 1010 1618 1042 quae
1638 999 1802 1032 debetur?

939 1036 1034 1083 adeo·
1050 1036 1070 1068 fi
1096 1038 1170 1077 quid
1192 1048 1314 1080 pereipi
1331 1042 1462 1081 quidem
1483 1043 1645 1082 potuerit3
1669 1042 1803 1081 sedita,

939 1086 975 1109 ut
991 1085 1086 1110 etiarn
1105 1081 1248 1127 potuerit
1263 1090 1328 1112 non
1340 1084 1480 1124 percipi:
1496 1084 1551 1116 etsi
1565 1084 1689 1125 aliqua,
1705 1084 1803 1115 etiam

939 1128 1070 1166 magna,
1091 1120 1188 1152 fuerit
1204 1131 1269 1162 ejus
1292 1121 1380 1163 spes;
1404 1125 1436 1156 id
1462 1127 1493 1157 in
1511 1125 1719 1158 aestimatione
1737 1125 1804 1165 ejus

939 1162 1028 1201 quod
1052 1162 1199 1200 interest,
1224 1172 1283 1203 pro
1306 1174 1347 1196 eo
1371 1167 1460 1206 quod
1484 1166 1571 1199 abest
1586 1190 1596 1205 ‚
1618 1175 1685 1199 non
1709 1166 1804 1198 habe-

939 1210 1007 1248 tur:
1032 1210 1155 1249 tantum
1180 1206 1252 1244 quia
1275 1214 1342 1237 non
1366 1208 1482 1246 probat
1504 1209 1667 1247 creditor,
1691 1207 1722 1239 se
1747 1208 1802 1239 ha-

936 1243 1077 1275 bitururn
1100 1243 1192 1290 fuiffe
1207 1268 1220 1291 ,
1241 1247 1330 1286 quod
1354 1257 1392 1279 an
1418 1249 1580 1282 habiturus
1602 1249 1700 1281 fuerit
1717 1273 1727 1288 ,
1757 1249 1802 1281 in-

936 1294 1062 1331 certum
1085 1285 1247 1326 relinquit,
1275 1288 1339 1327 jam
1356 1288 1377 1320 fi
1397 1291 1472 1329 quid
1491 1291 1599 1322 haberi
1618 1299 1710 1322 certo
1729 1300 1803 1331 pos-

936 1326 992 1366 11t‚
1018 1326 1070 1359 sed
1097 1336 1189 1368 aeque
1214 1337 1255 1375 ex
1274 1329 1332 1361 alia
1348 1338 1444 1370 atque
1461 1341 1502 1363 ex
1519 1332 1628 1363 debita
1647 1332 1802 1372 pecunia:

937 1377 1042 1415 neque
1066 1368 1131 1400 hoc
1147 1370 1185 1415 ad
1200 1378 1265 1409 ejus
1281 1372 1369 1411 quod
1386 1372 1535 1412 interest,
1558 1373 1802 1405 aestimationem

937 1417 1096 1457 pertinet:
1121 1419 1196 1450 quia
1219 1421 1284 1443 non
1304 1413 1432 1445 videtur
1459 1415 1487 1446 ei
1511 1424 1553 1447 ex
1577 1423 1666 1447 mora
1683 1415 1802 1446 debitae

937 1460 1082 1498 pecuniae
1106 1451 1210 1483 abeffe
1225 1473 1236 1492 ,
1266 1455 1355 1494 quod
1380 1464 1471 1497 aeque
1495 1457 1602 1497 potuit
1626 1457 1656 1488 ei
1679 1465 1720 1489 ex
1742 1456 1803 1488 alia

937 1502 1100 1540 pec-unia,-
1120 1493 1172 1524 vel
1197 1503 1291 1535 quarn
1309 1495 1424 1536 habet,
1450 1498 1502 1529 vel
1519 1507 1613 1539 quam
1631 1498 1725 1539 poffit
1740 1496 1802 1530 foe-

937 1543 1007 1566 nori
1032 1543 1182 1576 accipere
1197 1557 1207 1574 ,
1238 1544 1336 1577 atque
1365 1547 1406 1570 ex
1435 1539 1544 1571 debita
1565 1541 1755 1580 contingere
1777 1539 1798 1571 l.

937 1584 988 1623 ²¹:
1009 1575 1040 1617 §.
1063 1575 1160 1623 3·.D·
1184 1578 1218 1607 de
1238 1577 1400 1610 actionibus
1420 1581 1508 1621 empti
1524 1579 1562 1615 ἐξ)
1580 1581 1706 1612 venditi.
1730 1578 1805 1612 Dif-

937 1616 1030 1649 ficilis
1066 1625 1162 1664 igitur
1189 1617 1235 1665 est
1265 1620 1415 1661 probatio
1446 1622 1512 1662 eJus
1532 1622 1621 1663 quod
1642 1620 1803 1662 interest,

937 1659 1111 1706 presertim
1137 1660 1247 1707 debita
1269 1662 1423 1702 pecunia:
1449 1664 1479 1695 δι
1502 1663 1577 1695 ideo
1598 1662 1800 1705 consequens

937 1700 1000 1732 fuit
1015 1702 1145 1748 utilitati
1169 1703 1442 1743 expediendarum
1463 1714 1590 1744 rerum,
1613 1714 1684 1747 qua:
1705 1705 1804 1737 maxi·

937 1751 987 1773 ma
1003 1742 1049 1774 est
1066 1752 1097 1774 in
1114 1743 1199 1775 civili
1216 1743 1370 1777 societate
1386 1769 1396 1785 ‚
1420 1747 1572 1779 damnum
1598 1756 1639 1779 ex
1663 1746 1801 1788 pecunia

938 1793 1004 1831 non
1028 1782 1129 1815 soluta
1153 1787 1406 1832 natum,·magis
1429 1787 1589 1821 usurarum
1611 1789 1713 1821 modo
1736 1787 1806 1820 fini·

938 1835 981 1863 ri,
1006 1833 1100 1864 quam
1119 1834 1209 1870 mero
1224 1826 1346 1866 Judicis
1371 1829 1522 1862 arbitrio:
1545 1839 1607 1862 nec
1628 1829 1799 1868 interesse,

937 1874 1250 1912 utrum-negotiator
1272 1867 1372 1900 fuerit
1393 1871 1535 1904 creditor
1551 1895 1561 1911 ‚
1585 1881 1623 1904 an
1646 1872 1744 1911 alius3
1768 1871 1800 1903 &

937 1917 976 1939 an
998 1916 1096 1952 majus
1117 1908 1370 1955 lucrum-facere
1392 1912 1537 1953 potuerit
1553 1935 1563 1952 ‚
1586 1921 1720 1954 accepta
1742 1922 1800 1953 pe-

937 1958 1050 1987 cunia,
1072 1958 1110 1979 an
1133 1958 1218 1997 non..
1245 1951 1278 1982 id
1301 1952 1386 1984 enirn
1410 1950 1676 1995 Hermogeniauo
1699 1954 1800 1987 visum

939 1991 959 2022 l.
978 2000 1024 2037 ¹9:
1042 1989 1085 2021 D.
1107 1991 1140 2021 de
1153 1991 1335 2039 periculo-&²
1349 1997 1488 2026 commodo
1505 1997 1548 2027 rei
1563 1997 1705 2027 venditae:
1722 2004 1797 2027 cum

938 2031 981 2063 fic
1010 2031 1081 2063 infit
1098 2054 1108 2070 ,
1139 2031 1292 2064 bendztorz
1314 2033 1345 2073 fi
1373 2042 1480 2077 emptor
1501 2038 1534 2068 in
1551 2039 1644 2078 pretio
1660 2037 1798 2078 fiilvendo

938 2082 1046 2104 moram
1060 2073 1185 2112 fecerit,
1208 2074 1313 2114 usuras
1335 2078 1482 2109 duntaxat
1504 2077 1666 2120 praestabit,
1689 2088 1748 2110 non
1769 2088 1798 2110 o·-

938 2115 1137 2162 mndomnino
1161 2118 1237 2157 quod
1254 2118 1406 2158 venditor,
1429 2129 1509 2151 mora
1524 2130 1581 2152 non
1589 2119 1678 2161 faeta
1694 2143 1704 2159 ,
1734 2130 1799 2151 con-

928 2156 1015 2201 sequi
1025 2161 1142 2197 potam
1164 2157 1256 2204 veiuti
1271 2180 1281 2197 ‚
1297 2157 1327 2196 fi
1351 2162 1513 2202 negotiator
1528 2162 1595 2202 fuit
1611 2185 1622 2201 ,
1652 2162 1688 2197 69⁹
1705 2163 1799 2203 pretio

929 2199 1045 2245 soluto,
1069 2200 1259 2244 exynercthns
1275 2201 1363 2240 pias,
1386 2212 1474 2242 quam
1495 2212 1533 2234 ex
1554 2199 1653 2243 usuris
1674 2212 1799 2245 quaerere

934 2244 1038 2280 potuit.
1080 2238 1134 2270 Sic
1165 2239 1456 2282 Hermogenianus.
1499 2245 1688 2286 Papinianus
1719 2254 1799 2286 quo-

937 2290 1000 2327 que
1016 2280 1036 2313 l.
1053 2280 1144 2328 70·§.
1164 2290 1191 2313 1.
1216 2281 1260 2314 D.
1285 2284 1319 2314 de
1342 2283 1444 2326 legatis
1467 2285 1516 2318 lib.
1534 2296 1562 2318 2.
1589 2286 1686 2318 verba
1708 2286 1800 2328 Papi-

935 2331 1031 2354 niani.
1074 2322 1108 2353 St
1137 2328 1252 2354 centum
1280 2324 1383 2366 legatis
1405 2327 1526 2367 duplum
1547 2325 1695 2368 restituere
1716 2337 1800 2370 roga·

935 2369 984 2395 tus
999 2362 1062 2402 sit,
1084 2365 1122 2394 ad
1134 2368 1281 2403 summam
1297 2366 1387 2406 legati
1398 2368 1546 2400 videbitur
1561 2367 1749 2410 constituzffe:
1766 2367 1797 2408 fi

935 2411 1032 2436 autem
1042 2402 1105 2445 post
1116 2411 1227 2447 tempus
1236 2405 1486 2449 fideicommzffum
1503 2409 1636 2441 relietum
1646 2409 1689 2448 sit
1701 2435 1712 2450 ,
1730 2412 1798 2450 usu-

934 2456 1036 2478 rarum
1052 2448 1201 2478 duntaxat
1215 2449 1448 2480 additamentum
1458 2451 1639 2482 admittetur.
1669 2461 1720 2483 nec
1733 2462 1796 2484 mu-

935 2490 1025 2519 tanda
1036 2489 1183 2528 sententia
1205 2489 1260 2519 erit
1280 2491 1355 2530 qnod
1369 2491 1452 2529 forte
1473 2491 1563 2534 legato
1583 2499 1712 2534 percepto
1738 2504 1800 2526 ma-

931 2539 1026 2570 gnam
1052 2529 1273 2561 emolumentum
1303 2540 1340 2562 ex
1368 2532 1463 2574 aliquo
1499 2536 1609 2575 negotio
1632 2535 1797 2576 consecutus

935 2569 999 2610 est,
1031 2576 1084 2618 aut
1108 2577 1224 2611 paenam
1246 2569 1447 2619 stipulationis
1477 2575 1671 2608 imminentem
1692 2576 1797 2616 evastt.

935 2611 1008 2659 Hac
1029 2619 1073 2642 ita
1089 2634 1099 2650 ‚
1116 2611 1145 2648 fi
1166 2619 1319 2653 quantztas
1341 2624 1406 2646 cam
1427 2618 1593 2657 quantitate
1615 2619 1796 2659 conferatur.

935 2662 1077 2684 enimvero
1099 2652 1129 2691 si
1154 2656 1278 2694 pecunia
1308 2661 1423 2697 accepta
1453 2663 1573 2700 rogatus
1595 2658 1631 2692 lit
1653 2670 1712 2691 rem
1728 2667 1798 2702 pro-

932 2696 1029 2735 priam
1053 2717 1063 2732 ,
1094 2704 1270 2737 quamquam
1299 2698 1416 2738 majoris
1440 2701 1531 2740 pretii
1560 2698 1599 2741 est
1629 2699 1798 2742 restituere.-

935 2746 993 2783 noit
1016 2734 1055 2776 eft
1078 2737 1240 2768 audiendus
1262 2737 1421 2779 legatarius
1438 2763 1448 2779 ,
1478 2741 1571 2784 legato
1595 2750 1725 2784 percepto
1741 2767 1751 2783 ,
1767 2742 1797 2782 fi

933 2777 1004 2808 velit
1019 2783 1195 2818 computare.
1221 2788 1278 2809 non
1292 2781 1368 2812 enim
1383 2783 1507 2823 aequitas
1520 2784 1571 2815 hoc
1582 2786 1704 2824 probare
1717 2786 1794 2826 pati-

934 2825 983 2866 tur
999 2841 1009 2857 ,
1026 2817 1055 2857 fi
1076 2820 1151 2860 quod
1173 2819 1333 2862 legatorum
1355 2825 1469 2855 nomine
1487 2831 1665 2868 perceperit,
1687 2829 1795 2868 legata·

933 2869 996 2892 rias
1019 2859 1132 2901 offerat.

974 2902 1082 2942 Atque
1099 2911 1171 2949 cuni
1192 2912 1308 2945 coi-pus
1331 2906 1489 2947 debetur,
1512 2917 1578 2941 non
1601 2909 1708 2941 finitur
1730 2916 1797 2938 cer·

935 2949 970 2991 to
987 2943 1085 2974 modo
1101 2944 1134 2975 id
1153 2945 1240 2985 quod
1257 2947 1404 2980 interest:
1426 2958 1484 2981 cur
1502 2950 1598 2992 igitur
1612 2973 1621 2988 ,
1652 2949 1672 2980 fi
1699 2957 1793 2989 pecu-

934 2994 986 3015 nia
1010 2985 1163 3017 debeatur
1181 3010 1191 3025 ‚
1221 2996 1262 3019 eo
1277 2988 1437 3022 finiatur?
1470 2990 1588 3023 Verum
1611 2991 1795 3029 videamus,

933 3035 975 3057 ne
988 3035 1065 3075 rcum
1086 3029 1238 3068 pecuniae
1254 3030 1368 3063 debito
1385 3033 1468 3064 male
1485 3032 1632 3072 corporis
1649 3031 1794 3063 debitum

934 3077 1146 3108 comparetur.
1166 3069 1266 3102 refert
1275 3074 1374 3112 enim,
1386 3074 1474 3113 quod
1484 3074 1631 3105 damnum
1643 3095 1651 3109 ‚
1662 3073 1793 3105 veniens

934 3118 976 3141 ex
997 3116 1175 3158 mora-non
1194 3111 1289 3144 soluti
1312 3115 1458 3155 corporis
1481 3115 1569 3154 cujus
1592 3121 1699 3145 certus
1721 3113 1792 3146 usus

933 3150 1001 3197 est,
1034 3152 1240 3200 obligationis
1265 3165 1306 3187 ex
1330 3165 1390 3196 qua
1413 3155 1533 3195 petitur
1550 3179 1559 3194 ‚
1584 3164 1692 3187 natura
1715 3156 1794 3187 indi-

931 3200 1067 3240 gitatui·3
1088 3204 1120 3227 in
1145 3195 1346 3266 ogligatione
1371 3205 1450 3229 vero
1467 3195 1531 3235 ejus
1552 3198 1607 3238 qui
1622 3198 1793 3239 pecuniam

1176 3255 1193 3265 ,A
1215 3246 1235 3277 3
1737 3238 1791 3269 de·
