2036 3495
389 81 454 116 At>
483 80 567 117 [ΑΒ.
594 78 692 115 XVI.
729 79 826 115 ΤΠ.
854 78 878 113 Ι.
909 78 962 114 Ad
984 78 1278 126 &iiotiiscovsiiltam
1300 79 1499 126 J'Ve'i'stjiliiiilll.
1779 89 1848 124 235

53 174 225 208 meloveen
244 196 252 212 ,
283 169 359 211 Fosi.
395 170 477 208 Confi
519 168 572 201 sub
603 167 699 200 finem
730 166 925 214 principatus

54 215 175 248 Claudii
193 224 276 247 anno
297 216 335 243 ab
355 214 390 243 U.
408 212 444 243 C.
462 221 531 252 797.
557 218 619 251 quo
643 218 727 239 anno
752 209 923 240 Coniiiltm

52 255 143 288 suili'e
178 257 224 288 M.
263 255 388 296 Junium
420 253 584 290 Silanum,
619 250 726 282 3116101
757 250 801 282 est
833 250 922 282 Dion

54 298 194 371 edgiiilislh
213 346 337 375 autem,
361 345 417 367 cur
433 336 484 367 hic
501 332 629 365 Titulus
647 332 709 363 hoc
735 332 808 363 loco
826 341 920 372 pona-

55 389 124 419 tur,
151 380 224 412 inihi
249 379 316 409 liaec
346 378 485 409 videtur:
509 375 594 418 quod
616 373 647 405 in
664 374 920 420 praecedentibus

53 416 174 452 Titulis
186 419 264 451 telio
282 429 321 450 ex
343 418 471 458 negotio
488 417 526 446 ab
542 415 648 455 aliquo
666 414 755 455 gesto
773 414 834 445 suit
849 416 919 445 data

55 463 198 494 adversus
215 461 326 498 alium,
338 468 430 499 quain
449 457 500 497 qui
515 456 615 497 geffit.
636 457 665 487 in
680 455 832 495 praesente
843 465 920 486 vero

55 502 193 535 similiter
214 511 252 532 ex
269 499 486 532 intercessione
502 498 641 528 mulieris
659 497 742 528 attio
754 507 769 528 a
781 498 920 528 l’raetore

54 542 293 576 daturadversus
308 542 401 572 alium
414 548 506 579 quam
517 539 662 570 adversus
673 540 847 569 mulierem.
865 538 919 583 ob·

53 586 191 617 servatus
201 583 243 615 est
253 583 277 613 is
286 583 365 613 ordo
376 591 438 612 non
451 589 572 611 tantum
584 581 613 611 in
629 579 790 612 Pantiettis
808 579 923 618 aJusti·

53 625 255 658 nianozi‘eda
272 622 394 662 Juliano
412 630 540 662 quoque
559 620 589 652 in
606 621 722 652 Edicto
741 629 919 661 perpetuo:

53 664 296 700 monstrantibus
313 662 416 701 Pauli,
442 662 589 702 Ulpiani,
614 663 642 693 i&
661 662 751 702 Gaji,
769 662 853 693 libris
871 661 920 692 Ad

53 707 206 740 Edflum.
231 715 299 737 nam
318 713 350 735 ut
371 705 482 736 Paulus
499 704 550 735 lib.
572 713 620 744 30.
636 704 789 744 blpianus
806 703 857 734 lib,
871 711 919 738 29·

54 749 150 789 GaJus
170 748 221 778 lib.
242 756 270 783 9.
294 746 337 778 est
355 747 528 786 superiores
538 743 666 776 Titulos
686 746 920 785 interpretatus:

52 788 95 823 iic
120 788 230 821 Paulus
254 788 292 819 ad
318 788 377 818 hoc
400 786 708 818 Senatusconsultum
736 785 853 826 scripsit
869 785 921 816 lib.

52 841 100 870 ¹30.
144 829 299 870 Ulpianus
316 829 368 859 lib.
386 838 433 865 29.
460 826 557 868 Gajus
583 828 635 859 lib.
661 837 689 864 9.
714 828 811 868 idque
833 835 922 866 argu·

50 865 164 905 {nenio
188 870 250 908 cst,
275 871 337 901 vim
356 869 444 909 liujus
461 868 731 900 Senatusconsulti
756 868 817 900 css'e
841 870 921 907 aju-

52 915 136 946 liano
156 911 270 943 Editio
293 920 449 952 perpetuo
468 920 507 941 ex
525 917 631 942 mente
655 910 786 942 Senatus
811 910 848 941 ad
867 918 920 950 pu-

51 955 168 987 blicam
194 952 360 984 utilitatem
385 951 667 984 accommodatam.
711 951 772 983 Sed
801 950 861 982 hoc
891 960 922 980 a-

53 1004 145 1038 perte
170 993 388 1025 Diocletianus
414 994 443 1025 ἃ.
468 993 678 1024 Maximianus
699 993 717 1024 l.
737 1002 782 1029 19.
803 992 833 1023 C.
854 993 881 1023 b.
901 998 921 1022 t.

97 1037 197 1075 ligitur
220 1045 289 1075 quae
306 1035 366 1066 hoc
383 1033 498 1066 Titulo
524 1034 693 1065 tractantur
719 1035 759 1065 de
775 1033 921 1065 (031111113-

53 1070 125 1110 runi
140 1077 379 1114 interceli'ione,
403 1076 515 1115 partim
534 1076 691 1107 debentur
706 1075 919 1106 Senatuscon·

54 1119 155 1157 sulto,
179 1120 291 1158 partim
317 1118 478 1157 Perpetuo
508 1116 634 1148 Edicto.
664 1117 739 1148 illud
762 1117 920 1161 foeminis,

56 1159 123 1191 hoe
147 1168 240 1190 etiam
263 1159 492 1196 creditoribus,
515 1158 653 1197 prodest.
680 1167 774 1198 porro
801 1166 842 1188 ait
870 1158 920 1188 Ul-

53 1201 163 1242 pianus
181 1201 199 1232 l.
219 1211 246 1231 2.
261 1201 289 1232 b.
307 1206 328 1231 t.
353 1201 440 1241 quod
458 1200 560 1239 primo
579 1198 706 1237 quidem
727 1199 924 1238 temporibus

56 1242 98 1274 D.
124 1241 271 1282 Augusti,
301 1250 378 1272 mox
405 1240 547 1279 Claudii,
580 1240 698 1272 Editus
724 1249 835 1271 eorum
858 1247 925 1271 erat

51 1285 276 1319 interdictum,
303 1282 352 1313 Ne
373 1281 514 1313 foeminae
535 1291 593 1321 pro
622 1282 693 1312 viris
712 1280 769 1312 suis
785 1282 923 1312 interce-

54 1326 194 1361 derent3
226 1323 331 1363 postea
357 1333 433 1354 vero
459 1322 575 1353 factum
603 1321 647 1353 cst
671 1322 924 1354 Senatusconsul-

53 1373 138 1403 tum,
164 1373 195 1395 ut
216 1364 331 1395 1116111111
348 1387 357 1402 ,
380 1363 434 1394 sub
452 1364 546 1395 finem
564 1363 762 1401 Principatus
782 1363 925 1402 Claudii,

52 1415 116 1445 quo
135 1405 308 1446 pleniffime
324 1404 463 1436 foeminis
487 1406 633 1436 omnibus
656 1405 842 1436 subventum
868 1404 924 1436 est.

53 1445 161 1479 Verba
181 1445 448 1477 Senatusconsulti
465 1447 494 1477 in
517 1448 546 1478 cl.
565 1447 583 1477 l.
605 1456 631 1478 2.
651 1446 679 1488 ἓ.
699 1455 724 1477 1.
748 1445 816 1477 haec
839 1445 924 1478 sunt:

56 1488 142 1532 Quod
166 1489 289 1519 iliarcus
312 1488 448 1526 Silanus,
473 1487 508 1522 ἑξ
528 1487 655 1528 Vellejus
683 1487 791 1526 Tutor,
817 1488 924 1528 Confit-

56 1531 118 1566 les,
150 1531 237 1560 verbo
255 1528 390 1568 fecerunt
414 1532 446 1558 oe
473 1529 691 1569 obligationibus
711 1529 922 1568 soeminarunz,

58 1580 121 1611 qua·
133 1576 185 1610 pro
201 1572 262 1600 iiiiii
280 1579 333 1600 rete
346 1569 470 1608 fierent,
493 1571 564 1610 quid
586 1571 618 1600 de
632 1579 664 1601 ea
682 1579 712 1600 re
722 1570 792 1609 fleri
805 1577 922 1611 oportet,

57 1614 91 1642 de
113 1620 145 1640 eii
169 1619 198 1640 re
225 1611 267 1640 ita
289 1611 508 1646 consuluerunt:
529 1612 602 1652 quod
628 1612 666 1642 acl
676 1610 866 1651 fidejuffiones
885 1612 922 1646 ὅ)

58 1652 154 1683 'inutili
177 1651 303 1681 (lotiones
313 1658 365 1691 pro
383 1652 467 1689 aliis,
490 1654 592 1692 quibus
612 1652 815 1693 intereqfferi‘nt
824 1654 922 1694 foemi-

59 1703 119 1730 nae,
140 1693 281 1731 pertinet,
312 1691 422 1729 tametsi
449 1700 516 1724 ante
538 1695 654 1725 videtur
676 1694 717 1725 ita
735 1695 786 1735 jus
818 1694 924 1726 (litium

58 1733 128 1774 effe,
145 1743 180 1763 ne
196 1743 224 1763 eo
249 1734 361 1764 nomine
376 1735 409 1764 tib
425 1735 467 1764 bis
481 1736 578 1773 petitio
594 1745 663 1766 neve
677 1737 707 1766 in
725 1745 770 1767 eas
787 1735 858 1770 abbio
877 1738 922 1767 de-

59 1781 126 1813 lur,
150 1784 213 1805 cum
235 1784 281 1805 eas
297 1774 430 1805 ‘uirilibus
448 1774 547 1816 officiis
559 1777 675 1818 fungi,
698 1776 733 1811 {5⁹
758 1777 818 1818 ejus
838 1787 922 1818 gene·

59 1817 98 1848 ris
115 1817 331 1856 obligationibus
348 1814 484 1858 obstringi
509 1827 565 1848 non
585 1817 625 1854 fit
643 1827 773 1859 (equum,
798 1821 920 1850 arbitra-

60 1855 88 1888 li·
104 1857 258 1893 Sennium,
283 1856 354 1887 reete
370 1864 454 1899 utque
470 1859 567 1889 ordine
576 1858 728 1898 fob‘luros,
752 1861 789 1891 acl
803 1870 873 1901 quos
889 1862 922 1891 iile

59 1907 92 1930 ea
111 1908 140 1928 re
158 1900 187 1928 iii
203 1899 267 1937 jure
281 1900 391 1929 aditum
407 1901 479 1938 erit,
497 1898 525 1937 fi
541 1901 665 1931 dederint
692 1908 819 1941 operam,
843 1908 876 1933 ut
892 1904 922 1932 in

59 1949 91 1970 eci
114 1949 143 1969 re
166 1939 288 1969 Senatus
321 1940 455 1971 voluntas
478 1942 625 1979 servetur.
675 1942 831 1983 Corrupta
860 1943 921 1974 esse

59 1979 128 2018 haec
155 1981 272 2016 vei-ba,
296 1979 460 2012 observavi
485 1981 533 2012 lib.
560 1992 585 2013 1.
616 1982 732 2022 Observ.
765 1994 788 2015 c.
810 1985 862 2015 ult.
885 1993 921 2015 ac

59 2023 196 2060 primuni
214 2031 272 2060 pro
289 2028 392 2061 oportet
409 2022 512 2062 scripsi
524 2046 532 2061 ‚
558 2030 709 2064 oporteret:
739 2024 903 2057 arbitratus
916 2049 926 2064 ,

60 2062 90 2102 id
111 2062 260 2101 loquendi
287 2062 372 2094 usum
400 2062 590 2095 defiderare:
614 2065 641 2095 ἂ
666 2066 685 2096 11
709 2067 745 2098 :id
763 2066 845 2106 Sigla
861 2067 926 2107 spe-

63 2103 198 2140 Ctemus,
223 2102 317 2134 facile
334 2103 431 2135 linere
449 2106 606 2145 l'cripturae
624 2105 769 2138 formam.
800 2108 927 2140 Deinde

62 2153 119 2184 pro
150 2144 216 2181 his,
250 2143 335 2188 Quod
357 2148 393 2176 acl
419 2145 603 2187 fidejuffiones
626 2147 662 2182 ὃ)
685 2151 781 2180 mutui
802 2152 928 2180 dationes

55 2193 110 2227 pro
135 2186 217 2222 aliis,
248 2187 350 2225 quibus
380 2188 583 2227 interceffirint
605 2190 733 2227 foeminae
749 2214 757 2226 ,
783 2192 928 2230 pertinet,

63 2227 204 2265 reposui,
228 2226 314 2268 Quod
337 2229 374 2257 oil
390 2228 581 2269 fidejuffiones
607 2230 643 2263 ὃ)
668 2232 764 2262 mutui
781 2234 927 2269 dationes,

62 2269 166 2308 quibus
178 2275 231 2307 pro
248 2268 312 2298 aliis
328 2269 530 2309 interemerint
539 2271 686 2310 foeminae,
706 2274 835 2310 pertinet.
877 2274 928 2304 Sic

62 2318 193 2349 quoque
211 2308 261 2339 liic
281 2309 403 2340 constat
421 2311 497 2341 ratio
515 2311 674 2343 sententiae
693 2313 843 2353 Senatus,
859 2324 927 2355 quae

62 2349 201 2390 alioquin
227 2349 272 2381 est
294 2351 387 2382 nulla.
431 2350 508 2383 Non
531 2362 610 2393 opus
635 2354 832 2394 probatione.
856 2356 928 2387 dedi

63 2391 90 2422 cl.
109 2401 132 2421 c.
157 2391 207 2422 ult.
232 2393 434 2424 evidentem:
459 2402 496 2424 ac
518 2393 539 2424 si
564 2395 698 2432 videi-is,
722 2405 784 2426 non
810 2406 930 2437 quaeres

64 2432 165 2463 aliam.
218 2431 308 2463 Maio
339 2434 446 2474 itaque
479 2443 631 2467 excutere
662 2436 930 2470 Senatusconsulti

65 2474 181 2504 verba:
207 2475 292 2513 prius
317 2474 439 2506 laudata
466 2486 506 2507 ex
530 2485 693 2516 praecepto
720 2476 847 2518 Ulpiani
864 2481 892 2511 cl.
911 2480 930 2511 l.

66 2523 94 2544 2.
118 2513 145 2554 §.
166 2524 191 2558 ².-
215 2515 416 2554 providentiu
440 2517 624 2557 Amplissimi
650 2517 804 2551 Ordinis:
834 2530 931 2560 opem

65 2553 199 2585 ferentis
224 2556 403 2589 mulieribus
420 2581 429 2596 ,
460 2568 592 2599 propter
618 2559 707 2591 {exus
731 2561 931 2592 imbecillita-

66 2603 131 2626 tem
149 2596 254 2626 multis
271 2597 487 2641 huiuscemodi
512 2600 629 2631 casibus
649 2601 811 2640 suppositis
834 2611 931 2642 atque

67 2635 209 2675 objectis.
234 2639 366 2676 proinde
392 2650 450 2671 nec
466 2641 611 2681 improbo
625 2642 689 2673 hoc
705 2643 789 2674 Pauli
807 2643 826 2674 l.
851 2653 875 2675 1.
900 2643 929 2685 §.

71 2686 106 2722 1.⁴
123 2676 200 2721 licut
218 2678 358 2710 moribus
382 2682 485 2713 civilia
502 2682 605 2714 officia
623 2685 771 2725 adempta
788 2685 855 2716 sunt
873 2684 932 2716 foe-

66 2726 157 2749 minis
174 2741 183 2756 ,
217 2719 244 2749 ἃ
264 2719 420 2763 'pleraque
444 2723 509 2761 ipso
531 2725 599 2763 jure
635 2735 698 2755 non
731 2726 860 2756 valent:
890 2727 934 2757 ita

66 2759 167 2790 multo
191 2769 286 2807 inagis
306 2762 504 2795 adimendum
525 2765 568 2795 eis
593 2764 653 2796 fuit
671 2766 702 2797 id
718 2767 877 2806 officium,
901 2770 932 2798 in

68 2809 132 2839 quo
150 2809 209 2830 non
229 2802 287 2845 1013
307 2811 422 2841 opera,
446 2806 628 2845 nudumque
657 2809 862 2839 ministerium
883 2818 932 2838 ea-

67 2851 136 2913 }(tim
162 2843 352 2882 versaretur,
376 2844 427 2875 sed
456 2846 550 2878 etiam
573 2849 750 2887 periculum
779 2849 822 2880 rei
845 2849 933 2881 fami·

82 2891 160 2912 iaris,

108 2922 279 2969 Videamus
295 2925 388 2965 igitur
399 2925 593 2967 Vellejanum
608 2929 933 2964 Senatusconsultum.

66 2964 214 2996 suminam
241 2975 270 2996 m
292 2973 337 3004 pr.
355 2969 381 2997 sl.
407 2967 424 2997 l.
445 2976 467 2999 1.
493 2968 603 3002 Paulus
628 2970 710 3002 hanc
727 2972 821 3004 facit:
846 2974 932 3011 quod

67 3016 105 3036 eo
123 3005 296 3044 plenissime
313 3008 574 3047 comprehensum
590 3011 654 3050 est,
678 3013 728 3044 Ne
739 3020 791 3053 pro
810 3014 866 3044 ullo
875 3014 934 3052 sw-

65 3048 147 3078 miriae
163 3049 375 3078 intercederent.
422 3048 582 3083 Dicuntur
606 3062 710 3085 autem
733 3064 789 3093 pro
803 3055 868 3086 aliis
887 3058 931 3086 in-

67 3090 232 3119 tercedere
249 3089 489 3123 foeminae:cum
506 3092 535 3123 se
551 3101 609 3132 pro
629 3094 695 3126 aliis
715 3104 782 3126 reas
800 3096 932 3127 faciunt.

66 3127 140 3159 Huc
163 3131 192 3161 in
210 3131 236 3161 d.
255 3131 272 3161 l.
298 3141 324 3162 2.
349 3131 376 3171 ᾗ.
398 3141 422 3163 1.
446 3131 510 3172 ipsa
537 3133 567 3165 se
583 3133 690 3166 ferunt
710 3136 842 3168 Senatus
865 3146 932 3168 ver-

66 3170 197 3244 bahn'ec
207 3171 278 3244 Icilio
294 3172 318 3204 it
337 3171 486 3213 Ulpianus
501 3174 530 3215 §.
545 3184 576 3215 5.
603 3177 630 3208 d.
646 3176 665 3208 l.
689 3177 931 3218 interpretatus,

970 168 1133 199 foeminam
1159 169 1272 208 procul
1300 168 1399 200 dubio
1423 168 1641 200 intercedere:
1666 177 1737 199 cum
1766 166 1793 197 in
1812 167 1840 198 i'e

968 210 1090 248 lust-ipit
1105 211 1238 241 alienam
1260 210 1498 250 obligationem.
1545 208 1659 241 Utrum
1677 216 1840 247 veterem,

967 259 1004 281 an
1030 252 1170 282 novam?
1194 260 1257 282 non
1286 252 1385 283 refert
1404 250 1550 292 Ulpiani,
1581 253 1680 283 niodo
1704 251 1838 282 alienum

967 292 1098 331 recipiat
1115 293 1133 322 l.
1153 296 1182 325 8.
1199 291 1228 332 ᾗ.
1243 301 1267 322 1.
1287 294 1314 323 b.
1337 300 1357 323 t.
1382 293 1530 333 idemque
1547 293 1684 324 sentiunt
1702 294 1731 323 in
1749 294 1767 322 l.
1791 296 1838 325 18.

964 332 996 361 C.
1012 333 1038 361 (1.
1059 339 1081 362 t.
1107 332 1332 364 Diocletianus
1353 333 1382 364 &
1400 333 1634 366 Maximianus:
1653 331 1839 365 confirman-

965 381 1032 410 tes,
1057 372 1199 404 foeminis
1216 373 1266 403 vel
1292 383 1417 405 veteres
1436 376 1486 405 vel
1506 385 1601 407 novas
1625 375 1838 416 obligationes

963 414 1064 452 aliqua
1082 415 1202 445 ratione
1220 412 1457 453 suscipientibus
1474 416 1755 448 senatusconsulto
1771 416 1838 447 stib-

965 456 1075 485 veniri.
1113 455 1164 486 De
1184 462 1316 493 utraque
1335 455 1529 495 obligatione
1546 458 1761 497 dispiciamus:
1785 457 1837 488 sed

965 496 1098 536 primum
1118 498 1158 527 de
1176 503 1303 527 vetere:
1325 497 1356 526 id
1373 496 1434 535 est,
1458 499 1498 528 de
1521 508 1556 529 ea
1571 508 1641 538 quae
1658 502 1689 531 in
1707 499 1837 531 alterius

965 536 1097 576 pei-iona
1113 545 1186 568 ante
1204 536 1354 568 constitit.
1379 538 1460 569 hanc
1476 539 1588 570 mulier
1604 541 1634 571 in
1652 541 1680 572 le
1700 540 1836 580 duplici-

965 585 1012 609 tei·
1031 577 1173 618 suscipit.-
1196 579 1246 609 vel
1279 578 1361 609 enim
1383 578 1552 620 participat
1578 590 1666 620 eam,
1690 583 1740 612 vel
1759 581 1837 612 inse

963 629 1032 650 cain
1055 619 1212 650 transfert.
1237 619 1277 650 fic
1303 620 1386 652 clare
1408 621 1590 653 Alexander
1613 623 1632 652 l.
1650 633 1679 661 4.
1706 623 1738 653 C.
1761 623 1787 653 b.
1813 629 1836 654 t.

963 661 1130 701 participat
1155 669 1262 692 autem
1281 662 1361 692 lianc
1379 662 1510 701 mulier3
1534 672 1605 694 cum
1623 665 1661 694 ad
1678 674 1746 695 eain
1766 673 1836 703 quae

964 703 995 733 in
1020 701 1145 733 alterius
1172 703 1302 742 persona
1325 703 1488 741 constitit,
1519 704 1577 735 alia
1600 706 1726 736 accedit
1758 707 1838 736 citra

965 752 1180 774 novationem.
1205 744 1234 774 ἃ
1254 743 1299 775 cst
1316 745 1550 784 exempluin3fi
1567 745 1679 777 mulier
1697 755 1756 786 pro
1773 745 1836 777 alio

966 793 1020 815 aut
1041 785 1212 824 fidejubeat
1228 808 1237 823 ,
1267 794 1320 816 aut
1342 786 1523 818 constituat.
1576 786 1720 827 Utraque
1752 789 1837 819 enim

965 826 996 856 in
1015 825 1118 866 specie
1136 833 1227 856 vetus
1247 835 1353 857 manet
1379 828 1556 868 obligatio,
1584 830 1612 860 ὅς
1637 830 1676 860 ad
1695 838 1763 860 eam
1788 838 1839 859 ac-

966 867 1054 898 cedit
1070 876 1173 899 nova:
1197 866 1321 899 faciens
1338 868 1594 901 interceffionem
1614 869 1633 901 l.
1658 880 1683 902 1.
1703 870 1732 911 §.
1755 879 1779 901 1.
1797 869 1837 900 D.

965 909 998 939 cie
1011 906 1156 947 constitut.
1170 915 1272 948 pecun.
1299 909 1386 941 Idem
1406 918 1501 947 puta:
1526 910 1545 942 11
1563 911 1674 943 mulier
1700 921 1749 942 res
1773 912 1839 942 suas

966 959 1025 990 pro
1042 950 1104 980 3110
1120 950 1245 989 pignori
1263 950 1384 991 obliget
1402 952 1422 982 l.
1441 956 1470 985 8.
1492 952 1532 982 D.
1547 953 1575 984 b.
1595 959 1615 983 t.
1642 961 1713 984 nam
1730 953 1781 984 vel
1797 951 1839 984 sic

966 999 1109 1022 veterem
1132 991 1360 1031 obligationem
1380 994 1565 1033 participat:
1590 993 1644 1026 etii
1671 995 1786 1026 nullam
1807 995 1839 1025 in

966 1032 995 1076 se
1011 1032 1124 1072 recipit
1140 1032 1387 1072 obligationem:
1413 1035 1542 1074 opinor,
1566 1036 1711 1074 creditO,
1735 1036 1840 1074 aliqua

964 1083 994 1104 in
1014 1083 1063 1104 res
1080 1075 1144 1113 ejus
1160 1082 1312 1113 recepta,
1338 1085 1400 1106 non
1431 1077 1533 1107 minus
1553 1077 1634 1118 juste
1654 1078 1682 1108 ei
1702 1077 1839 1108 succurri

964 1116 995 1146 in
1018 1115 1110 1146 bonis
1129 1115 1193 1154 ejus
1216 1116 1381 1157 obligatis,
1405 1125 1498 1155 quam
1524 1119 1551 1148 ei
1569 1141 1578 1156 ‚
1610 1118 1749 1160 obligata
1773 1118 1839 1158 ejus

966 1155 1118 1196 persona,
1141 1156 1340 1188 succurritur.
1366 1157 1397 1189 id
1413 1158 1789 1198 ligiiificavitAlexander
1806 1160 1839 1190 in

966 1201 992 1229 ri.
1013 1197 1031 1228 l.
1052 1207 1081 1236 4.
1107 1197 1215 1236 estque
1240 1199 1283 1230 ibi
1309 1208 1368 1239 pro
1391 1202 1465 1241 quod
1489 1201 1520 1230 iii
1538 1211 1634 1232 rerum
1649 1211 1748 1232 eorum
1773 1200 1840 1241 [ba-

967 1240 1047 1280 bitis]
1069 1247 1120 1279 pro
1137 1239 1202 1270 ciliis
1217 1240 1435 1280 obligationibus
1451 1241 1602 1279 adinissum
1617 1241 1674 1282 eft,
1693 1253 1733 1274 ex
1752 1243 1838 1273 libris

967 1281 1182 1321 manuscriptis
1201 1290 1337 1321 quorum
1358 1281 1705 1322 meminitRussai-tius,
1731 1285 1840 1324 legen·

967 1322 1041 1353 dum
1054 1346 1062 1359 ,
1074 1324 1148 1363 quod
1158 1321 1193 1356 δ’
1204 1324 1234 1352 in
1244 1332 1339 1354 rerum
1357 1333 1456 1354 earum
1468 1330 1522 1364 pro
1539 1325 1605 1355 tiliis
1620 1325 1839 1366 obligationibus

966 1363 1119 1404 admistum
1135 1361 1182 1403 est.
1207 1364 1249 1395 At
1272 1374 1334 1396 non
1360 1372 1483 1397 tantum
1508 1366 1730 1406 participando
1751 1374 1842 1397 vete-

967 1414 1034 1436 rem
1058 1405 1289 1446 obligationem
1313 1405 1484 1438 intercedit
1510 1408 1640 1439 mulier:
1664 1407 1715 1439 sed
1744 1409 1841 1438 etiam

967 1455 1035 1477 03111
1053 1446 1084 1478 in
1102 1445 1131 1476 se
1151 1445 1383 1479 transferendo.
1408 1447 1476 1478 fac:
1499 1457 1558 1488 pro
1576 1449 1636 1480 alio
1652 1449 1764 1480 mulier
1784 1457 1842 1480 ex-

967 1487 1144 1527 promittit3
1167 1496 1220 1519 aut
1237 1489 1374 1520 alienum
1390 1489 1570 1521 debitorem
1592 1491 1623 1521 in
1644 1490 1766 1530 judicio
1785 1491 1842 1521 de-

966 1528 1070 1560 fendit
1087 1529 1107 1560 l.
1128 1539 1155 1560 2.
1176 1529 1202 1570 §.
1221 1529 1276 1560 ult.
1300 1528 1342 1561 D.
1367 1530 1394 1561 b.
1412 1537 1432 1560 r.
1455 1539 1528 1561 nam
1553 1539 1691 1571 utroque
1715 1531 1785 1562 casu
1803 1540 1841 1562 o-

965 1570 1095 1611 bligatio
1110 1569 1297 1603 transfertur
1319 1580 1438 1611 genere
1463 1573 1601 1611 quodam
1624 1571 1805 1604 novationis
1821 1572 1841 1603 l.

969 1620 1014 1643 11.
1029 1611 1061 1652 ὃ.
1085 1621 1109 1643 1.
1135 1610 1176 1642 D.
1200 1613 1233 1642 cle
1255 1618 1354 1643 novat.
1377 1611 1414 1647 ὃ)
1436 1613 1454 1643 l.
1473 1623 1501 1644 2.
1520 1612 1552 1643 C.
1571 1614 1603 1644 cle
1617 1613 1720 1654 pastis.
1743 1612 1844 1645 inter-

966 1654 1053 1684 cedit
1080 1653 1174 1694 igitur
1200 1653 1251 1684 vel
1275 1653 1316 1684 sic
1343 1653 1464 1685 mulier.
1518 1653 1627 1686 Tenes
1651 1664 1716 1695 quo
1743 1656 1841 1686 modo

967 1702 1110 1726 veterem
1133 1694 1362 1735 obligationem
1379 1694 1492 1727 mulier
1517 1696 1547 1727 in
1574 1695 1604 1727 se
1627 1696 1769 1736 suscipiat
1787 1703 1842 1728 auc

967 1735 1188 1776 participando
1206 1758 1215 1773 ‚
1246 1745 1299 1767 aut
1325 1736 1556 1768 transferendo.
1586 1746 1685 1777 porro
1710 1737 1843 1775 accipe,

967 1787 1032 1817 quo
1050 1778 1149 1808 modo
1167 1778 1197 1808 iu
1216 1777 1245 1807 se
1264 1777 1406 1818 suscipiat
1421 1778 1554 1810 alienam
1578 1788 1705 1810 novam.
1732 1779 1762 1810 id
1787 1777 1841 1809 fit:

968 1828 1040 1850 cum
1060 1819 1188 1850 mandat
1210 1819 1261 1849 alii
1286 1820 1396 1857 credi3
1420 1828 1473 1851 aut
1501 1820 1538 1858 11,
1568 1829 1641 1851 cum
1666 1821 1741 1851 alius
1764 1819 1843 1850 ell'et

965 1869 1107 1891 mutuam
1119 1869 1285 1900 pecuniam
1300 1869 1491 1901 accepturus
1503 1885 1512 1899 ,
1525 1861 1708 1902 interposita
1729 1861 1842 1892 mulier

964 1903 1110 1942 accepit,
1129 1902 1206 1932 &ab
1218 1900 1310 1933 initio
1320 1911 1378 1940 pro
1389 1903 1451 1933 alio
1463 1912 1513 1933 rea
1524 1901 1566 1933 fit.
1580 1902 1758 1934 utenirniic
1775 1911 1842 1934 non

963 1943 1161 1982 receperitin
1173 1941 1202 1973 se
1220 1942 1450 1983 obligationem
1467 1953 1536 1983 quae
1551 1945 1580 1975 in
1599 1945 1661 1976 alio
1678 1943 1841 1975 constitit:

969 1992 1000 2015 at
1018 1985 1142 2024 recepit
1167 1984 1398 2024 obligationem
1427 1994 1521 2025 quam
1544 1986 1621 2017 alius
1637 1984 1744 2016 fuisset
1762 1984 1843 2015 subi-

970 2034 1077 2062 10103,
1103 2025 1156 2056 nisi
1182 2027 1295 2056 mulier
1320 2026 1545 2058 interveniss'et.
1597 2028 1775 2066 Utrumque
1797 2026 1844 2058 in-

970 2066 1164 2098 terceffionis
1183 2076 1282 2108 genus
1305 2068 1424 2099 indicat
1445 2068 1576 2100 Senatus
1596 2069 1684 2099 hisce
1704 2066 1808 2099 verbis
1825 2075 1843 2098 a

970 2118 1021 2140 me
1039 2108 1132 2148 paulo
1157 2117 1231 2139 ante
1249 2109 1290 2139 fic
1312 2109 1507 2140 emendatis:
1531 2109 1619 2153 Quod
1640 2112 1677 2141 ud
1687 2106 1843 2150 fidejiiffio-

969 2160 1018 2181 nes
1036 2150 1071 2183 (ἵ
1089 2150 1185 2180 mutui
1201 2150 1348 2187 dationes,
1372 2152 1475 2191 quibus
1488 2158 1539 2191 pro
1557 2152 1620 2182 ciliis
1636 2151 1842 2191 intercesserint

962 2191 1109 2230 faeozz'nce,
1128 2192 1262 2230 pertinet.
1312 2191 1389 2232 Quo
1413 2193 1540 2223 inodo:
1572 2191 1690 2224 Mulier
1716 2201 1786 2232 quae
1810 2191 1845 2222 fi-

972 2232 1099 2272 dejubet
1123 2241 1181 2271 pro
1206 2233 1284 2270 alio,
1305 2233 1418 2273 procul
1443 2233 1542 2265 dubio
1567 2233 1680 2273 recipit
1700 2242 1844 2265 veterem

971 2272 1098 2305 alterius
1115 2274 1356 2314 obligationem.
1375 2283 1406 2306 at
1423 2275 1473 2306 cui
1493 2283 1635 2306 mutuum
1648 2276 1755 2313 datur,
1768 2283 1842 2306 cum

972 2314 1017 2345 est
1033 2315 1065 2345 id
1081 2315 1190 2346 datura
1206 2316 1277 2354 alii,
1289 2325 1325 2346 ea
1341 2325 1456 2347 novam
1475 2316 1588 2356 recipit
1602 2317 1843 2356 obligationem.

972 2355 1059 2386 Elio.
1082 2365 1193 2387 verum
1226 2357 1274 2387 his
1299 2357 1565 2388 Senatusconsulti
1591 2358 1695 2389 verbis
1722 2365 1844 2389 tantum

973 2399 1038 2428 duo
1055 2398 1262 2428 continentur
1284 2397 1515 2438 obligationum
1532 2408 1665 2439 genera,
1688 2398 1842 2439 fidejuffio

974 2438 1003 2469 &
1019 2445 1173 2469 mutuum.
1196 2438 1258 2469 Sed
1275 2439 1350 2469 milii
1370 2440 1643 2477 credemaeceffe
1660 2450 1718 2481 pro
1735 2449 1845 2471 exem-

975 2480 1032 2518 plis
1048 2480 1162 2518 quibus
1177 2479 1347 2511 illustretur
1360 2503 1367 2516 ‚
1386 2490 1450 2511 non
1469 2481 1698 2521 restringatur,
1710 2481 1844 2513 Senatus

974 2521 1187 2560 providentia.
1221 2521 1267 2551 Ac
1285 2531 1336 2552 me
1350 2522 1456 2562 juvat:
1479 2523 1562 2561 quod
1585 2523 1734 2555 Consules
1753 2524 1843 2554 initio

974 2562 1245 2592 senatusconsulti
1270 2562 1417 2594 dicuntur
1443 2564 1538 2595 verba
1555 2563 1662 2595 feciffe
1690 2565 1844 2605 generali·-

976 2610 1022 2633 ter
1040 2603 1080 2632 de
1097 2602 1345 2643 obligationibus
1363 2604 1584 2643 foeminarum,
1608 2615 1676 2646 quae
1698 2616 1756 2646 pro
1773 2606 1841 2636 aliis

974 2653 1034 2674 reae
1056 2642 1190 2676 fierent:
1214 2653 1273 2675 nec
1299 2645 1388 2685 sead
1413 2646 1505 2678 ullam
1531 2647 1760 2679 intercessionis
1776 2646 1842 2677 for-

975 2694 1058 2716 mam
1076 2685 1250 2725 alligarunt.
1295 2687 1452 2725 Accedit,
1475 2689 1560 2728 quod
1586 2697 1739 2728 praeterea
1768 2687 1844 2719 dici-

977 2734 1044 2762 tur,
1070 2726 1197 2757 Senatui
1219 2727 1384 2767 placuiss‘e,
1409 2726 1461 2759 Ne
1485 2739 1501 2760 a
1526 2729 1686 2768 foeminis,
1710 2729 1843 2760 11111101-

976 2767 1143 2804 cess'erint,
1167 2777 1207 2798 eo
1225 2768 1354 2800 nomine
1371 2768 1504 2810 petitio,
1529 2781 1609 2802 neve
1627 2772 1656 2802 in
1675 2780 1724 2801 eas
1739 2769 1841 2805 actio,

977 2809 1079 2839 detur.
1104 2817 1174 2839 nam
1193 2811 1242 2840 vel
1260 2810 1332 2841 inde
1356 2819 1504 2850 apparet,
1529 2813 1727 2843 voluntatem
1745 2810 1841 2840 Sena-

977 2858 1027 2880 tus
1043 2851 1081 2880 ad
1099 2858 1210 2881 omnes
1227 2851 1406 2892 pei-tingere
1428 2851 1683 2884 interccffionum
1698 2850 1836 2889 species:

978 2900 1018 2921 ex
1045 2890 1157 2930 quibus
1182 2900 1236 2923 aut
1259 2892 1340 2924 acrio
1369 2893 1399 2924 in
1421 2896 1604 2933 personam,
1628 2900 1680 2923 aut
1705 2891 1783 2921 attio
1807 2891 1839 2922 in

977 2941 1044 2962 reni
1066 2932 1214 2964 nascatur.
1237 2933 1287 2964 illa
1302 2944 1380 2965 vero
1406 2935 1490 2966 usum
1516 2936 1610 2965 habet
1626 2932 1654 2963 in
1673 2932 1840 2972 fidejuffio-

977 2974 1057 3004 ne&
1078 2982 1206 3005 mutuo:
1230 2974 1284 3006 ista
1301 2985 1475 3015 nusquam,
1495 2982 1703 3015 praeterquam
1720 2974 1751 3003 in
1774 2974 1842 3013 pig-

975 3023 1064 3044 nore.
1088 3015 1125 3045 ad
1149 3023 1292 3048 mutuum
1322 3025 1411 3048 certe
1437 3024 1490 3047 aut
1514 3014 1741 3055 fitlejussionem
1776 3024 1843 3046 non

975 3055 1100 3090 spe-Ctat.
1125 3064 1273 3096 putemus
1289 3057 1397 3099 igitur,
1421 3067 1436 3087 a
1454 3057 1716 3100 Senatiiomnem
1733 3054 1841 3088 foemi-

974 3105 1081 3127 narum
1097 3098 1351 3130 interceffioncm
1367 3098 1430 3129 line
1449 3097 1623 3128 discrimine
1645 3097 1838 3137 improbari,

973 3137 1102 3177 ejusque
1124 3139 1188 3170 duo
1211 3141 1338 3180 quidem
1363 3140 1499 3177 proponi
1527 3138 1688 3178 exempla,
1715 3137 1841 3181 fidejus7

972 3178 1089 3251 sioneiiln
1114 3180 1143 3211 &
1165 3182 1265 3214 mutui
1289 3180 1468 3219 dationcm3
1490 3179 1542 3211 scd
1566 3179 1612 3211 his
1632 3189 1696 3212 non
1713 3181 1840 3224 excludi

1035 3234 1046 3251 ,1
1082 3230 1108 3251 m
1132 3230 1149 3251 2
1726 3230 1836 3261 pigno—
