2036 3495
139 83 209 127 382
575 73 609 109 G
638 82 658 106 E
692 82 715 106 R
747 79 768 103 A
799 81 822 105 R
854 79 877 103 D
907 78 921 104 ι

142 167 232 201 annis
247 165 360 208 viginti
377 165 534 206 quinque:
546 169 618 193 nam
634 158 790 191 minorem
801 165 865 188 non
878 154 1013 202 placuit,

142 209 176 242 in
193 210 338 251 nuptias,
350 207 412 240 five
432 202 636 246 primas,iive
658 197 902 244 secundas,fine
919 204 1015 237 patris

145 251 324 287 sententia,
348 244 532 279 convenire.
555 242 597 274 iic
618 242 649 273 in
673 241 767 272 vidua
791 241 928 279 primum
953 237 1015 269 fuit

146 291 354 323 constitutum
370 289 389 320 l.
410 291 458 320 18.
484 285 517 315 C.
541 283 570 315 h.
595 288 615 313 t.
633 291 709 314 mox
725 281 820 312 etiam
840 279 868 310 in
887 280 1014 320 virgini-

145 333 207 364 bus
231 330 344 363 adultis
372 329 393 360 l.
420 336 468 358 20.
487 327 634 366 sequente.
665 331 761 363 atque
785 321 828 352 ibi
857 321 962 361 (quod
986 319 1017 352 in

145 373 279 406 Scholio
295 374 405 402 notant
416 366 542 406 Graeci)
558 365 683 397 additur
698 362 783 405 quasi
803 372 861 403 pro
877 361 1017 400 explica-

142 413 233 446 tione
249 414 276 443 d.
295 412 313 442 l.
332 414 378 444 ιε.
394 407 592 448 etiamipsius
606 406 799 447 puellaequae
816 402 946 442 suijuris
963 401 1020 441 fit,

146 453 307 487 adiensum
326 449 506 490 explorari:
531 457 603 480 cum
622 446 759 487 alioquin
778 443 880 485 poss'et
897 444 1019 484 putari,

146 497 234 528 idem
252 495 283 525 in
300 502 336 525 ea
351 490 519 529 obtinere,
543 489 628 529 quod
644 489 685 519 de
701 487 765 519 filia
782 487 811 517 in
830 485 921 517 sacris
938 483 1020 525 pofi-

150 544 183 569 ta
199 538 315 567 dicitur
331 534 363 565 in
380 535 408 564 ἀ.
426 532 446 564 l.
464 530 605 564 20.Haec
622 530 699 560 vivo
716 537 815 569 patre.
833 535 864 557 at
881 536 922 557 eo
937 535 1020 557 mor-

147 585 222 616 tuo,
238 576 259 608 11
275 573 435 614 cogitatur
451 574 490 604 de
509 571 700 603 collocanda
718 569 836 610 pupilla
848 591 856 605 ,
873 576 945 598 cum
962 567 1024 598 erit

148 619 269 661 pubes3
284 616 384 655 visum
400 614 445 646 est
462 614 583 645 Severo
599 613 628 644 &
640 611 808 643 Antonino
823 609 842 639 i.
859 617 884 639 ι.
904 609 937 639 C.
955 608 982 638 h.
997 612 1018 639 t.

147 667 291 692 tutorem
319 658 348 690 &
371 658 505 688 matrem
531 655 560 686 &
584 653 784 696 propinquos
808 650 848 695 de
871 649 1021 694 eligendo

143 701 256 734 futuro
275 699 392 731 marito
410 697 607 729 convenire:
632 695 662 725 ἃ
680 692 702 724 11
719 692 916 729 diss'entiant,
939 690 1020 720 arbi-

151 745 249 776 trium
275 738 415 773 Praefidis
442 737 614 778 provinciae
641 734 797 765 adhiberi.
824 732 898 763 Hoc
922 731 965 762 illi
990 731 1021 762 in

151 784 288 825 pupilla:
310 782 441 822 ejusque
457 777 607 817 exemplo
625 774 741 807 deinde
760 773 1021 809 Valentinianus,

153 825 276 858 Valens
287 822 316 854 &
327 822 498 854 Gratianus
510 819 603 851 etiam
612 818 643 849 in
655 816 750 848 vidua
759 838 767 853 ,
778 814 857 845 intra
874 814 1019 853 quintum

154 867 184 899 ἃ
195 865 374 898 vicesimum
385 870 500 893 annum
511 861 663 901 degente.
675 856 746 897 post
756 862 892 887 mortem
905 856 1018 894 patris,

154 905 312 940 observari
335 902 486 944 jusserunt
512 902 529 933 ι,
553 906 597 936 18.
614 900 646 930 C.
665 901 692 930 (i.
711 905 732 929 t.
753 897 858 929 Verba
878 896 953 935 legis
969 904 1020 935 ap-

153 948 261 991 posui:
284 945 356 986 quia
381 953 447 975 non
469 951 580 975 carent
603 936 804 972 difficultate.
836 937 922 981 Quod
940 935 969 974 fi
990 937 1022 966 iri

154 989 350 1023 conventionis
375 984 484 1017 delectu
513 984 642 1015 mulieris
665 982 801 1012 voluntas
822 979 916 1019 patris
939 983 1020 1016 repu-

151 1037 226 1072 gnat
239 1029 381 1068 sententiat
391 1050 400 1065 ‚
413 1026 449 1061 ἐπ”
457 1027 681 1066 propinquorum
689 1021 797 1062 :placet
807 1020 958 1051 admodum
969 1019 1022 1057 (ut

156 1074 189 1105 in
209 1067 362 1112 virginum
387 1067 636 1109 conjimfflonibus
650 1064 800 1104 sancitum
816 1059 873 1102 eft)
897 1059 1022 1106 babendo

154 1114 283 1147 examini
306 1110 506 1143 austoritatem
530 1115 640 1149 quoque
663 1104 827 1148 judiciariae
853 1108 1023 1142 cognitionis

157 1155 301 1198 adjungi:
323 1158 356 1183 ut
371 1150 400 1189 fi
421 1159 506 1192 pares
516 1150 578 1188 fint
597 1157 699 1190 genere
717 1145 753 1180 ὅ)
769 1144 912 1180 moribus,
935 1143 960 1172 is
971 1147 1023 1181 po-

159 1199 215 1230 tior
231 1193 429 1235 existimetur,
445 1201 528 1232 quem
541 1189 599 1229 fibi
615 1188 762 1223 conlidens
777 1187 878 1217 mulier
891 1183 1026 1223 approba-

159 1240 245 1271 verit.
269 1238 375 1268 Locus
393 1234 568 1273 descriptus
590 1240 630 1262 ex
657 1230 676 1261 i.
705 1238 730 1260 1.
750 1228 817 1259 Coti.
837 1225 938 1256 Toeoa.
958 1225 984 1254 b.
1003 1228 1025 1254 t.

157 1282 244 1321 cuius
268 1277 385 1314 verba,
416 1275 437 1306 si
460 1274 530 1314 quis
552 1271 702 1303 conferre
726 1269 823 1306 velit,
856 1267 924 1297 ᾔτεε
947 1263 1026 1295 sunt.

159 1322 248 1366 ρμοιί
256 1318 285 1358 fi
301 1320 333 1349 in
349 1316 517 1348 conditionis
527 1313 635 1344 delestu
644 1311 769 1343 mulieris
784 1309 921 1340 voluntas
936 1309 1027 1354 feriat

150 1362 306 1406 Jerzteritiae
318 1359 563 1400 propinquorum,
576 1355 670 1395 piacet
688 1353 857 1387 admodum,
881 1354 914 1379 ut
931 1356 962 1378 tn
975 1354 1030 1387 pu-

157 1405 299 1447 pillarum
309 1398 559 1441 conjunctionibus
569 1395 699 1430 santium
710 1391 759 1433 est,
771 1391 894 1423 babendo
904 1389 1032 1420 examini

160 1444 366 1478 azietoriracem
387 1447 496 1480 quoque
515 1437 680 1477 judiciaria*
702 1433 872 1474 cognitionis
888 1430 1031 1471 adjungi,

163 1481 416 1524 utfipareifint:
441 1481 470 1509 ἃ
494 1479 622 1516 reliqua.
646 1475 733 1518 Quid
750 1482 827 1514 ergo
846 1471 915 1503 est?
941 1478 1032 1502 vetus

163 1525 294 1561 Codicis
309 1519 525 1553 Theodosiani
547 1518 706 1557 interpres
729 1514 813 1546 reete
835 1513 1031 1544 animadver-

160 1571 220 1606 tit,
232 1568 295 1598 hoc
310 1562 398 1594 versu
417 1560 541 1592 tratlari
558 1559 660 1590 casum
679 1567 694 1588 a
710 1556 913 1597 praecedente
929 1556 1030 1585 diver-

160 1613 239 1643 sum.
256 1607 310 1639 illo
327 1603 473 1636 dixerant
491 1600 723 1641 Imperatores,
741 1598 818 1639 quid
834 1596 954 1628 vellent
971 1594 1029 1626 obe

163 1654 286 1687 tinere,
309 1645 328 1678 si
348 1645 452 1677 minor
467 1642 561 1674 vidua
587 1641 738 1682 suijuris,
759 1639 836 1670 vivo
853 1646 963 1678 patre,
986 1636 1031 1682 su-

165 1694 279 1726 stineat
301 1686 476 1719 convenire
507 1683 538 1715 in
562 1682 711 1714 secundas
741 1681 876 1721 nuptias.
900 1679 965 1710 hoc
988 1678 1033 1708 di-

164 1740 262 1771 cunt,
286 1728 364 1770 quid
389 1726 502 1759 servari
527 1725 663 1762 debeat,
686 1730 778 1764 patre
799 1729 940 1753 mortuo.
985 1717 1033 1749 lta

164 1784 246 1808 vero
268 1776 421 1814 apparet,
439 1769 535 1809 patris
559 1765 755 1798 mentionem
781 1764 812 1795 in
828 1765 856 1794 d.
877 1761 896 1793 l.
919 1765 965 1795 18.
989 1759 1035 1805 sa-

163 1819 248 1852 &tam
273 1815 338 1846 hoc
362 1810 394 1842 in
411 1808 522 1848 versu,
559 1806 621 1840 effe
636 1806 798 1847 spuriam,
820 1803 851 1835 &
873 1803 1037 1834 sententiae

164 1860 398 1899 Imperatorum
416 1859 556 1893 gravem.
579 1848 675 1889 quid,
699 1847 720 1879 fi
737 1855 797 1878 nec
814 1844 920 1876 Graeci
929 1844 978 1874 lib.
989 1846 1037 1876 28.

169 1899 285 1939 Basilio.
309 1897 354 1928 tit.
383 1903 412 1931 4.
436 1899 505 1933 pag.
530 1895 599 1929 248.
627 1895 694 1921 tom.
718 1897 747 1925 a.
771 1886 944 1928 agnoscunt
968 1892 1037 1915 earn

164 1949 303 1977 vocem;
327 1935 449 1967 versum
468 1934 555 1965 illum
580 1933 623 1963 ita
645 1929 892 1965 transferentes,
918 1925 1040 1956 Fabro-

168 1992 207 2016 to
224 1985 417 2020 interprete:
443 1975 548 2007 Puella
563 1974 655 2005 minor
669 1972 755 2003 amris
771 1970 880 2010 viginti
893 1969 1039 2009 quinque,

169 2021 357 2063 &suijuris
374 2014 550 2057 constituta,
574 2017 677 2045 iterum
699 2018 850 2051 nuptura,
873 2019 909 2040 ex
925 2010 1040 2049 senten-

173 2069 218 2099 tia
230 2063 324 2106 patris
340 2061 441 2091 nubat.
456 2058 530 2098 quod
544 2055 565 2093 fi
575 2061 660 2097 poter
676 2053 817 2097 decefferz't
828 2061 882 2091 ,ex
894 2051 1039 2090 sententia

169 2098 492 2151 propinquorumNon
509 2097 603 2139 igitur
619 2095 789 2137 potestillo
809 2092 939 2125 inversu
956 2092 1034 2135 tole-

172 2149 233 2182 rari
249 2155 333 2183 vox,
355 2143 465 2182 patris.-
489 2149 548 2180 pro
566 2147 667 2178 eaque
684 2136 840 2168 substituit
862 2133 1033 2173 D.Cujac1-

173 2200 208 2223 us
225 2190 273 2220 lib.
293 2195 321 2228 3.
341 2185 461 2225 Observ.
481 2191 504 2212 c.
521 2191 550 2221 5.
568 2180 771 2219 sequentem,
792 2177 908 2212 matrim
935 2174 1036 2215 postu-

171 2233 259 2265 ]ante
275 2227 371 2260 sensu.
395 2222 521 2256 interim
537 2231 594 2252 nec
617 2220 670 2252 ista
687 2227 775 2251 cittat
792 2219 823 2249 in
846 2219 872 2248 d.
889 2218 907 2246 1.
928 2224 951 2246 1.
973 2215 1040 2246 Cod.

176 2272 279 2306 Theod.
303 2276 408 2308 neque
432 2265 517 2305 apud
541 2262 694 2294 Veterem
719 2262 784 2301 eJus
809 2259 1042 2296 interpretem,

175 2322 281 2354 neque
296 2310 378 2351 apud
402 2306 550 2339 Graecos.
590 2302 726 2345 proinde
748 2301 836 2341 quod
860 2298 982 2336 differt,
1006 2297 1044 2344 iit

175 2356 206 2387 in
224 2354 343 2385 medio.
366 2348 446 2382 illud
463 2354 607 2383 certum,
630 2344 718 2384 quod
744 2343 835 2374 initio
850 2341 985 2378 dietum,
1011 2340 1043 2370 li-

173 2396 258 2428 beris
284 2395 316 2425 in
338 2389 497 2433 potestate
521 2386 729 2418 existentibus
754 2383 960 2416 neceffarium
980 2380 1042 2412 effe

202 2437 273 2468 atris
288 2432 481 2466 consensum.
497 2428 606 2472 Quid,
621 2427 642 2458 fi
658 2428 682 2458 is
699 2424 822 2457 recuset
839 2422 1043 2455 consentire?

175 2447 360 2511 {lateranus
379 2475 398 2505 l.
412 2482 458 2510 19.
478 2472 523 2502 D.
536 2471 564 2501 b.
580 2476 601 2501 t.
618 2468 656 2499 {ic
672 2466 795 2499 scribit:
819 2466 918 2506 Capite
935 2462 1044 2505 trigesi-

178 2529 222 2552 mo
239 2519 337 2559 quinto
361 2515 451 2556 Legis
467 2512 577 2553 Juliae,
602 2510 664 2554 Qgti
687 2509 787 2540 liberos
808 2517 876 2548 quos
893 2506 994 2537 habent
1012 2507 1045 2536 in

177 2557 316 2603 potestate
331 2580 341 2595 ‚
371 2557 483 2597 injuria
506 2552 703 2594 prohibuerint
732 2551 833 2580 ducere
857 2555 976 2578 uxorem
998 2547 1046 2578 vel

180 2603 287 2633 nubere
304 2598 367 2637 (vel
383 2598 432 2637 qui
449 2598 537 2626 dotem
561 2595 629 2624 aare
651 2601 708 2623 non
726 2590 829 2622 volunt
846 2598 882 2620 ex
897 2585 1045 2627 Constitu-

181 2646 258 2676 tione
275 2640 425 2671 Diuorum
449 2637 546 2667 Severi
562 2634 597 2669 ἐξ
611 2631 776 2671 Antonini)
786 2637 838 2671 per
846 2629 1026 2670 proconsules
1036 2652 1046 2667 ,

181 2681 373 2721 Praefidesqne
387 2679 600 2718 provinciarum
618 2679 762 2716 coguntur
782 2673 815 2703 in
832 2671 1048 2702 matrimonium

184 2725 319 2759 collocare
334 2719 370 2754 {5⁹
387 2720 492 2749 dotare.
516 2718 667 2749 Prohibere
684 2714 920 2758 autemvidftur,
946 2710 982 2757 ἐξ
997 2712 1048 2752 qui

184 2765 374 2800 conditionem
386 2768 444 2790 non
458 2759 566 2798 querit.
600 2758 695 2789 Plane
713 2765 777 2788 non
787 2756 898 2787 deiunt
914 2752 1001 2784 caius
1020 2754 1051 2784 in

186 2809 302 2849 quibus
319 2800 415 2843 patris
429 2797 579 2831 consensu
595 2799 701 2830 liberis
719 2806 785 2829 non
801 2795 845 2827 est
863 2804 950 2836 opus.
972 2794 1051 2826 tales

186 2851 279 2887 sunt,
303 2845 324 2877 si
340 2850 428 2884 pater
445 2840 482 2871 fit
497 2837 650 2877 furiosus,
674 2840 727 2871 vel
754 2839 784 2870 in
803 2836 939 2868 hostium
957 2842 1051 2876 pote-

184 2892 285 2928 state,
309 2886 361 2917 vel
377 2881 471 2915 abiit:
487 2880 527 2911 de
546 2879 658 2919 quibus
672 2881 705 2911 in
721 2880 741 2912 l.
758 2889 787 2917 9.
804 2879 832 2920 §.
854 2887 879 2909 i.
898 2878 918 2909 l.
939 2886 984 2908 ιι.
1006 2877 1051 2908 D.

186 2934 214 2965 h.
234 2938 257 2963 t.
282 2930 302 2961 l.
323 2924 421 2966 αις.
440 2933 469 2955 2.
491 2921 530 2952 D.
553 2921 586 2951 de
609 2921 715 2959 captiv.
735 2928 780 2961 pr.
809 2918 880 2960 [nst.
904 2919 931 2950 h.
954 2924 975 2950 t.
997 2916 1051 2949 ubi

186 2970 293 3016 petest
315 2968 394 2999 adiri
411 2964 451 2996 V.
473 2962 533 2995 CL.
547 2961 640 3001 janus
656 2969 673 2990 a
690 2960 795 2993 Costa.

229 3013 378 3045 Tertium
396 3006 518 3047 Legum
530 3008 723 3043 praeceptum
733 3002 849 3040 spectat
863 3002 902 3034 ad
912 3000 1050 3041 ipsorum

186 3049 445 3088 contrahentium
465 3043 663 3089 consensum:
686 3040 751 3088 fine
766 3044 883 3087 dubio,
905 3043 1050 3084 quianu-

188 3099 263 3139 ptiae
289 3096 358 3124 {unt
382 3089 440 3121 viri
467 3090 496 3119 οὶ
520 3085 657 3117 mulieris
679 3083 882 3121 commistio,
911 3083 974 3123 ipsa
990 3083 1053 3115 fine

189 3135 342 3170 consensu
373 3131 457 3163 nulla
478 3141 485 3161 :
520 3127 664 3168 quippe,
694 3132 766 3155 cum
795 3126 890 3162 magis
914 3126 1024 3156 animis
1040 3147 1051 3162 ‚

190 3187 285 3222 quam
311 3175 416 3213 coitu,
444 3170 623 3204 aestimetur.
669 3165 720 3201 Ab
743 3164 803 3202 hac
825 3163 915 3199 causa
938 3164 1051 3200 Paulus

978 67 1243 103 Neonr
1300 68 1514 106 Coitit.

1057 156 1074 188 1.
1092 164 1122 188 2.
1142 156 1209 201 h.·t.
1251 155 1399 203 Nuptiae,
1429 158 1552 199 inquit,
1576 158 1746 191 consistere
1767 164 1834 190 non
1858 156 1928 199 pos-

1056 197 1143 235 sunt,
1159 196 1215 228 nifi
1229 199 1428 231 conlentiant
1443 209 1575 238 omnes,
1591 200 1623 232 id
1639 199 1704 242 est,
1719 201 1772 241 qui
1788 202 1931 239 coeunt,

1058 245 1261 279 quorumque
1291 243 1322 271 in
1349 240 1507 280 potestate
1532 241 1610 272 sunt.
1653 241 1802 273 Confistit
1825 248 1932 272 autem

1060 278 1229 310 consensus
1261 289 1302 312 ex
1335 283 1460 314 duobus
1477 292 1483 313 :
1515 282 1662 314 nimirum
1694 291 1735 314 ex
1766 282 1934 314 intellectu

1061 323 1090 366 <st
1109 321 1284 353 voluntate.
1309 322 1351 354 illi
1373 322 1544 355 eontrarius
1576 323 1621 355 est
1650 331 1764 363 error,
1802 324 1933 363 imperi-

1063 370 1140 392 tiam
1151 363 1322 403 detegensl
1347 373 1390 405 15·
1404 366 1449 397 I).
1460 364 1645 407 aejzirisaitz.
1664 364 1737 396 huic
1754 366 1800 396 vis
1812 386 1821 403 ,
1836 364 1933 396 etiam

1062 411 1187 448 metus,
1209 403 1406 437 adversatur:
1435 414 1470 437 ut
1487 406 1738 438 demonstratum
1763 407 1851 446 supra
1874 404 1932 436 sub

1063 442 1197 490 Titum,
1229 443 1316 486 Quod
1338 453 1429 477 metus
1451 452 1545 487 causa.
1575 448 1610 480 ln
1641 457 1770 485 errore,
1801 456 1866 488 quo
1890 447 1933 478 de

1064 492 1201 528 primum
1234 494 1341 525 agam,
1374 486 1418 518 est
1444 489 1621 521 adhibenda
1652 489 1721 519 haec
1744 487 1904 519 distinctio
1921 496 1932 518 ε

1065 526 1154 570 quod
1164 526 1251 571 alius·
1259 533 1385 573 putatur
1396 529 1508 572 cadere
1516 531 1547 561 in
1558 529 1755 561 substantiam
1768 530 1933 560 matrimo-

1065 576 1129 614 nii,
1153 566 1229 598 alius
1245 575 1274 597 in
1291 569 1476 600 accidentia.
1493 570 1524 601 in
1535 570 1733 603 substantiam
1750 571 1934 602 caditerror

1064 617 1096 639 in
1114 617 1271 647 corporet
1296 609 1563 656 nec-ambigitur,
1585 613 1659 651 quin
1675 612 1728 643 ille
1745 610 1932 643 consensum

1064 649 1226 694 eitclud'at.
1249 650 1336 689 quod
1355 652 1373 680 li
1392 651 1431 680 de
1447 659 1582 690 corpore
1598 653 1739 692 constet,
1755 652 1936 687 innomine

1064 688 1279 728 diffentiatur3
1302 690 1471 721 nihilfacit
1489 700 1576 722 error
1591 693 1726 725 nominis
1742 694 1760 725 l.
1780 703 1809 730 9.
1824 701 1871 734 pr.
1893 693 1932 728 ἐξ

1062 730 1091 771 §.
1112 739 1138 761 1.
1157 731 1204 761 D.
1219 731 1252 761 de
1266 732 1395 776 contrab.
1416 737 1498 773 empt.
1525 732 1543 763 l.
1567 742 1617 773 32.
1644 735 1691 765 D.
1708 735 1740 765 cle
1754 737 1831 765 verb.
1847 734 1931 776 oblig.

1063 772 1222 818 Praeterea
1237 773 1362 813 attingit
1371 772 1570 805 substantiam
1584 772 1774 806 matrimonii
1789 785 1894 814 err0r3
1909 775 1934 807 fi

1064 822 1113 859 vir
1129 820 1182 844 aut
1193 821 1276 844 uxor
1291 813 1416 845 laboret
1426 813 1506 845 vitio
1517 814 1709 845 matrimonii
1725 813 1819 846 finem
1837 819 1939 855 impe-

1064 854 1190 898 diente,
1205 854 1300 894 quale
1313 854 1428 900 yitium
1446 854 1510 895 est3
1533 854 1554 887 si
1572 854 1686 886 mulier
1702 862 1765 886 tam
1781 856 1863 886 arcta
1880 856 1938 896 fit,

1064 903 1100 926 ut
1116 895 1229 939 mulier
1244 894 1320 941 ,fieri
1345 905 1496 937 nequeat.
1519 898 1596 928 item
1613 895 1634 928 fi
1651 896 1699 927 vir
1719 895 1755 927 fit
1770 896 1940 935 castratus,

1064 944 1117 967 aut
1133 937 1273 976 alioquin
1293 937 1332 967 ab
1349 938 1441 970 initio
1467 936 1659 970 matrimonii
1682 946 1783 977 usque
1799 937 1838 968 ad
1856 937 1938 968 duos

1063 986 1164 1021 annos
1187 977 1362 1009 continuos
1384 979 1455 1019 (vel
1477 980 1547 1020 jure
1563 978 1728 1010 noviffimo
1743 981 1824 1010 intra
1841 978 1938 1009 trien-

1065 1019 1179 1063 nium)
1196 1027 1269 1050 cum
1287 1028 1389 1050 uxore
1407 1021 1512 1059 coire,
1538 1027 1669 1061 propter
1688 1019 1861 1051 naturalem
1880 1017 1939 1050 iin-

1065 1058 1296 1105 becillrtatem,
1328 1060 1459 1093 minime
1485 1060 1596 1093 valeat.
1630 1067 1696 1102 quo
1720 1060 1791 1092 casu
1813 1059 1937 1092 nullum

1066 1098 1175 1131 haberi
1193 1103 1431 1133 matrimonium
1443 1126 1453 1141 ,
1469 1102 1658 1144 Justinianus
1677 1103 1779 1134 voluit
1802 1101 1821 1132 l.
1835 1110 1881 1133 10.
1899 1100 1937 1135 &⁹

1067 1141 1239 1186 Aztthentic.
1263 1143 1319 1174 Sed
1343 1143 1421 1173 hodie
1451 1143 1484 1174 C.
1508 1145 1541 1175 de
1556 1145 1655 1185 repud.
1678 1143 1754 1175 Non
1772 1144 1814 1174 ita
1831 1141 1895 1181 est3
1916 1141 1941 1174 1ἰ

1067 1191 1137 1222 quis
1157 1184 1336 1229 putaverit,
1349 1183 1379 1214 se
1390 1185 1508 1216 ducere
1524 1193 1661 1216 uxorem
1678 1185 1810 1217 divitem
1821 1207 1830 1222 ,
1846 1192 1943 1223 quam

1068 1231 1206 1269 reperiat
1224 1233 1366 1265 inopem.
1384 1234 1458 1269 nam
1477 1227 1501 1257 is
1518 1235 1607 1257 error
1616 1225 1747 1257 subsistit
1764 1226 1845 1256 intra
1860 1225 1944 1256 acci-

1070 1266 1177 1310 dentia
1198 1267 1411 1306 matrimoni13
1428 1268 1467 1298 ad
1485 1267 1683 1299 substantiam
1703 1272 1946 1307 nonpenetratt

1071 1305 1258 1354 manrfestm
1283 1307 1315 1338 id
1342 1308 1392 1352 vel
1416 1308 1478 1339 fine
1500 1310 1579 1340 dote
1602 1307 1664 1340 effe
1689 1307 1776 1348 posse
1793 1308 1811 1338 i.
1835 1315 1941 1347 11.pr.

1072 1346 1109 1381 ὣ)
1126 1346 1158 1394 §3
1176 1347 1252 1393 μί’.
1272 1349 1299 1378 d.
1316 1353 1337 1379 t.
1354 1348 1448 1389 igitur
1467 1358 1527 1380 nec
1543 1349 1635 1381 solvit
1654 1347 1943 1387 matrirnonium,[i

1074 1392 1243 1432 preelertim
1260 1388 1361 1420 assum
1378 1389 1414 1421 fit
1430 1390 1515 1421 bona
1531 1389 1604 1421 fide.
1621 1398 1685 1421 non
1702 1389 1830 1422 admisso
1846 1390 1944 1428 dolo,

1074 1429 1270 1475 servantibus
1291 1430 1365 1469 juris
1390 1431 1533 1472 regulas,
1555 1440 1611 1462 cur
1626 1431 1670 1462 illi
1686 1431 1718 1462 in
1736 1431 1852 1471 nuptiis
1871 1438 1937 1462 ma-

1073 1479 1138 1516 gis,
1149 1479 1243 1510 quam
1258 1479 1288 1502 ιιι
1304 1472 1429 1503 caeteris
1440 1471 1813 1513 negotiisiniiulgeatur?
1831 1473 1939 1512 potius

1074 1512 1244 1557 dicendum
1256 1534 1265 1548 ‚
1284 1518 1351 1543 rem
1364 1511 1578 1544 sanctissimam
1591 1535 1601 1549 ‚
1624 1513 1653 1543 &
1669 1514 1706 1544 ad
1724 1513 1864 1544 solatium
1881 1511 1941 1542 hu-

1073 1561 1173 1584 manae
1191 1561 1261 1598 Vitae
1278 1561 1518 1599 comparatam,
1540 1553 1626 1585 nulla
1644 1552 1706 1585 effe
1730 1552 1944 1584 dehonestan-

1075 1594 1145 1639 dam
1164 1600 1319 1633 nequitia:
1344 1603 1399 1632 ac,
1416 1593 1438 1626 fi
1454 1596 1651 1635 emptionem
1668 1594 1908 1631 venditionem,
1924 1592 1948 1625 fi

1074 1634 1330 1681 stipulationem,
1347 1636 1491 1676 aliosque
1507 1636 1689 1667 contraditus
1700 1658 1709 1674 ,
1726 1635 1856 1667 deteOto
1872 1634 1952 1666 dolo-

1075 1684 1129 1707 aut
1159 1676 1245 1707 civ1li
1271 1685 1324 1708 aut
1347 1677 1500 1718 praetorio
1526 1678 1595 1718 jure
1618 1675 1828 1709 infirmamus:
1852 1685 1950 1716 opor-

1077 1724 1145 1749 tere
1163 1717 1314 1764 profeelo
1332 1719 1456 1764 nuptias
1478 1718 1590 1751 fraude
1607 1719 1637 1750 ὅ(
1653 1718 1728 1750 dolo
1745 1717 1950 1756 contraetas,

1077 1767 1137 1800 pro
1162 1759 1293 1792 infirmis
1316 1759 1452 1791 haberi?
1475 1758 1637 1801 Superiori
1661 1759 1825 1800 quaestioni
1848 1757 1950 1791 affinis

1080 1800 1126 1832 est
1150 1798 1303 1841 sequens,
1327 1801 1404 1842 quid
1425 1801 1500 1842 J'uris
1524 1800 1581 1840 fit,
1609 1800 1631 1833 fi
1657 1801 1727 1842 quis
1752 1810 1812 1841 pro
1827 1800 1951 1841 virgine

1080 1849 1214 1873 uxorem
1237 1843 1331 1874 ducat
1352 1843 1517 1875 mulierem
1542 1842 1581 1874 ab
1602 1842 1666 1875 alio
1688 1839 1951 1884 impraegnatam?

1080 1882 1161 1914 Sunt
1187 1886 1240 1923 qui
1264 1891 1380 1924 putent
1402 1885 1635 1917 matrimonium
1662 1885 1787 1924 valere3
1810 1885 1951 1924 ideoque

1082 1924 1247 1956 mulierem
1259 1948 1269 1964 ‚
1293 1926 1337 1957 ob
1352 1925 1604 1958 fornicationem
1620 1933 1694 1957 ante
1710 1924 1888 1964 admiffam,
1910 1924 1955 1956 di·
1980 1929 1985 1938 “

1082 1972 1165 1998 mitti
1186 1975 1251 1998 non
1276 1966 1376 2007 poffe.
1398 1967 1459 1999 Alii
1482 1967 1695 2009 distinguunt,
1717 1975 1822 1999 utrum
1839 1975 1889 1998 res
1903 1965 1956 1997 ad·

1082 2007 1146 2038 huc
1162 2007 1285 2052 constet
1303 2009 1385 2040 intra
1404 2007 1573 2048 sponsalia3
1589 2009 1703 2049 anjam
1722 2007 1901 2049 perfectum
1917 2007 1955 2037 sit

1082 2050 1335 2081 matrimonium:
1357 2049 1517 2088 arbitrati,
1547 2051 1650 2090 priore
1666 2049 1736 2081 casu
1760 2058 1792 2080 re
1819 2048 1892 2080 udio
1907 2047 1957 2078 lo·

1078 2099 1151 2121 cum
1164 2089 1255 2136 sore,
1279 2090 1452 2132 posteriore
1466 2089 1604 2123 deficere
1619 2090 1741 2122 causam
1754 2100 1787 2122 re
1803 2087 1955 2121 cindendi

1078 2133 1282 2176 matrimonii.
1298 2131 1364 2174 Qui
1378 2131 1419 2164 fic
1435 2132 1581 2171 censent,
1596 2139 1714 2173 negant
1725 2154 1734 2170 ‚
1750 2131 1789 2163 ad
1807 2131 1872 2162 vim
1887 2138 1953 2162 ma-

1083 2173 1219 2219 trimonii
1244 2173 1426 2212 desiderari,
1457 2183 1525 2206 eam
1549 2174 1580 2204 in
1605 2183 1700 2214 quam
1718 2172 1952 2209 consentiatur,

1084 2214 1145 2245 elle
1161 2215 1326 2255 virginem.
1351 2223 1503 2255 praeterea
1525 2215 1709 2251 causantur,
1733 2213 1753 2245 fi
1773 2213 1953 2254 quisvidu—

1085 2264 1134 2302 am
1154 2258 1267 2295 ducat,
1284 2265 1379 2297 qnam
1399 2265 1490 2297 putet
1515 2265 1687 2296 numquam
1697 2254 1786 2286 fuiffe
1803 2260 1952 2294 nuptam;

1087 2307 1190 2329 virum
1224 2296 1397 2338 sapientem
1421 2298 1451 2329 δε
1480 2307 1583 2329 rerum
1607 2297 1858 2336 intelligentem,
1893 2291 1948 2323 fibi

1086 2347 1257 2379 numquam
1278 2341 1523 2380 imperaturum3
1547 2347 1600 2377 ut,
1617 2338 1660 2370 ob
1678 2338 1771 2368 talem
1788 2340 1948 2376 errorem,

1085 2381 1320 2412 matrimonium
1338 2380 1494 2412 diffolvac.
1519 2379 1608 2422 Quid
1632 2376 1790 2410 dicimus?
1813 2375 1950 2405 leviores

1085 2421 1148 2453 effe
1165 2421 1217 2453 has
1233 2422 1358 2461 causas,
1382 2431 1475 2461 quam
1496 2429 1529 2452 ut
1545 2420 1695 2453 sufficiant
1711 2414 1953 2458 demonstrando

1086 2464 1175 2503 quod
1192 2471 1349 2495 conantur
1368 2461 1467 2495 Docti
1484 2463 1561 2494 Viri.
1583 2461 1719 2502 primum
1734 2466 1789 2489 cur
1805 2454 1951 2502 sponsalia

1998 1447 2009 1503 ech.

1088 2503 1284 2545 distinguunt
1307 2514 1324 2536 a
1351 2504 1486 2544 nuptiis,
1515 2503 1580 2542 pari
1606 2501 1766 2539 utrimque
1798 2495 1951 2528 ratione?
2000 2527 2002 2530 ,

1089 2546 1205 2577 deinde
1220 2554 1255 2577 ut
1269 2545 1380 2577 demus
1391 2568 1400 2583 ‚
1425 2544 1637 2589 virginitatem
1654 2549 1721 2572 non
1737 2539 1896 2579 pertinere
1911 2537 1953 2568 ad

1089 2586 1286 2618 substantiam
1312 2585 1522 2622 matrimoni13
1552 2591 1658 2622 eoque
1684 2589 1748 2612 tam
1767 2579 1952 2616 mulierem,
1994 2596 1999 2598 >

1090 2636 1182 2666 quam
1195 2629 1369 2668 virginem,
1392 2632 1525 2656 uxorem
1544 2623 1616 2655 duci
1634 2621 1737 2664 posse:
1759 2630 1826 2652 non
1845 2627 1954 2650 tamen

1089 2668 1187 2700 fuerit
1210 2668 1271 2699 hoc
1295 2667 1444 2699 rationis:
1467 2665 1520 2696 nili
1543 2665 1595 2696 ubi
1618 2666 1666 2696 vir
1687 2661 1829 2694 vitiatam
1844 2659 1954 2701 (uuod

1091 2712 1130 2741 de
1143 2709 1300 2741 Pontiano
1316 2708 1462 2748 privigno
1480 2706 1534 2737 suo
1550 2705 1649 2737 refert
1664 2704 1835 2743 Apuleius,
1849 2702 1955 2742 Apolo-

1091 2751 1173 2794 gia.)
1187 2749 1242 2782 fibi
1260 2758 1393 2781 uxorem
1409 2747 1470 2779 effe
1485 2748 1563 2779 velit
1578 2745 1742 2778 intelleeto
1760 2744 1877 2784 stupro.
1901 2741 1956 2774 Nu

1096 2799 1217 2831 mutat,
1237 2791 1324 2831 quod
1340 2790 1457 2821 dietum
1475 2788 1515 2819 de
1530 2789 1626 2820 vidua
1642 2787 1734 2819 ducta
1752 2794 1811 2826 pro
1825 2783 1957 2828 muliere

1095 2833 1237 2874 innupta.
1260 2831 1343 2864 Nam
1367 2838 1402 2862 ut
1417 2837 1558 2866 taceam,
1582 2829 1669 2861 hunc
1692 2835 1833 2859 errorem
1860 2833 1956 2864 turpi·
1997 2843 2000 2848 .

1096 2874 1207 2906 tudine
1223 2881 1351 2904 vacare:
1373 2871 1479 2912 potest
1505 2870 1569 2902 dici
1586 2869 1735 2912 neganti,
1757 2868 1787 2899 se
1804 2867 1844 2899 de
1862 2867 1957 2897 vidua
2006 2887 2013 2898 =.

1094 2914 1261 2956 cogitaffe,
1284 2913 1313 2945 ei
1329 2912 1443 2945 licuisse
1457 2912 1634 2952 inquirere,
1658 2909 1796 2941 fueritne
1812 2915 1885 2939 ante
1902 2913 1958 2937 nu-
1994 2910 2003 2946 ᾗ

1092 2966 1166 2998 pta,
1188 2965 1228 2988 an
1242 2964 1318 2987 non.
1342 2961 1512 2992 caeterum,
1535 2962 1641 2986 utrum
1656 2951 1746 2991 virgo
1760 2949 1815 2987 fit,
1838 2958 1876 2979 an
1892 2955 1958 2978 non
1995 2950 2007 2990 ,ξ

1094 2999 1148 3037 sit,
1172 3006 1232 3038 qua
1250 3005 1317 3028 arte
1333 3004 1385 3027 aut
1401 2994 1549 3027 industria
1562 2994 1674 3027 rescire
1690 2990 1820 3032 potuit?
1839 2988 1884 3020 est
1902 2986 1960 3027 igi-
1997 2983 2013 3013 ,⁵
2035 3011 2036 3031 ἶ

1098 3047 1146 3071 tut
1169 3040 1271 3071 altero
1294 3040 1324 3069 in
1347 3037 1415 3069 casu
1441 3035 1526 3077 quod
1549 3035 1578 3067 ei
1594 3035 1788 3074 imputetur,
1810 3032 1842 3061 in
1856 3030 1959 3073 altero

1097 3089 1162 3113 non
1182 3079 1236 3112 est.
1260 3078 1312 3111 Ne
1330 3077 1463 3110 resistam
1489 3077 1620 3117 quidem
1642 3074 1771 3107 ulterius
1790 3079 1851 3111 prae
1867 3069 1896 3099 se
1912 3071 1961 3100 ie-

1096 3122 1199 3160 renti‚
1231 3120 1407 3161 hujusmodi
1433 3127 1594 3157 errorem,

1094 3163 1289 3200 matrimonii
1309 3163 1364 3204 sit,
1388 3159 1577 3199 consensum
1594 3155 1784 3193 excludere3
1808 3153 1878 3187 viro
1895 3160 1963 3223 gvria-

1933 3211 1962 3231 —2

1624 3115 1707 3157 quasi
1734 3114 1773 3144 de
1797 3109 1984 3147 substantia„
2035 3132 2036 3144 ἢ
