2036 3495
527 62 590 99 AD
626 61 720 97 L113.
756 57 885 96 XXIII.
921 59 979 96 T1
992 70 1024 95 T.
1054 57 1080 94 1.
1109 59 1157 96 De
1172 60 1380 108 sponsalibus.

72 157 268 192 tantummodo
288 153 407 186 redditis
428 162 500 196 quas
519 157 673 193 acceperat.
696 149 806 182 Simile
828 156 936 182 exem-

69 202 158 242 plum
168 199 251 231 exiiii
268 197 331 228 hoc
342 196 452 228 Paulii.
470 195 545 241 10.§
570 203 594 225 1.
610 194 654 224 l).
667 193 699 222 de
708 191 750 223 Ins
759 192 810 233 qui
824 195 936 222 notant.

68 243 175 282 insum.
196 240 270 284 Quae
285 239 384 269 virum
399 238 509 279 eluget,
532 244 612 267 mira
635 236 665 265 zui
681 238 787 274 tenipus
805 233 937 273 sponsam

66 282 152 323 fuiffe
168 292 224 313 non
243 284 321 312 nocet
768 314 774 320 Ι
905 315 909 318 η

107 324 203 356 Nunc
228 331 286 363 age
313 320 481 351 tractemus
505 318 544 349 de
561 317 628 357 iure
644 314 878 357 sponsaliorum.
904 316 934 347 ld

72 366 149 398 olim
162 364 222 395 fuit
242 363 324 394 aliud
337 385 345 399 ‚
357 362 438 392 aliud
449 359 555 399 postea
565 357 841 401 receptumolim,
853 355 872 387 fi
884 355 931 387 sti·

71 407 194 447 pul-aiio
207 406 244 435 de
263 403 453 444 iponialibus
466 401 681 432 interveniiiet
692 422 701 437 ,
713 405 780 429 erat
788 408 826 428 ex
840 396 929 437 stipu

69 449 137 480 latu
153 448 251 478 aetio:
274 454 312 476 ac
327 443 347 475 fl
365 452 424 474 non
452 443 577 472 daretur
603 449 701 477 uxor,
725 447 776 470 aut
795 448 858 470 non
876 440 929 469 du-

71 486 354 526 ceretur31udiccs
370 482 626 522 cognoscebant,
636 481 847 521 quamobrem
864 481 936 511 data

67 521 243 568 acceptave
269 534 329 557 non
363 523 440 555 esset
470 532 559 554 uxor.
593 524 678 562 quod
701 521 721 553 si
746 522 822 552 nihil
845 521 934 562 Juiiae

68 571 166 602 causae
175 567 357 604 videbatur,
375 566 461 597 litem
474 564 607 605 pecunia
623 563 933 602 aeiiimabant,quan-

66 613 157 651 tique
179 607 386 644 interfuerat,
412 616 479 638 eam
504 614 637 637 uxorem
656 603 757 643 accipi
775 609 829 650 aut
847 604 932 641 dari,

68 662 141 684 eum
159 650 211 690 qui
228 649 457 688 spoponderat,
488 647 755 678 condemnabant.
781 648 812 676 id
832 643 933 675 refert

67 695 106 726 A.
128 687 254 724 Gellius
278 692 325 721 lib.
351 701 379 728 4.
403 688 482 721 Noti
519 688 612 720 Attic.
628 696 651 718 c.
676 697 705 726 4.
731 687 818 718 addit
834 686 936 718 Varro

69 736 108 766 lu:
134 746 163 775 5.
179 734 227 764 De
242 733 312 771 ling.
327 733 425 762 Latin.
438 738 506 772 pag.
525 738 573 768 41.
585 728 679 760 etiam
696 728 795 760 solere
813 734 932 772 certam

66 777 234 817 pecuniam
251 773 440 812 deiponderr
452 781 551 811 poenae
564 771 709 809 nomine,
722 777 819 809 atque
836 771 931 809 exigi.

66 818 260 858 prudenter:
285 814 390 845 scribit
408 821 495 845 certe
520 812 691 852 Venuleius
714 810 811 854 huit.
839 809 879 840 D.
898 811 932 840 de

60 857 164 900 fiisul.
187 863 300 897 praetor.
326 855 355 886 ln
380 854 533 895 ejusmodi
558 851 828 892 stipulationibus,
860 859 929 890 quae

69 899 178 938 quanti
203 908 251 929 res
275 897 340 935 est,
365 896 599 936 promissionem
625 894 763 930 habent,
786 900 929 924 commo-

64 942 135 973 dius
153 937 214 970 esse
231 947 350 969 certam
369 938 516 969 summam
534 935 828 976 comprehendere:
850 942 929 980 quo-

64 983 148 1013 niam
167 983 352 1020 plerumque
368 978 500 1011 difficilis
519 977 665 1018 probatio
682 975 743 1014 est,
759 981 866 1015 quanti
877 983 924 1019 cu·

65 1023 179 1064 jusque
197 1021 334 1057 intersit,
366 1021 392 1051 δι
411 1021 450 1052 ad
465 1022 606 1061 exiguam
630 1019 778 1050 summam
801 1015 928 1047 deduci-

69 1071 131 1095 tur.
155 1062 250 1095 Haec:
274 1061 294 1094 si
313 1061 471 1101 stipulatio
486 1058 701 1092 intervenisset
734 1059 821 1097 quod
836 1057 855 1089 fi
873 1066 927 1088 nu-

70 1106 113 1136 do
124 1105 217 1144 patto
235 1102 431 1134 conveniffet
448 1104 486 1133 de
499 1100 780 1143 sponsalibus:non
797 1099 930 1131 dabatur

69 1156 110 1177 ex
127 1145 217 1185 pacto
231 1144 329 1176 estio:
352 1145 469 1185 quippe
481 1152 551 1175 cum
568 1143 650 1174 inter
666 1142 752 1173 cives
770 1140 930 1172 Romanos

68 1196 127 1227 pro
149 1187 235 1218 nullo
261 1185 430 1217 haberetur
450 1185 517 1225 jure
538 1184 635 1215 civili.
661 1183 758 1222 igitur
783 1188 849 1213 erat
866 1180 931 1212 hoc

66 1227 134 1259 casu
159 1228 290 1259 liberum
308 1227 413 1263 alteri,
437 1224 580 1266 quamvis
596 1224 692 1256 invita
709 1225 806 1254 altera
821 1229 926 1263 parte,

66 1268 256 1311 sponsalibus
270 1269 474 1307 renunciare,
497 1267 526 1298 ἁ
544 1275 617 1298 cum
632 1268 747 1306 quovis
763 1264 826 1296 alio
842 1271 927 1295 nova

694 1347 1043 1382 T1Tutns

1783 68 1854 109 37'9

979 149 1078 189 inire,
1108 157 1161 182 aut
1184 151 1421 183 matrimonium
1445 150 1649 182 contrahere.
1681 149 1747 181 imo
1770 151 1855 182 obti-

979 192 1066 229 nuit,
1090 192 1304 224 invalescente
1321 193 1524 232 repudiorum
1541 194 1569 223 δι
1587 193 1800 223 divortiorum
1820 193 1854 223 li-

979 234 1105 270 centia,
1129 242 1222 272 quam
1242 234 1514 265 matrimoniorum
1538 234 1719 264 libertatem
1743 233 1852 273 appel-

979 273 1107 313 labant3
1131 282 1163 304 ut
1189 283 1229 305 ne
1250 284 1290 306 ex
1314 275 1463 315 stipulatu
1480 275 1610 315 quidem
1635 283 1707 305 cum
1732 273 1851 305 cffcetu

977 315 1103 346 daretur
1134 315 1243 352 aetio,
1282 315 1336 347 etsi
1367 317 1550 356 interpoiita
1582 317 1622 347 de
1653 315 1849 356 sponialibus

977 357 1134 396 nuptiisve
1152 355 1354 396 stipulatione
1372 357 1435 388 sive
1452 358 1612 396 fimplice,
1634 356 1698 388 five
1721 355 1849 396 poenali.

975 394 1053 427 Non
1070 396 1167 435 fallo3
1191 406 1230 427 ne
1246 405 1348 437 putes.
1373 408 1422 429 res
1438 405 1539 429 certa:
1563 407 1635 430 nam
1651 404 1685 429 ut
1697 397 1764 437 ipso
1777 397 1851 438 jure

978 445 1085 468 teneat
1102 438 1166 469 hoc
1183 439 1213 469 in
1231 437 1301 469 casu
1312 438 1540 476 stipulati0‚cx
1550 449 1652 480 eaque
1669 441 1718 480 agi
1735 438 1849 479 poffit:

978 478 1118 510 instituta
1144 485 1250 510 tamen
1276 488 1316 510 ex
1341 480 1488 520 stipulatu
1505 480 1606 517 aeno,
1629 481 1700 520 quia
1718 488 1848 520 putatur

978 518 1039 551 eise
1055 521 1201 552 adversus
1216 521 1322 552 bonos
1346 530 1473 560 mores,
1496 521 1525 552 ὅ(
1549 521 1729 554 libertatem
1745 519 1850 553 matri-

977 563 1158 593 moniorum
1182 562 1348 601 impedire.
1374 563 1439 594 doli
1458 562 1530 594 mali
1547 564 1742 603 exceptione
1759 562 1849 594 elidi-

977 609 1043 632 tur:
1067 603 1195 634 auftore
1213 602 1311 634 Paulo
1327 604 1346 634 l.
1370 613 1436 643 11³4·
1455 603 1495 634 D.
1507 605 1540 633 de
1551 605 1629 634 verb.
1646 604 1731 645 oblig.
1748 613 1785 634 ac
1802 603 1847 634 ie-

976 643 1113 675 cundum
1132 644 1201 675 haec
1218 646 1343 683 accipio
1362 645 1510 676 traditum
1525 645 1554 675 in
1571 644 1681 685 l.71.§
1705 654 1732 675 1.
1751 645 1796 675 D.
1814 644 1848 675 de

979 685 1084 716 condic.
1110 684 1147 720 ὅ)
1170 684 1320 727 demonstr.
1347 686 1366 717 i.
1395 686 1456 718 1.C.
1483 687 1510 717 b.
1536 691 1558 716 t.
1591 686 1611 716 l.
1634 695 1663 716 2.
1691 686 1725 716 C.
1750 687 1782 716 ile
1803 694 1847 716 re-

971 727 1044 765 pud.
1072 727 1101 758 ἃ
1118 728 1148 757 in
1164 727 1183 757 l.
1204 737 1254 769 35.
1271 728 1299 769 §.
1323 737 1347 759 1.
1366 727 1410 759 D.
1427 729 1461 758 cz'e
1476 728 1555 758 verb.
1570 727 1654 767 oblig.
1853 763 1861 769 ·

1019 767 1132 806 Plane,
1156 767 1175 799 ii
1194 769 1426 800 intervenerint
1450 768 1547 801 arrhae
1560 767 1765 808 sponsalitiae:
1781 767 1845 808 pla-

975 811 1058 846 cuit,
1083 818 1155 840 eum
1179 810 1232 849 qui
1258 811 1366 848 dedit,
1389 810 1410 841 fi
1427 819 1484 850 per
1506 819 1579 841 eum
1605 809 1681 848 stet,
1705 818 1770 848 quo
1789 810 1846 841 mi-

975 858 1034 880 nus
1057 848 1210 888 sponsalia
1232 851 1510 890 consummentur,
1543 850 1649 883 arrhas
1673 850 1842 888 amittere3

975 890 1005 921 ἃ
1022 900 1039 921 e
1065 892 1226 922 contrario
1244 901 1317 923 eum
1332 892 1385 932 qui
1403 895 1551 933 accepit,
1574 892 1724 932 duplum,
1749 893 1798 921 vel
1821 890 1845 922 fi

973 931 1017 962 ita
1035 939 1253 970 conventum,
1278 934 1488 973 quadruplum
1512 933 1674 965 restituere
1690 933 1709 964 l.
1726 942 1745 973 3
1774 932 1810 967 ὃ)
1825 931 1845 964 l.

973 973 1028 1004 ult.
1054 973 1087 1005 C.
1110 974 1137 1004 h.
1161 979 1181 1004 t.
1205 973 1260 1005 nisi
1286 974 1401 1006 habeat
1423 975 1516 1015 justas
1541 974 1660 1013 repudii
1683 973 1788 1006 causas
1804 974 1845 1004 de

974 1014 1088 1054 quibus
1113 1015 1142 1045 in
1169 1014 1189 1046 l.
1219 1024 1265 1055 17.
1292 1017 1339 1047 D.
1361 1015 1398 1050 ὅ*
1418 1018 1436 1047 l.
1463 1026 1491 1047 2.
1518 1015 1554 1051 ὅ)
1577 1017 1632 1048 ult.
1657 1017 1692 1049 C.
1717 1015 1744 1046 h.
1765 1021 1787 1047 t.
1804 1014 1846 1046 ad

974 1064 1050 1095 quas
1072 1055 1217 1095 Cujacius
1232 1057 1279 1087 lib.
1299 1061 1335 1088 16
1365 1057 1485 1094 Observ.
1501 1068 1527 1089 c.
1546 1067 1595 1098 35.

1016 1096 1068 1128 Ne
1085 1096 1149 1128 hoc
1167 1098 1295 1137 quidem
1320 1098 1490 1131 silendum:
1517 1099 1606 1137 quod
1629 1099 1793 1138 dicentes,
1809 1098 1844 1129 li-

973 1139 1071 1170 citum
1095 1139 1126 1183 in
1153 1137 1341 1178 sponsalibus
1364 1139 1425 1172 esse
1447 1141 1636 1181 repudium;
1667 1140 1815 1172 volumus
1832 1157 1844 1178 9

974 1189 1046 1211 eum
1062 1188 1116 1219 qui
1135 1188 1150 1210 a
1168 1180 1324 1219 prioribus
1349 1183 1522 1219 recedens,
1546 1190 1624 1213 mox
1638 1181 1697 1212 alia
1713 1189 1841 1212 contra-

973 1221 1037 1259 hit,
1061 1230 1122 1253 non
1141 1222 1243 1261 puniri
1263 1221 1410 1261 infamia,
1435 1223 1516 1262 quasi
1534 1223 1649 1254 habeat
1663 1222 1752 1254 simul
1767 1223 1843 1255 bina

969 1263 987 1294 l.
1009 1270 1055 1304 13.
1074 1262 1103 1304 §.
1122 1271 1147 1294 1.
1164 1261 1201 1297 ἐξ
1214 1272 1243 1295 2.
1260 1262 1303 1295 D.
1320 1266 1353 1295 de
1367 1265 1410 1296 his
1425 1265 1474 1305 qui
1487 1270 1600 1305 notant,
1618 1264 1725 1303 insum⁶

1139 1345 1184 1383 ΙΙ.

768 1425 818 1460 De
833 1425 897 1459 ritu
916 1423 1102 1468 nuptiarum.

75 1514 83 1517 ”
165 1516 278 1549 idimus
300 1516 339 1548 de
363 1515 563 1555 sponsalibus.
608 1513 781 1547 Videamus
806 1515 846 1547 de
870 1524 926 1547 nu-

175 1557 263 1598 ptiis,
297 1557 358 1588 five
391 1556 603 1588 matrimoniO.
636 1565 708 1588 nam
741 1556 809 1587 haec
831 1557 928 1588 verba

63 1599 236 1631 confundit
261 1597 477 1638 Imperator§.
504 1605 529 1628 1.
556 1594 626 1636 Inst.
649 1599 682 1628 de
706 1598 806 1638 patria
826 1595 923 1639 potest.

65 1649 139 1672 cum
158 1639 386 1680 distinguantur
402 1639 418 1670 l.
441 1646 485 1670 10.
513 1637 549 1672 fs?
575 1646 622 1670 11.
655 1639 700 1670 D.
725 1640 753 1669 h.
771 1644 791 1669 τ.
809 1639 885 1670 item
907 1640 926 1671 l.

62 1683 103 1713 ὄσ
132 1689 179 1723 pr.
213 1679 248 1714 ὃ)
281 1679 306 1721 §.
338 1689 362 1710 1.
390 1680 435 1710 D.
462 1680 605 1710 dedorim.
627 1680 682 1711 int.
710 1681 765 1711 vir.
791 1679 927 1714 &uxon

60 1721 222 1755 Nimirum
248 1720 417 1760 aliquando
451 1720 515 1752 late
544 1728 630 1761 patet
662 1727 847 1762 utrumque:
876 1722 929 1753 ali-

61 1765 191 1804 quando
206 1762 335 1802 anguste
352 1760 513 1801 accipitur.
536 1771 595 1792 nec
612 1771 777 1801 erraver03
799 1761 923 1793 arbitra-

59 1811 132 1841 tus,
157 1810 279 1843 nuptias
304 1801 366 1835 effe
390 1803 440 1834 vel
464 1804 494 1834 in
511 1801 615 1843 specie
631 1804 776 1844 nuptias,
800 1803 851 1835 vel
866 1812 925 1835 ma-

59 1846 248 1878 trimonium
264 1843 426 1885 appellari.
441 1843 507 1875 illas
525 1843 586 1875 ess'e
604 1843 783 1876 solemniter
800 1852 925 1876 contra-

59 1886 123 1918 ἃδε
152 1886 320 1918 iecundum
346 1885 484 1924 formam
504 1883 589 1924 ,Juris
612 1885 743 1918 Civilis:
773 1885 838 1917 hoc
864 1885 926 1917 effe

58 1927 192 1966 fimplex
207 1927 275 1968 jure
300 1925 440 1967 gentium
466 1926 531 1957 solo
555 1926 726 1965 consensu,
747 1927 831 1959 nulla
845 1926 922 1959 sole-

57 1976 190 2001 mnitate
223 1968 379 1999 constans.
435 1966 611 2007 Utramque
636 1968 773 2009 speciem
795 1969 922 2010 attingit

57 2004 199 2041 Scaevola
214 2011 241 2041 d.
260 2009 279 2040 l.
294 2009 344 2040 66,
358 2012 405 2050 pr.
423 2008 459 2043 ὅ)
475 2005 504 2051 §.
535 2013 560 2040 1.
586 2009 689 2048 addo,
713 2008 810 2049 Gajus
825 2009 863 2040 lib
892 2012 921 2047 1.,

57 2049 184 2091 Jnst.1it
211 2061 239 2089 4.
264 2050 369 2081 Verba
389 2049 459 2090 Gaji
497 2050 647 2091 Legitimoe
662 2055 736 2091 sunt
752 2051 878 2090 nuptiae,
896 2049 923 2089 fi

59 2091 209 2123 Romanus
236 2091 394 2122 Romanam
423 2092 535 2129 nuptiis
563 2092 840 2130 intervenientibus,
876 2092 923 2123 vel

58 2136 191 2167 consensu
226 2137 313 2164 ducat
343 2141 471 2164 uxorem.
517 2130 649 2172 Verba,
687 2133 734 2164 vel
762 2133 922 2173 consensu,

55 2175 185 2206 damnat
204 2173 363 2213 johannes
388 2173 563 2212 seldenus,
589 2171 646 2206 Vir
668 2174 809 2206 eruditus
833 2174 862 2205 ἀ
879 2174 923 2205 di-

55 2214 183 2260 ligens,
218 2214 313 2245 Uaor.
348 2213 483 2246 Hermu.
503 2214 550 2245 lib.
576 2225 603 2246 2.
635 2225 660 2246 c.
687 2225 733 2247 20.
759 2215 823 2247 fide
850 2215 919 2247 libri

53 2255 99 2287 sui
130 2255 356 2296 manuscripti:
389 2257 419 2286 in
454 2261 518 2295 quo
549 2255 659 2287 defint.
689 2256 742 2288 sed
770 2256 917 2296 retineri,

53 2306 105 2329 res
133 2297 264 2333 suadet,
301 2297 330 2328 dt
363 2296 495 2337 sequens
519 2295 707 2337 Quintiliani
732 2297 820 2329 locus
851 2298 915 2328 De-

50 2338 133 2369 clam.
155 2348 223 2378 247·
241 2336 325 2379 Gajo
346 2346 408 2369 non
427 2337 597 2370 diffimilis:
620 2337 779 2380 Fingamus
798 2340 916 2378 nuptias

44 2379 146 2419 seczffe
167 2380 287 2410 nullas:
315 2378 406 2419 coizffe
429 2386 525 2409 aulem
554 2379 704 2411 liberorum
728 2381 916 2412 creandorum

51 2423 167 2461 gratia:
188 2430 245 2452 non
269 2425 362 2451 tamen
383 2429 457 2450 uxor
481 2429 538 2451 non
559 2421 632 2457 erit,
656 2423 789 2461 quamvis
803 2422 915 2462 nuptiis

49 2460 157 2499 nonfit
174 2461 332 2492 collocata?
355 2460 454 2502 Quod
471 2462 510 2493 de
537 2461 653 2502 nuptiis
675 2461 760 2500 dixi,
783 2461 858 2493 licet
873 2463 914 2493 de

52 2501 257 2534 matrimonio
273 2503 449 2542 conjicere:
471 2508 634 2543 praeeunte
651 2502 850 2545 Quintiliano
867 2502 913 2535 lib.

51 2546 85 2582 5.
103 2540 172 2579 lusi.
199 2542 282 2574 Orat.
300 2553 323 2574 c.
351 2553 394 2575 10.
421 2542 467 2576 his
484 2543 606 2576 verbis:
632 2543 711 2576 Duae
722 2545 792 2583 sunt
812 2545 914 2583 formoe

49 2583 306 2614 matrimoniorum.
331 2584 364 2616 ln
382 2591 524 2616 eamdem
536 2585 759 2617 discretionem
776 2586 806 2616 in
823 2586 841 2615 l.
863 2594 909 2627 13.

50 2622 80 2663 §.
102 2631 123 2653 ι.
148 2621 188 2654 D.
209 2623 258 2653 Ad
273 2624 324 2665 leg.
341 2625 397 2664 Jul
424 2628 457 2656 de
473 2626 566 2657 adult.
585 2625 767 2667 conspirant
783 2625 911 2666 Ulpiani

49 2663 170 2708 verba,
194 2664 302 2695 Omm‘a'
323 2669 519 2705 matrimonia3
555 2667 660 2708 plures
685 2668 804 2708 species
821 2667 897 2709 signi

50 2702 189 2737 ficanna.
215 2704 367 2736 Praeterea
391 2709 430 2738 ab
453 2709 563 2740 eadem
588 2708 741 2741 divisione
758 2709 789 2741 in
806 2709 906 2742 Collat.

52 2745 108 2790 leg.
133 2747 256 2781 Molaz‘c.
286 2745 321 2780 ἃ
345 2746 428 2778 Rom.
450 2749 495 2779 tit.
517 2760 545 2787 4.
572 2751 687 2781 dicitur
703 2760 719 2781 a
735 2750 908 2790 Papiniano

52 2786 142 2833 Civis
166 2786 408 2832 Romanus-fine
428 2791 563 2821 connubio
584 2791 639 2823 fibi
666 2795 864 2833 peregrinam
879 2793 911 2822 in

48 2829 230 2859 matrimonio
249 2828 396 2859 nabuiffe.
422 2828 581 2862 Hactenus
598 2833 637 2865 de
656 2831 709 2863 usu
729 2832 908 2864 verborum.

91 2868 187 2899 Nunc
202 2878 267 2900 rem
284 2869 526 2902 consideremus.
543 2871 620 2914 Imp.
639 2873 825 2913 Justinianus
840 2873 867 2915 §.
882 2883 909 2906 1.

47 2908 126 2956 Ius}¹¹
149 2909 194 2939 De
205 2915 284 2950 patr.
305 2916 364 2951 por.
390 2910 431 2941 fic
453 2912 581 2944 definit:
604 2914 727 2954 Nupziae
740 2914 799 2951 five
812 2916 910 2946 matri-

46 2957 176 2981 momunz
190 2949 249 2991 est,
265 2951 325 2981 viri
343 2950 380 2986 &2⁹
395 2952 521 2984 mulieris
531 2955 711 2994 coniunfflo,
727 2957 910 2988 individuam

47 3001 116 3022 vuae
131 2994 358 3031 consuetudinem
375 2994 530 3026 continens.
554 2995 694 3028 Primum
711 2997 772 3036 ait,
784 2999 910 3038 nuptias

46 3032 113 3076 sive
129 3035 365 3066 matrimonium
387 3033 448 3065 effe
458 3036 714 3077 conjunctionem
724 3038 780 3070 viri
796 3038 825 3070 ἀ
843 3047 910 3070 mu-

46 3072 162 3119 herisi
183 3075 353 3111 videlicet,
383 3076 454 3115 quia
476 3078 617 3110 moribus
644 3077 757 3119 Populi
775 3078 910 3111 Romani

47 3123 165 3146 nemun
192 3114 239 3145 fs<
263 3115 324 3153 est,
349 3116 437 3148 binas
459 3116 546 3150 fimul
570 3129 686 3151 uxores·
708 3120 824 3151 habere
840 3121 859 3152 l.
882 3128 910 3153 2'.

52 3155 85 3186 C.
93 3155 245 3230 Ἱιὶῶέπεὶχιί.
259 3163 341 3198 nupt.
357 3167 397 3190 ne
412 3157 526 3198 Judaeis
542 3161 669 3201 quidem
686 3170 727 3194 ex
744 3170 854 3196 eorum
869 3162 910 3197 le·

968 1512 1061 1555 gibus
1077 1513 1096 1544 l.
1115 1520 1143 1553 7.
1162 1513 1196 1545 C.
1212 1512 1380 1554 cieJudaez‘s.
1398 1513 1428 1546 &
1444 1513 1464 1546 fi
1482 1520 1592 1546 contra
1608 1513 1682 1554 fiat,
1701 1513 1841 1554 stuprum

969 1555 1145 1595 appellatur
1160 1554 1179 1586 l.
1195 1559 1242 1588 18.
1260 1556 1292 1586 C.
1315 1555 1364 1586 Aa
1373 1555 1426 1597 leg.
1443 1555 1509 1596 Jul.
1523 1557 1555 1586 de
1571 1556 1665 1587 adult.
1690 1555 1841 1595 reeteque

972 1595 1175 1627 Domitianus
1209 1596 1239 1627 in
1272 1597 1387 1637 Corpor.
1417 1596 1555 1638 Inscript.
1594 1596 1661 1637 Jani
1686 1595 1841 1635 Gruteri,

971 1636 1014 1669 V.
1033 1637 1091 1669 CL.
1109 1643 1181 1678 pag.
1202 1646 1271 1678 574.
1296 1648 1377 1669 uum.
1394 1648 1424 1678 5.
1449 1638 1617 1678 quamdam
1634 1638 1718 1669 suam
1737 1637 1839 1669 indul-

994 1680 1110 1717 entiam
1128 1680 1167 1710 ad
1187 1678 1272 1710 hunc
1288 1679 1409 1711 format
1428 1680 1574 1712 modum:
1603 1678 1738 1720 Dirmffis
1754 1678 1838 1710 hone·

966 1747 968 1751 ,
983 1718 1015 1752 ba
1031 1718 1155 1760 miffione
1171 1720 1294 1752 emeritis
1294 1718 1449 1762 stipendiis
1465 1722 1557 1753 liberis
1558 1719 1733 1763 posterisque
1741 1729 1837 1752 eorum

970 1762 1118 1792 civitatem
1132 1762 1209 1792 dedit
1219 1761 1256 1797 ὃ)
1264 1763 1437 1795 connubium
1448 1773 1512 1794 cum
1529 1764 1666 1795 uxoribus
1677 1771 1751 1804 quas
1765 1767 1836 1793 tunc

969 1802 1130 1842 habuiffint
1147 1812 1212 1834 cum
1227 1801 1267 1844 est
1290 1805 1394 1836 civitas
1417 1806 1452 1836 iis
1474 1806 1542 1836 data
1565 1810 1618 1836 aut
1637 1802 1666 1843 fi
1687 1804 1739 1845 qui
1760 1802 1837 1834 coelip

969 1844 1014 1874 bes
1035 1844 1121 1884 effent
1143 1853 1208 1875 cum
1236 1846 1274 1876 iis
1297 1855 1370 1887 quas
1386 1844 1483 1887 postea
1509 1845 1654 1887 duxzffent
1680 1847 1835 1877 dumtaxat

962 1883 1076 1926 finguli
1086 1883 1233 1931 strigulus.
1258 1887 1368 1919 Altera
1394 1887 1572 1919 observatio
1589 1887 1651 1919 est:
1674 1886 1762 1927 quod
1777 1885 1836 1918 Im-

968 1933 1097 1972 perator
1112 1935 1238 1968 nuptias
1255 1928 1320 1960 five
1335 1930 1572 1961 matrimonium
1588 1933 1686 1960 vocat
1704 1927 1838 1968 conjun-

964 1966 1103 2013 ctionem
1126 1970 1230 2000 minus
1256 1971 1404 2010 proprie:
1427 1978 1542 2002 neutro
1570 1971 1656 2002 enim
1671 1970 1771 2001 verbo
1788 1969 1836 2001 in-

965 2008 1114 2049 dignatur
1136 2010 1340 2051 conjunctim
1362 2011 1414 2043 sed
1439 2011 1604 2044 consensus
1630 2012 1670 2043 de
1685 2010 1838 2043 inducen-

965 2049 1004 2080 da
1020 2050 1258 2090 conjunctione.
1281 2051 1324 2083 ita
1345 2052 1512 2085 consensus
1530 2052 1576 2084 est
1600 2052 1688 2084 causa
1704 2052 1838 2091 conjun-

966 2090 1097 2137 ctionis:
1121 2098 1153 2123 at
1175 2093 1358 2132 conjunctio
1381 2094 1426 2126 est
1449 2093 1582 2126 effectus
1600 2094 1708 2126 exilia
1723 2092 1833 2132 causa,

964 2130 1018 2163 seu
1033 2131 1088 2163 illo
1105 2132 1276 2170 conseniu,
1299 2135 1483 2174 produuus.
1507 2135 1569 2167 Sed
1585 2145 1650 2166 non
1668 2133 1713 2166 est
1730 2133 1835 2166 insoli-

965 2180 1033 2204 tum
1062 2172 1196 2213 nostris,
1226 2174 1375 2208 effectum
1403 2185 1528 2218 ponere
1553 2186 1611 2216 pro
1635 2175 1750 2215 causa,
1779 2182 1834 2207 aut

964 2212 1088 2246 causam
1105 2223 1163 2254 pro
1180 2214 1309 2249 effectu.
1347 2218 1428 2249 illud
1453 2216 1498 2249 est
1522 2216 1733 2259 superioribus
1758 2225 1835 2250 con·

960 2254 1114 2296 sequens,
1137 2257 1369 2297 conjunctionis
1387 2259 1604 2299 appellatione
1621 2260 1652 2290 in
1675 2258 1831 2290 definitio-

959 2304 1001 2327 ne
1026 2298 1204 2337 nuptiarum
1223 2298 1276 2330 seu
1302 2301 1517 2338 matrimonii,
1548 2309 1612 2331 non
1638 2305 1831 2340 corporum,

958 2335 1010 2369 sed
1032 2339 1209 2370 animorum
1232 2340 1492 2380 conjunctionem
1516 2341 1615 2373 intelli
1641 2350 1718 2380 ere,
1749 2350 1834 2373 eam-

957 2386 1020 2418 que
1036 2378 1184 2411 consensu
1200 2380 1373 2420 aestimare,
1393 2391 1455 2413 non
1471 2383 1571 2414 coitu.
1641 2381 1675 2414 tfi
1691 2381 1753 2413 hoc
1767 2381 1834 2415 for-

956 2426 990 2450 te
1008 2420 1122 2452 alicubi
1145 2423 1303 2461 receperit
1328 2422 1577 2456 dubitationem:
1602 2433 1642 2455 eo
1664 2423 1749 2465 quod
1773 2433 1831 2456 nu-

956 2460 1033 2492 bere
1057 2459 1103 2493 est
1123 2465 1235 2502 coi're,
1267 2462 1297 2494 ἃ
1320 2465 1438 2504 nuptiae
1471 2464 1540 2496 sunt
1572 2466 1679 2496 coitus
1696 2488 1706 2504 ,
1742 2465 1829 2506 apud

955 2500 1102 2548 Plautum
1120 2501 1225 2541 Casina
1237 2504 1365 2545 Prologo.
1384 2505 1572 2537 Petronium
1587 2506 1713 2547 Satyric.
1729 2516 1753 2537 c.
1774 2516 1826 2547 25.

956 2542 1138 2589 Martialem
1160 2546 1205 2575 libr
1237 2554 1282 2577 12.
1307 2546 1410 2588 Epigr.
1433 2550 1483 2578 66.
1502 2547 1685 2579 Accedebat
1702 2550 1828 2588 nuptia·

954 2592 1023 2615 rum
1041 2584 1110 2617 finis
1126 2587 1180 2625 qui
1197 2586 1241 2617 est
1257 2587 1426 2619 liberorum
1443 2589 1646 2629 procreatio,
1670 2588 1734 2621 fine
1757 2598 1827 2619 cor-

954 2634 1069 2671 porum
1103 2627 1331 2667 conjunctione
1353 2629 1447 2660 nulla.
1473 2629 1628 2662 Praeterea
1652 2629 1754 2662 solent
1769 2628 1826 2667 qui

954 2675 983 2698 in
1007 2668 1242 2700 matrimonium
1265 2670 1486 2710 consentiunt,
1509 2671 1687 2709 declarare,
1713 2670 1741 2700 se
1756 2672 1828 2700 coi·-

953 2717 987 2739 re
1003 2708 1174 2740 liberorum
1192 2713 1458 2749 procreandorum
1473 2712 1692 2753 gratia:idque
1707 2710 1823 2741 tabulis

954 2750 1145 2789 nuptialibus
1171 2753 1356 2791 contineri,
1386 2752 1485 2785 refert
1516 2752 1706 2793 Augustinus
1729 2751 1835 2783 Serm„

953 2800 1024 2829 244.
1065 2790 1128 2823 Sed
1150 2793 1271 2824 evaluit
1287 2794 1440 2826 sententia
1458 2792 1720 2830 existimantium,
1745 2801 1823 2832 nup-

953 2832 1012 2862 tias
1031 2839 1096 2863 non
1113 2832 1223 2873 perfici
1240 2835 1434 2875 concubitu3
1457 2834 1508 2867 sed
1531 2832 1679 2865 consensu
1701 2833 1731 2863 in
1755 2835 1824 2865 coi-

954 2878 1020 2904 tum
1041 2874 1247 2915 interposit03
1286 2885 1402 2916 easque
1425 2878 1513 2908 coitu
1537 2874 1652 2906 deinde
1676 2873 1821 2906 consum·

952 2914 1048 2959 mari:
1070 2916 1222 2957 exemplo
1246 2917 1417 2958 emptionis
1439 2918 1469 2949 δε
1491 2914 1699 2959 venditionis,
1722 2922 1820 2959 quam

953 2963 985 2986 in
999 2955 1070 2987 loco
1084 2957 1150 2988 dixi
1170 2966 1229 2998 pro
1250 2958 1313 2991 fine
1331 2959 1448 2991 habere
1465 2957 1507 2989 rei
1525 2955 1662 2986 venditae
1680 2957 1821 2987 traditio-

953 3005 1046 3036 nem;
1068 2996 1121 3029 sed
1147 2998 1298 3032 consensu
1322 2999 1452 3039 perfici3
1478 2996 1649 3028 traditione
1675 2997 1822 3030 consum-

954 3038 1041 3070 mari.
1062 3037 1140 3070 Hoc
1155 3041 1292 3073 advertit
1308 3037 1487 3080 Ulpianusl.
1503 3046 1551 3078 30.
1570 3037 1616 3068 D.
1633 3037 1667 3067 de
1680 3046 1739 3078 reg.
1751 3038 1822 3079 jur.

952 3078 1006 3110 nisi
1031 3079 1122 3112 aliam
1148 3080 1258 3114 habuit
1282 3082 1400 3113 caulam
1418 3078 1459 3110 sic
1484 3076 1660 3116 scribendi,
1684 3078 1821 3120 Nuptias

954 3129 1011 3151 non
1035 3123 1220 3162 concubitus,
1235 3123 1289 3162 sed
1307 3120 1453 3160 consensus
1464 3120 1556 3159 facit,
1581 3117 1687 3159 Quid,
1711 3120 1730 3152 fi
1755 3120 1821 3153 huc

952 3160 1060 3196 ferunt
1077 3173 1218 3237 quoqffi)
1227 3163 1295 3235 lLiaec
1312 3164 1378 3203 ejus
1388 3161 1485 3195 verba
1502 3161 1521 3193 l.
1536 3163 1567 3195 6.
1583 3159 1626 3194 D.
1643 3160 1670 3193 h.
1689 3166 1711 3194 t.
1727 3161 1822 3194 Deni-

1236 3214 1242 3224 ¹
1265 3212 1283 3234 2
1760 3210 1816 3243 quo
