2036 3495
460 122 525 158 An
547 121 639 157 L113.
665 116 779 156 XXV.
810 116 907 154 Trr.
935 117 977 152 ΙΙ.
1005 116 1055 153 De
1069 119 1186 157 afflone
1204 130 1305 162 renim
1321 129 1504 161 amotarum.

89 211 207 245 etiamn
223 207 329 252 postea
349 210 433 244 dotis
451 210 573 243 exaCtio
591 214 764 249 competat.
789 207 956 249 repraesen-

90 264 156 286 tare
183 255 266 285 enim
293 252 356 292 est,
380 252 533 293 praesente
564 253 615 282 die
644 249 785 297 solvere,
816 257 849 282 ut
873 250 956 290 apud

89 295 274 327 Suetonium
303 294 423 327 Claudio
453 304 476 324 c.
505 300 555 334 34.
587 299 712 323 notavit
738 290 955 336 Casriubonus.

87 337 163 367 inde
180 335 433 376 repraesentatio,
458 334 571 365 solutio
591 332 692 364 statim
719 331 863 378 facienda
891 332 953 364 fine

87 376 241 409 dilatione
257 375 285 417 ᾗ.
310 385 357 415 14.
382 374 454 417 Inst.
474 377 507 407 de
521 374 631 419 legatis.
656 372 759 404 Datur
775 383 869 413 igitur
885 374 953 405 haec

88 418 171 449 actio
184 417 295 449 -statim
320 417 422 449 solut‘o
447 416 667 453 matrimonio;
696 414 861 446 constante
885 424 951 447 non

86 461 188 490 datur.
212 466 278 490 tum
297 459 380 490 enim
403 458 504 498 agitur
527 456 648 487 leviore
671 455 816 494 afflone,
840 456 870 487 id
886 456 950 495 est,

84 499 208 532 aCtione
231 501 261 531 in
286 499 402 531 factum
422 499 441 529 l.
470 507 495 528 2.
522 497 553 528 C.
571 497 599 528 b.
617 504 638 528 t.
669 498 720 529 vel
747 497 951 529 condictione

80 540 147 572 line
162 540 250 572 causa
266 541 283 570 ι.
301 549 348 577 25.
372 538 414 570 D.
430 539 488 570 eorl.
513 544 559 570 tit.
585 538 735 570 videlicet
749 564 759 577 ,
785 539 857 578 quia
888 548 949 570 rna-

81 582 234 613 t'timonio
250 580 412 612 constante
429 588 534 619 neque
553 580 704 619 poenalis‚
728 589 833 619 neque
849 579 948 611 samo-

76 621 126 662 sa,
148 623 230 654 actio
243 621 274 652 in
294 631 422 653 uxorein
440 622 490 653 vel
507 622 652 653 maritum
670 622 827 661 competit
844 622 872 652 d.
888 622 907 652 1.
917 631 947 653 2.

79 662 210 705 Ergone
225 662 385 695 actionem
410 671 512 694 rerum
537 671 712 693 amotarum
737 661 878 694 dicemus
901 661 946 706 sa-

79 705 196 736 mosam
214 704 264 735 vel
280 703 464 744 poenalem?
487 703 585 735 abfit:
610 712 681 734 nam
698 712 758 748 nec
783 703 947 735 condiCtio

77 745 194 777 furtiva
217 744 338 777 famosa
362 745 426 782 est,
450 744 524 777 licet
550 754 589 776 ex
613 743 732 775 famosa
757 745 845 776 causa
870 754 946 785 pen-

79 787 153 818 deat
168 786 188 817 l.
208 789 258 827 36.
278 785 319 818 D.
337 789 370 817 de
385 787 467 827 ohlig.
484 786 520 821 ὅ)
536 785 592 817 ati.
617 788 720 817 multo
745 787 847 817 minus
875 796 944 827 poe-

78 828 158 860 nalis
182 827 328 859 habenda
351 827 396 859 est
419 828 503 861 aQio
528 835 630 858 rerum
659 835 850 859 amotarum:
872 837 944 859 cum

78 870 124 900 rei
154 868 366 909 persecutoria
398 868 519 900 dicatur
549 869 568 899 l.
587 877 636 899 21.
667 868 694 910 §.
714 875 779 909 pen.
816 867 857 898 D.
874 870 902 900 b.
921 875 943 901 t.

79 908 170 951 Quid
187 919 264 951 ergo
281 909 427 951 indigitat
443 912 471 942 d.
486 910 505 941 l.
522 910 566 943 2⁴?
589 909 663 941 mihi
679 910 741 950 jam
765 908 862 940 visum
885 909 945 950 Ju-

80 951 119 982 lz'o
135 950 225 982 Paulo
248 960 272 983 c.
291 961 319 992 7.
344 952 441 984 tolum
464 951 569 990 vellc;
592 952 678 990 quod
703 959 776 982 cum
799 950 891 983 rebus
915 961 945 982 a·

79 992 176 1024 motis
199 991 255 1023 fiat
273 1002 380 1024 verum
400 991 538 1031 furtum,
562 993 615 1024 etii
633 991 761 1032 pudoris
777 991 865 1022 causa
883 992 944 1024 alio

78 1033 212 1066 nomine
227 1033 363 1073 utimur3
385 1043 421 1065 ac
439 1034 515 1065 furti
538 1032 620 1064 attio
645 1033 674 1064 δι’.
697 1033 828 1080 poenalis
842 1034 877 1079 ,ἃ
899 1033 944 1066 fa-

80 1073 168 1107 mosa
184 1074 330 1107 adversus
346 1084 479 1108 uxorem
496 1074 657 1106 constante
670 1082 872 1106 matrimonio
891 1084 944 1106 ne-

80 1123 171 1156 gatur
193 1115 213 1146 1.
231 1125 260 1147 2.
285 1116 326 1148 D.
348 1118 374 1148 b.
393 1123 415 1148 t.
437 1117 456 1148 l.
479 1126 526 1157 52.
552 1116 594 1147 D.
617 1117 650 1146 de
663 1116 780 1155 furtis:
802 1116 875 1147 ideo
891 1118 944 1148 ad-

80 1155 187 1189 versus
203 1166 271 1188 earn
288 1157 339 1189 vel
367 1158 434 1189 haec
455 1158 645 1197 denegatur,
669 1165 739 1198 quae
762 1164 797 1188 ut
819 1165 884 1189 non
908 1157 944 1189 fit

80 1197 220 1236 famosa,
244 1208 303 1230 nec
320 1199 471 1239 poenalis,
498 1208 601 1230 tamen
617 1197 768 1229 famosam
785 1198 814 1229 ἂ
838 1207 944 1238 poena-

81 1239 144 1270 lem
164 1240 317 1272 imitatur:
342 1249 411 1271 nam
427 1240 455 1272 in
474 1250 567 1280 quem
585 1248 649 1271 non
667 1241 757 1270 datur
774 1238 890 1285 samosa
914 1250 944 1271 a-

81 1280 160 1318 ctio,
185 1281 329 1312 adversus
344 1291 413 1313 eum
431 1291 470 1312 ne
488 1280 571 1322 quasi
588 1280 704 1312 famosa
730 1281 858 1320 quidem
883 1281 945 1313 ulla

80 1321 273 1362 permittitur
286 1322 304 1352 l.
326 1332 356 1362 5.
380 1323 399 1353 l.
420 1331 448 1363 7.
463 1329 510 1363 pr.
528 1321 565 1356 fs?
581 1320 609 1362 ᾗ.
629 1331 655 1354 1.
677 1322 828 1363 cumsqu.
852 1321 894 1354 D.
911 1324 944 1354 de

80 1363 164 1402 ohseq.
177 1370 241 1401 ραν.
262 1362 298 1397 &⁹
311 1368 429 1402 patron.

117 1402 265 1442 Exposita
282 1411 388 1435 natura
405 1404 435 1435 ἀ
451 1403 573 1435 ratione
584 1403 715 1436 aetionis
731 1412 837 1435 rerum
853 1411 940 1436 amo-

80 1444 292 1481 tarum‚ultro
308 1453 439 1485 apparet
450 1445 517 1483 ,cui
535 1445 626 1476 detur
642 1444 825 1477 &adversus
837 1454 942 1485 quern.

77 1493 149 1516 cum
168 1493 271 1516 autem
286 1486 348 1525 jam
370 1485 511 1521 constet,
533 1487 674 1525 pendere
689 1486 728 1516 ab
745 1486 943 1526 obligatione

78 1534 118 1556 ex
135 1523 239 1557 furto:
261 1525 458 1566 consequens
474 1525 535 1564 est,
558 1527 640 1557 inter
658 1535 709 1570 eas
726 1526 871 1567 personas
891 1527 943 1559 ha·

78 1565 154 1596 bere
175 1567 300 1603 locum,
327 1567 409 1598 inter
424 1575 499 1607 quas
524 1567 574 1598 illa
599 1567 752 1608 obligatio
783 1566 832 1599 est=
852 1576 942 1607 nata3

77 1605 216 1646 ideoque
242 1608 304 1638 dari
329 1608 441 1638 marito
463 1615 516 1639 aut
537 1608 628 1639 uxori
652 1607 738 1647 cuius
753 1615 811 1641 ‘res
827 1618 942 1641 amotae

75 1645 155 1685 fint,
178 1647 307 1687 ejusque
325 1648 432 1679 heredi
450 1647 634 1680 defunctum
649 1648 718 1690 post
733 1657 870 1682 mortem
895 1660 941 1683 re-

78 1688 276 1727 prael'entanti
306 1689 326 1720 l.
344 1698 392 1721 21.
414 1689 443 1730 ἓ.
461 1699 491 1729 5.
514 1689 556 1721 D.
571 1690 599 1722 b.
617 1696 638 1722 t.
668 1690 710 1721 ita
729 1689 841 1722 Paulus
870 1692 890 1723 l.
913 1697 942 1723 6.

76 1729 106 1770 §.
124 1738 153 1770 3.
179 1728 220 1761 D.
234 1731 292 1761 eod.
323 1729 374 1768 Si,
397 1731 517 1770 inquit,
539 1730 667 1762 maritus
685 1730 756 1771 post
774 1731 942 1765 divortium

77 1769 262 1843 decesserat,
294 1771 386 1803 heres
411 1772 476 1812 ejus
498 1781 602 1805 rerum
626 1780 799 1806 amotarum
817 1774 941 1815 Judicio

76 1818 121 1842 uti
139 1820 212 1851 pote
243 1836 250 1843 .

114 1851 236 1884 Eadem
262 1853 381 1885 ratione
411 1854 501 1887 datur
528 1855 580 1888 illa
604 1855 686 1888 astio
704 1855 850 1888 adversus
869 1864 941 1888 eum

77 1891 131 1933 qui
154 1895 296 1933 amovit,
319 1894 383 1926 sive
399 1897 544 1935 maritus,
567 1895 631 1928 five
646 1903 724 1928 uxor
740 1920 750 1936 ,
773 1905 846 1929 cum
864 1896 941 1929 esset

74 1934 120 1966 sui
143 1934 227 1974 juris.
250 1936 338 1974 inm,
371 1936 399 1969 δι
422 1936 443 1968 fi
468 1935 665 1970 filiafamilias
688 1947 736 1969 res
759 1939 939 1977 amoverit,

74 1976 119 2007 ait
142 1976 253 2007 Paulus
270 1976 289 2007 l.
312 1986 342 2016 3.
367 1977 394 2019 §.
412 1989 441 2017 4.
465 1978 506 2009 D.
528 1979 554 2009 b.
572 1984 593 2010 t.
637 1979 756 2010 Melam
781 1980 810 2010 &
836 1978 940 2012 Fulci-

73 2015 161 2048 nium
178 2016 381 2057 existimaffe,
406 2020 455 2050 vel
475 2020 504 2051 in
521 2020 616 2061 ipsam
635 2021 679 2051 ob
698 2029 748 2051 res
764 2027 886 2052 amotas
911 2030 940 2052 a-

73 2058 212 2090 ctionem
232 2058 306 2090 dari.
329 2060 479 2100 idemque
502 2062 541 2092 de
563 2061 767 2093 filiofamilias
789 2062 897 2093 censet
920 2063 939 2093 l.

72 2104 102 2130 6.
120 2098 147 2140 §.
168 2109 196 2130 2.
219 2108 305 2131 certa
321 2101 460 2141 ratioiic;
482 2101 634 2142 fiquidem
657 2101 939 2142 filiusfamilias,cx

73 2139 221 2171 omnibus
238 2141 332 2173 causis
348 2150 509 2182 tamquam
528 2143 752 2183 paterfamilias
762 2144 938 2186 obligatur3

73 2181 104 2212 ἃ
121 2182 165 2212 ob
181 2182 212 2213 id
230 2183 278 2223 agi
295 2192 367 2213 cum
387 2194 427 2214 eo
447 2192 604 2224 tamquam
621 2194 693 2217 cum
717 2185 940 2224 patrefamilias

70 2222 175 2263 potest
198 2223 217 2253 l.
234 2233 283 2264 39.
310 2224 349 2254 D.
374 2226 406 2255 de
437 2226 522 2266 oblig.
546 2225 583 2260 ὅ)
608 2225 666 2259 ast.
708 2226 769 2258 Sed
789 2227 828 2258 de
850 2235 939 2267 patre

71 2266 240 2302 quaeritur,
264 2264 316 2304 qui
337 2265 430 2297 filiam
456 2267 485 2297 in
511 2266 667 2307 potestate
692 2266 804 2298 habet:
826 2277 864 2299 an
887 2269 938 2299 vel

68 2305 122 2336 ille
142 2305 181 2336 de
204 2307 332 2344 peculio
351 2307 477 2338 actione
493 2315 647 2339 teneatur.
673 2309 832 2346 quaercndi
851 2309 937 2340 causa

68 2345 131 2377 est:
154 2347 237 2385 quod
260 2354 349 2386 pater
378 2348 502 2379 actione
531 2350 571 2380 de
598 2350 725 2391 peculio
749 2358 875 2381 tenetur
897 2360 938 2381 ex

71 2388 236 2418 contractu
256 2388 327 2418 fiiiae
343 2397 395 2420 aut
412 2389 464 2420 filii
481 2413 490 2428 ,
514 2400 553 2421 ex
573 2390 690 2422 delicto
713 2396 777 2422 non
796 2398 938 2422 tenetur:

70 2428 162 2460 rebus
185 2436 288 2460 autem
307 2430 418 2462 amotis
437 2431 569 2462 veritate
588 2431 706 2463 furtum
724 2432 760 2463 fit
778 2432 796 2462 t.
808 2440 874 2471 pen.
895 2432 938 2463 D.

72 2467 98 2498 b.
115 2475 157 2512 ι..
180 2468 214 2500 ln
233 2480 267 2500 ea
285 2471 459 2509 quat-stione
483 2471 594 2504 Paulus
614 2473 632 2503 b.
650 2483 679 2513 3.
703 2473 730 2514 §.
747 2483 777 2512 4.
801 2475 829 2505 cl.
848 2480 870 2504 t.
895 2473 937 2505 fic

71 2508 191 2539 scribit:
214 2510 247 2541 Sz‘
260 2510 456 2552 filizij‘tmzilias
470 2523 514 2543 res
529 2516 668 2544 amoverit
683 2538 692 2552 ,
718 2514 800 2546 Mela
811 2537 820 2553 ‚
842 2514 935 2545 Fulci-

72 2550 141 2578 nius
156 2550 297 2589 ajunt‚cle
309 2554 418 2592 peculio
436 2556 563 2585 dandam
579 2554 733 2586 afflmzem:
755 2557 825 2596 quia
840 2556 935 2596 displi-

70 2591 149 2627 cuit,
174 2599 232 2620 eam
255 2592 329 2628 furti
344 2595 484 2635 obligari,
505 2596 551 2625 vel
564 2597 595 2625 in
612 2596 700 2635 ipsam
716 2598 748 2627 ob
767 2606 811 2627 res
827 2604 937 2628 amotas

69 2631 134 2675 clari
148 2630 293 2670 aclionem.
318 2633 426 2667 Sensus
441 2636 505 2674 est,
530 2636 549 2667 fi
571 2636 769 2669 filiafamilias
785 2647 834 2669 res
849 2647 938 2669 amo-

70 2678 168 2709 verit,
195 2672 311 2704 Melam
331 2674 360 2705 ἂ
374 2675 550 2709 Fulcinium
567 2678 778 2717 voluisse—,vel
796 2680 825 2710 in
841 2678 936 2719 ipsam

69 2711 178 2744 ubres
201 2722 321 2744 amotas
347 2716 409 2746 dari
433 2719 610 2757 actionem,
641 2720 692 2751 vel
719 2720 863 2752 adversus
884 2727 935 2759 pa-

71 2761 149 2784 trem
167 2755 206 2785 de
224 2755 367 2794 peculio:
391 2756 461 2795 sed,
485 2767 519 2789 ut
549 2760 615 2800 post
640 2760 843 2797 ostendetur,
868 2769 934 2792 tan-

69 2801 137 2825 tum
164 2795 270 2826 utilem
298 2796 327 2827 &
351 2805 504 2836 quatenus
527 2803 683 2841 pervenit.
707 2811 768 2832 nec
789 2801 932 2841 obstare,

67 2835 151 2874 quod
166 2837 247 2867 attio
264 2846 365 2868 rerum
385 2847 556 2872 amotarum
576 2843 695 2882 pendet
711 2852 728 2873 a
746 2843 932 2881 surto;cum

67 2876 151 2907 actio
176 2880 215 2907 de
233 2878 360 2917 peculio
377 2878 494 2918 spectet
510 2883 546 2914 ad
564 2885 758 2915 contrafitus:
782 2893 851 2915 nam
875 2884 933 2916 dis-

64 2917 206 2958 plicursse
222 2941 231 2956 ‚
263 2918 492 2965 filiamfamilias
508 2946 517 2961 ,
556 2934 688 2965 propter
712 2936 760 2957 res
789 2934 932 2965 amotas,

67 2957 143 2989 furti
161 2959 289 3001 obligari
327 2961 393 3005 hac>
406 2962 498 3002 igitur
513 2966 634 2997 ratione
654 2976 718 2997 rem
738 2967 868 3006 perinde
883 2977 932 2997 ac—

65 3005 241 3040 ceperunt,
265 3011 302 3032 ac
319 3002 337 3033 si
353 3003 434 3033 actio
452 3013 553 3037 rerum
575 3016 750 3038 amotarum
774 3010 872 3049 magis
895 3008 931 3039 sit

63 3050 104 3072 ex
130 3043 262 3085 negotio
284 3043 392 3083 gesto,
424 3053 515 3083 quam
535 3057 576 3078 ex
599 3049 735 3086 delicio,
768 3058 873 3088 coque
898 3050 928 3080 in

59 3083 218 3123 peculium
244 3083 480 3118 condictionem
513 3088 682 3128 admittat,
714 3098 867 3129 quatenus
890 3091 929 3121 ad

58 3131 179 3164 patrem
199 3127 363 3164 pervenit:
395 3126 425 3158 in
454 3137 554 3166 eaque
578 3129 730 3161 sententia
757 3132 852 3162 etiarn
875 3130 925 3170 Ju-

1800 135 1876 175 ‚417

1001 206 1236 255 deliberatio-in
1253 211 1280 241 d.
1299 211 1318 242 l.
1336 221 1364 252 3.
1389 212 1417 254 ᾗ.
1433 222 1462 253 4.
1486 212 1559 255 'quid
1572 214 1647 255 juris
1663 210 1720 255 fit,
1743 216 1764 248 fi
1782 225 1872 258 pater

999 249 1143 288 adjunffita
1157 249 1221 281 filia
1243 253 1283 282 de
1301 252 1379 285 dote
1402 263 1473 295 agat
1489 278 1499 293 ,
1522 256 1690 295 quomodo
1713 266 1870 299 oportere

997 283 1120 334 patrem
1137 299 1153 321 a
1180 293 1296 322 marito
1321 294 1431 330 dotem
1458 296 1673 335 profectitiam
1699 307 1867 340 repetere,

996 331 1084 369 iupra
1101 331 1346 366 demonstratum
1363 335 1418 367 est.
1441 337 1526 376 ajunt
1542 346 1666 378 autem,
1689 340 1821 373 dandam
1837 341 1867 372 ei

995 371 1155 415 astionem
1172 373 1211 403 ad
1226 374 1311 404 dotis
1327 375 1572 415 repetitionem:
1589 386 1780 421 quamquam
1799 391 1866 414 non

993 412 1103 452 aliter,
1128 421 1220 454 quam
1245 423 1280 460 ut
1301 415 1417 454 filiam,
1448 416 1468 448 ss
1492 421 1738 454 reconveniatur
1759 432 1865 455 rerum

992 460 1170 485 amotarum
1186 456 1325 495 judicio,
1349 457 1379 489 in
1397 457 1528 490 solidum
1552 461 1581 492 ἀ
1597 471 1668 495 cuni
1694 463 1867 496 satisdatio-

993 503 1035 525 ne
1054 494 1219 527 defendat.
1263 496 1334 536 Sic,
1358 498 1378 530 fi
1398 498 1484 531 vivat
1501 499 1572 533 filia.
1595 504 1688 543 quid,
1704 504 1725 537 fi
1742 514 1866 538 mortua

991 535 1054 581 sstf.)
1088 536 1212 568 constat
1229 559 1239 575 ‚
1272 540 1434 578 peculium
1467 542 1533 581 ejus
1563 552 1665 576 morte
1699 547 1864 590 extingui,

990 576 1170 617 deindeque
1186 578 1344 611 actionem
1360 581 1399 612 de
1418 583 1544 622 peculio
1565 592 1686 618 tantum
1709 588 1788 619 intra
1811 597 1864 622 an-

990 627 1064 663 num
1086 620 1176 664 darn
1206 620 1260 650 Ait
1276 621 1372 661 igitur
1387 622 1538 656 Proculus
1555 628 1637 666 apud
1657 627 1786 661 Paulum
1801 622 1860 661 dsl.

988 668 1018 699 3.
1037 659 1069 700 ς.
1081 668 1111 697 4.
1134 660 1196 691 tilia
1213 670 1353 700 mortua,
1377 672 1444 695 non
1462 673 1613 706 oportere
1629 668 1659 699 in
1679 677 1799 709 patrem
1817 680 1865 702 re-

989 709 1058 731 rum
1077 708 1252 734 amotarum
1272 703 1431 737 actionem
1451 707 1534 745 dari,
1560 704 1614 740 nili
1639 717 1797 749 quatenus
1819 721 1861 744 ex

989 750 1027 772 ea
1043 751 1077 772 re
1096 751 1184 782 pater
1206 744 1400 783 locupletior
1425 746 1459 778 sit
1476 771 1487 786 ‚
1518 749 1640 781 dolove
1663 751 1747 783 malo
1770 752 1862 792 (hoc

988 791 1028 813 ex
1047 782 1228 823 Pomponio
1246 785 1406 826 subjicitur
1421 789 1440 819 l.
1456 790 1507 829 4.)
1517 789 1650 830 fecerit,
1675 801 1741 834 quo
1758 796 1860 827 minus

987 824 1027 854 ad
1051 833 1122 855 eum
1154 827 1348 872 perveniret..
1388 830 1453 860 imo
1483 830 1672 872 Papinianus
1697 835 1716 866 l.
1733 845 1763 875 5.
1787 837 1861 867 viva

988 873 1135 910 quoque,
1158 874 1278 912 inquit,
1301 867 1381 908 filia,
1406 873 1493 910 quod
1509 873 1547 904 ad
1568 880 1692 914 patrem
1711 885 1752 908 cx
1769 877 1863 910 rebus

987 913 1101 951 amotis
1124 915 1292 947 pervenit,
1317 910 1384 941 utili
1400 911 1520 951 judicio
1536 916 1712 954 petendum
1728 916 1783 949 est.
1805 918 1862 950 Pa-

989 955 1133 986 pinianus
1149 956 1215 979 non
1232 949 1328 988 dicit,
1352 961 1473 992 patrem
1492 955 1536 985 ob
1553 965 1601 987 res
1617 966 1634 987 a
1658 957 1721 990 filia
1738 967 1863 992 amotas

989 989 1090 1019 teneri
1108 989 1232 1021 actione
1250 990 1367 1024 directa
1383 993 1423 1026 de
1447 995 1588 1035 peculio:
1612 999 1686 1038 quia
1707 1000 1790 1032 actio
1814 1011 1862 1033 re-

987 1038 1056 1060 rum
1080 1036 1258 1076 amotarum
1280 1035 1366 1065 venit
1389 1045 1430 1066 cx
1452 1037 1592 1077 dellet03
1614 1048 1687 1073 cum
1710 1041 1794 1074 actio
1818 1042 1861 1075 de

986 1070 1115 1110 peculio
1134 1079 1237 1104 veniat
1252 1083 1291 1104 ex
1309 1077 1485 1109 contractu.
1508 1086 1659 1118 praeterea
1681 1083 1762 1115 actio
1779 1084 1861 1116 dire«

988 1111 1035 1142 cta
1050 1120 1116 1142 non
1135 1112 1242 1159 datur,
1264 1124 1418 1155 quatenus
1436 1121 1475 1150 ad
1492 1128 1613 1159 patrem
1632 1124 1861 1164 pervenit,sed

987 1160 1142 1199 quatenus
1159 1153 1249 1186 estin
1267 1159 1414 1198 peculio,
1430 1160 1486 1192 etsi
1504 1162 1542 1193 ad
1561 1171 1682 1203 patrem
1698 1166 1775 1198 nihil
1791 1175 1860 1206 per-

986 1202 1076 1225 venit
1101 1203 1141 1226 ex
1165 1195 1405 1242 rebus-amotis.
1442 1202 1561 1241 placuit
1584 1211 1690 1238 tamen
1716 1206 1864 1248 Papinia-

988 1244 1060 1280 no,.
1077 1242 1201 1282 patrem
1226 1239 1295 1270 utili
1322 1240 1446 1273 actione
1471 1245 1592 1284 teneri,
1615 1254 1772 1286 quatenus
1790 1258 1860 1290 per-

988 1284 1113 1308 veniet:
1137 1286 1209 1323 quia
1227 1289 1330 1311 rerum
1349 1290 1526 1316 amotarum
1552 1286 1655 1327 actio,
1678 1288 1735 1321 etti
1756 1291 1860 1322 nasca-

987 1326 1037 1349 tur
1055 1328 1096 1350 ex
1121 1319 1257 1365 delict0‚
1280 1331 1345 1354 non
1371 1331 1476 1356 tamen
1500 1326 1617 1366 spectat
1643 1330 1682 1361 ad
1707 1339 1856 1372 poenam,

985 1359 1038 1391 scd
1054 1361 1092 1391 ad
1110 1369 1152 1390 rei
1170 1361 1443 1406 persecutionem:
1460 1366 1600 1409 ideoque
1615 1369 1766 1403 hactenus
1781 1381 1858 1412 qua-

986 1409 1077 1432 tenus
1094 1410 1250 1441 pervenit.
1275 1406 1363 1445 quod
1380 1405 1409 1438 &
1425 1407 1536 1447 probat
1560 1409 1714 1452 Ulpianus
1734 1412 1754 1445 l.
1772 1423 1802 1455 3.
1825 1413 1858 1456 §-

988 1451 1035 1473 12.
1065 1442 1100 1473 D.
1119 1443 1152 1472 cle
1159 1444 1282 1483 paculio.
1844 1469 1849 1473 ·

1027 1482 1216 1523 Utcumque
1240 1486 1317 1518 erit:
1340 1495 1491 1530 apparet,
1513 1491 1672 1525 actionem
1695 1503 1799 1528 rerum
1822 1505 1856 1528 a-

985 1533 1141 1570 motarum
1165 1525 1310 1559 adversus
1335 1536 1469 1562 uxorem
1494 1531 1578 1568 dari,
1615 1534 1633 1565 si
1657 1538 1779 1568 amovit
1806 1547 1856 1571 res

983 1568 1107 1612 mariti,
1127 1574 1180 1612 aut
1199 1567 1346 1601 adversus
1359 1570 1556 1613 maritum,fi
1573 1577 1694 1608 amovit
1712 1587 1760 1609 res
1775 1587 1854 1617 uxo,-

983 1617 1043 1640 113:
1067 1607 1097 1638 ὅς
1116 1609 1265 1648 quidem,
1290 1611 1376 1649 quod
1401 1620 1487 1646 nunc
1507 1617 1707 1657 addendum,
1730 1619 1762 1651 in
1785 1618 1854 1652 soli-

984 1649 1079 1688 dum3
1104 1657 1165 1679 nec
1181 1651 1324 1689 prodesse
1341 1652 1389 1690 ei,
1412 1653 1433 1685 fi
1461 1654 1569 1689 facere
1592 1667 1657 1690 non
1681 1657 1784 1700 possit.
1809 1661 1854 1695 ita

984 1690 1098 1722 Paulus
1116 1690 1135 1722 l.
1153 1699 1205 1722 21.
1230 1691 1259 1733 §.
1274 1693 1330 1725 ult.
1354 1693 1396 1725 D.
1420 1695 1448 1727 h.
1467 1702 1489 1728 z.
1513 1697 1543 1729 ὅ(
1563 1699 1730 1741 praefatur,
1755 1702 1788 1734 id
1809 1712 1852 1735 ex

982 1731 1247 1778 furt01pendere.
1267 1737 1270 1741 '
1290 1734 1416 1768 Plenius
1446 1735 1676 1780 Tryphoninus
1706 1742 1725 1774 l.
1740 1753 1790 1784 52.
1808 1743 1853 1777 D.

982 1774 1016 1804 de
1029 1782 1059 1804 re
1069 1774 1175 1820 judic..
1191 1772 1303 1807 Verbis
1322 1775 1524 1818 sequentibus
1540 1792 1548 1813 :
1572 1783 1608 1813 Si
1621 1792 1717 1815 rerum
1742 1790 1853 1818 amota·

982 1824 1048 1845 rum
1064 1823 1128 1861 curn
1141 1824 1205 1845 vtro
1220 1823 1328 1857 agatur
1342 1840 1352 1856 ‚
1372 1828 1547 1863 quamquam
1568 1824 1706 1856 videatur
1727 1832 1761 1858 ea
1783 1836 1853 1868 quo-

981 1865 1036 1897 que
1049 1854 1123 1902 abiro
1135 1859 1321 1896 precedentis
1326 1861 1475 1899 societatis
1490 1864 1561 1894 vitae
1575 1866 1690 1905 causam
1707 1865 1852 1909 habuiffe,

983 1900 1015 1929 in
1028 1897 1154 1938 fiilzdum
1172 1900 1354 1931 condemnari
1366 1902 1462 1934 deber.-
1483 1906 1619 1945 quom‘am
1639 1917 1677 1939 ex
1691 1908 1764 1940 male
1785 1918 1852 1942 con-

984 1938 1132 1983 tractu&
1147 1938 1245 1971 αειίέῖο
1265 1943 1368 1974 oritur.
1410 1943 1485 1977 Hac
1501 1946 1596 1988 igitur
1612 1948 1740 1981 afflone
1754 1951 1780 1982 is
1795 1951 1850 1993 qui

983 1989 1103 2012 amovit
1118 2004 1129 2020 ,
1153 1989 1290 2014 tenetur.

1011 2021 1072 2068 'An-
1090 2022 1119 2053 ἃ
1144 2022 1235 2053 heres
1252 2024 1344 2065 ejus?
1367 2032 1464 2060 nemo
1485 2028 1618 2064 dubitat.
1648 2031 1747 2065 solum
1768 2042 1852 2074 quae·

982 2062 1073 2094 stioni
1090 2063 1154 2101 est,
1177 2072 1243 2108 quo
1261 2066 1356 2112 modo
1376 2076 1531 2103 tencatur.
1574 2070 1753 2113 Ulpianusl
1779 2078 1809 2107 6.
1820 2074 1850 2116 ἓ.

980 2115 1010 2144 4.
1027 2103 1067 2135 D.
1077 2104 1104 2135 h.
1112 2104 1180 2151 ⁴z.sic
1196 2106 1321 2139 scribit}
1344 2107 1417 2141 Item
1434 2111 1512 2143 heres
1525 2113 1654 2145 mulieris
1667 2124 1703 2146 ex
1720 2115 1774 2146 hac
1782 2125 1851 2147 cau-

978 2148 1010 2191 Jci
1025 2147 1166 2177 tenebitur
1178 2169 1188 2185 ,
1203 2145 1283 2184 ficut
1299 2149 1484 2184 condictionis
1499 2154 1612 2185 nomine
1627 2164 1664 2186 ex
1679 2157 1765 2193 caula
1774 2157 1850 2197 fur-

982 2192 1056 2220 τινα.
1099 2188 1148 2219 An
1164 2188 1275 2222 recte?
1297 2196 1368 2223 nam
1386 2191 1417 2224 in
1433 2193 1453 2225 l.
1468 2200 1499 2231 9.
1522 2194 1565 2227 D.
1581 2195 1614 2226 de
1638 2196 1757 2229 conarer.
1772 2199 1847 2237 sur·

981 2230 1035 2259 riv.
1059 2227 1146 2260 Idem
1157 2251 1167 2267 ,
1190 2229 1228 2260 In
1243 2231 1419 2264 condictione
1432 2244 1469 2266 ex
1482 2237 1569 2272 caula
1578 2236 1702 2275 furtiva
1712 2262 1719 2272 ,
1730 2239 1848 2280 inquit,

980 2279 1035 2299 non
1046 2276 1099 2310 pro
1114 2276 1198 2310 parte
1213 2281 1275 2312 quae
1284 2275 1438 2313 pervenit,
1450 2275 1501 2316 sed
1517 2276 1683 2316 insolidum
1698 2283 1847 2320 tenemur,

980 2312 1049 2342 dum
1054 2311 1111 2350 soli
1124 2312 1234 2343 heredes
1246 2316 1360 2350 sumus:
1401 2326 1431 2346 ro
1449 2323 1535 2356 parte
1556 2323 1651 2350 autem
1673 2320 1751 2352 heres
1765 2345 1774 2359 ‚
1793 2329 1850 2369 pro.

980 2361 1012 2382 ea
1028 2359 1111 2393 parte
1122 2359 1174 2392 pro
1189 2363 1247 2394 qua
1260 2357 1337 2386 heres
1356 2321 1399 2397 ‘fi
1407 2379 1417 2394 ‚
1439 2363 1558 2389 tenetur.
1601 2359 1655 2391 De
1670 2363 1851 2398 condictio-⁷
1865 2382 1871 2385 -

981 2403 1021 2424 ne
1037 2401 1140 2425 autem
1158 2403 1261 2426 rerum
1278 2405 1453 2429 amotarum
1475 2397 1694 2433 Diocletianus
1720 2404 1749 2436 δι
1773 2404 1847 2437 Ma-

981 2434 1135 2466 ximianus
1153 2435 1171 2466 l.
1187 2435 1240 2466 ult.
1259 2436 1290 2467 C.
1308 2437 1335 2468 b.
1351 2444 1372 2469 t.
1397 2446 1505 2471 contra
1523 2440 1754 2483 rescripserunt.
1796 2446 1845 2478 De

979 2478 1060 2506 rebus
1075 2485 1146 2517 quas
1160 2477 1279 2508 divortii
1289 2480 1374 2516 causa
1389 2482 1530 2520 quondam
1548 2492 1665 2515 uxorem
1682 2491 1766 2518 tuum·
1779 2491 1844 2520 abs-

978 2517 1069 2556 tuliffe
1080 2518 1233 2557 proponis,
1250 2528 1346 2551 rerum
1360 2527 1519 2553 amotarum
1535 2523 1644 2561 ostiarie
1661 2535 1761 2559 contra
1769 2532 1840 2568 juc-

978 2551 1089 2598 ceffores
1110 2561 1171 2599 ejus
1186 2567 1244 2590 non
1258 2561 1441 2600 insolidum,
1455 2564 1508 2601 fid
1523 2565 1553 2595 in
1575 2573 1718 2606 quantum
1741 2572 1779 2601 ad
1798 2579 1842 2602 em·

974 2600 1129 2639 pervenit;
1160 2602 1234 2640 quod
1251 2599 1279 2637 fi
1302 2612 1346 2633 res
1369 2609 1483 2642 extent,
1507 2605 1626 2638 dominii
1647 2611 1841 2642 vindzcatione

979 2642 1024 2671 uti
1036 2641 1201 2680 prohibens.
1242 2642 1294 2673 Sic
1312 2644 1408 2684 vulgo
1426 2648 1538 2678 editur.
1560 2657 1609 2679 res
1629 2649 1782 2690 postulat,
1797 2653 1842 2684 uti

978 2682 1214 2726 non-prohiberis.
1238 2687 1404 2722 quomodo
1419 2686 1465 2718 est
1485 2688 1516 2720 in
1540 2689 1726 2729 quibusdam
1743 2692 1840 2725 libris.

978 2722 1064 2765 Quid
1088 2724 1248 2756 dicimus?
1274 2723 1444 2766 Ulpianum
1465 2727 1495 2760 in
1520 2730 1583 2762 (1.1.
1602 2734 1631 2762 6.
1654 2730 1682 2772 §.
1704 2741 1735 2766 4.
1759 2733 1840 2766 inter

977 2773 1141 2803 uti-amque
1165 2766 1403 2799 condictionem
1421 2768 1525 2801 facere
1548 2773 1840 2815 comparationem,

976 2804 1028 2835 sed
1044 2805 1305 2845 aliqualem,n0n
1326 2809 1560 2844 omnimodam:
1578 2811 1605 2843 <St
1623 2811 1684 2842 effe
1700 2812 1839 2854 sensum,

976 2844 1258 2888 Quemadmodum
1274 2850 1438 2882 condictio
1463 2851 1596 2889 furtiva,
1620 2851 1661 2883 fic
1679 2855 1840 2888 condictio

975 2896 1079 2919 rerum
1096 2896 1288 2928 amotarum,
1304 2890 1334 2922 in
1350 2890 1484 2925 heredes
1502 2893 1674 2932 competit:
1698 2903 1782 2927 certa
1799 2906 1843 2929 rar

976 2928 1072 2960 tione.
1096 2929 1149 2960 illa
1165 2930 1245 2961 ratio
1260 2931 1322 2970 est,
1347 2935 1434 2973 quod
1452 2941 1582 2970 utraque
1605 2932 1650 2963 est
1672 2936 1715 2965 rei
1737 2937 1840 2976 perse-

975 2970 1112 3008 cutoria,
1136 2980 1245 3003 neutra
1264 2974 1405 3013 poenalis.
1429 2973 1504 3005 Hoc
1521 2972 1585 3004 fine
1602 2972 1658 3004 stat
1675 2979 1839 3019 utriusque

974 3013 1187 3050 comparatio:
1211 3013 1290 3045 ultra
1307 3024 1371 3046 non
1390 3014 1543 3054 procedit.
1587 3013 1683 3054 lgitur
1707 3015 1728 3048 si
1753 3027 1838 3059 quae-

972 3061 1076 3090 ratur,
1099 3061 1252 3093 quatenus
1270 3063 1402 3094 utraque
1425 3061 1589 3093 competat
1611 3056 1756 3091 adversus
1782 3061 1838 3093 he.

971 3094 1103 3126 redem?
1131 3095 1197 3134 jam
1221 3095 1266 3127 est
1287 3096 1385 3126 altera
1413 3095 1621 3126 deliberatio:
1659 3098 1691 3129 in
1712 3109 1772 3140 qua
1795 3102 1841 3135 se.

969 3143 1068 3173 quens
1086 3138 1270 3175 ponendum
1293 3135 1337 3166 est
1362 3135 1543 3174 discrimen:
1567 3138 1654 3177 quod
1673 3141 1836 3176 condictio

58 3165 173 3195 liauurn
197 3165 302 3204 fuine,
327 3168 411 3200 idem
436 3168 546 3201 Paulus
571 3171 734 3202 attesatur
759 3171 777 3202 l.
800 3179 864 3210 pen.
885 3173 924 3204 D.
965 3175 1084 3208 furtiva
1107 3178 1250 3208 adversus
1266 3176 1400 3206 heredes
1423 3176 1514 3208 datur
1536 3178 1568 3208 in
1591 3177 1742 3214 solidum:
1763 3192 1837 3216 con-

60 3206 93 3236 de
113 3205 356 3248 condiafzffljv,
389 3209 536 3246 Proxima
552 3210 613 3246 fuit
630 3213 727 3246 Meno
742 3213 771 3245 ἀ
788 3212 923 3248 Fulcinii
966 3217 1060 3252 dictio
1078 3226 1181 3252 rerum
1198 3225 1376 3250 amotarum
1401 3226 1466 3250 non
1482 3219 1514 3251 in
1530 3217 1659 3255 solidum
1678 3223 1767 3256 datur
1784 3226 1836 3257 ad.

102 3245 178 3277 Tom.
203 3247 246 3280 ll.

1249 3257 1332 3298 (ἷὶζέ
1766 3275 1834 3299 vcr-
