2036 3495
186 86 251 120 128
598 80 629 114 G
662 89 682 112 e
717 89 736 111 R
770 89 787 111 A
821 86 843 109 R
875 86 899 110 D
934 85 945 109 1
1010 74 1048 109 N

184 172 363 211 municipe:
388 177 459 199 cum
485 167 515 198 in
541 165 645 197 liberis
664 166 692 195 &
717 163 898 204 parentibus
917 162 993 195 nihil
1011 172 1057 194 re·

184 214 305 250 ferret,
329 210 447 242 essetne
465 206 595 246 scriptus
615 206 724 243 aliquis
743 214 783 235 ex
803 205 928 242 liberis,
951 214 989 235 an
1005 213 1058 235 ex-

186 253 299 285 traneis
312 277 320 290 ‚
333 251 381 281 vel
400 247 620 287 municipibus.
644 246 774 284 quue,
786 245 919 285 opinor,
932 244 1058 286 respicit

185 296 251 326 hoc
270 294 391 332 Ulpiani
409 291 428 321 l.
449 300 497 326 24.
515 290 573 319 eod.
606 286 829 331 Quidfifrzitre
845 292 946 328 agente
958 310 966 325 ‚
982 288 1057 318 bere-

184 338 231 367 des
243 335 341 372 scripti
356 329 460 367 a'iversi
481 331 558 371 juris
576 329 720 369 fuerint?
744 327 984 369 quodfifuerit:
1005 334 1056 368 pro

177 371 262 418 purte
280 372 417 413 restanus,
439 379 487 410 pro
503 377 587 411 parte
606 369 757 409 intestatus
774 368 908 409 deceffiffe
925 370 1054 400 videtur.

181 417 228 449 lta
245 414 307 447 est:
334 413 505 445 Veteribus
532 421 597 443 non
615 411 752 452 placuit,
777 410 927 442 fratribus
947 412 978 442 in
997 411 1055 441 fra-

182 458 237 489 tris
253 456 445 488 testamento
463 452 604 495 praeferri
627 453 676 484 vel
696 452 819 490 servos,
845 452 895 483 vel
911 460 1055 483 extrane-

181 508 239 536 os,
255 497 307 528 vel
327 505 391 528 non
411 495 603 536 municipes:
620 493 672 526 sed
684 492 895 526 Constantino
913 494 942 538 in
960 494 1014 524 cti.
1030 502 1056 524 1.

180 549 247 571 non
271 538 316 570 est
341 537 421 569 visus
442 538 518 568 tanti
545 535 672 567 familiae
698 535 748 566 vel
775 534 937 575 municipii
955 534 1055 574 respe-

183 581 273 612 C'tus:
304 578 414 611 maluit
442 579 494 609 ille
512 602 520 616 ,
553 576 662 608 haberi
684 577 842 608 rationem
866 575 1057 607 honestatis:

182 632 318 662 eamque
343 621 363 652 si
389 621 527 661 negligat
551 619 650 650 frater
666 618 813 649 institutis
830 617 972 656 personis
993 618 1058 655 qui-

183 665 241 696 bus
258 662 365 695 inustae
384 662 441 693 sint
458 669 542 694 notae
554 658 746 692 detestabilis
759 657 964 698 turpitudinis
976 682 984 696 ‚
999 658 1058 689 fra·

181 706 219 737 tri
246 704 384 736 concedi
411 703 572 743 querelam
596 700 743 732 adversus
766 699 872 730 fratris
893 699 1058 731 testamen—

182 754 260 778 tum.
284 745 383 786 ipsum
409 753 513 776 tamen
540 743 655 774 dubito
671 751 707 773 an
725 741 946 773 vehementius
963 748 1059 780 atque

180 788 401 828 exaggeratius
427 785 463 817 sit
488 784 625 822 dietum,
650 793 742 823 quam
771 783 905 823 intelligi
931 782 1058 814 debeat.

181 839 252 869 quae
269 829 352 859 enim
371 827 495 865 possunt
510 827 571 857 dici
592 826 732 866 personte
749 825 861 863 quibus
882 823 987 855 inustae
1000 823 1058 855 sint

180 879 267 902 notae
283 869 475 901 detestabilis
493 867 712 908 turpitudinis:
728 864 781 896 nisi
799 874 843 896 cae
859 874 934 904 quas
952 864 1058 905 Ulpia-

180 922 239 943 nus
257 912 274 942 l.
298 920 321 942 1.
346 910 373 952 §.
392 921 421 948 4.
443 909 483 940 D.
510 911 543 939 de
557 907 726 949 postulando
744 915 841 937 vocat
860 907 1057 947 turpitudine

180 953 339 985 notabiles
351 954 366 983 ἲ
391 959 487 990 atque
504 960 550 981 eae
574 959 650 981 mox
671 949 728 980 suis
752 948 907 988 exemplis
925 949 1053 989 demon3

180 994 315 1026 strantur
333 993 360 1034 §.
379 997 408 1024 6.
427 995 456 1024 ἃ
475 993 505 1024 in
522 991 551 1033 §.
572 996 602 1025 8.
625 989 856 1030 distinguuntur
881 999 897 1020 a
916 989 1056 1029 personis

181 1045 251 1077 quse
270 1036 299 1066 in
317 1034 434 1066 Edicto
452 1033 598 1070 Praetoris
615 1032 742 1063 infamia
755 1031 971 1069 notantur,„&
991 1030 1055 1061 vul·

181 1079 299 1118 gariter
315 1076 451 1107 infames
471 1076 630 1106 videntur.
655 1073 849 1109 Siccenseo,
867 1080 962 1111 atque
981 1073 1055 1102 ideo

180 1129 197 1150 a
213 1118 427 1150 Constantino
445 1116 502 1148 inl.
520 1127 548 1156 3.
567 1116 633 1147 Cod.
656 1114 757 1145 Themi.
775 1114 834 1145 h.t.
856 1114 1055 1144 locutionem

181 1170 244 1191 tarn
263 1160 490 1191 vehementem
516 1160 558 1189 ita
585 1157 806 1196 attemperari:
835 1153 920 1185 Unde
948 1156 1054 1192 claret,

181 1201 321 1234 actionem
343 1199 489 1242 inofficiosi
513 1200 656 1235 fratribus
681 1198 863 1233 relaxatam,
888 1206 951 1226 cum
977 1196 1053 1235 infa-

180 1246 243 1274 miae
269 1245 452 1284 adspergitur
475 1242 557 1272 vitiis
581 1241 604 1271 is
623 1241 673 1280 qui
697 1240 772 1269 heres
789 1239 886 1268 extitit
905 1239 1055 1278 omniaque

171 1285 324 1326 fratribus
343 1284 419 1315 tradi
433 1292 494 1324 quie
509 1289 558 1323 per
576 1282 787 1321 turpitudinem
805 1285 856 1309 aut
873 1279 1000 1319 aliquam
1019 1279 1053 1308 ie·

181 1336 246 1357 vem
261 1333 358 1357 aotam
374 1332 470 1365 capere
486 1334 542 1355 non
557 1321 645 1364 potest
656 1320 815 1362 institutas.
841 1320 983 1365 Amplius
1001 1329 1054 1360 pu-

180 1375 237 1406 to,
261 1367 497 1399 Tribonianum
524 1365 598 1396 inde
623 1371 769 1395 tenorem
788 1363 815 1393 d.
835 1361 853 1392 l.
878 1371 901 1393 1.
920 1370 949 1392 m
970 1362 987 1392 ἰ.
1009 1370 1058 1401 27.

181 1409 216 1439 C.
235 1410 263 1440 Ι).
283 1417 303 1439 t.
323 1418 415 1448 quam
435 1416 475 1437 ex
491 1406 542 1438 illa
561 1403 720 1445 descripfit
733 1427 742 1441 ‚
759 1404 796 1434 ad
816 1402 900 1434 hunc
916 1403 1057 1442 interpo-

178 1451 244 1483 lare
263 1451 412 1482 modurn:
431 1447 503 1479 Oziae
515 1447 644 1486 infamiae
659 1445 705 1476 vel
722 1445 909 1485 turpitudinis
921 1444 967 1474 vel
985 1444 1057 1474 levis

180 1498 253 1522 notae
276 1491 390 1522 macula
413 1480 601 1529 affpergaur.
647 1485 734 1528 Quid
753 1488 847 1527 igitur
862 1485 932 1516 est‘?
956 1485 1056 1531 ficui·

179 1533 367 1573 ssinguenda
383 1542 431 1563 res
450 1529 514 1562 est:
530 1537 564 1561 ut
581 1530 703 1560 macula
720 1528 859 1559 infamiae
877 1527 906 1558 &
923 1534 1054 1566 turpitu-

179 1575 283 1613 dinis,
308 1582 438 1612 quarum
462 1582 515 1612 par
539 1569 724 1611 fignificatio
741 1568 807 1608 est,
830 1568 867 1600 fit
884 1577 956 1599 vera
975 1566 1054 1614 infa-

179 1618 260 1654 mia,
286 1625 301 1646 a
321 1615 425 1655 legum
445 1612 635 1645 auctoritate
653 1611 814 1652 pendens,
838 1609 901 1641 five
924 1609 990 1655 ipso
1008 1619 1051 1648 Ju-

177 1667 232 1695 γε’,
257 1656 319 1688 five
338 1657 455 1694 judicis
474 1654 647 1691 sententia,
672 1652 846 1692 infligatur:
871 1651 948 1682 leVis
969 1658 1052 1696 norae

178 1699 303 1730 macula
324 1697 359 1729 fit
387 1699 457 1735 illa,
483 1705 552 1737 quae
572 1703 605 1726 ut
627 1695 702 1734 juris
727 1693 914 1724 auctoritate
936 1701 1000 1738 non
1018 1692 1054 1737 iit

177 1739 326 1777 infainia3
345 1739 500 1779 opinione
517 1745 622 1767 tamen
636 1736 793 1766 bonorum
812 1735 841 1765 ἀ
859 1743 998 1775 gravrum
1011 1742 1053 1764 ν1-

179 1789 289 1813 10111111
309 1790 372 1811 non
392 1781 491 1811 evitat
504 1778 641 1810 infamiae
660 1785 779 1807 notam.
807 1774 858 1806 De
877 1782 1008 1813 utraque
1024 1783 1054 1805 e-

178 1824 209 1863 gi
228 1822 317 1863 supra
335 1821 388 1853 sub
405 1820 541 1858 Tamo,
561 1818 606 1850 De
622 1819 665 1849 his
681 1819 732 1860 qui
751 1822 893 1848 notantur
909 1817 1054 1855 infamia:

176 1873 238 1896 nec
253 1864 314 1903 jam
331 1872 418 1904 agam
435 1862 587 1902 pluribus.
1009 1898 1015 1904 ⁴

219 1903 320 1948 Quod
345 1905 409 1936 dixi
429 1906 469 1935 cie
491 1903 635 1943 turpibus
653 1899 873 1931 &infamibus
892 1898 1052 1939 personis,

177 1947 264 1978 idem
284 1946 510 1978 Constantinus
525 1945 555 1975 in
575 1944 602 1973 d.
620 1943 639 1973 l.
655 1951 683 1982 3.
704 1942 771 1973 Cod.
790 1940 892 1972 Theod.
909 1942 937 1972 h.
958 1947 978 1970 t.
1000 1939 1053 1971 sta·

178 1989 239 2019 tuit
260 1988 343 2018 cirea
360 1987 494 2019 libertos
506 2010 514 2024 ,
535 1984 639 2015 verbis
657 1983 871 2023 sequentibus.
897 1982 944 2013 Ita
960 1982 1053 2012 iubae

177 2039 287 2070 quoque
306 2035 410 2069 parte,
428 2027 456 2066 fi
479 2028 593 2069 quando
614 2025 720 2055 libertis
742 2024 885 2054 heredibus
910 2022 1052 2063 institutis

170 2071 286 2110 fratres
310 2071 421 2106 fuerint
446 2070 560 2101 alieni:
590 2064 737 2108 inofficivfi
762 2063 1051 2111 aeiioiielpropofica,

171 2111 352 2153 praevaleant
364 2114 395 2142 in
413 2113 540 2141 omnibus
556 2109 727 2148 occupandis
736 2106 933 2145 facultatibus
950 2105 1051 2145 defun-

178 2152 218 2184 eti
228 2177 236 2191 ‚
260 2162 331 2194 quas
347 2153 393 2183 ille
407 2159 555 2192 perperam
570 2151 607 2181 ad
624 2150 734 2180 libertos
751 2148 882 2178 voluerat
898 2149 1050 2188 pertinere.

178 2194 230 2226 Sic
251 2193 478 2226 Constantinus
497 2193 526 2223 in
545 2193 573 2223 ci.
592 2192 609 2222 l.
630 2202 657 2232 3.
675 2198 706 2221 at
723 2190 803 2220 hanc
819 2190 849 2220 in
866 2190 894 2220 d.
912 2189 931 2220 l.
947 2199 993 2228 27.
1011 2190 1052 2219 ita

175 2236 384 2276 interpolavit
404 2234 638 2266 Tribonianus:
665 2231 718 2261 l'el
731 2231 827 2261 liberti
841 2231 893 2275 qui
905 2237 1053 2271 perperam

179 2277 216 2312 ἐπ’)
236 2288 293 2308 uon
319 2279 385 2308 bene
409 2281 563 2312 merentes,
587 2274 777 2313 maximisque
802 2272 942 2311 beneficiis
968 2276 1053 2305 suum

172 2326 331 2359 patronum
357 2319 503 2354 adsecuti,
527 2315 656 2356 instituti
678 2316 756 2351 lunt.
802 2313 882 2345 Satis
904 2312 1050 2344 obscure.

175 2360 275 2401 igitur
295 2359 475 2396 Accursius,
491 2359 575 2389 addo
589 2381 597 2394 ‚
617 2355 812 2393 Gutherius,
830 2354 878 2385 lib.
902 2364 926 2385 1.
948 2354 994 2385 De
1011 2355 1051 2393 of·

171 2402 224 2442 fic.
236 2404 309 2433 dom.
322 2399 441 2443 August
469 2410 493 2431 c.
507 2409 564 2440 37:
580 2397 714 2437 beneficia
731 2397 865 2436 exponit
879 2396 1051 2427 maleficia:

177 2451 210 2473 ut
228 2444 256 2473 in
273 2444 350 2480 sao
385 2444 422 2473 D.
448 2443 481 2472 de
503 2442 604 2478 furtis.
623 2440 641 2470 l.
664 2448 704 2474 ao
731 2437 760 2479 §.
783 2447 806 2469 1.
829 2437 869 2468 D.
895 2440 927 2467 a'e
948 2439 1051 2468 dainno

177 2483 276 2523 viseti.
303 2483 378 2515 Non
398 2484 501 2525 placet
521 2482 584 2513 hoc
600 2479 812 2520 janoaCosta
831 2480 868 2509 ad
886 2478 914 2519 §.
932 2487 955 2509 1.
977 2476 1048 2517 last.

176 2526 204 2556 h.
222 2532 242 2555 t.
263 2526 411 2563 malenti,
430 2524 529 2563 repeti
549 2525 578 2552 τὸ
595 2532 669 2553 mm:
688 2530 719 2552 tit
738 2520 791 2558 sit,
809 2529 873 2551 non
891 2524 972 2550 bene
989 2529 1051 2551 me-

175 2574 304 2604 rentes,
321 2566 348 2597 ἀ
362 2575 426 2598 non
444 2566 586 2597 maximis
603 2563 767 2594 beneficiis
785 2560 870 2592 suum
883 2569 1051 2607 patronum

177 2607 328 2639 adsecuti.
357 2607 527 2646 idemque,
544 2606 572 2637 ἃ
590 2605 736 2646 pleniore
754 2605 919 2641 examine,
939 2603 1051 2633 incidit

178 2648 355 2680 Clariffimo
378 2647 654 2687 Eruditiffimoque
679 2654 754 2677 meo
773 2644 906 2682 Amico,
932 2643 1051 2675 Carolo

176 2690 317 2724 Andreae
338 2689 470 2719 Dukero
495 2690 600 2729 Opulc.
619 2689 651 2718 de
670 2686 771 2717 Latia.
790 2685 902 2725 Jurisc.
920 2691 1005 2716 veter.
1020 2693 1050 2725 p.

176 2742 246 2773 374.
271 2739 332 2761 nec
358 2730 417 2760 alia
441 2729 502 2759 fuit
529 2730 682 2760 sententia
709 2727 896 2758 Graecorum
918 2726 1052 2758 Scholio

177 2774 216 2804 ad
233 2774 260 2803 d.
278 2772 296 2803 l.
319 2781 366 2811 27.
388 2769 502 2808 Bafilz'c.
520 2772 566 2800 lib.
584 2780 632 2811 39.
654 2770 699 2800 tit.
725 2778 748 2800 1.
769 2777 834 2799 tom.
853 2778 882 2808 5.
900 2775 965 2809 pag.
983 2771 1051 2807 267.

177 2816 223 2846 lit.
242 2815 269 2845 k.
297 2822 338 2844 ex
359 2812 623 2850 interpretatione
643 2810 769 2841 Fabroti
793 2809 834 2841 sic
851 2810 1050 2841 notantium:

180 2856 294 2888 Onerat
311 2855 405 2895 igitur
420 2853 560 2883 libertum.
585 2861 708 2892 utrinque
723 2852 774 2882 alii
791 2861 905 2890 omnes,
923 2849 952 2888 fi
973 2852 1051 2880 modo

179 2904 277 2937 turpes
300 2905 357 2926 non
376 2893 457 2932 fiat,
481 2892 553 2923 reae
577 2893 686 2923 heredes
702 2894 895 2932 scriburztur3
921 2894 1053 2922 libertum

177 2945 274 2970 autem
288 2946 346 2967 non
360 2936 437 2966 modo
454 2943 510 2965 non
529 2940 637 2973 turpem
652 2934 701 2974 effe
720 2940 824 2974 oportet
836 2957 845 2971 ‚
860 2934 913 2973 sect
931 2933 966 2967 &³
982 2935 1050 2963 bene

177 2981 311 3012 meritum
321 2979 353 3009 de
362 2975 502 3018 testatore,
515 2973 550 3009 ἐξ
560 2976 671 3014 magnis
683 2984 747 3004 eum
758 2974 900 3013 beneficiis
910 2974 1050 3014 adfeczffe.

219 3019 380 3051 Postrema
396 3016 529 3049 clausula
545 3017 571 3046 tl.
587 3016 606 3045 l.
626 3024 673 3054 27.
696 3016 764 3046 talis
781 3017 834 3046 est.
852 3015 980 3056 Excepto
995 3017 1050 3052 ser-

178 3072 216 3093 vo
232 3060 383 3100 neceffario
400 3060 496 3091 herede
509 3055 651 3097 instituio.
675 3056 714 3086 At
732 3065 792 3086 nec
807 3057 856 3087 illa
873 3066 961 3088 extat
977 3059 1007 3087 in
1025 3057 1051 3087 d.

179 3105 198 3134 1.
223 3113 246 3134 1.
267 3096 335 3132 Ceti.
355 3101 457 3132 Theod.
472 3100 498 3130 b.
518 3106 540 3130 t.
565 3097 649 3128 unde
672 3095 827 3136 descripta
852 3098 896 3129 est
919 3100 946 3128 d.
965 3098 984 3128 l.
1003 3107 1051 3138 27.

178 3145 231 3176 sed
249 3145 279 3174 in
300 3144 327 3173 cz.
345 3143 364 3173 l.
385 3153 412 3183 3.
432 3142 499 3172 Coa.
519 3140 621 3170 Theoti.
640 3139 666 3168 h.
684 3144 703 3168 t.
728 3137 775 3167 his
795 3138 918 3169 verbis:
943 3140 1052 3170 Servus

177 3185 349 3227 ricceffarius
364 3177 442 3215 heres
457 3179 649 3223 instituendus
665 3177 703 3220 est
713 3202 723 3219 ,
738 3179 808 3219 quia
825 3188 882 3210 non
898 3182 989 3220 magis
997 3187 1050 3221 pa-

1085 83 1279 109 oonr
1338 73 1550 109 Corin.

1100 163 1285 202 trini-(mium,
1309 172 1397 204 quam
1418 163 1571 200 infamiam
1594 162 1724 204 consequi
1742 164 1868 196 vitietur.
1898 167 1970 200 inde

1103 203 1247 235 transsata
1263 205 1295 235 in
1315 206 1344 235 d.
1361 205 1379 235 l,
1398 214 1445 244 27.
1465 204 1528 234 hoc
1546 204 1649 236 sensu:
1668 213 1701 235 ut
1718 204 1863 238 adversus
1879 208 1969 240 liber.

1102 252 1167 276 tum
1197 244 1284 276 fratri
1316 246 1477 285 praelatuiii
1503 244 1607 277 fratris
1633 246 1823 277 testamento
1840 270 1850 285 ,
1881 251 1971 282 detur

1102 287 1247 325 quercla3
1272 296 1480 326 praeterquam
1498 285 1518 317 fi
1542 288 1686 318 maximis
1704 287 1868 320 beneficiis
1886 290 1969 324 suurn

1101 335 1268 367 patronum
1289 327 1324 359 iit
1347 330 1511 359 adsecutus
1525 351 1533 365 ,
1557 337 1609 358 aut
1626 329 1664 359 ab
1682 337 1723 359 eo
1740 328 1773 360 fit
1792 338 1863 361 cum
1881 331 1972 363 liber·
2021 359 2023 364 .

1100 376 1164 398 tate
1181 368 1338 400 institutus
1359 370 1450 400 heres
1475 369 1673 402 neceffarius.
1698 371 1786 410 quod
1806 372 1912 404 nescio
1932 383 1968 406 an

1100 410 1242 440 intendat
1259 410 1396 449 Jacobus
1415 410 1654 442 Gothosredus.

1134 449 1300 484 Hactenus
1318 452 1435 491 liquet,
1453 453 1615 492 querelam
1630 452 1755 491 liberm,
1772 454 1971 496 parentibus,

1100 490 1241 531 itemque
1265 491 1414 524 fratribus
1436 494 1464 524 ἃ
1484 493 1642 525 sororibus
1661 492 1788 525 deferri.
1813 504 1873 525 nec
1891 505 1970 537 opus

1102 533 1284 570 admoneri,
1307 533 1328 564 {i
1356 535 1486 566 testator
1507 535 1637 570 liberos.
1669 543 1835 576 parentes,
1860 536 1971 570 fratres
2023 568 2024 571 ,

1103 572 1292 619 sororesque
1316 573 1452 614 habens,
1477 585 1587 608 omnes
1607 577 1872 617 exheredaverit,
1897 587 1972 619 prae-

1103 622 1285 653 terreritve‚
1309 624 1372 646 non
1392 626 1538 661 peraeque
1556 628 1668 650 ornnes
1685 619 1722 649 ad
1742 619 1902 659 quereiam
1922 631 1972 652 ve·

1103 657 1188 687 nire:
1215 654 1264 686 sed
1283 665 1347 695 quo
1366 666 1500 698 quisque
1519 660 1631 691 ordine
1649 661 1687 690 ad
1705 659 1915 691 hereditatem
1934 659 1973 694 eit
2024 668 2025 673 ¹

1101 697 1172 738 lege
1187 697 1226 728 ab
1244 696 1391 729 intestato
1409 699 1578 739 invitatur,
1596 711 1636 732 eo
1653 702 1765 732 ordine
1783 701 1919 742 singulos
1935 704 1974 735 ad
2025 717 2027 743 i

1103 740 1263 779 querelam
1286 740 1409 770 admitti
1427 749 1519 780 quam
1540 743 1583 772 ob
1609 742 1757 774 causam?
1782 753 1845 774 non
1865 744 1973 782 aliam,

1103 790 1195 820 quam
1214 782 1301 820 quod
1320 781 1446 820 querela
1465 782 1508 813 est
1526 784 1641 822 petitio
1667 785 1852 815 hereditatis
1870 788 1909 816 ab
1926 787 1970 816 in-

2026 802 2027 814 1

1103 821 1218 852 testato
1238 821 1361 852 delatae.
1404 820 1482 854 Illud
1503 833 1566 855 non
1584 825 1693 856 inutile
1709 827 1825 866 quaeri3
1850 826 1868 857 ii
1889 827 1994 866 prior*
2026 819 2028 846 ἶ

1101 864 1213 894 ordine
1229 871 1282 892 aut
1306 863 1403 903 gradu
1431 865 1468 895 all
1493 866 1652 903 querelam
1673 876 1824 904 vocatus,
1848 868 1885 898 ad
1903 877 1972 900 eam

1101 913 1164 934 non
1182 904 1332 942 accedat,
1349 904 1411 936 five
1431 908 1517 944 quod
1537 916 1599 937 non
1611 908 1722 947 possit,
1739 907 1801 939 five
1814 909 1900 946 quod
1920 918 1976 940 no·

1102 946 1155 983 lit;
1177 954 1213 975 an
1234 945 1365 985 sequens
1383 947 1494 977 ordine
1512 956 1564 978 aut
1581 951 1679 988 gradu
1699 948 1845 980 succedat
1860 949 1890 981 in
1908 951 1972 990 ejus

1101 986 1235 1017 locum?
1260 988 1289 1017 ἂ
1314 988 1410 1028 magis
1427 987 1487 1026 est,
1513 996 1545 1019 ut
1563 988 1728 1028 succedam
1752 991 1884 1031 perinde
1901 1001 1936 1022 ac
1952 991 1973 1024 ti

1101 1030 1187 1068 prior
1205 1037 1243 1058 ex
1263 1037 1303 1058 eo
1321 1038 1455 1060 numero
1474 1039 1537 1061 non
1556 1030 1670 1062 fuerit:
1695 1032 1846 1072 exemplo
1871 1032 1972 1064 Edieti

1101 1068 1277 1113 l'uccessorii
1294 1093 1302 1107 ‚
1321 1071 1360 1100 de
1377 1079 1441 1109 quo
1459 1070 1503 1102 est
1520 1072 1537 1101 l.
1556 1079 1637 1113 1.pr·
1657 1072 1693 1106 ὅ)
1707 1072 1736 1114 §.
1756 1082 1800 1105 10.
1817 1073 1852 1108 &⁴
1867 1082 1911 1105 11.
1929 1073 1970 1106 D.

1099 1112 1131 1141 tle
1148 1110 1318 1150 Jucrefforio
1344 1111 1456 1142 Etii‘tto.
1484 1114 1560 1152 quid
1588 1123 1668 1154 opus
1693 1115 1806 1146 verbis.
1830 1114 1870 1146 [ic
1888 1115 1972 1147 clare

1099 1152 1211 1183 Paulus
1228 1153 1246 1182 l.
1266 1162 1314 1193 31.
1333 1153 1360 1183 h.
1380 1158 1401 1184 t.
1427 1154 1455 1184 &
1476 1154 1519 1184 cst
1539 1156 1605 1186 talis
1623 1155 1742 1195 species
1759 1157 1786 1187 in
1805 1156 1824 1187 l.
1845 1166 1889 1195 14.
1906 1157 1932 1187 b.
1950 1162 1973 1189 t.

1100 1193 1191 1224 Pater
1208 1202 1280 1224 cum
1300 1194 1396 1225 filium
1423 1196 1656 1236 emancipat-et,
1680 1205 1833 1238 nepotem
1853 1199 1971 1229 retinu-

1095 1235 1121 1265 it
1138 1236 1167 1266 in
1182 1234 1349 1275 potestate.
1376 1238 1593 1277 emancipatus
1612 1239 1728 1270 deinde
1749 1239 1810 1270 alio
1829 1238 1973 1279 suscepto

1098 1276 1183 1314 filio,
1207 1285 1377 1316 utrumque
1399 1278 1628 1311 exheredavit:
1654 1287 1774 1320 patrem
1800 1282 1972 1321 praeteriit;

1098 1327 1176 1349 mox
1193 1320 1257 1348 vita
1269 1318 1407 1349 deeeffit.
1440 1318 1603 1361 Quaesito,
1627 1322 1675 1352 cui
1695 1321 1864 1360 praesei·tirn
1882 1331 1974 1355 corn·

1100 1367 1188 1398 petat
1199 1360 1351 1398 quercla?
1371 1362 1410 1390 ait
1424 1360 1626 1401 Papinianus,
1639 1363 1787 1394 omnibus
1806 1372 1972 1403 compete-

1099 1410 1151 1432 re:
1176 1401 1206 1431 id
1223 1400 1284 1439 est,
1300 1409 1363 1432 tam
1381 1402 1480 1441 patri,
1499 1411 1591 1442 quam
1609 1402 1698 1442 filiis,
1716 1404 1767 1435 sed
1787 1403 1839 1435 suo
1857 1407 1972 1444 cuique

1099 1442 1207 1483 gradu.
1233 1442 1275 1472 ita
1300 1451 1365 1473 non
1390 1443 1429 1474 ab
1455 1444 1603 1475 omnibus
1626 1446 1767 1477 exerceri
1787 1445 1890 1477 simul:
1916 1446 1971 1478 sed

1098 1484 1234 1524 primurn
1251 1492 1267 1513 a
1293 1482 1362 1514 filiis
1386 1484 1608 1524 exheredatis,
1632 1487 1746 1526 quibus
1763 1489 1801 1517 ab
1821 1486 1970 1518 intestato

1098 1534 1229 1565 quoque
1247 1525 1381 1564 primum
1400 1525 1543 1557 defertur
1562 1526 1732 1559 hereditas.
1750 1529 1876 1559 interim
1896 1538 1971 1568 pen.

1097 1567 1172 1597 dere
1195 1567 1355 1606 querelam
1379 1567 1493 1606 patris,
1518 1568 1623 1599 donec
1645 1569 1803 1608 judicetur
1826 1568 1972 1602 adversus

1097 1607 1192 1639 filios.
1224 1607 1298 1638 inde
1316 1616 1439 1648 patrem
1458 1609 1566 1639 vocari
1586 1611 1623 1641 ad
1640 1611 1819 1650 querelam,
1844 1611 1872 1642 ἃ
1890 1610 1973 1643 suam

1096 1649 1310 1680 intentionem
1334 1649 1466 1690 implere
1489 1649 1586 1691 posse.
1630 1650 1702 1693 Qua
1725 1653 1874 1684 ratione?
1898 1653 1970 1692 quia

1097 1689 1238 1721 defuncti
1251 1689 1408 1722 hereditas
1425 1701 1488 1722 non
1503 1692 1601 1723 modo
1619 1693 1684 1732 ejus
1702 1691 1790 1732 filiis,
1807 1694 1859 1725 sed
1874 1694 1970 1726 ctiam

1097 1732 1162 1772 ejus
1180 1732 1278 1772 patri,
1304 1733 1448 1764 debetur.
1472 1732 1531 1764 iilis
1549 1733 1663 1766 ordine
1681 1742 1818 1774 naturae,
1835 1736 1865 1766 ἃ
1885 1744 1973 1766 com·

1097 1774 1183 1805 muni
1195 1781 1294 1804 voto:
1311 1773 1385 1804 huic
1396 1774 1520 1805 ratione
1535 1775 1740 1808 miserationis
1752 1800 1760 1815 ,
1780 1777 1907 1807 turbato
1922 1786 1971 1807 or-

1098 1815 1171 1846 dine
1189 1814 1400 1846 mortalitatis.
1423 1815 1515 1857 igitur
1526 1824 1647 1856 patrem
1659 1818 1853 1857 praeteritum
1869 1818 1908 1849 de
1926 1818 1972 1849 in-

1097 1855 1242 1887 officioso
1261 1856 1345 1887 recte
1370 1859 1477 1897 queri,
1501 1857 1719 1899 indignantem
1747 1859 1801 1891 filii
1827 1860 1970 1900 impieta*

1097 1905 1173 1929 tem.
1199 1897 1295 1937 Atqui
1315 1897 1370 1929 filii
1388 1899 1468 1938 patri
1487 1898 1561 1939 suo,
1585 1910 1625 1931 ne
1644 1901 1682 1932 ad
1704 1901 1864 1941 querelam
1882 1901 1970 1931 veni-

1096 1947 1145 1970 ret
1163 1939 1314 1980 sequente
1330 1942 1427 1980 gradu
1440 1963 1450 1979 ‚
1475 1940 1549 1972 inde
1566 1942 1604 1972 ab
1623 1942 1712 1973 initio
1729 1942 1893 1973 obstitere.
1918 1941 1970 1973 Sic

1095 1980 1158 2012 est:
1181 1980 1232 2012 sed
1257 1990 1382 2022 egregie
1407 1983 1630 2014 animadvertit
1653 1983 1857 2023 Papinianus:
1882 1984 1971 2023 quod

1095 2024 1301 2062 praecedente
1325 2022 1415 2053 causa
1441 2022 1594 2063 filiorum,
1617 2034 1681 2055 non
1702 2024 1746 2056 est
1771 2025 1853 2056 nulla
1871 2025 1968 2064 patris

1096 2064 1252 2095 intentio:
1276 2072 1396 2095 tantum
1425 2066 1542 2104 pendet
1565 2065 1709 2105 interim,
1735 2074 1767 2097 ut
1789 2067 1870 2097 dixi:
1896 2066 1924 2097 ἃ
1947 2064 1969 2097 (ἰ

1096 2105 1193 2137 suerit
1218 2104 1364 2136 adversus
1390 2105 1473 2137 filios
1495 2106 1697 2147 judicatum;
1722 2115 1788 2138 tum
1814 2115 1902 2148 pater
1929 2107 1970 2138 ad

1096 2147 1258 2187 querelam
1278 2156 1411 2178 vocatus
1424 2170 1432 2185 ,
1450 2148 1660 2179 intentionem
1680 2148 1763 2180 suam
1776 2173 1784 2186 ‚
1808 2158 1876 2189 quae
1896 2156 1969 2179 ante

1097 2188 1275 2227 pendebat,
1300 2188 1431 2227 implere
1457 2187 1572 2228 potest.
1603 2199 1719 2229 nempe
1741 2188 1812 2221 filiis
1833 2200 1887 2227 per
1907 2189 1971 2220 sen·

1095 2229 1225 2261 tentiam
1243 2231 1394 2267 remotis,
1418 2238 1577 2271 tamquam
1596 2231 1749 2270 moi-tuis,
1773 2232 1848 2263 nihil
1869 2240 1969 2263 mora-

1096 2279 1145 2302 tur
1168 2270 1264 2311 patris
1290 2272 1449 2311 querelam
1469 2281 1536 2311 quae
1556 2271 1598 2303 illi
1615 2281 1689 2303 ante
1711 2273 1772 2312 jam
1791 2273 1966 2313 competie-

1095 2321 1152 2344 rat.
1177 2312 1231 2344 filii
1256 2321 1346 2343 certe
1369 2312 1526 2344 desierunt
1550 2323 1617 2345 earn
1649 2314 1782 2345 habere:
1805 2314 1834 2345 ἀ
1859 2322 1966 2354 quam-

1094 2363 1188 2394 quam
1215 2363 1289 2385 ante
1314 2353 1478 2385 extiterint
1495 2355 1598 2394 primo
1616 2356 1732 2396 gradu;
1752 2356 1813 2395 jam
1835 2356 1966 2395 perinde

1094 2395 1138 2427 est
1152 2395 1220 2436 post
1237 2394 1421 2427 sententiam
1434 2419 1442 2432 ‚
1460 2396 1781 2436 quasinonexistant3
1798 2398 1967 2428 cumidem

1093 2437 1123 2468 in
1143 2436 1308 2478 proposito
1327 2436 1379 2475 sit,
1401 2447 1464 2468 non
1485 2437 1637 2476 existere,
1655 2438 1683 2468 ἀ
1705 2448 1768 2469 non
1788 2438 1874 2478 poss‘e
1893 2447 1966 2475 que·

1095 2480 1129 2510 ri.
1177 2479 1216 2509 At
1242 2477 1326 2509 enim
1351 2478 1441 2509 heres
1466 2481 1656 2510 testamento
1677 2477 1828 2518 scriptus,
1851 2479 1966 2520 Judicis

1095 2512 1248 2551 senten'tia
1262 2520 1323 2560 jam
1341 2518 1386 2550 est
1404 2521 1494 2551 lieres
1514 2520 1700 2552 declaratus.
1743 2520 1837 2559 Esto,
1862 2530 1969 2560 quate·

1095 2571 1152 2592 nus
1171 2562 1285 2592 attinet
1310 2561 1349 2591 ad
1370 2560 1453 2592 filios
1475 2560 1620 2593 adversus
1638 2571 1718 2601 quos
1737 2561 1838 2595 stetit:
1862 2563 1911 2594 sed
1931 2570 1966 2592 ea

1094 2602 1247 2633 sententia
1265 2611 1330 2633 non
1349 2610 1445 2633 nocet
1462 2603 1543 2642 patri
1561 2603 1615 2642 qui
1631 2612 1694 2634 non
1712 2604 1795 2644 egit,
1812 2613 1872 2635 nec
1888 2605 1966 2639 inte-

1094 2645 1151 2675 rim
1172 2644 1279 2684 potuit
1294 2652 1407 2683 agere,
1430 2642 1575 2684 suspenso
1593 2643 1658 2684 ejus
1671 2644 1749 2685 jure.
1772 2646 1846 2685 quin
1864 2653 1966 2682 nune,

1094 2684 1148 2716 ubi
1172 2686 1211 2716 de
1230 2684 1407 2716 inofficioso
1427 2687 1509 2726 agit,
1536 2694 1599 2716 non
1624 2686 1664 2716 de
1689 2686 1833 2724 illorum,
1858 2686 1908 2717 sed
1928 2686 1966 2717 de

1097 2726 1166 2765 sua,
1183 2726 1291 2766 injuria
1308 2725 1467 2766 queritur:
1484 2727 1565 2757 adeo
1584 2736 1647 2758 non
1667 2727 1791 2759 illorum
1803 2751 1812 2766 ,
1827 2727 1877 2759 sed
1895 2726 1966 2765 suo,

1092 2768 1162 2808 jure
1187 2768 1374 2808 experitur:
1398 2768 1427 2798 dt
1454 2768 1560 2806 potuit
1585 2768 1716 2799 testator
1743 2769 1860 2800 habere
1885 2767 1968 2808 opti-

1096 2818 1182 2840 mum
1200 2817 1340 2849 patrem,
1358 2818 1430 2840 curn
1450 2809 1581 2840 haberet
1601 2809 1747 2850 peffimos
1766 2810 1858 2842 filios.
1884 2809 1968 2840 reete

1095 2852 1190 2892 igitur
1208 2849 1344 2881 Veteres
1361 2852 1455 2882 etiam
1467 2851 1498 2881 in
1515 2852 1643 2890 querela
1661 2850 1769 2883 fecere
1787 2850 1981 2882 successioni*

1095 2893 1213 2924 locum.
1246 2890 1311 2922 Nisi
1327 2891 1431 2923 obstat
1448 2892 1467 2924 l.
1486 2901 1514 2928 9.
1534 2891 1563 2933 ᾗ.
1582 2902 1609 2923 2.
1626 2891 1666 2923 D.
1682 2894 1715 2923 de
1729 2893 1823 2923 liberis
1843 2892 1878 2927 ὅ)
1891 2888 1967 2932 post-

1094 2934 1206 2971 humis,
1230 2933 1259 2964 &
1277 2933 1296 2963 l.
1312 2943 1361 2973 34.
1382 2934 1413 2964 C.
1433 2933 1460 2964 b.
1479 2939 1500 2964 t.
1531 2934 1593 2964 Sed
1623 2943 1662 2963 ne
1682 2934 1729 2964 his
1749 2943 1799 2966 me
1814 2932 1966 2973 fatigem,

1093 2974 1172 3005 fecit
1189 2975 1352 3015 diligentia
1371 2974 1628 3006 Dociiffimorum
1647 2973 1816 3013 Virorum,
1834 2973 1965 3004 Arnoidi

1096 3014 1201 3047 Vinnii
1219 3016 1267 3047 lib.
1290 3024 1313 3047 1.
1332 3016 1429 3046 Seleet.
1447 3015 1543 3057 quest.
1561 3024 1583 3047 c:
1603 3025 1651 3047 20.
1683 3016 1710 3047 ὅ(
1728 3023 1800 3046 ante
1818 3014 1963 3054 Hugonis

1096 3056 1229 3088 Donelli
1247 3057 1294 3087 lib.
1319 3066 1363 3093 ¹9-
1382 3057 1457 3088 Com
1477 3058 1537 3097 fur.
1555 3067 1578 3088 e.
1598 3066 1626 3097 7.
1646 3057 1747 3088 multo
1766 3055 1900 3085 uberius.

1136 3098 1264 3129 Abirem
1279 3098 1340 3138 jam
1361 3098 1400 3129 ah
1418 3098 1478 3129 hac
1498 3107 1604 3138 parte:
1622 3096 1675 3128 nifi
1693 3096 1904 3127 intercederet
1925 3093 1968 3139 se·

1097 3149 1197 3180 quens
1223 3139 1375 3180 quaestio,
1399 3149 1436 3170 an
1461 3139 1672 3180 permittenda
1696 3136 1730 3168 sit
1753 3136 1879 3176 querela
1899 3135 1965 3166 aliis

1097 3181 1150 3222 qui
1174 3181 1233 3213 fint
1255 3181 1336 3215 ultra
1364 3181 1501 3220 liberos,
1524 3187 1690 3222 parentes,
1711 3178 1788 3210 item
1806 3176 1918 3248 fratrses
1935 3176 1966 3206 &

1894 3226 1965 3249 010·

2030 1172 2031 1180 l

2030 1194 2031 1205 l

2031 1222 2032 1230 l

2031 1291 2033 1301 1

2031 1310 2033 1321 l
