2036 3495
136 118 185 153 34

142 190 228 237 legat.
245 194 291 226 lib.
309 201 338 233 3.
364 190 451 232 quod
468 189 498 219 ἃ
513 188 586 219 alibi
604 188 725 217 evenit.
750 185 791 218 sic
808 184 981 224 Inscriptio
996 186 1017 217 l.

144 247 173 269 2.
196 236 230 267 C.
279 234 323 264 Ut
348 235 380 264 in
395 229 499 271 poffeff.
518 229 604 269 legat.
629 227 747 265 habet,
772 226 874 258 Divus
890 226 1018 258 Marcus

143 276 332 308 Stratonice·
347 270 438 304 fuisse
455 279 560 301 tamen
582 269 614 299 id
631 269 833 309 Relcriptum
851 267 892 299 D.
913 267 1019 300 Marci

143 319 174 350 δε
191 318 233 350 D.
252 312 447 351 Commodi,
469 319 600 351 apparet
617 319 657 342 ex
674 309 694 341 l.
712 318 740 351 7.
759 309 792 341 C.
812 310 870 341 eod.
889 311 934 342 tit.
967 309 1018 342 In-

770 393 1022 430 TITUL

582 100 935 140 Genitnnl
984 96 1243 135 Noonr
1299 98 1512 135 Coum.

1059 186 1154 219 terest
1171 187 1278 219 &hoc
1294 187 1381 221 sciri:
1399 189 1486 229 quod
1504 187 1679 221 Praefectus
1696 186 1776 221 Urbi
1796 190 1930 230 plerum-2

1059 237 1123 268 que
1139 227 1237 260 habet
1255 228 1416 262 Vicarium
1427 232 1479 271 qui
1497 239 1538 262 ex
1555 230 1620 269 ejus
1633 233 1781 261 mandato
1796 232 1936 272 aliquan·

1060 270 1104 300 do
1124 277 1274 302 exerceat
1290 273 1386 304 etiam
1404 280 1527 303 merum
1544 271 1721 311 imperium.
1745 270 1796 302 sed
1813 273 1852 304 de
1871 273 1940 305 hoc*

1061 310 1112 351 egi
1128 310 1175 343 lib.
1192 321 1221 343 2.
1240 311 1287 344 De
1297 313 1448 355 jurisdift.
1465 312 1502 348 ὅ)
1520 314 1617 354 imper.
1634 322 1659 344 c.
1681 321 1705 344 1.
1724 310 1760 345 δέ’
1776 315 1807 344 6.

1054 403 1077 429 υ
1114 405 1129 429 s
1190 393 1308 432 XIII.

849 470 900 507 De
918 467 1031 516 Officio
1048 468 1234 518 Quoestoris.

201 571 222 594 x
237 561 414 595 minoribus
422 558 662 601 Magistratibus
672 560 846 592 occurrunt
860 558 912 591 hic
925 558 1021 601 Quae-

214 604 333 641 stores:
355 602 429 634 dicti
450 602 488 632 ab
500 611 540 633 eo
552 624 560 638 ,
578 601 666 640 quod
684 601 881 640 inquirendae
895 601 925 633 <Sc
943 609 1021 632 con·

139 646 299 678 servandae
319 643 462 685 pecuniae
487 642 621 684 publicae
640 642 738 683 gratia
758 651 961 681 crearentur3
985 649 1021 673 ut

137 688 338 729 Pomponius
355 685 455 718 refert
469 684 488 715 l.
500 694 528 716 2.
545 683 574 726 §.
593 693 642 715 22.
661 682 705 714 D.
723 684 756 714 de
772 685 842 724 orig.
851 684 916 726 jur.
936 684 1019 715 hanc

138 738 295 771 originem
318 728 363 760 eis
388 727 533 758 creandis
557 723 649 756 fuisse
665 748 675 763 ‚
700 724 729 756 δι
753 726 1017 765 antiquissimam,

139 772 235 803 etiam
250 769 407 810 Ulpianus
425 766 594 799 confirmat
606 766 625 797 l.
640 767 719 798 unic.
734 771 782 805 pr.
800 766 837 802 ἃ
853 766 882 808 §.
906 776 931 798 1.
949 767 978 799 b.
994 772 1016 798 t.

138 813 246 850 addit,
260 813 299 843 ab
316 811 409 843 initio
420 809 550 850 quidem
567 807 659 840 fuiffe
676 808 706 839 in
728 807 835 847 Urbe3
859 808 911 840 sed
928 809 1017 840 dein—

138 854 180 885 de
195 855 319 894 aliquos
343 852 438 884 etiam
464 851 648 883 Provincias
666 849 729 881 ess'e
740 848 897 889 sortitos:
920 850 1019 891 idque

137 904 178 928 ex
195 894 316 927 Tacito
334 902 465 935 quoque
477 890 785 932 intelligiturlib.xi.
797 891 909 923 Annal.
922 902 949 923 c.
967 901 1017 924 22.

181 937 300 970 Praetei·
319 938 378 967 hos
393 935 485 967 fuere
503 933 553 965 alii
578 932 763 976 Quaessores
782 934 836 972 qui
862 940 1019 973 praeerant

136 978 327 1019 capitalibus
345 976 450 1009 rebus.
483 975 513 1007 bi
531 973 716 1020 Quaestores
732 974 889 1015 parricidii
907 975 1017 1015 appel-

138 1020 193 1052 lati
205 1021 234 1052 α’.
252 1020 270 1051 l.
282 1030 311 1051 2.
327 1019 355 1062 §.
367 1029 413 1060 23.
431 1019 534 1059 iisque
544 1016 717 1048 addebatur
726 1016 899 1055 aliquando
914 1016 1017 1055 ⁸ludex

139 1061 341 1101 quaestionis:
357 1062 397 1093 de
416 1068 482 1101 quo
501 1060 551 1099 egi
568 1058 617 1090 lib.
637 1067 665 1089 2.
683 1056 732 1089 De
743 1057 894 1098 jurisam.
912 1056 948 1092 ὅ)
964 1057 1016 1088 im·

153 1113 191 1135 er.
212 1113 236 1135 c.
255 1113 287 1135 V.

132 1110 150 1145 p
178 1145 335 1177 Praeterea
353 1142 444 1175 suere
462 1140 646 1184 Quaestores
660 1140 714 1180 qui
733 1141 921 1173 dicebantur
938 1140 1018 1173 Can-

136 1186 236 1218 didati
255 1186 429 1225 Principis:
452 1184 484 1215 hi
505 1193 568 1215 non
585 1182 798 1215 sortiebantur
814 1182 1016 1223 provincias,

137 1237 243 1268 neque
263 1234 418 1265 praeerant
446 1226 591 1266 pecuniae
616 1224 771 1265 publncae,
796 1232 902 1264 neque
918 1225 1017 1264 tnagis

137 1269 325 1311 capitalibus
342 1266 449 1299 causis.
468 1266 539 1298 solis
556 1266 710 1298 vacabant
728 1266 812 1298 libris
832 1265 1016 1305 Principali-

138 1311 217 1348 bus,
241 1312 273 1343 id
298 1309 362 1349 est,
387 1308 587 1340 orationibus
612 1308 640 1339 δι
657 1307 797 1347 epistolis
814 1306 968 1346 Principis
984 1306 1018 1338 in

140 1348 259 1384 Senatu
281 1351 433 1393 legendis.
469 1350 512 1381 illi
538 1357 627 1381 erant
653 1349 840 1389 plerumque
868 1347 1017 1379 homines

140 1391 316 1432 doctiss&
328 1391 462 1434 plebeii,
478 1400 585 1431 eoque
601 1399 665 1421 non
679 1390 839 1422 habebant
853 1389 902 1430 jus
917 1389 1018 1429 ingre-

140 1437 249 1468 diendi
273 1435 432 1467 Senatum.
456 1440 490 1463 ut
515 1441 592 1463 vero
611 1432 676 1462 hoc
696 1433 901 1472 acciperent3
924 1431 1020 1462 dabat

140 1477 202 1510 illis
215 1477 366 1516 Princeps
376 1474 502 1506 titulum
519 1471 710 1516 Quaestoris:
726 1474 779 1512 qui
790 1481 857 1504 erat
868 1470 1020 1513 ingressus

141 1520 171 1550 ἃ
195 1518 279 1559 quasi
304 1516 513 1592 pgomordium
530 1514 747 1555 gerendorum
773 1513 934 1546 honorum
950 1514 979 1545 d.
996 1513 1018 1545 l.

139 1569 219 1592 ωηο.
259 1583 265 1589 .
283 1568 310 1589 2.
402 1582 406 1586 .

183 1559 363 1632 De§0ffic1·0
379 1566 559 1640 {Quaesieris
584 1595 739 1637 Ulpianus
763 1593 880 1637 scripsit
902 1596 1018 1628 librum

140 1642 336 1683 singularem.
359 1639 424 1671 hoc
436 1640 537 1678 liquet
554 1648 594 1669 ex
605 1637 817 1678 Inscriptione
829 1639 856 1668 d.
870 1637 890 1669 l.
907 1639 1019 1677 unicae,

142 1684 172 1716 δι
189 1683 349 1715 exlndice
360 1680 605 1713 Panaeetarum:
624 1680 708 1711 unde
725 1679 951 1711 restituendam
970 1689 1019 1711 es-

138 1725 171 1757 se
190 1723 432 1763 inscriptionem
449 1723 468 1754 l.
485 1732 515 1763 3.
533 1720 576 1753 D.
594 1722 627 1752 de
642 1720 883 1765 Jurisdifftz'one,
900 1720 1020 1753 dudum

139 1767 222 1800 vidit
237 1764 406 1799 Ruffardus
420 1788 431 1804 ,
455 1763 485 1796 δι
509 1763 542 1795 in
565 1762 722 1795 Paraticlzs
739 1761 900 1803 Cujacius.
943 1761 1021 1803 Ejus

1064 565 1169 590 tamen
1194 558 1264 589 libi-i
1289 558 1478 602 Fragmenta
1501 561 1532 593 in
1558 559 1725 593 Pandeffis
1744 569 1809 592 non
1827 567 1938 592 extant

1062 600 1161 646 plura.
1180 598 1281 631 Fuisse
1296 609 1400 633 autem
1417 603 1520 643 aliqua
1535 603 1657 635 minora
1675 601 1878 645 Quaestorum
1892 603 1939 643 ju-

1063 642 1163 680 dicia,
1188 640 1297 673 auCtor
1315 641 1360 674 est
1375 643 1531 676 Asconius
1549 643 1725 684 Pedianus,
1748 645 1778 675 in
1798 642 1938 675 Divinat.

1060 683 1092 713 in
1111 682 1196 713 Verr.
1208 688 1279 724 pag.
1298 692 1348 724 34.
1368 685 1475 716 verbis
1493 684 1709 727 sequentibus.
1730 685 1796 717 Alii
1811 686 1940 717 alienum

1060 733 1117 755 non
1133 732 1233 755 nomen
1246 725 1396 764 proprium
1407 732 1517 766 putant
1533 726 1605 768 effe,
1619 727 1674 766 sed
1689 727 1817 758 alienum
1841 725 1878 761 ὅ)
1894 726 1941 757 al·

1060 766 1150 796 terius
1159 765 1285 812 judicii,
1302 763 1405 799 &non
1419 776 1454 798 ex
1463 769 1603 800 auditorio
1615 769 1766 807 k‘raetoris,
1784 768 1943 810 majorum-

1059 816 1114 848 que
1130 809 1303 848 causarum,
1317 807 1372 846 sed
1387 817 1406 839 a
1414 808 1576 849 subselliis,
1593 810 1644 841 hoc
1659 807 1698 849 est
1709 832 1718 849 ,
1736 819 1794 842 non
1810 819 1830 840 a
1846 810 1940 840 tribu-

1058 848 1181 880 nalibus.
1197 848 1275 888 sunt
1297 849 1372 879 enim
1387 849 1525 889 subsellia
1551 850 1765 891 Tribunorum‚
1792 850 1941 882 Triumvi-

1060 899 1157 921 rorum
1173 911 1183 928 ‚
1212 886 1414 933 Quaestorum‚
1438 889 1475 925 ὅ)
1498 891 1660 923 hu'usmodi
1690 893 1802 925 minora
1820 893 1940 935 judicia

1061 931 1274 969 exercentium,
1296 933 1347 972 qui
1368 941 1425 962 non
1441 934 1473 963 in
1490 933 1530 969 sel
1542 935 1565 963 is
1582 933 1746 973 curulibus,
1768 943 1819 965 nec
1835 935 1867 965 in
1887 935 1941 965 tri·

1060 972 1236 1012 bunalibus,
1257 973 1304 1009 sed
1320 973 1351 1003 in
1359 972 1502 1013 subselliis
1520 973 1709 1012 confidebant.
1745 974 1939 1008 Habuerunt

1060 1014 1155 1086 {gitur
1166 1012 1351 1057 Quaestores
1368 1014 1655 1055 quaedamjudicia,
1671 1015 1724 1048 sed
1739 1017 1880 1056 minora,
1896 1019 1945 1057 ip-

1074 1066 1090 1086 a
1108 1054 1172 1087 fine
1196 1056 1368 1087 vocatione
1390 1062 1443 1086 aut
1463 1056 1724 1096 apprehensione.
1753 1066 1941 1098 opportune

1060 1097 1091 1129 id
1115 1097 1263 1129 observat
1279 1097 1316 1128 A.
1336 1095 1462 1129 Gellius
1478 1098 1527 1129 lib.
1549 1107 1596 1139 13.
1626 1097 1717 1130 Noet.
1734 1098 1827 1130 Attic.
1844 1108 1868 1130 c.
1889 1109 1940 1131 12.

1061 1147 1167 1178 eoque
1189 1147 1254 1170 non
1272 1145 1405 1176 oportet
1422 1148 1494 1171 cum
1512 1139 1559 1171 his
1579 1139 1733 1172 confundi
1759 1139 1822 1171 hoc
1843 1139 1939 1172 Cice-

1061 1180 1148 1211 ronis
1164 1189 1204 1212 ex
1222 1179 1360 1211 Divinat.
1379 1189 1403 1211 c.
1424 1189 1477 1221 17:
1503 1180 1564 1212 Ubi
1578 1182 1628 1212 hoc
1645 1179 1788 1225 Quoestori
1806 1180 1940 1222 Caecilio,

1059 1222 1124 1252 viro
1141 1223 1262 1263 optimo,
1280 1220 1317 1255 ἐπ”
1333 1221 1440 1253 bomini·
1455 1221 1606 1264 aeqm'ffimo
1623 1224 1795 1253 nuntiatum
1810 1221 1849 1262 est
1861 1246 1870 1262 ,
1885 1233 1938 1254 vo-

1060 1264 1121 1294 cari
1136 1264 1174 1294 ad
1183 1264 1218 1303 fle
1243 1262 1404 1304 Agonidem
1424 1263 1525 1305 jubet:
1542 1265 1689 1305 judicium
1706 1265 1755 1294 dat
1764 1262 1887 1305 statim,
1905 1263 1938 1302 fi

1055 1310 1170 1345 pareret
1181 1326 1191 1342 ‚
1213 1313 1276 1335 eam
1285 1305 1318 1344 se
1333 1302 1370 1339 Β
1381 1303 1440 1344 fica
1460 1304 1581 1337 Veneris
1596 1305 1648 1345 effe
1663 1304 1774 1345 aixzffe.
1792 1306 1936 1347 judicant:

1060 1351 1268 1386 recuperatores
1290 1346 1340 1384 id,
1362 1347 1438 1387 quod
1455 1346 1558 1387 neceffe
1573 1353 1642 1377 erat.
1674 1355 1765 1387 neque
1780 1348 1857 1378 enim
1872 1354 1937 1378 erui:

1061 1389 1198 1428 cuiquam
1212 1387 1350 1425 dubium,
1372 1388 1443 1428 quin
1464 1388 1515 1419 illa
1531 1387 1657 1428 dixzffet.
1680 1386 1732 1427 iste
1747 1389 1779 1418 in
1791 1387 1932 1428 poffeffio-

1061 1438 1126 1460 nem
1143 1431 1278 1460 bonorum
1293 1428 1420 1459 mulieris
1434 1430 1543 1460 mittit:
1565 1429 1654 1470 ipstzm
1671 1428 1779 1462 Veneri
1797 1430 1937 1470 inservi-

1062 1475 1153 1502 tutem
1168 1471 1337 1509 adiudicat:
1359 1471 1458 1501 deinde
1468 1471 1541 1502 bona
1557 1472 1677 1502 vendit:
1686 1471 1841 1511 pecuniam
1859 1472 1935 1502 redi-

1059 1513 1116 1553 git.
1152 1511 1311 1543 Confudit
1335 1511 1405 1542 haec
1432 1511 1596 1552 Cujacius‚
1625 1511 1765 1543 Patami.
1783 1512 1807 1542 h.
1829 1517 1850 1543 t.
1879 1511 1933 1544 sed

1062 1551 1228 1585 manifeste
1243 1552 1386 1584 resistunt
1402 1561 1475 1584 ante
1487 1553 1620 1593 scripta:
1635 1553 1727 1593 &jus
1742 1552 1851 1584 dixisse
1867 1552 1938 1585 Cae-

1061 1595 1170 1626 cilium
1185 1603 1250 1626 non
1269 1594 1323 1625 suo
1339 1594 1426 1634 jure,
1444 1593 1496 1625 sed
1513 1604 1552 1625 ex
1569 1595 1720 1626 mandatu
1731 1594 1838 1625 Verris
1857 1594 1938 1626 Prae-

1062 1637 1141 1667 toris
1152 1659 1161 1674 ,
1178 1635 1243 1667 hoc
1253 1635 1447 1666 verisimilius
1459 1635 1503 1666 est
1514 1646 1523 1675 ;
1540 1636 1626 1676 quod
1639 1635 1667 1666 ἃ
1681 1633 1834 1666 Caesarem
1845 1658 1853 1671 ,
1865 1644 1939 1668 cum

1062 1678 1090 1708 ei
1109 1676 1270 1719 Quaestori
1289 1676 1422 1708 ulterior
1439 1676 1590 1716 Hispania
1605 1675 1804 1715 obvenisset,
1822 1676 1940 1708 Praeto-

1062 1720 1104 1751 ris
1122 1719 1272 1750 mandatu
1289 1717 1479 1750 Conventus
1495 1718 1709 1759 juredicundo
1726 1718 1938 1759 circumiiffe,

1063 1760 1237 1793 Suetonius
1254 1768 1412 1793 memorat
1428 1761 1459 1791 in
1475 1761 1537 1801 ejus
1554 1761 1618 1791 vica
1633 1769 1657 1792 c.
1676 1769 1706 1801 7.

776 1846 812 1881 T
846 1858 860 1882 1
891 1857 915 1880 τ
950 1858 973 1882 u
1006 1855 1027 1879 Ι,
1061 1857 1084 1881 u
1116 1856 1131 1880 s
1190 1843 1306 1880 XIV.

856 1922 907 1958 De
924 1919 1037 1968 Officio
1053 1921 1235 1957 Praetorum.

190 2017 380 2049 Rmoium
389 2013 563 2055 appellatio
571 2013 728 2055 generalis
738 2011 784 2044 est
793 2035 802 2051 ‚
818 2020 932 2044 omnes
944 2019 1020 2043 con-

138 2018 186 2094 Ρ
205 2061 309 2090 tinens
326 2056 529 2097 Magistratus
541 2058 595 2096 qui
612 2063 756 2095 praeeunt
770 2054 839 2095 jure
857 2062 911 2085 aut
927 2060 1018 2085 exer-

141 2102 228 2133 citu:
250 2108 284 2130 ut
302 2106 413 2130 notum
431 2107 472 2130 ex
489 2096 654 2136 Varrone,
679 2097 726 2128 lib.
742 2106 772 2134 4.
794 2095 838 2128 De
853 2096 925 2136 ling.
946 2094 1017 2126 Lac.

142 2141 181 2178 ὅ)
205 2140 326 2174 Novetl.
351 2148 399 2176 24.
419 2138 456 2173 &⁰
481 2148 530 2180 25.
566 2138 629 2170 Hic
648 2138 805 2178 accipitur
822 2136 943 2170 Praetor
959 2145 1018 2176 pro

141 2182 333 2223 Magistratu
349 2181 402 2222 qui
424 2179 534 2220 praeest
548 2179 770 2220 iurisdietioni.
787 2179 853 2219 ejus
869 2177 1021 2210 constitu-

143 2225 217 2258 endi
228 2222 351 2255 causam
369 2222 465 2254 tradit
475 2222 673 2263 Pomponius
688 2221 707 2253 1.
725 2232 753 2254 2.
769 2220 798 2263 §.
817 2229 865 2261 27.
884 2218 927 2251 D.
947 2220 980 2250 cle
996 2228 1023 2250 o-

141 2265 267 2309 rig jur.
286 2265 329 2296 ait
345 2263 449 2301 enim,
467 2272 542 2296 cum
557 2262 711 2295 Consules
727 2268 938 2294 avocarentur
954 2260 1022 2292 bel-

143 2310 182 2342 lis
199 2306 362 2344 finitimis,
378 2313 484 2346 neque
499 2303 577 2337 esset
594 2304 646 2344 qui
664 2303 806 2344 poss‘etin
827 2303 959 2334 civitate
973 2302 1022 2342 jus

143 2350 300 2387 red‹lere;
323 2353 467 2379 creatum
489 2345 582 2379 fuisse
605 2345 783 2379 Praetorem
801 2346 855 2386 qui
872 2343 1023 2376 Urbanus

143 2390 318 2432 appellatus
335 2387 397 2421 est:
419 2387 507 2428 quod
531 2388 562 2419 in
582 2386 672 2419 Urbe
686 2388 736 2428 jus
753 2387 911 2419 redderet.
937 2386 1023 2417 dein-

146 2434 186 2465 de
207 2441 248 2464 eo
270 2440 338 2464 non
361 2428 558 2470 sufficiente,
580 2430 671 2471 quod
694 2429 794 2462 multa
819 2427 910 2461 turba
925 2428 1023 2460 etiam

1061 2010 1304 2052 peregrinorum
1321 2010 1353 2042 in
1370 2010 1535 2041 civitatem
1551 2009 1695 2048 veniret;
1718 2014 1859 2041 creatum
1877 2006 1941 2038 esse

1062 2052 1092 2083 ἃ
1103 2053 1198 2084 alium
1208 2052 1262 2093 qui
1274 2052 1464 2093 Peregrinus
1474 2051 1650 2092 appellatus
1663 2050 1708 2082 est
1723 2051 1762 2082 ab
1772 2059 1813 2081 eo
1824 2072 1833 2088 ‚
1850 2051 1942 2090 quod

1063 2094 1253 2134 plerumque
1267 2101 1351 2125 inter
1368 2093 1611 2133 peregrinosjus
1627 2093 1749 2124 diceret
1765 2091 1793 2133 §.
1806 2095 1856 2125 28.
1873 2091 1900 2120 d.
1919 2090 1941 2122 1.

1064 2135 1171 2174 addit,
1196 2136 1245 2166 his
1267 2133 1378 2175 postea
1404 2133 1559 2166 Praetores
1577 2135 1673 2166 etiam
1692 2133 1770 2165 alios
1785 2130 1944 2163 acceffiss'e

1064 2175 1194 2208 diversis
1211 2175 1451 2208 occasionibus:
1466 2175 1573 2215 itaque
1589 2174 1711 2207 factum
1728 2173 1809 2212 esse,
1824 2181 1860 2204 ut
1875 2182 1945 2204 tan-

1065 2218 1139 2250 dem
1156 2218 1270 2250 decem
1288 2217 1317 2249 ὅ(
1334 2217 1409 2249 οξὶο
1426 2217 1583 2249 Praetores
1598 2216 1628 2248 in
1647 2217 1779 2248 civitate
1793 2216 1842 2255 jus
1857 2214 1944 2246 dice-

1065 2267 1137 2291 rent
1154 2259 1174 2301 §
1196 2269 1246 2301 32·
1262 2260 1289 2290 d.
1310 2259 1328 2290 l.
1349 2259 1398 2290 Ab
1415 2259 1473 2290 hac
1490 2257 1578 2290 causa
1594 2258 1648 2289 hic
1659 2257 1791 2289 Titulus
1810 2256 1945 2288 Floren-

1066 2301 1115 2332 tiae
1135 2301 1253 2341 habet,
1270 2299 1317 2331 De
1337 2299 1440 2340 Officio
1460 2300 1639 2332 Praetorum:
1662 2300 1807 2338 quamvis
1825 2299 1855 2328 in
1874 2297 1944 2328 aliis

1064 2343 1152 2374 libris
1176 2342 1241 2381 est,
1266 2341 1313 2373 De
1334 2340 1439 2382 Officio
1465 2342 1609 2373 Praetoris.
1657 2339 1708 2372 De
1723 2338 1943 2380 Jurisdiffione

1066 2392 1128 2424 qua
1144 2383 1290 2416 censetur
1305 2384 1447 2415 omnium
1460 2382 1635 2415 Praetorum
1652 2380 1825 2419 Officium,
1839 2377 1944 2420 scripfi

1067 2426 1149 2458 duos
1164 2426 1275 2459 libros.
1301 2434 1362 2457 uec
1376 2425 1446 2465 plus
1462 2425 1557 2457 addo.

787 2512 823 2548 T
858 2522 871 2547 1
903 2522 927 2546 T
962 2523 985 2549 u
1019 2522 1040 2547 L
1075 2522 1098 2546 u
1131 2520 1145 2544 s
1204 2508 1296 2545 XV.

780 2589 832 2625 De
848 2586 961 2635 Officio
975 2585 1126 2633 Praefeffl
1140 2585 1176 2622 V
1172 2585 1296 2632 igilum.

187 2678 291 2712 N‘rssn
317 2679 458 2711 minores
474 2678 678 2722 Magistratus
696 2677 847 2710 Urbanos
863 2676 926 2710 fuit
943 2678 1025 2710 Prae-

201 2720 303 2753 fectus
322 2719 474 2760 Vigilum.
496 2723 536 2752 de
555 2722 642 2761 cujus
659 2719 780 2752 Officio
798 2719 948 2761 scripsere
965 2718 1022 2751 Ul-

147 2764 260 2806 pianus
283 2761 313 2793 δι
337 2760 458 2792 Paulus.
482 2764 599 2794 indicat
623 2763 654 2794 id
677 2761 844 2802 insci-iptio
861 2762 880 2793 l.
904 2770 929 2793 r.
947 2771 974 2793 2.
993 2771 1021 2802 3.

147 2807 175 2838 h.
194 2812 215 2836 ι.
234 2813 294 2835 nec
311 2802 432 2840 minuS,
455 2812 471 2833 a
487 2812 569 2843 quo,
594 2804 624 2835 ὅ(
640 2813 701 2842 qua
724 2806 850 2835 ratione
873 2804 1021 2835 inventus

146 2846 354 2887 Magistratus
377 2842 483 2874 fuerit.
530 2844 602 2877 Pars
625 2843 733 2876 Officii
750 2845 816 2884 ejus
833 2843 1022 2876 describitur

147 2890 177 2921 d.
194 2888 211 2919 l.
233 2897 260 2929 3.
280 2887 309 2929 §.
332 2895 344 2918 1
378 2884 505 2925 &seqq
531 2886 572 2916 ibi
591 2895 660 2925 quae
676 2886 734 2917 fint
752 2885 888 2925 Horrea,
911 2887 961 2918 ubi
976 2886 1022 2917 bo-

147 2932 237 2962 mines
249 2925 474 2970 pretiofiffimam
487 2932 594 2965 partem
597 2927 793 2966 fortunarum
801 2931 930 2968 suarum
946 2934 1023 2968 repo·

148 2977 244 3006 nunt.
261 2971 326 3001 dixi
343 2969 391 3000 lib.
410 2977 439 3006 4-
458 2968 595 2997 Probabil
618 2977 641 2998 c.
653 2977 680 3007 3.
698 2967 732 2999 In
744 2970 772 2998 d.
790 2968 809 3000 Ι.
824 2979 853 3010 3.
868 2969 897 3010 §.
917 2970 969 3000 ult.
986 2968 1023 3001 fit

147 3014 273 3046 mentio
291 3011 511 3051 Cumanorum,
535 3008 588 3048 qui
603 3010 725 3039 mercede
735 3009 886 3048 servanda
901 3012 933 3042 in
952 3010 1023 3041 bali-

148 3056 212 3086 mis
229 3051 398 3094 vestimenta
414 3050 582 3090 suscipiunt.
613 3051 654 3080 de
677 3049 725 3095 his
747 3051 851 3090 aliqua
873 3051 1021 3091 Cuiacius

151 3096 200 3127 lib.
219 3106 248 3135 5.
269 3095 388 3128 observ.
405 3102 429 3124 c.
445 3096 474 3126 8.
491 3091 524 3123 ln
539 3090 558 3122 l.
571 3100 600 3130 4.
617 3090 754 3129 injicitur
768 3093 891 3124 mentio
908 3093 1023 3133 Insula-

149 3139 276 3168 riorum:
292 3145 373 3174 quos
388 3133 516 3174 attingit
531 3132 552 3164 l.
573 3135 638 3164 166.
657 3130 694 3165 &²
708 3131 727 3161 Ι.
747 3140 817 3172 203.
835 3132 875 3163 D.
893 3135 925 3164 de
943 3136 1024 3165 verb.

144 3176 251 3260 Ᾱὲἰῖξ·
276 3175 343 3251 “²3¹5
363 3175 536 3259 {mesmes}
552 3171 984 3257 2e-2‘'³q³.?5‘2l}.l‘;:l;.⁰z¹2‘3‘lf⁵
1000 3174 1022 3206 ¹·

156 3228 204 3252 1.
245 3226 289 3251 .1.
342 3227 462 3252 ,ενα
517 3225 606 3249 ναι.
841 3224 858 3245 e
958 3224 1024 3255 egae

1066 2684 1159 2714 meo,
1183 2673 1218 2706 P.
1231 2673 1414 2707 Burmanno
1429 2672 1469 2705 V.
1484 2671 1544 2704 CL.
1562 2671 1653 2703 Notis
1669 2671 1707 2703 ad
1722 2669 1840 2702 Petron.
1856 2678 1882 2701 c.
1892 2677 1942 2710 95.

1106 2716 1220 2748 Omnis
1242 2714 1389 2747 Praefecti
1416 2714 1557 2755 Vigilum
1575 2713 1734 2745 coercitio
1751 2710 1880 2743 subsistit
1896 2714 1943 2742 in·

1066 2766 1111 2790 tra
1122 2756 1220 2789 fustes
1236 2756 1397 2797 &flagella
1413 2755 1431 2786 ἰ.
1449 2757 1502 2787 ult.
1521 2757 1549 2787 h.
1567 2761 1589 2786 t.
1605 2753 1703 2786 fustes
1720 2751 1867 2785 adversus
1884 2752 1942 2783 ho·-

1066 2801 1167 2832 mines
1190 2798 1329 2837 liberos,
1355 2798 1385 2829 &
1404 2796 1528 2838 flagella
1551 2795 1697 2828 adversus
1722 2795 1830 2826 servos
1852 2793 1871 2824 l.
1881 2802 1941 2839 *10-

1066 2841 1109 2874 D.
1129 2842 1162 2873 de
1173 2841 1276 2880 poenis.
1292 2839 1312 2871 l.
1331 2839 1386 2872 ult.
1411 2839 1450 2869 I).
1469 2839 1502 2870 de
1519 2839 1648 2870 in'uriis.
1673 2836 1760 2878 quod
1775 2834 1797 2868 fi
1814 2834 1889 2867 facti
1912 2842 1942 2864 a·

1065 2883 1198 2914 trocitas
1219 2880 1331 2922 capitis
1356 2881 1539 2912 animadver
1552 2888 1660 2912 ionem
1677 2877 1850 2911 desideret:
1874 2884 1944 2921 ces-

1065 2923 1130 2956 sant
1146 2930 1251 2964 partes
1271 2921 1415 2954 Praefeclzi
1434 2921 1596 2962 Vigilum3
1612 2921 1642 2953 &
1659 2919 1801 2952 succedit
1814 2919 1941 2958 imperi·

1065 2975 1119 2998 um
1130 2963 1274 2998 Praefeffl
1287 2962 1385 2997 Urbi:
1401 2963 1440 2995 ad
1456 2972 1551 3003 quem
1570 2962 1689 2994 remitti
1706 2963 1765 3002 jam
1774 2968 1861 2991 reum
1873 2980 1884 2997 ‚
1904 2954 1941 2987 fi-

1066 3017 1107 3039 ve
1124 3007 1224 3039 homo
1243 3006 1340 3045 liber,
1363 3005 1426 3037 ssve
1443 3005 1549 3037 servus
1568 3004 1622 3042 sit,
1647 3003 1761 3036 Paulus
1778 3002 1806 3031 d.
1822 3000 1842 3031 l.
1860 3008 1889 3037 53.
1906 2997 1938 3037 §.

1068 3058 1103 3087 Ι,
1127 3049 1158 3080 &
1181 3046 1338 3087 Ulpianus
1362 3047 1381 3079 l.
1406 3046 1461 3079 ult.
1486 3047 1515 3078 h,
1533 3054 1554 3078 τ.
1571 3045 1740 3077 declarant.
1775 3041 1819 3072 At
1834 3037 1939 3070 obstat

1066 3091 1264 3131 Pomponius
1292 3089 1313 3120 l.
1356 3097 1400 3120 επ.
1426 3087 1469 3120 D.
1491 3090 1525 3119 de
1548 3085 1667 3120 condier.
1684 3083 1761 3120 caus.
1779 3082 1839 3111 dat.
1857 3078 1938 3123 caus.

1066 3142 1124 3164 non
1134 3134 1249 3174 sequar.
1279 3130 1319 3162 Se
1358 3137 1528 3170 corruptus
1543 3130 1652 3167 locus,
1668 3126 1697 3158 ἂ
1713 3132 1730 3155 a
1746 3130 1798 3157 me
1813 3117 1939 3153 restitu⁴

1068 3181 1119 3208 tus
1136 3174 1234 3213 timp.
1253 3172 1398 3207 Probabil.
1415 3174 1440 3203 ε’.
1458 3181 1489 3212 5.

1875 3240 1942 3275 Tz-
