2036 3495
309 95 371 131 Α»
399 94 490 131 Lrn.
527 93 658 130 XXVI.
694 92 796 129 T1r.
827 93 887 128 IX.
914 93 1049 143 Quando
1069 93 1204 140 exsarto
1221 82 1331 131 tutoris
1348 95 1399 131 vel
1410 97 1561 133 curatoris
1577 95 1645 137 &a

87 185 216 228 pillum,
238 192 313 218 cum
335 193 401 216 non
418 183 464 216 est
478 183 630 217 solvendo
648 189 753 221 tutor,
777 181 884 213 saltem
906 181 959 213 ha-

89 228 198 260 crenus
237 235 278 257 ex
305 226 383 257 dolo
413 226 528 257 tutoris
563 224 662 254 teneri
679 242 688 262 s
726 232 761 255 ut
798 223 957 255 aaronem

88 278 181 309 quam
205 276 317 298 contra
333 275 473 298 tutorem
492 266 606 303 habet,
619 264 753 304 praestet.
798 264 829 295 Si
848 273 956 296 verum

86 308 333 351 quaerimus;illa
349 317 413 339 non
429 307 491 339 suit
506 307 676 345 Pomponii
692 306 865 337 sententia:
883 314 955 337 nam

86 353 141 391 (ut
160 357 290 391 apparet
307 358 347 380 ex
363 350 391 381 d.
408 349 428 380 l.
445 349 497 379 ult.
518 347 557 378 D.
575 348 608 378 de
631 348 739 378 arimin.
759 347 870 386 tutor.)
892 347 953 378 cla·

87 401 124 424 re
140 392 251 424 docuit
267 390 422 430 pupillum
434 412 443 427 ‚
467 389 487 420 si
505 388 659 420 solvendo
675 387 712 419 fit
735 396 840 427 tutor,
864 387 952 428 poffe

83 434 117 465 in
139 433 202 464 litis
218 431 454 464 aestimationem
472 430 653 461 conveniri:
676 429 704 460 ἃ
723 429 742 460 fl
758 439 822 461 non
840 429 876 461 fit
894 428 951 460 sol-

85 475 192 506 vendo
214 481 231 512 ,·
259 481 325 505 tum
350 473 476 502 demum
501 469 631 511 defungi
656 470 793 502 cessionc
819 470 950 502 actionis

84 524 179 555 quam
208 515 305 546 habet
327 519 437 544 contra
461 519 609 543 tutorem.
661 510 814 552 Ulpianus
845 519 951 543 tamen

84 557 188 597 specie
210 553 382 589 excusantis
405 553 557 594 loquendi
583 552 808 586 obscuritatem
823 572 834 592 ‚
855 552 950 584 Pom-

1803 109 1872 148 443

1000 182 1141 263 51⁰2?ss
1157 185 1289 257 tigisi?
1312 185 1668 265 issss‘iffiffgagssie’waacaff
1681 186 1872 271 iiiess‘ief?

1002 274 1031 296 1.
1051 265 1092 296 D.
1110 266 1280 306 clementio,
1304 276 1375 305 quae
1393 268 1483 300 aliter
1503 269 1654 309 explicari
1672 271 1793 309 nequit.
1816 271 1869 302 Sic

998 306 1074 337 mihi
1092 308 1284 347 persuadeo,
1309 309 1338 339 ἃ
1354 308 1484 341 similem
1509 311 1618 341 notavi
1638 309 1797 342 refutandi
1815 321 1868 343 ve-

996 349 1179 379 recundiam
1197 348 1351 379 Veterum
1371 348 1458 389 supra
1473 349 1527 381 sub
1548 350 1662 382 Titulo
1681 351 1727 382 De
1738 354 1866 393 receptis.

996 390 1027 419 in
1051 390 1070 419 l.
1100 397 1144 425 19.
1170 389 1198 430 §.
1220 399 1248 420 2.
1272 390 1394 427 ibidem,
1426 391 1455 421 &
1486 391 1535 423 lib.
1558 391 1630 434 ling.
1655 392 1702 424 De
1721 392 1801 434 Ραὲἶ.
1827 393 1865 428 &²

995 429 1134 460 transast.
1156 440 1181 461 c.
1201 440 1250 468 24.
1274 430 1340 462 inl.
1360 439 1404 470 ¹7·
1427 431 1456 472 ᾗ.
1477 442 1505 472 3.
1531 431 1572 465 D.
1595 436 1628 464 cie
1649 433 1726 475 parib.
1750 444 1787 466 ac
1811 443 1867 466 ne-

993 470 1079 509 scio,
1102 480 1139 502 an
1164 473 1214 503 vel
1235 473 1306 504 inde
1324 472 1430 503 lumen
1449 481 1558 512 petere
1581 475 1696 507 debeat
1714 476 1803 516 quod
1825 476 1865 507 ab

988 513 1110 593 Jiodeni
1131 511 1269 554 Ulpiano
1287 514 1436 546 traditum
1454 514 1484 545 in
1500 514 1518 545 l.
1543 524 1568 547 1.
1593 515 1621 557 §v
1639 522 1670 550 ο,
1685 516 1728 550 D.
1751 517 1802 550 Ne
1818 518 1864 549 vis

1017 559 1047 585 αι
1065 555 1101 585 eii

738 642 1089 680 T1TuLus
1148 643 1189 680 X.

629 740 679 777 De
694 740 844 788 suspeffls
869 740 1018 776 tutoribus
1042 738 1083 781 δ’
1108 726 1309 780 curatoribus.

155 834 285 882 xpositis
314 840 417 872 modis
448 837 561 879 quibus
592 838 690 869 tutela
717 836 948 883 constituatur5

82 841 153 917 Ε
176 880 398 921 tempestivum
415 880 476 918 est,
501 879 796 920 subjicere‚quibus
813 878 948 909 finiatur.

84 924 128 956 Hi
144 923 212 954 sunt
231 923 388 961 duplices:
407 923 458 953 vel
475 922 558 953 enim
574 920 641 959 ipso
657 920 724 961 jure
741 918 849 951 finitur
865 927 946 950 tute-

84 966 131 1002 la,
155 965 206 996 vel
229 963 314 995 fatto
336 963 538 1004 Magistratus
561 961 622 993 ess'e
646 960 789 993 desinunt
813 968 945 992 tutores.

82 1008 218 1046 primum
234 1004 301 1045 ipso
316 1005 383 1045 jure
399 1004 504 1036 finitur
525 1003 680 1035 tutelat&
701 1002 745 1034 est
764 1002 953 1042 exemplum

82 1049 115 1078 iii
131 1047 298 1087 pubertate
317 1046 346 1077 dt
362 1046 573 1086 viripotentiu.
597 1045 744 1076 meminit
757 1043 947 1084 justinianus

77 1095 125 1129 pr.
144 1086 216 1129 Inst.
235 1086 324 1133 Quib.
340 1088 411 1118 mod.
428 1087 509 1118 rutel.
522 1085 604 1126 finit.
629 1086 657 1117 dt
673 1085 781 1131 addit5
800 1085 946 1125 puberta-

83 1138 147 1161 tem
172 1138 202 1160 in
226 1127 368 1160 masculis
394 1127 462 1168 post
479 1137 593 1159 annum
616 1128 776 1159 decimum
799 1133 945 1167 quartum

80 1170 278 1210 completum
302 1170 388 1200 illico
411 1170 570 1209 incipere,
601 1169 630 1201 ἃ
654 1168 893 1205 viripotentiam
912 1168 945 1198 in

81 1211 222 1243 foeminis
244 1210 313 1250 post
328 1210 497 1242 duodecim
513 1219 610 1242 annos
625 1209 824 1249 completos:
847 1210 889 1239 ita
904 1217 945 1240 ex

81 1252 133 1283 sua
151 1251 388 1283 Constitutione
403 1251 591 1289 obtinuisse3
614 1259 684 1282 cum
701 1259 775 1281 ante
793 1251 946 1281 variarent

82 1292 227 1325 Veteres.
268 1292 329 1324 Sed
347 1294 385 1323 de
401 1293 465 1323 hoc
483 1293 569 1332 supra
594 1292 648 1322 sub
664 1290 797 1330 Titulo‚
823 1291 868 1321 De
885 1293 946 1322 ritu

82 1336 258 1375 nuptiarum.
303 1333 456 1364 Praeterea
476 1334 573 1365 refert
587 1333 789 1372 justinianus,
812 1332 944 1363 tutelam

81 1375 160 1407 finiri
180 1382 283 1405 morte
298 1374 406 1414 pupilli
424 1375 475 1406 vel
491 1374 614 1405 tutoris.
637 1374 714 1404 item
733 1374 847 1405 tutoris
863 1374 944 1414 capi-

81 1417 120 1447 tis
137 1415 353 1447 deminutione
377 1424 431 1454 per
448 1424 540 1455 quam
557 1415 684 1446 libertas
706 1415 757 1445 vel
778 1416 891 1445 civitas
915 1424 945 1445 a·

76 1457 228 1493 mittitur,
253 1465 381 1486 omnem
400 1457 531 1487 tutelam
550 1457 668 1496 perire:
693 1456 820 1487 minima
836 1463 942 1487 autem

73 1497 190 1537 capitis
209 1497 426 1528 deminutione
449 1498 581 1535 tutoris,
605 1497 704 1528 veluti
727 1496 746 1527 ii
764 1496 842 1528 sein
866 1498 941 1528 ado-

74 1539 220 1578 ptionem
237 1537 381 1575 dederit,
406 1538 577 1577 legitimam
596 1545 716 1568 tantum
735 1537 858 1577 perire,
882 1547 942 1569 cat-

77 1586 159 1610 teras
183 1586 246 1608 non
273 1578 384 1617 perire.
417 1577 469 1609 sed
487 1578 596 1619 pupilli
623 1578 652 1610 ἂ
679 1578 806 1618 pupillae
828 1579 940 1619 capitis

76 1619 297 1651 deminutione
313 1640 323 1656 ,
353 1619 428 1650 licet
456 1621 582 1651 minima
607 1619 662 1657 fit,
692 1628 803 1651 omnes
826 1620 940 1652 tutelas

76 1661 156 1692 tolli.
197 1659 362 1692 Postremo
378 1660 437 1697 ait,
462 1670 518 1692 eos
533 1661 587 1701 qui
606 1661 644 1691 ad
668 1669 790 1692 certum
816 1668 940 1702 tempus

75 1700 264 1733 testamento
283 1701 395 1732 dantur
412 1708 552 1738 tutores,
575 1711 615 1733 eo
632 1701 870 1740 finito,tutelas
887 1704 940 1735 de⁴

73 1751 195 1784 ponere
212 1743 241 1773 d.
265 1747 287 1774 t.
307 1741 396 1785 Quib.
416 1744 488 1773 mod.
506 1743 587 1774 tutel.
601 1741 660 1782 fin.

117 1785 160 1816 At
178 1783 278 1814 tutela
295 1793 358 1814 non
380 1791 500 1815 tantum
517 1783 666 1824 ipsojure
685 1784 807 1816 finitur:
829 1791 940 1816 verum

75 1824 171 1856 etiam
190 1824 336 1855 desinunt
354 1823 415 1855 effe
433 1833 575 1863 tutores,
598 1826 650 1863 qui
667 1826 717 1857 vel
734 1835 941 1858 removentur

75 1876 91 1896 a
109 1865 205 1897 tutela
223 1865 266 1896 ob
283 1866 313 1895 id
333 1865 420 1904 quod
436 1865 563 1906 suspecti
582 1865 633 1898 vifi
650 1866 739 1897 sunt:
761 1867 811 1898 vel
829 1867 940 1907 quiex

73 1906 151 1948 justa
173 1905 262 1937 causa
281 1906 309 1936 se
330 1906 480 1938 excusant
496 1930 505 1945 ‚
529 1907 566 1945 &¹
582 1916 663 1938 onus
689 1908 940 1939 administranda:

74 1949 184 1979 tutelae
201 1948 376 1985 deponunt.
392 1948 420 1988 §.
436 1948 488 1979 uli.
507 1946 577 1985 Insi.
594 1950 621 1981 d.
636 1955 657 1980 ι.
680 1949 719 1981 ad
736 1950 807 1981 illos
824 1949 941 1989 spectat

69 1988 205 2030 praesens
221 1987 367 2019 Titulus.
394 1990 431 2019 ad
451 1990 508 2020 hos
530 1989 671 2030 sequens.

108 2029 292 2070 Suspectum
309 2037 449 2062 tutorem
469 2029 580 2062 definit
606 2030 761 2071 Ulpianus
789 2038 861 2065 eum
886 2033 939 2073 qui

70 2071 213 2103 moribus
230 2071 298 2102 talis
315 2070 379 2110 est,
402 2079 436 2102 ut
461 2071 616 2111 suspectus
636 2072 682 2104 fit.
706 2075 870 2105 enimvero
893 2082 939 2104 tu-

73 2120 125 2144 tor
142 2134 153 2151 ‚
176 2114 317 2152 quamvis
331 2121 451 2153 pauper
475 2113 535 2152 est,
561 2112 662 2145 fidelis
687 2122 792 2145 tamen
816 2114 846 2145 &
872 2115 940 2146 dili·

73 2163 169 2195 gens,
192 2155 406 2185 removendus
430 2163 494 2186 non
521 2155 566 2186 est
588 2154 672 2195 quasi
696 2155 850 2196 suspectus
875 2156 893 2186 Ζ.
910 2161 939 2190 8.

75 2196 124 2226 D.
149 2196 177 2226 b.
194 2199 216 2226 t.
259 2194 376 2225 Recte:
397 2193 548 2235 siquidem
573 2197 626 2235 (ut
650 2195 804 2236 Ulpianus
834 2197 905 2228 infit
920 2198 940 2228 l.

74 2244 125 2276 3¹-
150 2235 180 2276 §.
200 2244 225 2266 1.
249 2236 296 2267 D.
319 2237 352 2266 de
373 2237 429 2267 reb.
453 2236 636 2279 unffijuciic.
654 2237 771 2278 poffici.)
800 2246 940 2269 tutorem

72 2286 140 2308 non
149 2277 337 2314 facultates,
349 2275 399 2309 sed
417 2275 614 2310 fraudulenta
632 2279 663 2310 in
674 2279 767 2310 rebus
783 2280 940 2319 pupillari-

72 2317 132 2349 bus
149 2340 158 2356 ,
183 2318 234 2349 sed
252 2318 363 2349 callida
379 2319 575 2353 conversatio
591 2318 764 2358 suspestum
779 2329 940 2351 commen·

73 2360 136 2395 dat.
161 2359 294 2398 proinde
311 2359 341 2390 in
362 2359 381 2390 l.
406 2369 435 2399 5.
450 2361 477 2391 d.
497 2366 518 2392 t.
542 2359 716 2402 suspeffiffls,
739 2363 860 2402 inquit,
884 2360 937 2392 fie-

70 2400 96 2431 ri
115 2400 140 2432 is
159 2409 288 2441 quoque
306 2401 361 2441 qui
382 2399 596 2440 satisdederit,
617 2403 669 2434 vel
697 2412 781 2434 nunc
802 2402 937 2440 offerat,

73 2441 187 2479 potest.
211 2442 339 2482 duplice
363 2443 508 2475 ratione:
539 2453 599 2474 una
622 2443 667 2475 est
692 2443 811 2484 ipfius3
849 2445 937 2484 quod

74 2483 203 2521 expedit
220 2483 341 2523 pupillo
366 2484 494 2524 (magiss
516 2484 580 2515 hoc
604 2483 851 2517 subaudiendum
871 2495 938 2516 xer·

74 2521 213 2559 bum‚ut
228 2524 298 2555 alibi
315 2523 496 2565 ἡρῷσσαι
519 2525 602 2557 suam
611 2525 723 2558 salvam
741 2526 937 2567 fore,quam

72 2562 192 2594 tabulas
208 2572 274 2595 rem
290 2564 403 2599 salvam
418 2565 491 2597 sore
508 2568 667 2598 cautionis
683 2567 810 2600 habere.
840 2566 937 2599 altera

69 2606 152 2635 ratio
166 2603 212 2634 est
234 2603 415 2645 Callistrati‚
447 2609 533 2648 quod
557 2608 716 2640 satisdatio
740 2609 936 2650 propositum

72 2645 187 2676 tutoris
201 2645 390 2679 malevolum
407 2656 470 2680 non
494 2657 614 2687 mutat,
637 2649 690 2681 sed
714 2651 831 2682 diutius
854 2660 936 2692 gras·

71 2685 157 2717 sandi
175 2687 204 2716 in
225 2696 259 2717 re
277 2685 419 2719 familiari
436 2689 619 2722 facultatem
645 2691 767 2729 praestat
783 2692 802 2722 l.
821 2696 850 2723 6.
868 2694 896 2723 d.
914 2697 936 2723 t.

72 2726 239 2772 SuspeQus
256 2727 350 2767 igitur
371 2728 416 2760 est
431 2731 483 2767 qui
500 2740 564 2763 non
580 2741 621 2763 ex
639 2731 702 2764 fide
727 2733 856 2764 tutelam
882 2743 936 2772 ge-

71 2768 232 2805 rit‚.licet
249 2768 404 2800 solvendo
427 2770 480 2802 fit:
502 2780 536 2802 ut
550 2771 689 2812 Julianus
713 2782 844 2812 quoque
867 2773 935 2804 scri·

70 2808 141 2849 pfit.
165 2807 217 2839 sed
240 2809 270 2840 &
287 2817 381 2847 ante,
405 2819 497 2849 quam
519 2813 648 2855 incipiat
671 2815 801 2845 tutelam
825 2824 936 2856 gerere

70 2849 274 2888 tutor.,p0ffe
289 2859 360 2881 eum
378 2851 460 2891 quafi
476 2852 644 2895 suspectum
664 2856 820 2886 removeri
834 2857 936 2893 ‚idem

72 2891 211 2930 Julianus
227 2890 344 2931 scripfit
360 2891 389 2933 §.
405 2892 523 2934 .5.-Jnft.
539 2897 568 2928 d.
585 2903 607 2927 t.
638 2895 681 2927 Et
706 2897 888 2937 exemplum
915 2897 934 2927 ι.

69 2941 99 2964 2.
119 2931 156 2966 ὃ)
177 2942 207 2972 3.
231 2932 261 2963 C.
287 2932 323 2966 δ’
337 2933 354 2962 l.
373 2944 401 2971 4.
421 2933 449 2975 §.
466 2946 494 2973 4.
518 2936 563 2967 D.
582 2939 609 2969 d.
627 2943 647 2968 t.
691 2937 819 2974 Simile,
843 2937 863 2968 fi
881 2947 936 2972 no-

67 2973 106 3005 lit
123 2972 270 3004 satisdare
296 2974 373 3005 dolo
399 2975 498 3008 malo:
522 2985 590 3009 riam
619 2979 640 3010 fi
664 2979 771 3017 inopia
800 2979 863 3009 hoc
891 2978 936 3010 fa-

70 3016 152 3053 ciat,
180 3022 364 3046 removetur
384 3017 534 3056 quidem,
557 3019 607 3050 sed
630 3019 693 3050 fine
715 3019 845 3051 infamia
869 3020 886 3051 l.
910 3028 935 3052 1.

75 3056 107 3086 C.
134 3059 166 3086 cle
183 3062 238 3087 cut.
257 3057 303 3086 vel
319 3066 382 3087 cur.
401 3059 522 3098 quisat.
539 3069 595 3090 non
612 3064 672 3091 dat.

112 3095 166 3128 De
191 3096 336 3137 suspectis
358 3099 453 3137 igitur
482 3101 637 3131 tutoribus
672 3101 702 3132 &
737 3102 937 3134 curatoribus

72 3137 276 3175 disputaturi,
299 3148 340 3170 ex
361 3148 524 3179 praecepto
541 3140 665 3181 Ulpiani
690 3144 710 3174 i.
729 3151 755 3174 1·.
773 3141 801 3183 §.
824 3154 849 3174 i.
871 3144 897 3174 b.
915 3150 935 3174 tr

72 3179 410 3252 ρι’ἰἸιῃυῐῃΙῑΙτῑιᾶεῐῃυε,
433 3184 516 3215 unde
532 3183 701 3216 descendat
730 3183 860 3225 inspecti
879 3185 934 3217 cii-

136 3230 188 3251 Om.
248 3243 255 3253 ι

990 845 1082 876 men,
1107 839 1137 870 ὅ(
1159 840 1242 880 apud
1265 849 1347 881 quos
1372 843 1520 884 postulari
1547 845 1617 884 quis
1641 844 1736 885 poffit
1759 843 1859 884 suspea

989 879 1057 910 Ctus
1077 887 1164 911 tutor
1180 882 1230 913 vel
1250 892 1394 917 curator:
1418 893 1485 917 tum
1503 886 1572 925 quis
1590 886 1620 918 ἂ
1635 896 1652 917 a
1670 895 1754 926 qu0‚
1777 885 1859 917 &eit

989 920 1102 966 quibus
1118 922 1214 953 causis
1232 932 1453 958 removeatur:
1478 930 1584 967 deque
1605 936 1700 967 poena
1716 926 1859 967 suspecti.

989 961 1129 993 Primum
1153 962 1313 997 sciendum
1338 966 1420 1005 esse,
1444 968 1546 1007 inquit
1569 967 1723 1010 Ulpianus
1739 991 1750 1006 ‚
1767 967 1860 1008 suspe-

990 1001 1029 1033 uz·
1051 1004 1158 1047 crimen
1188 1006 1246 1042 (id
1272 1006 1334 1043 est,
1365 1007 1493 1050 suspecti
1515 1009 1771 1041 criminationem
1795 1009 1860 1040 sive

988 1045 1242 1086 accuiationem,
1274 1056 1308 1078 ut
1334 1049 1417 1081 bene
1441 1050 1667 1090 interpretatur
1689 1049 1861 1091 Theophi-

989 1086 1056 1122 lus,
1089 1086 1118 1131 ὃς
1143 1086 1202 1118 suis
1227 1091 1382 1130 exemplis
1406 1090 1576 1123 confirmat
1607 1092 1778 1124 Brissonius
1803 1092 1871 1128 De¹

986 1127 1063 1157 verb.
1082 1125 1185 1168 fignif.
1209 1129 1241 1160 in
1258 1132 1377 1172 verbo,
1407 1133 1540 1172 crimen)
1562 1143 1577 1163 e
1602 1133 1676 1175 Lege
1695 1133 1858 1165 Duodecim

989 1166 1165 1200 Tabularum
1185 1171 1354 1211 descendere.
1398 1173 1537 1214 Ejusque
1562 1174 1654 1217 Legis
1670 1174 1766 1206 etiam
1791 1183 1858 1206 me-

988 1209 1078 1240 minit
1096 1209 1214 1242 Cicero
1234 1213 1283 1242 De
1304 1212 1375 1253 offic.
1391 1215 1438 1246 lib.
1460 1225 1490 1255 3.

1005 1250 1176 1297 ,Proxima
1197 1251 1321 1296 Ulpiani
1342 1264 1415 1287 cura
1432 1258 1495 1294 est,
1519 1257 1602 1296 apud
1619 1265 1699 1298 quos
1718 1255 1857 1298 postula-

987 1292 1123 1337 ripoffit
1140 1293 1296 1334 inspectus
1315 1304 1403 1328 tutor
1418 1306 1470 1329 aut
1486 1305 1624 1329 cui-ator.
1648 1298 1690 1329 fic
1714 1307 1793 1330 vero
1820 1306 1857 1328 o-

988 1341 1114 1378 pinatur
1129 1335 1156 1365 d.
1176 1335 1194 1365 1.
1215 1344 1239 1366 1.
1259 1336 1287 1378 §.
1311 1346 1338 1377 3.
1371 1339 1485 1369 Damus
1501 1344 1598 1370 utitem
1616 1339 1667 1380 jus
1689 1339 1856 1370 removendi

979 1374 1124 1414 suspebios
1151 1381 1259 1407 tutores
1284 1378 1381 1410 Romae
1404 1380 1606 1411 Praetoribus:
1637 1381 1669 1411 in
1694 1381 1855 1420 provinciis

988 1414 1166 1461 Eraefidz'bus
1188 1427 1295 1449 earum.
1350 1419 1401 1451 Est
1424 1421 1493 1452 haec
1514 1421 1639 1453 locutio
1666 1421 1779 1461 privati
1804 1420 1858 1461 Ju-

985 1456 1165 1489 risconsulti
1179 1481 1187 1496 ‚
1211 1468 1273 1499 prae
1290 1459 1320 1491 se
1338 1461 1444 1492 ferens
1469 1461 1608 1494 formam
1627 1462 1740 1503 Legis:
1763 1471 1858 1494 more

985 1498 1014 1528 ei
1032 1507 1096 1529 non
1112 1498 1252 1531 insolito.
1276 1509 1347 1533 nam
1365 1502 1395 1533 ἀ
1419 1503 1451 1534 in
1476 1503 1496 1534 l.
1519 1512 1564 1539 ¹9-
1581 1502 1622 1534 D.
1647 1504 1680 1535 de
1703 1504 1760 1535 reb.
1776 1502 1855 1535 auct.

978 1538 1072 1580 judic.
1097 1539 1197 1581 poffid.
1228 1540 1386 1582 similiter,
1411 1544 1636 1586 Dabimusque,
1666 1545 1789 1585 inquit,
1817 1554 1855 1577 ex

983 1580 1027 1611 bis
1041 1580 1134 1619 caufis
1150 1581 1202 1623 ipfi
1221 1584 1336 1615 mulieri
1351 1585 1548 1627 privilegium.
1590 1584 1668 1617 Non
1692 1585 1737 1617 est
1757 1586 1857 1626 Juris-

983 1621 1136 1667 consulti,
1160 1625 1234 1655 dare
1251 1625 1470 1668 privilegium,
1486 1625 1538 1658 sed
1554 1626 1720 1667 Principis.
1743 1628 1855 1660 datum

983 1663 1186 1704 privilegium
1203 1665 1354 1698 docendo
1370 1668 1551 1708 explicare,
1575 1667 1640 1700 hoc
1664 1678 1742 1700 vero
1757 1668 1854 1708 Juris-

983 1703 1120 1752 consul-ti
1139 1705 1192 1737 est.
1218 1706 1281 1739 Res
1296 1716 1402 1748 certa3
1426 1709 1456 1741 δι
1476 1710 1650 1741 commode
1666 1708 1775 1741 Graeci
1791 1710 1854 1742 Ba-

977 1743 1051 1782 filic.
1072 1746 1119 1777 hb.
1136 1756 1165 1783 9.
1184 1749 1230 1779 tit.
1246 1758 1274 1789 7.
1292 1756 1323 1790 p.
1338 1759 1410 1790 540.
1428 1756 1493 1782 tom.
1515 1760 1542 1782 1.
1573 1750 1615 1782 sic
1633 1750 1852 1783 transferunt:

982 1785 1081 1832 Habet
1097 1788 1187 1829 igitur
1205 1788 1241 1824 ξφ
1257 1791 1317 1830 ipsa
1328 1792 1524 1833 privilegium.
1555 1792 1708 1824 Similiter
1724 1802 1788 1825 non
1805 1792 1852 1825 est

981 1825 1219 1866 Jurisconsulti:
1240 1832 1314 1863 dare
1326 1833 1577 1872 jurisdictionem
1593 1840 1646 1865 aut
1663 1834 1854 1875 imperium:

983 1867 1036 1913 sed
1050 1869 1156 1902 datum
1177 1871 1389 1913 interpretari.
1435 1875 1514 1907 Sunt
1531 1875 1579 1907 hae
1602 1876 1785 1908 locutiones
1804 1877 1852 1908 di-

983 1908 1116 1950 ligenter
1153 1915 1301 1945 notandae
1319 1926 1327 1947 :
1373 1925 1414 1947 ne
1453 1916 1474 1948 fi
1513 1917 1705 1957 quandoque
1737 1924 1852 1950 occurs

983 1958 1052 1981 rant
1069 1974 1079 1989 ,
1107 1949 1311 1987 Triboniano
1339 1963 1461 1989 temere
1485 1958 1707 1998 imputenturt
1737 1967 1771 1990 ut
1804 1959 1852 1990 fa-

943 2004 944 2007 *
984 1990 1068 2023 &um
1085 1993 1124 2024 ab
1148 1994 1291 2028 Antonio
1311 1996 1413 2030 Fabro
1436 1999 1474 2031 V.
1498 1999 1557 2031 CL.
1581 2001 1628 2031 lib.
1657 2004 1702 2032 16.
1725 1999 1850 2042 Confert.

983 2042 1007 2064 c.
1036 2041 1081 2065 12.
1104 2036 1141 2065 ad
1162 2035 1219 2075 fin.
1242 2038 1294 2077 qui
1321 2047 1387 2071 non
1417 2039 1584 2072 observata
1607 2041 1668 2072 hac
1697 2042 1850 2081 loquendi

981 2072 1084 2105 forma
1102 2078 1184 2115 apud
1205 2076 1359 2118 Veteres,
1382 2081 1609 2122 interpolatum
1633 2092 1650 2113 a
1675 2078 1849 2115 Tribonia-

981 2124 1025 2161 no
1048 2114 1108 2147 esse
1132 2125 1221 2157 putat
1243 2118 1413 2160 Ulpianum
1438 2123 1457 2154 l.
1481 2133 1529 2163 34.
1553 2123 1582 2165 ᾗ.
1606 2128 1635 2158 8.
1660 2123 1699 2156 D.
1718 2126 1751 2154 de
1766 2125 1849 2167 jure-

977 2158 1123 2203 Jurumlo:
1148 2167 1181 2190 ut
1200 2159 1254 2191 sub
1271 2161 1327 2193 illo
1343 2161 1458 2196 Titulo
1482 2165 1658 2196 observavi.
1704 2164 1848 2207 Oportet

981 2205 1077 2269 igitur
1099 2198 1183 2239 (hoc
1206 2202 1289 2233 enim
1316 2206 1491 2246 agendum)
1519 2206 1548 2237 ἃ
1570 2207 1599 2237 in
1627 2209 1655 2238 d.
1680 2207 1700 2238 l.
1720 2217 1745 2240 1.
1768 2208 1795 2249 §.
1815 2217 1845 2250 3.

1000 2239 1155 2284 *lplanum
1171 2243 1304 2282 perinde
1320 2246 1443 2286 accipi,
1466 2256 1502 2278 ac
1528 2246 1549 2278 fi
1572 2247 1713 2287 diceret,
1741 2252 1851 2291 cogni-

983 2285 1105 2312 tionem
1129 2283 1169 2313 de
1199 2283 1344 2324 suspectis
1370 2288 1548 2326 tutoribus,
1585 2289 1650 2329 ejus
1675 2291 1848 2332 opinione,

983 2330 1170 2361 competere
1186 2326 1356 2365 majoribus
1381 2327 1638 2370 Magistratibus,
1669 2333 1768 2371 qualis
1786 2333 1852 2364 Ro-

982 2370 1042 2393 mae
1060 2363 1181 2396 Praetor
1202 2366 1230 2397 ἃ
1248 2368 1279 2398 in
1301 2369 1472 2408 provinciis
1497 2370 1630 2404 Praeses:
1653 2375 1849 2415 municipali-

981 2403 1039 2451 bus
1057 2413 1134 2436 vero
1161 2406 1397 2448 Magistratibus
1421 2420 1485 2442 non
1510 2420 1718 2450 competere:
1750 2424 1847 2455 atque

979 2446 1130 2477 evidente
1146 2449 1287 2481 ratione:
1313 2452 1400 2490 quod
1416 2453 1560 2493 cognitio
1581 2453 1710 2494 suspecti
1736 2460 1850 2490 tutoris

980 2495 1044 2518 non
1070 2496 1238 2520 exercetur
1259 2490 1352 2529 alibi,
1376 2502 1469 2532 quam
1493 2503 1552 2534 pro
1576 2495 1740 2529 tribunali:
1764 2509 1848 2530 earn-

980 2537 1062 2567 que,
1087 2536 1120 2559 ut
1137 2528 1182 2573 est
1204 2533 1301 2572 magis
1325 2534 1467 2573 imperii,
1491 2544 1582 2573 quam
1604 2537 1844 2578 jurisdictionis,

980 2569 1098 2615 habent
1115 2572 1241 2610 quidem
1266 2573 1387 2606 Praetor
1402 2598 1411 2613 ‚
1437 2576 1466 2607 ὅ(
1488 2575 1600 2608 ssmiles
1622 2581 1756 2620 majores
1774 2581 1844 2611 Ma-

980 2609 1149 2651 gistratu83
1174 2612 1225 2644 sed
1252 2615 1458 2655 municipales
1476 2616 1677 2659 Magistratus
1700 2631 1762 2653 non
1794 2622 1845 2652 ha-

981 2653 1067 2682 bent.
1110 2652 1186 2684 Hoc
1203 2653 1288 2686 sensu
1310 2656 1422 2688 Paulus
1437 2658 1456 2688 l.
1483 2668 1545 2699 105.
1570 2659 1613 2692 D.
1643 2663 1677 2692 de
1701 2671 1757 2702 reg.
1775 2663 1840 2702 jur.

979 2701 1049 2732 quac
1067 2693 1113 2740 est.
1128 2704 1167 2725 ex
1184 2695 1238 2727 lib.
1260 2705 1284 2728 1.
1310 2697 1359 2728 Au
1382 2697 1548 2739 Edictum,
1583 2700 1760 2742 Ubicumque
1775 2713 1842 2734 cau-

976 2737 1012 2772 ]ae
1030 2735 1233 2780 cogpzcz'ohest.
1257 2738 1297 2768 ibi
1318 2739 1430 2770 Praetor
1453 2740 1631 2777 defideratzir.
1655 2743 1686 2772 id
1709 2741 1773 2781 est,
1796 2745 1839 2775 ibi

979 2783 1043 2819 non
1069 2775 1182 2820 sufficit
1205 2777 1408 2819 Magistratus
1432 2784 1644 2822 municipalis:
1668 2790 1701 2813 ut
1728 2793 1767 2815 ex
1794 2784 1843 2816 ln-

979 2816 1149 2854 icriptione
1166 2817 1263 2850 docui
1281 2820 1328 2851 lib.-
1355 2832 1380 2853 1.
1402 2821 1449 2853 De
1460 2824 1569 2865 jurisd.
1588 2822 1624 2855 δ’
1646 2824 1743 2864 imper.
1767 2835 1790 2855 c.
1809 2836 1841 2867 3.

980 2855 1061 2888 Illud
1077 2857 1258 2896 quaestionis
1277 2862 1337 2893 est:
1360 2870 1463 2895 utrum
1482 2865 1600 2895 Praetor
1624 2871 1677 2893 aut
1701 2864 1842 2898 Procon-

980 2896 1023 2929 sul
1039 2907 1174 2937 quorum
1192 2900 1236 2932 est
1251 2902 1380 2943 suspecti
1396 2906 1508 2936 tutoris
1525 2903 1688 2942 cognitio,
1706 2915 1773 2937 eam
1791 2909 1844 2939 de-

980 2938 1053 2969 beat
1071 2949 1126 2979 per
1144 2940 1173 2972 se
1193 2951 1315 2975 tantum
1332 2954 1499 2981 exercere;
1515 2953 1552 2974 an
1572 2944 1665 2975 etiam
1682 2946 1748 2978 aliis
1758 2957 1844 2980 man-

980 2982 1054 3012 dare
1071 2981 1188 3020 poffit‘?
1211 2983 1287 3016 Hoc
1303 2988 1400 3026 magis
1417 2994 1515 3024 puto:
1540 2984 1786 3027 nimirum,quia
1805 3000 1842 3022 ea

980 3023 1122 3066 cognitio
1145 3024 1205 3056 illis
1220 3025 1289 3065 jure
1306 3027 1451 3066 propi-ie,
1476 3023 1537 3054 five
1552 3025 1620 3064 jure
1643 3026 1844 3068 Magistratus

980 3064 1021 3094 lui
1040 3067 1216 3104 competit:
1240 3077 1277 3098 ac
1292 3076 1361 3106 quae
1378 3067 1441 3096 e'us
1464 3067 1589 3104 generis
1607 3065 1692 3105 sunt,
1717 3073 1843 3103 manda—

980 3104 1002 3134 ri
1021 3105 1145 3144 possunt
1161 3106 1181 3138 l.
1203 3116 1229 3139 1.
1248 3107 1289 3137 D.
1313 3108 1345 3136 cle
1361 3117 1374 3135 υ
1411 3116 1433 3135 c.
1457 3106 1517 3145 ejus
1534 3107 1588 3136 cui.
1613 3110 1748 3142 maxime
1764 3123 1842 3144 vero

978 3145 1009 3176 id
1034 3149 1198 3185 procedit,
1223 3147 1398 3186 specialiter
1419 3147 1563 3177 mandata
1589 3146 1716 3188 suspecti
1735 3156 1843 3193 cogni-

978 3187 1073 3220 tione,
1097 3189 1163 3222 imo
1187 3189 1301 3258 Μῗζςῗὲ
1323 3187 1341 3217 ΙΔ
1360 3199 1388 3227 4.
1410 3187 1450 3218 D.
1467 3189 1523 3218 nod.
1548 3189 1595 3222 til.
1620 3192 1681 3229 ait,
1711 3202 1842 3233 propter

1273 3237 1277 3244 “
1325 3237 1341 3257 2
1785 3238 1841 3265 uti-
