<?xml version="1.0" encoding="UTF-8"?>
<!DOCTYPE html PUBLIC "-//W3C//DTD XHTML 1.0 Transitional//EN"
    "http://www.w3.org/TR/xhtml1/DTD/xhtml1-transitional.dtd">
<html xmlns="http://www.w3.org/1999/xhtml" xml:lang="en" lang="en">
 <head>
  <title>
</title>
<meta http-equiv="Content-Type" content="text/html;charset=utf-8" />
  <meta name='ocr-system' content='tesseract 3.04.00' />
  <meta name='ocr-capabilities' content='ocr_page ocr_carea ocr_par ocr_line ocrx_word'/>
</head>
<body>
  <div class='ocr_page' id='page_1' title='image "./gerardinoodtnovi00nood_0240.png"; bbox 0 0 2052 3487; ppageno 0'>
   <div class='ocr_carea' id='block_1_1' title="bbox 178 98 248 133">
    <p class='ocr_par' dir='ltr' id='par_1_1' title="bbox 178 98 248 133">
     <span class='ocr_line' id='line_1_1' title="bbox 178 98 248 133; baseline 0 -8"><span class='ocrx_word' id='word_1_1' title='bbox 178 98 248 133; x_wconf 88' lang='lat'>214</span> 
     </span>
    </p>
   </div>
   <div class='ocr_carea' id='block_1_2' title="bbox 177 173 1058 1040">
    <p class='ocr_par' dir='ltr' id='par_1_2' title="bbox 177 173 1058 1040">
     <span class='ocr_line' id='line_1_2' title="bbox 179 173 1049 219; baseline -0.003 -10"><span class='ocrx_word' id='word_1_2' title='bbox 179 178 343 219; x_wconf 75' lang='lat' dir='ltr'>quantitate</span> <span class='ocrx_word' id='word_1_3' title='bbox 354 177 520 218; x_wconf 78' lang='lat' dir='ltr'>profertur:</span> <span class='ocrx_word' id='word_1_4' title='bbox 543 174 574 206; x_wconf 86' lang='lat' dir='ltr'>in</span> <span class='ocrx_word' id='word_1_5' title='bbox 592 182 654 215; x_wconf 89' lang='lat' dir='ltr'>qua</span> <span class='ocrx_word' id='word_1_6' title='bbox 670 173 805 206; x_wconf 91' lang='lat' dir='ltr'>Severus</span> <span class='ocrx_word' id='word_1_7' title='bbox 820 175 849 205; x_wconf 73' lang='grc' dir='ltr'>δε</span> <span class='ocrx_word' id='word_1_8' title='bbox 869 175 1049 206; x_wconf 86' lang='lat' dir='ltr'>Antoninus</span> 
     </span>
     <span class='ocr_line' id='line_1_3' title="bbox 180 216 1050 256; baseline -0.007 -5"><span class='ocrx_word' id='word_1_9' title='bbox 180 219 223 251; x_wconf 88' lang='lat' dir='ltr'>1ic</span> <span class='ocrx_word' id='word_1_10' title='bbox 238 218 431 256; x_wconf 85' lang='lat' dir='ltr'>rescribunt,</span> <span class='ocrx_word' id='word_1_11' title='bbox 450 217 522 248; x_wconf 86' lang='lat' dir='ltr'>Cum</span> <span class='ocrx_word' id='word_1_12' title='bbox 533 216 662 256; x_wconf 78' lang='lat' dir='ltr'>judicem</span> <span class='ocrx_word' id='word_1_13' title='bbox 676 217 770 256; x_wconf 80' lang='lat' dir='ltr'>quoad</span> <span class='ocrx_word' id='word_1_14' title='bbox 780 217 907 255; x_wconf 83' lang='lat' dir='ltr'>pecunia</span> <span class='ocrx_word' id='word_1_15' title='bbox 922 217 1050 246; x_wconf 79' lang='lat' dir='ltr'>condem·</span> 
     </span>
     <span class='ocr_line' id='line_1_4' title="bbox 179 256 1051 298; baseline -0.005 -7"><span class='ocrx_word' id='word_1_16' title='bbox 179 261 306 291; x_wconf 78' lang='lat' dir='ltr'>nationis</span> <span class='ocrx_word' id='word_1_17' title='bbox 335 259 426 295; x_wconf 69' lang='lat' dir='ltr'>stilum</span> <span class='ocrx_word' id='word_1_18' title='bbox 443 256 549 297; x_wconf 71' lang='lat' dir='ltr'>fuiffet</span> <span class='ocrx_word' id='word_1_19' title='bbox 564 280 573 295; x_wconf 93' lang='lat'><em>‚</em></span> <span class='ocrx_word' id='word_1_20' title='bbox 612 257 644 287; x_wconf 84' lang='lat' dir='ltr'>de</span> <span class='ocrx_word' id='word_1_21' title='bbox 662 258 818 296; x_wconf 71' lang='lat' dir='ltr'>pendenais</span> <span class='ocrx_word' id='word_1_22' title='bbox 842 259 939 293; x_wconf 79' lang='lat' dir='ltr'>usuris</span> <span class='ocrx_word' id='word_1_23' title='bbox 963 257 1051 298; x_wconf 78' lang='lat' dir='ltr'>legem</span> 
     </span>
     <span class='ocr_line' id='line_1_5' title="bbox 179 297 1050 340; baseline -0.002 -11"><span class='ocrx_word' id='word_1_24' title='bbox 179 300 280 340; x_wconf 78' lang='lat' dir='ltr'>dixzffe</span> <span class='ocrx_word' id='word_1_25' title='bbox 305 297 482 338; x_wconf 76' lang='lat' dir='ltr'>profitearis:</span> <span class='ocrx_word' id='word_1_26' title='bbox 507 307 564 328; x_wconf 86' lang='lat' dir='ltr'>non</span> <span class='ocrx_word' id='word_1_27' title='bbox 589 303 688 328; x_wconf 80' lang='lat' dir='ltr'>contra</span> <span class='ocrx_word' id='word_1_28' title='bbox 704 298 1050 338; x_wconf 13' lang='lat' dir='ltr'>jurisformamtlemen-</span> 
     </span>
     <span class='ocr_line' id='line_1_6' title="bbox 180 336 1050 379; baseline -0.002 -7"><span class='ocrx_word' id='word_1_29' title='bbox 180 343 251 372; x_wconf 76' lang='lat' dir='ltr'>ziam</span> <span class='ocrx_word' id='word_1_30' title='bbox 281 341 406 376; x_wconf 78' lang='lat' dir='ltr'>datam,</span> <span class='ocrx_word' id='word_1_31' title='bbox 433 339 533 377; x_wconf 76' lang='lat' dir='ltr'>palam</span> <span class='ocrx_word' id='word_1_32' title='bbox 562 336 610 379; x_wconf 75' lang='lat' dir='ltr'>cst.</span> <span class='ocrx_word' id='word_1_33' title='bbox 654 339 778 369; x_wconf 87' lang='lat' dir='ltr'>Volunt</span> <span class='ocrx_word' id='word_1_34' title='bbox 816 338 1050 379; x_wconf 78' lang='lat' dir='ltr'>Imperatores,</span> 
     </span>
     <span class='ocr_line' id='line_1_7' title="bbox 180 379 1049 420; baseline -0.003 -7"><span class='ocrx_word' id='word_1_35' title='bbox 180 383 286 413; x_wconf 86' lang='lat' dir='ltr'>valere</span> <span class='ocrx_word' id='word_1_36' title='bbox 303 379 487 410; x_wconf 88' lang='lat' dir='ltr'>sententiam</span> <span class='ocrx_word' id='word_1_37' title='bbox 506 388 566 419; x_wconf 86' lang='lat' dir='ltr'>qua</span> <span class='ocrx_word' id='word_1_38' title='bbox 582 379 685 419; x_wconf 79' lang='lat' dir='ltr'>judex</span> <span class='ocrx_word' id='word_1_39' title='bbox 699 380 810 419; x_wconf 87' lang='lat' dir='ltr'>jubet,</span> <span class='ocrx_word' id='word_1_40' title='bbox 826 381 923 420; x_wconf 85' lang='lat' dir='ltr'>pendi</span> <span class='ocrx_word' id='word_1_41' title='bbox 943 380 1049 411; x_wconf 83' lang='lat' dir='ltr'>usuras</span> 
     </span>
     <span class='ocr_line' id='line_1_8' title="bbox 177 421 1052 463; baseline -0.002 -9"><span class='ocrx_word' id='word_1_42' title='bbox 177 421 319 463; x_wconf 81' lang='lat' dir='ltr'>pecuniae</span> <span class='ocrx_word' id='word_1_43' title='bbox 351 421 380 450; x_wconf 95' lang='lat' dir='ltr'>in</span> <span class='ocrx_word' id='word_1_44' title='bbox 415 421 720 452; x_wconf 83' lang='lat' dir='ltr'>condemnationem</span> <span class='ocrx_word' id='word_1_45' title='bbox 746 422 915 459; x_wconf 69' lang='lat' dir='ltr'>deduttae‚</span> <span class='ocrx_word' id='word_1_46' title='bbox 946 423 1052 452; x_wconf 89' lang='lat' dir='ltr'>donec</span> 
     </span>
     <span class='ocr_line' id='line_1_9' title="bbox 179 460 1050 504; baseline -0.001 -10"><span class='ocrx_word' id='word_1_47' title='bbox 179 462 314 504; x_wconf 89' lang='lat' dir='ltr'>pecunia</span> <span class='ocrx_word' id='word_1_48' title='bbox 340 460 488 493; x_wconf 81' lang='lat' dir='ltr'>solvatur.</span> <span class='ocrx_word' id='word_1_49' title='bbox 520 462 633 493; x_wconf 85' lang='lat' dir='ltr'>volunt</span> <span class='ocrx_word' id='word_1_50' title='bbox 655 463 770 503; x_wconf 84' lang='lat' dir='ltr'>igitur,</span> <span class='ocrx_word' id='word_1_51' title='bbox 794 463 901 494; x_wconf 82' lang='lat' dir='ltr'>valere</span> <span class='ocrx_word' id='word_1_52' title='bbox 927 462 1050 493; x_wconf 89' lang='lat' dir='ltr'>senten-</span> 
     </span>
     <span class='ocr_line' id='line_1_10' title="bbox 178 502 1051 544; baseline -0.001 -9"><span class='ocrx_word' id='word_1_53' title='bbox 178 505 254 535; x_wconf 87' lang='lat' dir='ltr'>tiam</span> <span class='ocrx_word' id='word_1_54' title='bbox 271 512 331 542; x_wconf 85' lang='lat' dir='ltr'>qua</span> <span class='ocrx_word' id='word_1_55' title='bbox 348 502 449 541; x_wconf 83' lang='lat' dir='ltr'>Judex</span> <span class='ocrx_word' id='word_1_56' title='bbox 469 503 508 534; x_wconf 94' lang='lat' dir='ltr'>de</span> <span class='ocrx_word' id='word_1_57' title='bbox 527 503 642 534; x_wconf 83' lang='lat' dir='ltr'>futuris</span> <span class='ocrx_word' id='word_1_58' title='bbox 660 502 756 535; x_wconf 81' lang='lat' dir='ltr'>usuris</span> <span class='ocrx_word' id='word_1_59' title='bbox 769 504 966 544; x_wconf 79' lang='lat' dir='ltr'>pronuntiat.</span> <span class='ocrx_word' id='word_1_60' title='bbox 994 503 1051 534; x_wconf 87' lang='lat' dir='ltr'>Ni·</span> 
     </span>
     <span class='ocr_line' id='line_1_11' title="bbox 178 544 1053 585; baseline 0.001 -10"><span class='ocrx_word' id='word_1_61' title='bbox 178 546 200 578; x_wconf 90' lang='lat' dir='ltr'><strong>fi</strong></span> <span class='ocrx_word' id='word_1_62' title='bbox 223 552 414 585; x_wconf 83' lang='lat' dir='ltr'>proponitur</span> <span class='ocrx_word' id='word_1_63' title='bbox 440 545 481 576; x_wconf 88' lang='lat' dir='ltr'>ibi</span> <span class='ocrx_word' id='word_1_64' title='bbox 508 545 610 576; x_wconf 65' lang='lat' dir='ltr'>aetum</span> <span class='ocrx_word' id='word_1_65' title='bbox 628 544 755 576; x_wconf 62' lang='lat' dir='ltr'>actione</span> <span class='ocrx_word' id='word_1_66' title='bbox 772 545 816 575; x_wconf 88' lang='lat' dir='ltr'>rei</span> <span class='ocrx_word' id='word_1_67' title='bbox 832 545 998 585; x_wconf 85' lang='lat' dir='ltr'>judicatae:</span> <span class='ocrx_word' id='word_1_68' title='bbox 1023 546 1053 576; x_wconf 92' lang='lat' dir='ltr'>in</span> 
     </span>
     <span class='ocr_line' id='line_1_12' title="bbox 179 585 1055 626; baseline -0.001 -8"><span class='ocrx_word' id='word_1_69' title='bbox 179 595 281 626; x_wconf 86' lang='lat' dir='ltr'>eaque</span> <span class='ocrx_word' id='word_1_70' title='bbox 303 585 407 625; x_wconf 83' lang='lat' dir='ltr'>Judex</span> <span class='ocrx_word' id='word_1_71' title='bbox 432 596 448 616; x_wconf 91' lang='lat' dir='ltr'>a</span> <span class='ocrx_word' id='word_1_72' title='bbox 476 586 616 618; x_wconf 82' lang='lat' dir='ltr'>Praetore</span> <span class='ocrx_word' id='word_1_73' title='bbox 642 587 750 617; x_wconf 89' lang='lat' dir='ltr'>datus:</span> <span class='ocrx_word' id='word_1_74' title='bbox 776 587 830 626; x_wconf 93' lang='lat' dir='ltr'>qui</span> <span class='ocrx_word' id='word_1_75' title='bbox 859 587 960 626; x_wconf 75' lang='lat' dir='ltr'>judex</span> <span class='ocrx_word' id='word_1_76' title='bbox 982 595 1055 626; x_wconf 90' lang='lat' dir='ltr'>pro-</span> 
     </span>
     <span class='ocr_line' id='line_1_13' title="bbox 177 626 1054 668; baseline -0.002 -8"><span class='ocrx_word' id='word_1_77' title='bbox 177 628 355 664; x_wconf 85' lang='lat' dir='ltr'>nuntiavit,</span> <span class='ocrx_word' id='word_1_78' title='bbox 381 626 484 659; x_wconf 80' lang='lat' dir='ltr'>usuras</span> <span class='ocrx_word' id='word_1_79' title='bbox 503 632 546 658; x_wconf 84' lang='lat' dir='ltr'>rei</span> <span class='ocrx_word' id='word_1_80' title='bbox 561 627 710 668; x_wconf 87' lang='lat' dir='ltr'>judicatae</span> <span class='ocrx_word' id='word_1_81' title='bbox 732 626 830 665; x_wconf 87' lang='lat' dir='ltr'>solvi,</span> <span class='ocrx_word' id='word_1_82' title='bbox 849 628 956 667; x_wconf 83' lang='lat' dir='ltr'>quoad</span> <span class='ocrx_word' id='word_1_83' title='bbox 974 628 1054 658; x_wconf 89' lang='lat' dir='ltr'>solu-</span> 
     </span>
     <span class='ocr_line' id='line_1_14' title="bbox 181 667 1056 709; baseline -0.001 -9"><span class='ocrx_word' id='word_1_84' title='bbox 181 679 212 700; x_wconf 88' lang='lat' dir='ltr'>ta</span> <span class='ocrx_word' id='word_1_85' title='bbox 228 667 303 700; x_wconf 83' lang='lat' dir='ltr'>effet</span> <span class='ocrx_word' id='word_1_86' title='bbox 321 670 455 709; x_wconf 85' lang='lat' dir='ltr'>pecunia</span> <span class='ocrx_word' id='word_1_87' title='bbox 467 694 474 707; x_wconf 86' lang='lat'><strong>‚</strong></span> <span class='ocrx_word' id='word_1_88' title='bbox 487 669 583 700; x_wconf 66' lang='lat' dir='ltr'>actori</span> <span class='ocrx_word' id='word_1_89' title='bbox 601 669 707 708; x_wconf 88' lang='lat' dir='ltr'>priore</span> <span class='ocrx_word' id='word_1_90' title='bbox 721 668 843 708; x_wconf 86' lang='lat' dir='ltr'>judicio</span> <span class='ocrx_word' id='word_1_91' title='bbox 861 670 1056 708; x_wconf 76' lang='lat' dir='ltr'>adjudicata:</span> 
     </span>
     <span class='ocr_line' id='line_1_15' title="bbox 181 709 1057 751; baseline -0.002 -9"><span class='ocrx_word' id='word_1_92' title='bbox 181 711 211 742; x_wconf 68' lang='grc' dir='ltr'>δε</span> <span class='ocrx_word' id='word_1_93' title='bbox 237 712 310 751; x_wconf 87' lang='lat' dir='ltr'>quia</span> <span class='ocrx_word' id='word_1_94' title='bbox 333 711 364 741; x_wconf 90' lang='lat' dir='ltr'>in</span> <span class='ocrx_word' id='word_1_95' title='bbox 394 709 547 741; x_wconf 89' lang='lat' dir='ltr'>sententia</span> <span class='ocrx_word' id='word_1_96' title='bbox 572 719 636 741; x_wconf 91' lang='lat' dir='ltr'>non</span> <span class='ocrx_word' id='word_1_97' title='bbox 656 710 804 749; x_wconf 75' lang='lat' dir='ltr'>expressit</span> <span class='ocrx_word' id='word_1_98' title='bbox 820 719 872 740; x_wconf 89' lang='lat' dir='ltr'>aut</span> <span class='ocrx_word' id='word_1_99' title='bbox 896 711 1057 750; x_wconf 70' lang='lat' dir='ltr'>pecunite,</span> 
     </span>
     <span class='ocr_line' id='line_1_16' title="bbox 180 752 1057 791; baseline -0.001 -8"><span class='ocrx_word' id='word_1_100' title='bbox 180 761 235 784; x_wconf 85' lang='lat' dir='ltr'>aut</span> <span class='ocrx_word' id='word_1_101' title='bbox 261 752 419 783; x_wconf 82' lang='lat' dir='ltr'>usurarum</span> <span class='ocrx_word' id='word_1_102' title='bbox 437 775 446 787; x_wconf 87' lang='lat'><strong>‚</strong></span> <span class='ocrx_word' id='word_1_103' title='bbox 477 752 716 791; x_wconf 75' lang='lat' dir='ltr'>quantitatem:</span> <span class='ocrx_word' id='word_1_104' title='bbox 749 753 918 791; x_wconf 67' lang='lat' dir='ltr'>duffii-itur,</span> <span class='ocrx_word' id='word_1_105' title='bbox 943 761 979 782; x_wconf 85' lang='lat' dir='ltr'>an</span> <span class='ocrx_word' id='word_1_106' title='bbox 1006 760 1057 781; x_wconf 86' lang='lat' dir='ltr'>va-</span> 
     </span>
     <span class='ocr_line' id='line_1_17' title="bbox 182 791 1058 832; baseline -0.003 -7"><span class='ocrx_word' id='word_1_107' title='bbox 182 794 246 826; x_wconf 85' lang='lat' dir='ltr'>leat</span> <span class='ocrx_word' id='word_1_108' title='bbox 264 793 445 824; x_wconf 68' lang='lat' dir='ltr'>sententia?</span> <span class='ocrx_word' id='word_1_109' title='bbox 471 793 557 832; x_wconf 87' lang='lat' dir='ltr'>quod</span> <span class='ocrx_word' id='word_1_110' title='bbox 585 800 696 831; x_wconf 89' lang='lat' dir='ltr'>putant</span> <span class='ocrx_word' id='word_1_111' title='bbox 724 791 947 832; x_wconf 78' lang='lat' dir='ltr'>Imperatores.</span> <span class='ocrx_word' id='word_1_112' title='bbox 982 791 1058 823; x_wconf 85' lang='lat' dir='ltr'>scili-</span> 
     </span>
     <span class='ocr_line' id='line_1_18' title="bbox 180 832 1053 874; baseline -0.003 -8"><span class='ocrx_word' id='word_1_113' title='bbox 180 843 252 873; x_wconf 91' lang='lat' dir='ltr'>cet,</span> <span class='ocrx_word' id='word_1_114' title='bbox 277 834 347 874; x_wconf 89' lang='lat' dir='ltr'>quia</span> <span class='ocrx_word' id='word_1_115' title='bbox 370 843 411 864; x_wconf 87' lang='lat' dir='ltr'>ex</span> <span class='ocrx_word' id='word_1_116' title='bbox 436 835 542 873; x_wconf 84' lang='lat' dir='ltr'>priore</span> <span class='ocrx_word' id='word_1_117' title='bbox 568 832 722 865; x_wconf 89' lang='lat' dir='ltr'>sententia</span> <span class='ocrx_word' id='word_1_118' title='bbox 746 843 876 873; x_wconf 83' lang='lat' dir='ltr'>apparet</span> <span class='ocrx_word' id='word_1_119' title='bbox 894 835 1053 873; x_wconf 78' lang='lat' dir='ltr'>quantitas</span> 
     </span>
     <span class='ocr_line' id='line_1_19' title="bbox 180 874 1053 915; baseline -0.001 -8"><span class='ocrx_word' id='word_1_120' title='bbox 180 876 459 907; x_wconf 84' lang='lat' dir='ltr'>condemnationis</span> <span class='ocrx_word' id='word_1_121' title='bbox 471 899 479 914; x_wconf 91' lang='lat'>‚</span> <span class='ocrx_word' id='word_1_122' title='bbox 497 884 630 915; x_wconf 88' lang='lat' dir='ltr'>eamque</span> <span class='ocrx_word' id='word_1_123' title='bbox 653 875 799 915; x_wconf 83' lang='lat' dir='ltr'>indigitat</span> <span class='ocrx_word' id='word_1_124' title='bbox 815 874 917 914; x_wconf 77' lang='lat' dir='ltr'>judex</span> <span class='ocrx_word' id='word_1_125' title='bbox 937 876 996 906; x_wconf 82' lang='lat' dir='ltr'>hac</span> <span class='ocrx_word' id='word_1_126' title='bbox 1012 874 1053 905; x_wconf 83' lang='lat' dir='ltr'>se·</span> 
     </span>
     <span class='ocr_line' id='line_1_20' title="bbox 181 915 1052 957; baseline -0.001 -10"><span class='ocrx_word' id='word_1_127' title='bbox 181 924 313 957; x_wconf 90' lang='lat' dir='ltr'>quente.</span> <span class='ocrx_word' id='word_1_128' title='bbox 345 926 440 947; x_wconf 81' lang='lat' dir='ltr'>certae</span> <span class='ocrx_word' id='word_1_129' title='bbox 466 926 595 957; x_wconf 85' lang='lat' dir='ltr'>quoque</span> <span class='ocrx_word' id='word_1_130' title='bbox 622 915 692 947; x_wconf 87' lang='lat' dir='ltr'>sunt</span> <span class='ocrx_word' id='word_1_131' title='bbox 715 916 813 947; x_wconf 81' lang='lat' dir='ltr'>usurae</span> <span class='ocrx_word' id='word_1_132' title='bbox 836 918 881 947; x_wconf 82' lang='lat' dir='ltr'>rei</span> <span class='ocrx_word' id='word_1_133' title='bbox 903 917 1052 956; x_wconf 83' lang='lat' dir='ltr'>judicatae</span> 
     </span>
     <span class='ocr_line' id='line_1_21' title="bbox 185 956 1053 998; baseline -0.002 -9"><span class='ocrx_word' id='word_1_134' title='bbox 185 958 374 990; x_wconf 86' lang='lat' dir='ltr'>definitione</span> <span class='ocrx_word' id='word_1_135' title='bbox 387 958 463 998; x_wconf 84' lang='lat' dir='ltr'>juris</span> <span class='ocrx_word' id='word_1_136' title='bbox 482 958 612 998; x_wconf 83' lang='lat' dir='ltr'>publici.</span> <span class='ocrx_word' id='word_1_137' title='bbox 646 965 733 988; x_wconf 82' lang='lat' dir='ltr'>certa</span> <span class='ocrx_word' id='word_1_138' title='bbox 756 956 801 988; x_wconf 86' lang='lat' dir='ltr'>est</span> <span class='ocrx_word' id='word_1_139' title='bbox 820 958 914 998; x_wconf 79' lang='lat' dir='ltr'>igitur</span> <span class='ocrx_word' id='word_1_140' title='bbox 931 957 1053 988; x_wconf 86' lang='lat' dir='ltr'>senten-</span> 
     </span>
     <span class='ocr_line' id='line_1_22' title="bbox 183 997 1054 1040; baseline -0.001 -9"><span class='ocrx_word' id='word_1_141' title='bbox 183 1002 235 1032; x_wconf 85' lang='lat' dir='ltr'>tia.</span> <span class='ocrx_word' id='word_1_142' title='bbox 272 1000 315 1032; x_wconf 91' lang='lat' dir='ltr'>At</span> <span class='ocrx_word' id='word_1_143' title='bbox 330 998 433 1039; x_wconf 61' lang='lat' dir='ltr'>„ludex</span> <span class='ocrx_word' id='word_1_144' title='bbox 453 1000 639 1040; x_wconf 70' lang='lat' dir='ltr'>pronuntiat</span> <span class='ocrx_word' id='word_1_145' title='bbox 657 1000 696 1031; x_wconf 90' lang='lat' dir='ltr'>de</span> <span class='ocrx_word' id='word_1_146' title='bbox 712 998 829 1030; x_wconf 87' lang='lat' dir='ltr'>futuris</span> <span class='ocrx_word' id='word_1_147' title='bbox 849 998 957 1032; x_wconf 71' lang='lat' dir='ltr'>usui-is.</span> <span class='ocrx_word' id='word_1_148' title='bbox 1001 997 1054 1030; x_wconf 91' lang='lat' dir='ltr'>Ne</span> 
     </span>
    </p>
   </div>
   <div class='ocr_carea' id='block_1_3' title="bbox 771 87 1086 122">
    <p class='ocr_par' dir='ltr' id='par_1_3' title="bbox 771 87 1086 122">
     <span class='ocr_line' id='line_1_23' title="bbox 771 87 1086 122; baseline -0.003 0"><span class='ocrx_word' id='word_1_149' title='bbox 771 87 1086 122; x_wconf 53' lang='lat' dir='ltr'>GERARDI&#39;</span> 
     </span>
    </p>
   </div>
   <div class='ocr_carea' id='block_1_4' title="bbox 1135 85 1366 122">
    <p class='ocr_par' dir='ltr' id='par_1_4' title="bbox 1135 85 1366 122">
     <span class='ocr_line' id='line_1_24' title="bbox 1135 85 1366 122; baseline -0.013 0"><span class='ocrx_word' id='word_1_150' title='bbox 1135 85 1366 122; x_wconf 81' lang='lat' dir='ltr'>NoonT</span> 
     </span>
    </p>
   </div>
   <div class='ocr_carea' id='block_1_5' title="bbox 1092 172 1967 380">
    <p class='ocr_par' dir='ltr' id='par_1_5' title="bbox 1092 172 1967 380">
     <span class='ocr_line' id='line_1_25' title="bbox 1092 172 1966 218; baseline 0.005 -13"><span class='ocrx_word' id='word_1_151' title='bbox 1092 181 1178 215; x_wconf 85' lang='lat' dir='ltr'>puta.</span> <span class='ocrx_word' id='word_1_152' title='bbox 1192 175 1291 215; x_wconf 81' lang='lat' dir='ltr'>magis</span> <span class='ocrx_word' id='word_1_153' title='bbox 1304 173 1492 215; x_wconf 78' lang='lat' dir='ltr'>pronuntiat</span> <span class='ocrx_word' id='word_1_154' title='bbox 1502 172 1542 204; x_wconf 87' lang='lat' dir='ltr'>de</span> <span class='ocrx_word' id='word_1_155' title='bbox 1557 172 1605 204; x_wconf 84' lang='lat' dir='ltr'>his</span> <span class='ocrx_word' id='word_1_156' title='bbox 1618 180 1688 214; x_wconf 82' lang='lat' dir='ltr'>quae</span> <span class='ocrx_word' id='word_1_157' title='bbox 1699 173 1769 214; x_wconf 89' lang='lat' dir='ltr'>post</span> <span class='ocrx_word' id='word_1_158' title='bbox 1780 181 1904 217; x_wconf 87' lang='lat' dir='ltr'>tempus</span> <span class='ocrx_word' id='word_1_159' title='bbox 1919 177 1966 218; x_wconf 80' lang='lat' dir='ltr'>ju-</span> 
     </span>
     <span class='ocr_line' id='line_1_26' title="bbox 1092 214 1966 258; baseline 0.003 -11"><span class='ocrx_word' id='word_1_160' title='bbox 1092 217 1188 247; x_wconf 82' lang='lat' dir='ltr'>dicati</span> <span class='ocrx_word' id='word_1_161' title='bbox 1211 217 1388 254; x_wconf 77' lang='lat' dir='ltr'>debentur3</span> <span class='ocrx_word' id='word_1_162' title='bbox 1416 214 1498 245; x_wconf 71' lang='lat' dir='ltr'>satia</span> <span class='ocrx_word' id='word_1_163' title='bbox 1515 215 1578 253; x_wconf 86' lang='lat' dir='ltr'>jam</span> <span class='ocrx_word' id='word_1_164' title='bbox 1602 217 1847 249; x_wconf 80' lang='lat' dir='ltr'>conventione:</span> <span class='ocrx_word' id='word_1_165' title='bbox 1871 227 1966 258; x_wconf 89' lang='lat' dir='ltr'>quam</span> 
     </span>
     <span class='ocr_line' id='line_1_27' title="bbox 1094 255 1964 297; baseline 0.003 -9"><span class='ocrx_word' id='word_1_166' title='bbox 1094 257 1165 289; x_wconf 85' lang='lat' dir='ltr'>fieri</span> <span class='ocrx_word' id='word_1_167' title='bbox 1191 257 1316 289; x_wconf 77' lang='lat' dir='ltr'>necesse</span> <span class='ocrx_word' id='word_1_168' title='bbox 1348 265 1415 288; x_wconf 86' lang='lat' dir='ltr'>erat</span> <span class='ocrx_word' id='word_1_169' title='bbox 1443 265 1591 297; x_wconf 90' lang='lat' dir='ltr'>tempore</span> <span class='ocrx_word' id='word_1_170' title='bbox 1615 255 1724 287; x_wconf 88' lang='lat' dir='ltr'>Severi</span> <span class='ocrx_word' id='word_1_171' title='bbox 1748 256 1778 288; x_wconf 71' lang='grc' dir='ltr'>ὅ(</span> <span class='ocrx_word' id='word_1_172' title='bbox 1800 258 1964 291; x_wconf 87' lang='lat' dir='ltr'>Antonini.</span> 
     </span>
     <span class='ocr_line' id='line_1_28' title="bbox 1095 296 1967 339; baseline 0.001 -10"><span class='ocrx_word' id='word_1_173' title='bbox 1095 308 1162 338; x_wconf 90' lang='lat' dir='ltr'>quo</span> <span class='ocrx_word' id='word_1_174' title='bbox 1188 301 1330 330; x_wconf 79' lang='lat' dir='ltr'>nonduin</span> <span class='ocrx_word' id='word_1_175' title='bbox 1350 298 1521 328; x_wconf 83' lang='lat' dir='ltr'>currebant</span> <span class='ocrx_word' id='word_1_176' title='bbox 1546 296 1642 327; x_wconf 77' lang='lat' dir='ltr'>ufurae</span> <span class='ocrx_word' id='word_1_177' title='bbox 1667 299 1710 328; x_wconf 87' lang='lat' dir='ltr'>rei</span> <span class='ocrx_word' id='word_1_178' title='bbox 1734 298 1881 337; x_wconf 85' lang='lat' dir='ltr'>judicatae</span> <span class='ocrx_word' id='word_1_179' title='bbox 1900 299 1967 339; x_wconf 82' lang='lat' dir='ltr'>ipio</span> 
     </span>
     <span class='ocr_line' id='line_1_29' title="bbox 1092 338 1966 380; baseline 0.001 -9"><span class='ocrx_word' id='word_1_180' title='bbox 1092 340 1180 380; x_wconf 82' lang='lat' dir='ltr'>jure,</span> <span class='ocrx_word' id='word_1_181' title='bbox 1206 339 1258 370; x_wconf 81' lang='lat' dir='ltr'>sed</span> <span class='ocrx_word' id='word_1_182' title='bbox 1277 341 1404 371; x_wconf 88' lang='lat' dir='ltr'>deinum</span> <span class='ocrx_word' id='word_1_183' title='bbox 1432 338 1505 379; x_wconf 82' lang='lat' dir='ltr'>post</span> <span class='ocrx_word' id='word_1_184' title='bbox 1528 338 1643 369; x_wconf 63' lang='lat' dir='ltr'>actoris</span> <span class='ocrx_word' id='word_1_185' title='bbox 1665 339 1966 379; x_wconf 87' lang='lat' dir='ltr'>interpellationem.</span> 
     </span>
    </p>
   </div>
   <div class='ocr_carea' id='block_1_6' title="bbox 1095 380 1995 421">
    <p class='ocr_par' dir='ltr' id='par_1_6' title="bbox 1095 380 1995 421">
     <span class='ocr_line' id='line_1_30' title="bbox 1095 380 1995 421; baseline 0.001 -9"><span class='ocrx_word' id='word_1_186' title='bbox 1095 381 1169 412; x_wconf 85' lang='lat' dir='ltr'>Nec</span> <span class='ocrx_word' id='word_1_187' title='bbox 1197 382 1304 413; x_wconf 87' lang='lat' dir='ltr'>verbis</span> <span class='ocrx_word' id='word_1_188' title='bbox 1327 390 1436 421; x_wconf 90' lang='lat' dir='ltr'>opus:</span> <span class='ocrx_word' id='word_1_189' title='bbox 1461 380 1587 420; x_wconf 84' lang='lat' dir='ltr'>respicit</span> <span class='ocrx_word' id='word_1_190' title='bbox 1611 388 1651 410; x_wconf 86' lang='lat' dir='ltr'>eo</span> <span class='ocrx_word' id='word_1_191' title='bbox 1682 380 1870 420; x_wconf 85' lang='lat' dir='ltr'>Papinianus</span> <span class='ocrx_word' id='word_1_192' title='bbox 1893 380 1912 412; x_wconf 86' lang='lat' dir='ltr'>l.</span> <span class='ocrx_word' id='word_1_193' title='bbox 1939 391 1965 413; x_wconf 87' lang='lat'>1.</span> <span class='ocrx_word' id='word_1_194' title='bbox 1994 415 1995 418; x_wconf 52' lang='lat'>,</span> 
     </span>
    </p>
   </div>
   <div class='ocr_carea' id='block_1_7' title="bbox 1094 421 1971 705">
    <p class='ocr_par' dir='ltr' id='par_1_7' title="bbox 1094 421 1971 705">
     <span class='ocr_line' id='line_1_31' title="bbox 1094 421 1969 463; baseline 0 -9"><span class='ocrx_word' id='word_1_195' title='bbox 1094 422 1123 463; x_wconf 82' lang='lat'>§.</span> <span class='ocrx_word' id='word_1_196' title='bbox 1149 433 1177 454; x_wconf 85' lang='lat'>2-</span> <span class='ocrx_word' id='word_1_197' title='bbox 1203 422 1245 453; x_wconf 87' lang='lat'>1).</span> <span class='ocrx_word' id='word_1_198' title='bbox 1269 424 1302 453; x_wconf 85' lang='lat' dir='ltr'>de</span> <span class='ocrx_word' id='word_1_199' title='bbox 1318 423 1435 461; x_wconf 76' lang='lat' dir='ltr'>usuri53</span> <span class='ocrx_word' id='word_1_200' title='bbox 1457 431 1529 453; x_wconf 91' lang='lat' dir='ltr'>cum</span> <span class='ocrx_word' id='word_1_201' title='bbox 1555 429 1648 461; x_wconf 82' lang='lat' dir='ltr'>negat</span> <span class='ocrx_word' id='word_1_202' title='bbox 1663 445 1672 459; x_wconf 90' lang='lat'>,</span> <span class='ocrx_word' id='word_1_203' title='bbox 1695 421 1838 461; x_wconf 79' lang='lat' dir='ltr'>judicem</span> <span class='ocrx_word' id='word_1_204' title='bbox 1859 422 1969 461; x_wconf 87' lang='lat' dir='ltr'>judicii</span> 
     </span>
     <span class='ocr_line' id='line_1_32' title="bbox 1097 463 1968 503; baseline 0 -9"><span class='ocrx_word' id='word_1_205' title='bbox 1097 468 1189 494; x_wconf 80' lang='lat' dir='ltr'>bonae</span> <span class='ocrx_word' id='word_1_206' title='bbox 1208 463 1281 495; x_wconf 84' lang='lat' dir='ltr'>fidei</span> <span class='ocrx_word' id='word_1_207' title='bbox 1300 463 1385 494; x_wconf 73' lang='lat' dir='ltr'>recte</span> <span class='ocrx_word' id='word_1_208' title='bbox 1399 463 1511 503; x_wconf 87' lang='lat' dir='ltr'>jubere</span> <span class='ocrx_word' id='word_1_209' title='bbox 1531 463 1690 502; x_wconf 85' lang='lat' dir='ltr'>interponi</span> <span class='ocrx_word' id='word_1_210' title='bbox 1709 464 1892 502; x_wconf 85' lang='lat' dir='ltr'>cautiones;</span> <span class='ocrx_word' id='word_1_211' title='bbox 1914 473 1968 502; x_wconf 88' lang='lat' dir='ltr'>ut,</span> 
     </span>
     <span class='ocr_line' id='line_1_33' title="bbox 1096 503 1969 544; baseline 0 -8"><span class='ocrx_word' id='word_1_212' title='bbox 1096 505 1117 536; x_wconf 88' lang='lat' dir='ltr'><strong>fi</strong></span> <span class='ocrx_word' id='word_1_213' title='bbox 1135 507 1251 537; x_wconf 82' lang='lat' dir='ltr'>tardius</span> <span class='ocrx_word' id='word_1_214' title='bbox 1270 504 1432 536; x_wconf 75' lang='lat' dir='ltr'>sententiae</span> <span class='ocrx_word' id='word_1_215' title='bbox 1460 505 1724 536; x_wconf 80' lang='lat' dir='ltr'>condemnandus</span> <span class='ocrx_word' id='word_1_216' title='bbox 1744 506 1899 544; x_wconf 83' lang='lat' dir='ltr'>paruerit,</span> <span class='ocrx_word' id='word_1_217' title='bbox 1920 503 1969 536; x_wconf 88' lang='lat' dir='ltr'>fu-</span> 
     </span>
     <span class='ocr_line' id='line_1_34' title="bbox 1098 545 1969 586; baseline 0 -9"><span class='ocrx_word' id='word_1_218' title='bbox 1098 548 1158 577; x_wconf 88' lang='lat' dir='ltr'>turi</span> <span class='ocrx_word' id='word_1_219' title='bbox 1172 547 1326 586; x_wconf 90' lang='lat' dir='ltr'>temporis</span> <span class='ocrx_word' id='word_1_220' title='bbox 1345 545 1443 576; x_wconf 83' lang='lat' dir='ltr'>usurae</span> <span class='ocrx_word' id='word_1_221' title='bbox 1461 547 1657 586; x_wconf 81' lang='lat' dir='ltr'>pendantur:</span> <span class='ocrx_word' id='word_1_222' title='bbox 1678 546 1706 576; x_wconf 75' lang='grc' dir='ltr'>δι</span> <span class='ocrx_word' id='word_1_223' title='bbox 1723 546 1811 577; x_wconf 85' lang='lat' dir='ltr'>addit</span> <span class='ocrx_word' id='word_1_224' title='bbox 1828 545 1969 585; x_wconf 76' lang='lat' dir='ltr'>causam,</span> 
     </span>
     <span class='ocr_line' id='line_1_35' title="bbox 1098 585 1971 628; baseline 0 -10"><span class='ocrx_word' id='word_1_225' title='bbox 1098 597 1169 628; x_wconf 85' lang='lat' dir='ltr'>quae</span> <span class='ocrx_word' id='word_1_226' title='bbox 1193 586 1282 618; x_wconf 87' lang='lat' dir='ltr'>causa</span> <span class='ocrx_word' id='word_1_227' title='bbox 1307 586 1352 618; x_wconf 89' lang='lat' dir='ltr'>est</span> <span class='ocrx_word' id='word_1_228' title='bbox 1367 610 1376 624; x_wconf 96' lang='lat'>,</span> <span class='ocrx_word' id='word_1_229' title='bbox 1400 588 1470 627; x_wconf 80' lang='lat' dir='ltr'>quia</span> <span class='ocrx_word' id='word_1_230' title='bbox 1485 591 1517 617; x_wconf 74' lang='lat' dir='ltr'>in</span> <span class='ocrx_word' id='word_1_231' title='bbox 1534 585 1671 626; x_wconf 71' lang='lat' dir='ltr'>potestate</span> <span class='ocrx_word' id='word_1_232' title='bbox 1686 586 1790 618; x_wconf 58' lang='lat' dir='ltr'>afforis</span> <span class='ocrx_word' id='word_1_233' title='bbox 1806 585 1971 628; x_wconf 67' lang='lat' dir='ltr'>qsljudica-</span> 
     </span>
     <span class='ocr_line' id='line_1_36' title="bbox 1099 627 1971 668; baseline 0.002 -10"><span class='ocrx_word' id='word_1_234' title='bbox 1099 635 1161 659; x_wconf 75' lang='lat' dir='ltr'>tum</span> <span class='ocrx_word' id='word_1_235' title='bbox 1177 631 1299 667; x_wconf 78' lang='lat' dir='ltr'>exigere.</span> <span class='ocrx_word' id='word_1_236' title='bbox 1346 627 1495 659; x_wconf 87' lang='lat' dir='ltr'>Similiter</span> <span class='ocrx_word' id='word_1_237' title='bbox 1514 628 1632 668; x_wconf 83' lang='lat' dir='ltr'>placuit</span> <span class='ocrx_word' id='word_1_238' title='bbox 1650 628 1775 668; x_wconf 90' lang='lat' dir='ltr'>Imppp.</span> <span class='ocrx_word' id='word_1_239' title='bbox 1791 628 1948 660; x_wconf 81' lang='lat' dir='ltr'>Gratiano</span> <span class='ocrx_word' id='word_1_240' title='bbox 1960 651 1971 668; x_wconf 92' lang='lat'>‚</span> 
     </span>
     <span class='ocr_line' id='line_1_37' title="bbox 1100 667 1970 705; baseline 0.001 -5"><span class='ocrx_word' id='word_1_241' title='bbox 1100 669 1349 705; x_wconf 82' lang='lat' dir='ltr'>Valentiniano,</span> <span class='ocrx_word' id='word_1_242' title='bbox 1366 669 1396 700; x_wconf 89' lang='lat'><strong>&amp;</strong></span> <span class='ocrx_word' id='word_1_243' title='bbox 1421 667 1611 700; x_wconf 81' lang='lat' dir='ltr'>Theodofio</span> <span class='ocrx_word' id='word_1_244' title='bbox 1630 669 1648 700; x_wconf 92' lang='lat' dir='ltr'>l.</span> <span class='ocrx_word' id='word_1_245' title='bbox 1666 672 1744 701; x_wconf 73' lang='lat' dir='ltr'>unic.</span> <span class='ocrx_word' id='word_1_246' title='bbox 1771 670 1838 701; x_wconf 83' lang='lat' dir='ltr'>Cod.</span> <span class='ocrx_word' id='word_1_247' title='bbox 1865 669 1970 702; x_wconf 70' lang='lat' dir='ltr'>Theod.</span> 
     </span>
    </p>
   </div>
   <div class='ocr_carea' id='block_1_8' title="bbox 1100 710 1990 751">
    <p class='ocr_par' dir='ltr' id='par_1_8' title="bbox 1100 710 1990 751">
     <span class='ocr_line' id='line_1_38' title="bbox 1100 710 1990 751; baseline 0.002 -9"><span class='ocrx_word' id='word_1_248' title='bbox 1100 712 1133 742; x_wconf 81' lang='lat' dir='ltr'>cie</span> <span class='ocrx_word' id='word_1_249' title='bbox 1147 713 1242 751; x_wconf 66' lang='lat' dir='ltr'>usuris</span> <span class='ocrx_word' id='word_1_250' title='bbox 1251 710 1436 751; x_wconf 73' lang='lat' dir='ltr'>reijudz&#39;catae</span> <span class='ocrx_word' id='word_1_251' title='bbox 1448 733 1456 749; x_wconf 87' lang='lat'>‚</span> <span class='ocrx_word' id='word_1_252' title='bbox 1475 720 1561 742; x_wconf 81' lang='lat' dir='ltr'>reum</span> <span class='ocrx_word' id='word_1_253' title='bbox 1579 711 1648 750; x_wconf 83' lang='lat' dir='ltr'>post</span> <span class='ocrx_word' id='word_1_254' title='bbox 1660 720 1722 743; x_wconf 81' lang='lat' dir='ltr'>tres</span> <span class='ocrx_word' id='word_1_255' title='bbox 1739 711 1859 742; x_wconf 83' lang='lat' dir='ltr'>menses</span> <span class='ocrx_word' id='word_1_256' title='bbox 1875 720 1891 741; x_wconf 83' lang='lat' dir='ltr'>a</span> <span class='ocrx_word' id='word_1_257' title='bbox 1909 712 1970 742; x_wconf 85' lang='lat' dir='ltr'>lata</span> <span class='ocrx_word' id='word_1_258' title='bbox 1987 741 1990 744; x_wconf 84' lang='lat'>.</span> 
     </span>
    </p>
   </div>
   <div class='ocr_carea' id='block_1_9' title="bbox 1097 752 1970 990">
    <p class='ocr_par' dir='ltr' id='par_1_9' title="bbox 1097 752 1970 990">
     <span class='ocr_line' id='line_1_39' title="bbox 1101 752 1970 790; baseline 0.001 -8"><span class='ocrx_word' id='word_1_259' title='bbox 1101 752 1257 783; x_wconf 87' lang='lat' dir='ltr'>sententia</span> <span class='ocrx_word' id='word_1_260' title='bbox 1275 753 1313 782; x_wconf 89' lang='lat' dir='ltr'>ad</span> <span class='ocrx_word' id='word_1_261' title='bbox 1331 752 1472 790; x_wconf 82' lang='lat' dir='ltr'>duplices</span> <span class='ocrx_word' id='word_1_262' title='bbox 1492 752 1676 783; x_wconf 79' lang='lat' dir='ltr'>centesimas</span> <span class='ocrx_word' id='word_1_263' title='bbox 1694 753 1813 784; x_wconf 88' lang='lat' dir='ltr'>teneri:</span> <span class='ocrx_word' id='word_1_264' title='bbox 1836 752 1887 783; x_wconf 79' lang='lat' dir='ltr'>sed</span> <span class='ocrx_word' id='word_1_265' title='bbox 1905 762 1970 783; x_wconf 93' lang='lat' dir='ltr'>non</span> 
     </span>
     <span class='ocr_line' id='line_1_40' title="bbox 1105 792 1969 835; baseline 0.001 -11"><span class='ocrx_word' id='word_1_266' title='bbox 1105 794 1197 831; x_wconf 86' lang='lat' dir='ltr'>alias,</span> <span class='ocrx_word' id='word_1_267' title='bbox 1211 802 1304 831; x_wconf 82' lang='lat' dir='ltr'>quam</span> <span class='ocrx_word' id='word_1_268' title='bbox 1323 793 1571 831; x_wconf 83' lang='lat' dir='ltr'>interpellatum.</span> <span class='ocrx_word' id='word_1_269' title='bbox 1598 792 1697 835; x_wconf 82' lang='lat' dir='ltr'>Quod</span> <span class='ocrx_word' id='word_1_270' title='bbox 1716 794 1889 825; x_wconf 85' lang='lat' dir='ltr'>notandum</span> <span class='ocrx_word' id='word_1_271' title='bbox 1907 794 1969 825; x_wconf 83' lang='lat' dir='ltr'>est:</span> 
     </span>
     <span class='ocr_line' id='line_1_41' title="bbox 1097 833 1968 875; baseline -0.001 -10"><span class='ocrx_word' id='word_1_272' title='bbox 1097 835 1169 874; x_wconf 80' lang='lat' dir='ltr'>quia</span> <span class='ocrx_word' id='word_1_273' title='bbox 1187 843 1203 865; x_wconf 87' lang='lat' dir='ltr'>a</span> <span class='ocrx_word' id='word_1_274' title='bbox 1219 833 1392 873; x_wconf 81' lang='lat' dir='ltr'>justiniano</span> <span class='ocrx_word' id='word_1_275' title='bbox 1409 833 1479 873; x_wconf 87' lang='lat' dir='ltr'>post</span> <span class='ocrx_word' id='word_1_276' title='bbox 1499 843 1652 865; x_wconf 85' lang='lat' dir='ltr'>mutatum</span> <span class='ocrx_word' id='word_1_277' title='bbox 1670 835 1688 864; x_wconf 88' lang='lat' dir='ltr'>l.</span> <span class='ocrx_word' id='word_1_278' title='bbox 1708 844 1735 865; x_wconf 81' lang='lat'>2.</span> <span class='ocrx_word' id='word_1_279' title='bbox 1755 834 1791 869; x_wconf 63' lang='grc' dir='ltr'>ὃ)</span> <span class='ocrx_word' id='word_1_280' title='bbox 1808 845 1836 875; x_wconf 83' lang='lat'>3.</span> <span class='ocrx_word' id='word_1_281' title='bbox 1857 835 1888 865; x_wconf 92' lang='lat' dir='ltr'>C.</span> <span class='ocrx_word' id='word_1_282' title='bbox 1909 837 1968 864; x_wconf 81' lang='lat' dir='ltr'>eod.</span> 
     </span>
     <span class='ocr_line' id='line_1_42' title="bbox 1097 874 1967 906; baseline 0 0"><span class='ocrx_word' id='word_1_283' title='bbox 1097 878 1142 906; x_wconf 75' lang='lat' dir='ltr'>tit.</span> <span class='ocrx_word' id='word_1_284' title='bbox 1161 878 1258 906; x_wconf 81' lang='lat' dir='ltr'>etiam</span> <span class='ocrx_word' id='word_1_285' title='bbox 1277 875 1353 906; x_wconf 92' lang='lat' dir='ltr'>olim</span> <span class='ocrx_word' id='word_1_286' title='bbox 1372 877 1402 905; x_wconf 90' lang='lat' dir='ltr'>in</span> <span class='ocrx_word' id='word_1_287' title='bbox 1420 874 1496 905; x_wconf 77' lang='lat' dir='ltr'>fisco</span> <span class='ocrx_word' id='word_1_288' title='bbox 1515 885 1577 906; x_wconf 94' lang='lat' dir='ltr'>non</span> <span class='ocrx_word' id='word_1_289' title='bbox 1594 876 1734 906; x_wconf 89' lang='lat' dir='ltr'>obtinuit</span> <span class='ocrx_word' id='word_1_290' title='bbox 1752 885 1791 906; x_wconf 82' lang='lat' dir='ltr'>ex</span> <span class='ocrx_word' id='word_1_291' title='bbox 1810 875 1967 906; x_wconf 83' lang='lat' dir='ltr'>Antonini</span> 
     </span>
     <span class='ocr_line' id='line_1_43' title="bbox 1098 915 1966 989; baseline 0 -41"><span class='ocrx_word' id='word_1_292' title='bbox 1098 917 1339 989; x_wconf 54' lang='lat' dir='ltr'>Constigutione</span> <span class='ocrx_word' id='word_1_293' title='bbox 1356 925 1425 956; x_wconf 86' lang='lat' dir='ltr'>quae</span> <span class='ocrx_word' id='word_1_294' title='bbox 1443 915 1487 947; x_wconf 88' lang='lat' dir='ltr'>est</span> <span class='ocrx_word' id='word_1_295' title='bbox 1508 917 1538 948; x_wconf 94' lang='lat' dir='ltr'>in</span> <span class='ocrx_word' id='word_1_296' title='bbox 1554 917 1572 948; x_wconf 90' lang='lat' dir='ltr'>l.</span> <span class='ocrx_word' id='word_1_297' title='bbox 1588 925 1613 948; x_wconf 91' lang='lat'>1.</span> <span class='ocrx_word' id='word_1_298' title='bbox 1625 917 1657 948; x_wconf 93' lang='lat' dir='ltr'>C.</span> <span class='ocrx_word' id='word_1_299' title='bbox 1676 919 1733 948; x_wconf 84' lang='lat' dir='ltr'>eod.</span> <span class='ocrx_word' id='word_1_300' title='bbox 1745 919 1790 949; x_wconf 74' lang='lat' dir='ltr'>tit.</span> <span class='ocrx_word' id='word_1_301' title='bbox 1814 925 1847 948; x_wconf 90' lang='lat' dir='ltr'>ut</span> <span class='ocrx_word' id='word_1_302' title='bbox 1863 915 1966 948; x_wconf 87' lang='lat' dir='ltr'>osten-</span> 
     </span>
     <span class='ocr_line' id='line_1_44' title="bbox 1099 958 1247 990; baseline -0.007 0"><span class='ocrx_word' id='word_1_303' title='bbox 1099 959 1141 990; x_wconf 92' lang='lat' dir='ltr'>do</span> <span class='ocrx_word' id='word_1_304' title='bbox 1161 959 1200 990; x_wconf 83' lang='lat' dir='ltr'>ali</span> <span class='ocrx_word' id='word_1_305' title='bbox 1226 958 1247 989; x_wconf 86' lang='lat' dir='ltr'>i.</span> 
     </span>
    </p>
   </div>
   <div class='ocr_carea' id='block_1_10' title="bbox 900 1105 1260 1142">
    <p class='ocr_par' dir='ltr' id='par_1_10' title="bbox 900 1105 1260 1142">
     <span class='ocr_line' id='line_1_45' title="bbox 900 1105 1260 1142; baseline -0.003 0"><span class='ocrx_word' id='word_1_306' title='bbox 900 1107 1117 1142; x_wconf 77' lang='lat' dir='ltr'>CAPUT</span> <span class='ocrx_word' id='word_1_307' title='bbox 1167 1105 1260 1141; x_wconf 90' lang='lat' dir='ltr'>XII.</span> 
     </span>
    </p>
   </div>
   <div class='ocr_carea' id='block_1_11' title="bbox 414 1195 1748 1293">
    <p class='ocr_par' dir='ltr' id='par_1_11' title="bbox 414 1195 1748 1293">
     <span class='ocr_line' id='line_1_46' title="bbox 414 1195 1748 1246; baseline 0 -14"><span class='ocrx_word' id='word_1_308' title='bbox 414 1195 533 1244; x_wconf 78' lang='lat' dir='ltr'>Usuras</span> <span class='ocrx_word' id='word_1_309' title='bbox 559 1199 591 1232; x_wconf 76' lang='lat' dir='ltr'>in</span> <span class='ocrx_word' id='word_1_310' title='bbox 607 1197 717 1246; x_wconf 56' lang='lat' dir='ltr'>stricti</span> <span class='ocrx_word' id='word_1_311' title='bbox 737 1197 822 1244; x_wconf 73' lang='lat' dir='ltr'>juris</span> <span class='ocrx_word' id='word_1_312' title='bbox 842 1196 970 1244; x_wconf 82' lang='lat' dir='ltr'>judiciis</span> <span class='ocrx_word' id='word_1_313' title='bbox 996 1195 1095 1242; x_wconf 84' lang='lat' dir='ltr'>officio</span> <span class='ocrx_word' id='word_1_314' title='bbox 1123 1196 1249 1242; x_wconf 79' lang='lat' dir='ltr'>Judicis</span> <span class='ocrx_word' id='word_1_315' title='bbox 1273 1207 1329 1231; x_wconf 78' lang='lat' dir='ltr'>non</span> <span class='ocrx_word' id='word_1_316' title='bbox 1355 1197 1479 1240; x_wconf 78' lang='lat' dir='ltr'>deberi,</span> <span class='ocrx_word' id='word_1_317' title='bbox 1508 1209 1543 1232; x_wconf 81' lang='lat' dir='ltr'>ne</span> <span class='ocrx_word' id='word_1_318' title='bbox 1568 1208 1588 1231; x_wconf 83' lang='lat' dir='ltr'>a</span> <span class='ocrx_word' id='word_1_319' title='bbox 1613 1203 1748 1243; x_wconf 80' lang='lat' dir='ltr'>tempore</span> 
     </span>
     <span class='ocr_line' id='line_1_47' title="bbox 870 1245 1290 1293; baseline 0.002 -14"><span class='ocrx_word' id='word_1_320' title='bbox 870 1246 986 1291; x_wconf 80' lang='lat' dir='ltr'>quidem</span> <span class='ocrx_word' id='word_1_321' title='bbox 1016 1248 1080 1280; x_wconf 77' lang='lat' dir='ltr'>litis</span> <span class='ocrx_word' id='word_1_322' title='bbox 1105 1245 1290 1293; x_wconf 71' lang='lat' dir='ltr'>contestatae.</span> 
     </span>
    </p>
   </div>
   <div class='ocr_carea' id='block_1_12' title="bbox 161 1340 1069 3237">
    <p class='ocr_par' dir='ltr' id='par_1_12' title="bbox 161 1340 1069 3074">
     <span class='ocr_line' id='line_1_48' title="bbox 189 1340 1059 1416; baseline -0.001 -43"><span class='ocrx_word' id='word_1_323' title='bbox 189 1342 312 1416; x_wconf 78' lang='lat' dir='ltr'>Igitur</span> <span class='ocrx_word' id='word_1_324' title='bbox 327 1344 358 1375; x_wconf 92' lang='lat' dir='ltr'>in</span> <span class='ocrx_word' id='word_1_325' title='bbox 376 1343 470 1375; x_wconf 78' lang='lat' dir='ltr'>bonae</span> <span class='ocrx_word' id='word_1_326' title='bbox 487 1342 562 1374; x_wconf 89' lang='lat' dir='ltr'>fidei</span> <span class='ocrx_word' id='word_1_327' title='bbox 577 1341 722 1383; x_wconf 84' lang='lat' dir='ltr'>judiciis,</span> <span class='ocrx_word' id='word_1_328' title='bbox 742 1342 771 1372; x_wconf 69' lang='grc' dir='ltr'>ὅ(</span> <span class='ocrx_word' id='word_1_329' title='bbox 790 1341 809 1373; x_wconf 83' lang='lat' dir='ltr'>fi</span> <span class='ocrx_word' id='word_1_330' title='bbox 826 1350 896 1381; x_wconf 80' lang='lat' dir='ltr'>quae</span> <span class='ocrx_word' id='word_1_331' title='bbox 912 1340 956 1373; x_wconf 87' lang='lat' dir='ltr'>eis</span> <span class='ocrx_word' id='word_1_332' title='bbox 973 1350 1059 1373; x_wconf 86' lang='lat' dir='ltr'>corn-</span> 
     </span>
     <span class='ocr_line' id='line_1_49' title="bbox 248 1382 1059 1424; baseline 0 -10"><span class='ocrx_word' id='word_1_333' title='bbox 248 1392 416 1424; x_wconf 86' lang='lat' dir='ltr'>parentur‚</span> <span class='ocrx_word' id='word_1_334' title='bbox 437 1384 533 1416; x_wconf 74' lang='lat' dir='ltr'>ul&#39;urae</span> <span class='ocrx_word' id='word_1_335' title='bbox 546 1394 585 1415; x_wconf 87' lang='lat' dir='ltr'>ex</span> <span class='ocrx_word' id='word_1_336' title='bbox 605 1393 691 1415; x_wconf 84' lang='lat' dir='ltr'>moi-a</span> <span class='ocrx_word' id='word_1_337' title='bbox 709 1383 867 1414; x_wconf 82' lang='lat' dir='ltr'>debentur</span> <span class='ocrx_word' id='word_1_338' title='bbox 884 1382 994 1413; x_wconf 80' lang='lat' dir='ltr'>officio</span> <span class='ocrx_word' id='word_1_339' title='bbox 1009 1383 1059 1422; x_wconf 84' lang='lat' dir='ltr'>Ju-</span> 
     </span>
     <span class='ocr_line' id='line_1_50' title="bbox 186 1423 1058 1465; baseline -0.001 -9"><span class='ocrx_word' id='word_1_340' title='bbox 186 1425 285 1463; x_wconf 90' lang='lat' dir='ltr'>dicis,</span> <span class='ocrx_word' id='word_1_341' title='bbox 309 1425 364 1457; x_wconf 82' lang='lat' dir='ltr'>etfi</span> <span class='ocrx_word' id='word_1_342' title='bbox 390 1435 453 1457; x_wconf 90' lang='lat' dir='ltr'>non</span> <span class='ocrx_word' id='word_1_343' title='bbox 480 1425 539 1457; x_wconf 79' lang='lat' dir='ltr'>sint</span> <span class='ocrx_word' id='word_1_344' title='bbox 565 1424 731 1465; x_wconf 77' lang='lat' dir='ltr'>promiffae.</span> <span class='ocrx_word' id='word_1_345' title='bbox 761 1424 791 1455; x_wconf 91' lang='lat' dir='ltr'>in</span> <span class='ocrx_word' id='word_1_346' title='bbox 809 1423 933 1463; x_wconf 84' lang='lat' dir='ltr'>judiciis</span> <span class='ocrx_word' id='word_1_347' title='bbox 952 1433 1058 1455; x_wconf 80' lang='lat' dir='ltr'>autern</span> 
     </span>
     <span class='ocr_line' id='line_1_51' title="bbox 185 1465 1059 1506; baseline -0.001 -9"><span class='ocrx_word' id='word_1_348' title='bbox 185 1465 281 1497; x_wconf 68' lang='lat' dir='ltr'>stricti</span> <span class='ocrx_word' id='word_1_349' title='bbox 305 1467 381 1506; x_wconf 83' lang='lat' dir='ltr'>juris</span> <span class='ocrx_word' id='word_1_350' title='bbox 407 1474 596 1506; x_wconf 83' lang='lat' dir='ltr'>quamquam</span> <span class='ocrx_word' id='word_1_351' title='bbox 616 1475 657 1496; x_wconf 86' lang='lat' dir='ltr'>ex</span> <span class='ocrx_word' id='word_1_352' title='bbox 674 1465 819 1504; x_wconf 85' lang='lat' dir='ltr'>stipulatu</span> <span class='ocrx_word' id='word_1_353' title='bbox 839 1465 904 1504; x_wconf 86' lang='lat' dir='ltr'>peti</span> <span class='ocrx_word' id='word_1_354' title='bbox 926 1466 1059 1503; x_wconf 64' lang='lat' dir='ltr'>possint,</span> 
     </span>
     <span class='ocr_line' id='line_1_52' title="bbox 185 1505 1058 1547; baseline 0 -9"><span class='ocrx_word' id='word_1_355' title='bbox 185 1507 207 1538; x_wconf 88' lang='lat' dir='ltr'>fi</span> <span class='ocrx_word' id='word_1_356' title='bbox 230 1508 433 1546; x_wconf 88' lang='lat' dir='ltr'>praecedente</span> <span class='ocrx_word' id='word_1_357' title='bbox 456 1507 711 1547; x_wconf 78' lang='lat' dir='ltr'>interrogatione</span> <span class='ocrx_word' id='word_1_358' title='bbox 735 1506 889 1546; x_wconf 78' lang='lat' dir='ltr'>promill&#39;ae</span> <span class='ocrx_word' id='word_1_359' title='bbox 916 1505 990 1538; x_wconf 81' lang='lat' dir='ltr'>fint:</span> <span class='ocrx_word' id='word_1_360' title='bbox 1015 1514 1058 1538; x_wconf 86' lang='lat' dir='ltr'>ta·</span> 
     </span>
     <span class='ocr_line' id='line_1_53' title="bbox 185 1546 1059 1588; baseline 0 -9"><span class='ocrx_word' id='word_1_361' title='bbox 185 1557 278 1586; x_wconf 88' lang='lat' dir='ltr'>men,</span> <span class='ocrx_word' id='word_1_362' title='bbox 302 1548 322 1578; x_wconf 85' lang='lat' dir='ltr'>fi</span> <span class='ocrx_word' id='word_1_363' title='bbox 340 1557 404 1579; x_wconf 94' lang='lat' dir='ltr'>non</span> <span class='ocrx_word' id='word_1_364' title='bbox 420 1547 478 1579; x_wconf 83' lang='lat' dir='ltr'>fint</span> <span class='ocrx_word' id='word_1_365' title='bbox 495 1546 669 1588; x_wconf 75' lang='lat' dir='ltr'>promifl‘ae‚</span> <span class='ocrx_word' id='word_1_366' title='bbox 694 1557 735 1578; x_wconf 82' lang='lat' dir='ltr'>ex</span> <span class='ocrx_word' id='word_1_367' title='bbox 750 1556 839 1578; x_wconf 87' lang='lat' dir='ltr'>mora</span> <span class='ocrx_word' id='word_1_368' title='bbox 857 1556 922 1578; x_wconf 85' lang='lat' dir='ltr'>non</span> <span class='ocrx_word' id='word_1_369' title='bbox 942 1548 1059 1579; x_wconf 87' lang='lat' dir='ltr'>deben—</span> 
     </span>
     <span class='ocr_line' id='line_1_54' title="bbox 186 1587 1060 1629; baseline 0.001 -10"><span class='ocrx_word' id='word_1_370' title='bbox 186 1596 237 1620; x_wconf 87' lang='lat' dir='ltr'>tur</span> <span class='ocrx_word' id='word_1_371' title='bbox 262 1588 371 1620; x_wconf 86' lang='lat' dir='ltr'>officio</span> <span class='ocrx_word' id='word_1_372' title='bbox 394 1588 539 1629; x_wconf 84' lang='lat' dir='ltr'>Judicis:</span> <span class='ocrx_word' id='word_1_373' title='bbox 565 1588 675 1628; x_wconf 88' lang='lat' dir='ltr'>estque</span> <span class='ocrx_word' id='word_1_374' title='bbox 699 1587 823 1628; x_wconf 75' lang='lat' dir='ltr'>insignis</span> <span class='ocrx_word' id='word_1_375' title='bbox 848 1597 936 1619; x_wconf 87' lang='lat' dir='ltr'>error</span> <span class='ocrx_word' id='word_1_376' title='bbox 959 1588 1060 1620; x_wconf 83' lang='lat' dir='ltr'>existi-</span> 
     </span>
     <span class='ocr_line' id='line_1_55' title="bbox 186 1629 1061 1670; baseline 0.001 -10"><span class='ocrx_word' id='word_1_377' title='bbox 186 1632 357 1667; x_wconf 86' lang='lat' dir='ltr'>mantium,</span> <span class='ocrx_word' id='word_1_378' title='bbox 381 1632 591 1670; x_wconf 85' lang='lat' dir='ltr'>(quamquam</span> <span class='ocrx_word' id='word_1_379' title='bbox 611 1631 673 1670; x_wconf 84' lang='lat' dir='ltr'>jam</span> <span class='ocrx_word' id='word_1_380' title='bbox 697 1629 792 1661; x_wconf 87' lang='lat' dir='ltr'>seculi</span> <span class='ocrx_word' id='word_1_381' title='bbox 820 1630 962 1661; x_wconf 83' lang='lat' dir='ltr'>moi-ibus</span> <span class='ocrx_word' id='word_1_382' title='bbox 978 1630 1061 1661; x_wconf 88' lang='lat' dir='ltr'>obti-</span> 
     </span>
     <span class='ocr_line' id='line_1_56' title="bbox 185 1670 1061 1711; baseline 0 -8"><span class='ocrx_word' id='word_1_383' title='bbox 185 1671 286 1711; x_wconf 86' lang='lat' dir='ltr'>neat)</span> <span class='ocrx_word' id='word_1_384' title='bbox 320 1670 423 1703; x_wconf 85' lang='lat' dir='ltr'>usuras</span> <span class='ocrx_word' id='word_1_385' title='bbox 446 1673 477 1703; x_wconf 90' lang='lat' dir='ltr'>in</span> <span class='ocrx_word' id='word_1_386' title='bbox 508 1671 602 1702; x_wconf 64' lang='lat' dir='ltr'>stricti</span> <span class='ocrx_word' id='word_1_387' title='bbox 625 1671 701 1711; x_wconf 84' lang='lat' dir='ltr'>juris</span> <span class='ocrx_word' id='word_1_388' title='bbox 724 1671 850 1710; x_wconf 89' lang='lat' dir='ltr'>judiciis</span> <span class='ocrx_word' id='word_1_389' title='bbox 876 1672 947 1710; x_wconf 84' lang='lat' dir='ltr'>post</span> <span class='ocrx_word' id='word_1_390' title='bbox 973 1672 1061 1703; x_wconf 92' lang='lat' dir='ltr'>litem</span> 
     </span>
     <span class='ocr_line' id='line_1_57' title="bbox 186 1711 1061 1753; baseline 0.001 -10"><span class='ocrx_word' id='word_1_391' title='bbox 186 1712 394 1745; x_wconf 84' lang='lat' dir='ltr'>contestatam</span> <span class='ocrx_word' id='word_1_392' title='bbox 405 1736 415 1753; x_wconf 95' lang='lat'>,</span> <span class='ocrx_word' id='word_1_393' title='bbox 431 1715 527 1744; x_wconf 88' lang='lat' dir='ltr'>etiam</span> <span class='ocrx_word' id='word_1_394' title='bbox 543 1722 607 1744; x_wconf 93' lang='lat' dir='ltr'>non</span> <span class='ocrx_word' id='word_1_395' title='bbox 623 1711 800 1753; x_wconf 69' lang='lat' dir='ltr'>promissas,</span> <span class='ocrx_word' id='word_1_396' title='bbox 822 1712 941 1744; x_wconf 89' lang='lat' dir='ltr'>deberi.</span> <span class='ocrx_word' id='word_1_397' title='bbox 965 1712 1039 1744; x_wconf 89' lang='lat' dir='ltr'>Scio</span> <span class='ocrx_word' id='word_1_398' title='bbox 1051 1736 1061 1752; x_wconf 93' lang='lat'>,</span> 
     </span>
     <span class='ocr_line' id='line_1_58' title="bbox 185 1753 1059 1794; baseline 0 -8"><span class='ocrx_word' id='word_1_399' title='bbox 185 1761 300 1786; x_wconf 89' lang='lat' dir='ltr'>movet</span> <span class='ocrx_word' id='word_1_400' title='bbox 323 1763 398 1793; x_wconf 91' lang='lat' dir='ltr'>eos,</span> <span class='ocrx_word' id='word_1_401' title='bbox 423 1755 510 1794; x_wconf 90' lang='lat' dir='ltr'>quod</span> <span class='ocrx_word' id='word_1_402' title='bbox 534 1754 632 1793; x_wconf 88' lang='lat' dir='ltr'>vulgo</span> <span class='ocrx_word' id='word_1_403' title='bbox 656 1761 822 1793; x_wconf 86' lang='lat' dir='ltr'>receptum</span> <span class='ocrx_word' id='word_1_404' title='bbox 851 1753 896 1784; x_wconf 89' lang='lat' dir='ltr'>est</span> <span class='ocrx_word' id='word_1_405' title='bbox 919 1776 928 1791; x_wconf 97' lang='lat'>,</span> <span class='ocrx_word' id='word_1_406' title='bbox 959 1754 1059 1786; x_wconf 64' lang='lat' dir='ltr'>actori</span> 
     </span>
     <span class='ocr_line' id='line_1_59' title="bbox 186 1793 1060 1836; baseline 0 -9"><span class='ocrx_word' id='word_1_407' title='bbox 186 1794 331 1833; x_wconf 75' lang='lat' dir='ltr'>causam,</span> <span class='ocrx_word' id='word_1_408' title='bbox 350 1795 421 1836; x_wconf 90' lang='lat' dir='ltr'>post</span> <span class='ocrx_word' id='word_1_409' title='bbox 437 1796 527 1827; x_wconf 89' lang='lat' dir='ltr'>litem</span> <span class='ocrx_word' id='word_1_410' title='bbox 544 1793 774 1832; x_wconf 86' lang='lat' dir='ltr'>contestatam,</span> <span class='ocrx_word' id='word_1_411' title='bbox 792 1794 925 1834; x_wconf 82' lang='lat' dir='ltr'>praestari</span> <span class='ocrx_word' id='word_1_412' title='bbox 938 1795 968 1826; x_wconf 91' lang='lat' dir='ltr'>in</span> <span class='ocrx_word' id='word_1_413' title='bbox 986 1804 1060 1827; x_wconf 87' lang='lat' dir='ltr'>eurn</span> 
     </span>
     <span class='ocr_line' id='line_1_60' title="bbox 187 1836 1060 1878; baseline 0 -10"><span class='ocrx_word' id='word_1_414' title='bbox 187 1838 272 1869; x_wconf 89' lang='lat' dir='ltr'>diem</span> <span class='ocrx_word' id='word_1_415' title='bbox 289 1846 354 1878; x_wconf 89' lang='lat' dir='ltr'>quo</span> <span class='ocrx_word' id='word_1_416' title='bbox 371 1837 528 1868; x_wconf 89' lang='lat' dir='ltr'>sententia</span> <span class='ocrx_word' id='word_1_417' title='bbox 546 1836 680 1873; x_wconf 89' lang='lat' dir='ltr'>dicitur,</span> <span class='ocrx_word' id='word_1_418' title='bbox 702 1836 773 1875; x_wconf 87' lang='lat' dir='ltr'>quia</span> <span class='ocrx_word' id='word_1_419' title='bbox 791 1836 883 1875; x_wconf 86' lang='lat' dir='ltr'>quale</span> <span class='ocrx_word' id='word_1_420' title='bbox 899 1836 963 1874; x_wconf 88' lang='lat' dir='ltr'>est,</span> <span class='ocrx_word' id='word_1_421' title='bbox 987 1846 1060 1868; x_wconf 89' lang='lat' dir='ltr'>cum</span> 
     </span>
     <span class='ocr_line' id='line_1_61' title="bbox 188 1876 1060 1919; baseline 0 -10"><span class='ocrx_word' id='word_1_422' title='bbox 188 1878 327 1919; x_wconf 89' lang='lat' dir='ltr'>petitur,</span> <span class='ocrx_word' id='word_1_423' title='bbox 351 1879 413 1910; x_wconf 90' lang='lat' dir='ltr'>tale</span> <span class='ocrx_word' id='word_1_424' title='bbox 438 1878 503 1910; x_wconf 90' lang='lat' dir='ltr'>dari</span> <span class='ocrx_word' id='word_1_425' title='bbox 528 1878 647 1916; x_wconf 91' lang='lat' dir='ltr'>debet,</span> <span class='ocrx_word' id='word_1_426' title='bbox 671 1877 703 1908; x_wconf 88' lang='lat' dir='ltr'>in</span> <span class='ocrx_word' id='word_1_427' title='bbox 728 1876 775 1908; x_wconf 91' lang='lat' dir='ltr'>his</span> <span class='ocrx_word' id='word_1_428' title='bbox 791 1878 1060 1918; x_wconf 85' lang='lat' dir='ltr'>quoquejudiciis</span> 
     </span>
     <span class='ocr_line' id='line_1_62' title="bbox 187 1918 1060 1960; baseline 0.001 -10"><span class='ocrx_word' id='word_1_429' title='bbox 187 1929 258 1958; x_wconf 85' lang='lat' dir='ltr'>quae</span> <span class='ocrx_word' id='word_1_430' title='bbox 282 1930 348 1952; x_wconf 92' lang='lat' dir='ltr'>non</span> <span class='ocrx_word' id='word_1_431' title='bbox 374 1919 443 1951; x_wconf 89' lang='lat' dir='ltr'>sunt</span> <span class='ocrx_word' id='word_1_432' title='bbox 469 1919 648 1957; x_wconf 89' lang='lat' dir='ltr'>arbitraria,</span> <span class='ocrx_word' id='word_1_433' title='bbox 673 1927 734 1950; x_wconf 91' lang='lat' dir='ltr'>nec</span> <span class='ocrx_word' id='word_1_434' title='bbox 757 1918 850 1949; x_wconf 78' lang='lat' dir='ltr'>bonae</span> <span class='ocrx_word' id='word_1_435' title='bbox 875 1918 950 1950; x_wconf 88' lang='lat' dir='ltr'>fidei</span> <span class='ocrx_word' id='word_1_436' title='bbox 969 1919 988 1949; x_wconf 88' lang='lat' dir='ltr'>l.</span> <span class='ocrx_word' id='word_1_437' title='bbox 1011 1929 1060 1960; x_wconf 80' lang='lat'>31.</span> 
     </span>
     <span class='ocr_line' id='line_1_63' title="bbox 189 1959 1062 1999; baseline 0 -8"><span class='ocrx_word' id='word_1_438' title='bbox 189 1961 232 1992; x_wconf 88' lang='lat' dir='ltr'>D.</span> <span class='ocrx_word' id='word_1_439' title='bbox 258 1963 291 1992; x_wconf 81' lang='lat' dir='ltr'>de</span> <span class='ocrx_word' id='word_1_440' title='bbox 305 1963 387 1992; x_wconf 80' lang='lat' dir='ltr'>rebus</span> <span class='ocrx_word' id='word_1_441' title='bbox 402 1962 526 1992; x_wconf 76' lang='lat' dir='ltr'>creditis.</span> <span class='ocrx_word' id='word_1_442' title='bbox 572 1960 693 1991; x_wconf 90' lang='lat' dir='ltr'>Verum</span> <span class='ocrx_word' id='word_1_443' title='bbox 717 1959 782 1990; x_wconf 90' lang='lat' dir='ltr'>hoc</span> <span class='ocrx_word' id='word_1_444' title='bbox 802 1969 865 1990; x_wconf 89' lang='lat' dir='ltr'>non</span> <span class='ocrx_word' id='word_1_445' title='bbox 884 1961 922 1991; x_wconf 82' lang='lat' dir='ltr'>ad</span> <span class='ocrx_word' id='word_1_446' title='bbox 939 1960 1062 1999; x_wconf 84' lang='lat' dir='ltr'>usuras,</span> 
     </span>
     <span class='ocr_line' id='line_1_64' title="bbox 189 2001 1065 2040; baseline 0 -7"><span class='ocrx_word' id='word_1_447' title='bbox 189 2001 244 2033; x_wconf 93' lang='lat' dir='ltr'>sed</span> <span class='ocrx_word' id='word_1_448' title='bbox 267 2003 304 2034; x_wconf 89' lang='lat' dir='ltr'>ad</span> <span class='ocrx_word' id='word_1_449' title='bbox 324 2002 445 2034; x_wconf 65' lang='lat' dir='ltr'>fruetus</span> <span class='ocrx_word' id='word_1_450' title='bbox 459 2003 490 2034; x_wconf 91' lang='lat' dir='ltr'>in</span> <span class='ocrx_word' id='word_1_451' title='bbox 507 2002 616 2040; x_wconf 88' lang='lat' dir='ltr'>primis</span> <span class='ocrx_word' id='word_1_452' title='bbox 629 2024 637 2039; x_wconf 93' lang='lat'>‚</span> <span class='ocrx_word' id='word_1_453' title='bbox 662 2001 690 2032; x_wconf 70' lang='grc' dir='ltr'>ἃ</span> <span class='ocrx_word' id='word_1_454' title='bbox 708 2009 807 2040; x_wconf 83' lang='lat' dir='ltr'>pauca</span> <span class='ocrx_word' id='word_1_455' title='bbox 825 2001 903 2040; x_wconf 88' lang='lat' dir='ltr'>alia,</span> <span class='ocrx_word' id='word_1_456' title='bbox 927 2001 1065 2033; x_wconf 82' lang='lat' dir='ltr'>refertur</span> 
     </span>
     <span class='ocr_line' id='line_1_65' title="bbox 189 2041 1065 2086; baseline 0.001 -12"><span class='ocrx_word' id='word_1_457' title='bbox 189 2043 208 2074; x_wconf 88' lang='lat' dir='ltr'>l.</span> <span class='ocrx_word' id='word_1_458' title='bbox 235 2053 262 2075; x_wconf 79' lang='lat'>2.</span> <span class='ocrx_word' id='word_1_459' title='bbox 286 2044 305 2074; x_wconf 90' lang='lat' dir='ltr'>l.</span> <span class='ocrx_word' id='word_1_460' title='bbox 331 2053 358 2085; x_wconf 83' lang='grc'>3.</span> <span class='ocrx_word' id='word_1_461' title='bbox 385 2044 411 2086; x_wconf 81' lang='lat'>§.</span> <span class='ocrx_word' id='word_1_462' title='bbox 440 2053 467 2075; x_wconf 89' lang='lat'>1.</span> <span class='ocrx_word' id='word_1_463' title='bbox 494 2043 537 2076; x_wconf 93' lang='lat' dir='ltr'>D.</span> <span class='ocrx_word' id='word_1_464' title='bbox 561 2045 594 2074; x_wconf 81' lang='lat' dir='ltr'>de</span> <span class='ocrx_word' id='word_1_465' title='bbox 609 2043 715 2082; x_wconf 72' lang='lat' dir='ltr'>usuris.</span> <span class='ocrx_word' id='word_1_466' title='bbox 753 2043 795 2072; x_wconf 87' lang='lat' dir='ltr'>At</span> <span class='ocrx_word' id='word_1_467' title='bbox 811 2043 894 2073; x_wconf 91' lang='lat' dir='ltr'>enim</span> <span class='ocrx_word' id='word_1_468' title='bbox 914 2041 1065 2082; x_wconf 81' lang='lat' dir='ltr'>Ulpianus</span> 
     </span>
     <span class='ocr_line' id='line_1_66' title="bbox 161 2083 1065 2125; baseline 0 -10"><span class='ocrx_word' id='word_1_469' title='bbox 161 2088 164 2090; x_wconf 73' lang='grc'><strong><em>’</em></strong></span> <span class='ocrx_word' id='word_1_470' title='bbox 190 2086 209 2115; x_wconf 82' lang='lat' dir='ltr'>l.</span> <span class='ocrx_word' id='word_1_471' title='bbox 229 2094 277 2125; x_wconf 68' lang='lat'>534.</span> <span class='ocrx_word' id='word_1_472' title='bbox 301 2085 339 2117; x_wconf 84' lang='lat' dir='ltr'>l).</span> <span class='ocrx_word' id='word_1_473' title='bbox 363 2087 395 2115; x_wconf 81' lang='lat' dir='ltr'>cle</span> <span class='ocrx_word' id='word_1_474' title='bbox 411 2085 507 2119; x_wconf 79' lang='lat' dir='ltr'>usuris</span> <span class='ocrx_word' id='word_1_475' title='bbox 524 2084 650 2119; x_wconf 73' lang='lat' dir='ltr'>scribit,</span> <span class='ocrx_word' id='word_1_476' title='bbox 677 2083 790 2123; x_wconf 79' lang='lat' dir='ltr'>Usuras</span> <span class='ocrx_word' id='word_1_477' title='bbox 805 2084 896 2114; x_wconf 79' lang='lat' dir='ltr'>vicem</span> <span class='ocrx_word' id='word_1_478' title='bbox 907 2084 1065 2124; x_wconf 66' lang='lat' dir='ltr'>fruftzcum</span> 
     </span>
     <span class='ocr_line' id='line_1_67' title="bbox 192 2124 1064 2166; baseline 0 -9"><span class='ocrx_word' id='word_1_479' title='bbox 192 2128 333 2163; x_wconf 72' lang='lat' dir='ltr'>obtinere,</span> <span class='ocrx_word' id='word_1_480' title='bbox 358 2126 394 2161; x_wconf 60' lang='grc' dir='ltr'>ὅ)</span> <span class='ocrx_word' id='word_1_481' title='bbox 417 2128 516 2157; x_wconf 74' lang='lat' dir='ltr'>merito</span> <span class='ocrx_word' id='word_1_482' title='bbox 541 2136 598 2156; x_wconf 79' lang='lat' dir='ltr'>non</span> <span class='ocrx_word' id='word_1_483' title='bbox 620 2126 715 2156; x_wconf 80' lang='lat' dir='ltr'>debere</span> <span class='ocrx_word' id='word_1_484' title='bbox 734 2124 1064 2166; x_wconf 64' lang='lat' dir='ltr'>ufrublibusskparori.</span> 
     </span>
     <span class='ocr_line' id='line_1_68' title="bbox 194 2166 1066 2205; baseline 0 -7"><span class='ocrx_word' id='word_1_485' title='bbox 194 2167 237 2198; x_wconf 86' lang='lat' dir='ltr'>Et</span> <span class='ocrx_word' id='word_1_486' title='bbox 255 2168 296 2198; x_wconf 89' lang='lat' dir='ltr'>ita</span> <span class='ocrx_word' id='word_1_487' title='bbox 315 2167 376 2199; x_wconf 88' lang='lat' dir='ltr'>est:</span> <span class='ocrx_word' id='word_1_488' title='bbox 401 2167 452 2198; x_wconf 91' lang='lat' dir='ltr'>sed</span> <span class='ocrx_word' id='word_1_489' title='bbox 465 2191 473 2205; x_wconf 96' lang='lat'>,</span> <span class='ocrx_word' id='word_1_490' title='bbox 491 2167 511 2198; x_wconf 79' lang='lat' dir='ltr'>{i</span> <span class='ocrx_word' id='word_1_491' title='bbox 531 2166 702 2203; x_wconf 80' lang='lat' dir='ltr'>Ulpianum</span> <span class='ocrx_word' id='word_1_492' title='bbox 720 2167 864 2197; x_wconf 84' lang='lat' dir='ltr'>audimus</span> <span class='ocrx_word' id='word_1_493' title='bbox 881 2190 889 2202; x_wconf 84' lang='lat'>,</span> <span class='ocrx_word' id='word_1_494' title='bbox 913 2176 977 2198; x_wconf 93' lang='lat' dir='ltr'>non</span> <span class='ocrx_word' id='word_1_495' title='bbox 1002 2167 1066 2198; x_wconf 91' lang='lat' dir='ltr'>ubi-</span> 
     </span>
     <span class='ocr_line' id='line_1_69' title="bbox 195 2206 1069 2249; baseline 0 -10"><span class='ocrx_word' id='word_1_496' title='bbox 195 2218 276 2248; x_wconf 86' lang='lat' dir='ltr'>que:</span> <span class='ocrx_word' id='word_1_497' title='bbox 301 2207 353 2240; x_wconf 79' lang='lat' dir='ltr'>sed</span> <span class='ocrx_word' id='word_1_498' title='bbox 385 2210 416 2239; x_wconf 79' lang='lat' dir='ltr'>in</span> <span class='ocrx_word' id='word_1_499' title='bbox 439 2209 538 2249; x_wconf 77' lang='lat' dir='ltr'>legatis</span> <span class='ocrx_word' id='word_1_500' title='bbox 563 2208 599 2242; x_wconf 53' lang='grc' dir='ltr'>ἐξ</span> <span class='ocrx_word' id='word_1_501' title='bbox 617 2206 854 2247; x_wconf 79' lang='lat' dir='ltr'>fideicommiffis,</span> <span class='ocrx_word' id='word_1_502' title='bbox 878 2208 958 2242; x_wconf 76' lang='lat' dir='ltr'>&amp;in</span> <span class='ocrx_word' id='word_1_503' title='bbox 976 2209 1069 2239; x_wconf 66' lang='lat' dir='ltr'>tutelae</span> 
     </span>
     <span class='ocr_line' id='line_1_70' title="bbox 195 2248 1065 2290; baseline 0.001 -10"><span class='ocrx_word' id='word_1_504' title='bbox 195 2249 325 2288; x_wconf 70' lang='lat' dir='ltr'>afflone,</span> <span class='ocrx_word' id='word_1_505' title='bbox 349 2249 386 2284; x_wconf 64' lang='lat'>{9⁹</span> <span class='ocrx_word' id='word_1_506' title='bbox 407 2250 439 2280; x_wconf 78' lang='lat' dir='ltr'>in</span> <span class='ocrx_word' id='word_1_507' title='bbox 458 2251 562 2280; x_wconf 81' lang='lat' dir='ltr'>coeterz&#39;s</span> <span class='ocrx_word' id='word_1_508' title='bbox 581 2249 704 2290; x_wconf 77' lang='lat' dir='ltr'>judiciis</span> <span class='ocrx_word' id='word_1_509' title='bbox 728 2251 802 2279; x_wconf 84' lang='lat' dir='ltr'>bonae</span> <span class='ocrx_word' id='word_1_510' title='bbox 823 2248 893 2287; x_wconf 77' lang='lat' dir='ltr'>fidei</span> <span class='ocrx_word' id='word_1_511' title='bbox 913 2249 1065 2290; x_wconf 76' lang='lat' dir='ltr'>servatur.</span> 
     </span>
     <span class='ocr_line' id='line_1_71' title="bbox 193 2289 1065 2331; baseline -0.001 -9"><span class='ocrx_word' id='word_1_512' title='bbox 193 2299 308 2331; x_wconf 85' lang='lat' dir='ltr'>atque,</span> <span class='ocrx_word' id='word_1_513' title='bbox 334 2299 368 2322; x_wconf 91' lang='lat' dir='ltr'>ut</span> <span class='ocrx_word' id='word_1_514' title='bbox 394 2289 482 2331; x_wconf 88' lang='lat' dir='ltr'>supra</span> <span class='ocrx_word' id='word_1_515' title='bbox 505 2290 587 2327; x_wconf 85' lang='lat' dir='ltr'>dixi,</span> <span class='ocrx_word' id='word_1_516' title='bbox 610 2290 641 2320; x_wconf 87' lang='lat' dir='ltr'>id</span> <span class='ocrx_word' id='word_1_517' title='bbox 663 2299 727 2320; x_wconf 94' lang='lat' dir='ltr'>non</span> <span class='ocrx_word' id='word_1_518' title='bbox 745 2299 856 2321; x_wconf 88' lang='lat' dir='ltr'>eorum</span> <span class='ocrx_word' id='word_1_519' title='bbox 874 2292 904 2321; x_wconf 91' lang='lat' dir='ltr'>vi</span> <span class='ocrx_word' id='word_1_520' title='bbox 923 2300 960 2321; x_wconf 84' lang='lat' dir='ltr'>ac</span> <span class='ocrx_word' id='word_1_521' title='bbox 977 2300 1065 2322; x_wconf 74' lang='lat' dir='ltr'>natu-</span> 
     </span>
     <span class='ocr_line' id='line_1_72' title="bbox 192 2329 1065 2372; baseline -0.001 -7"><span class='ocrx_word' id='word_1_522' title='bbox 192 2342 245 2370; x_wconf 85' lang='lat' dir='ltr'>ra,</span> <span class='ocrx_word' id='word_1_523' title='bbox 270 2332 321 2363; x_wconf 86' lang='lat' dir='ltr'>sed</span> <span class='ocrx_word' id='word_1_524' title='bbox 346 2332 527 2372; x_wconf 88' lang='lat' dir='ltr'>Principum</span> <span class='ocrx_word' id='word_1_525' title='bbox 554 2329 863 2369; x_wconf 84' lang='lat' dir='ltr'>Constitutionibus,</span> <span class='ocrx_word' id='word_1_526' title='bbox 889 2341 1065 2372; x_wconf 89' lang='lat' dir='ltr'>receptum.</span> 
     </span>
     <span class='ocr_line' id='line_1_73' title="bbox 193 2372 1065 2415; baseline 0 -11"><span class='ocrx_word' id='word_1_527' title='bbox 193 2373 300 2404; x_wconf 85' lang='lat' dir='ltr'>adalia</span> <span class='ocrx_word' id='word_1_528' title='bbox 314 2374 408 2414; x_wconf 85' lang='lat' dir='ltr'>igitur</span> <span class='ocrx_word' id='word_1_529' title='bbox 423 2373 453 2404; x_wconf 93' lang='lat' dir='ltr'>in</span> <span class='ocrx_word' id='word_1_530' title='bbox 475 2373 588 2411; x_wconf 81' lang='lat' dir='ltr'>quibus</span> <span class='ocrx_word' id='word_1_531' title='bbox 605 2372 808 2403; x_wconf 84' lang='lat' dir='ltr'>constitutum</span> <span class='ocrx_word' id='word_1_532' title='bbox 830 2382 893 2403; x_wconf 92' lang='lat' dir='ltr'>non</span> <span class='ocrx_word' id='word_1_533' title='bbox 912 2374 974 2411; x_wconf 81' lang='lat' dir='ltr'>est,</span> <span class='ocrx_word' id='word_1_534' title='bbox 992 2383 1065 2415; x_wconf 84' lang='lat' dir='ltr'>por-</span> 
     </span>
     <span class='ocr_line' id='line_1_74' title="bbox 195 2413 1066 2455; baseline 0 -9"><span class='ocrx_word' id='word_1_535' title='bbox 195 2415 361 2455; x_wconf 82' lang='lat' dir='ltr'>rigendum</span> <span class='ocrx_word' id='word_1_536' title='bbox 379 2423 442 2446; x_wconf 90' lang='lat' dir='ltr'>non</span> <span class='ocrx_word' id='word_1_537' title='bbox 462 2413 516 2446; x_wconf 87' lang='lat' dir='ltr'>est.</span> <span class='ocrx_word' id='word_1_538' title='bbox 548 2414 614 2445; x_wconf 91' lang='lat' dir='ltr'>imo</span> <span class='ocrx_word' id='word_1_539' title='bbox 637 2422 748 2444; x_wconf 87' lang='lat' dir='ltr'>contra</span> <span class='ocrx_word' id='word_1_540' title='bbox 765 2414 808 2445; x_wconf 87' lang='lat' dir='ltr'>est</span> <span class='ocrx_word' id='word_1_541' title='bbox 827 2416 856 2445; x_wconf 93' lang='lat' dir='ltr'>in</span> <span class='ocrx_word' id='word_1_542' title='bbox 874 2414 920 2445; x_wconf 87' lang='lat' dir='ltr'>his</span> <span class='ocrx_word' id='word_1_543' title='bbox 943 2415 1066 2446; x_wconf 85' lang='lat' dir='ltr'>servan-</span> 
     </span>
     <span class='ocr_line' id='line_1_75' title="bbox 195 2455 1064 2496; baseline 0.001 -9"><span class='ocrx_word' id='word_1_544' title='bbox 195 2456 269 2487; x_wconf 86' lang='lat' dir='ltr'>dum</span> <span class='ocrx_word' id='word_1_545' title='bbox 283 2479 292 2493; x_wconf 86' lang='lat'>,</span> <span class='ocrx_word' id='word_1_546' title='bbox 316 2457 404 2495; x_wconf 88' lang='lat' dir='ltr'>quod</span> <span class='ocrx_word' id='word_1_547' title='bbox 421 2465 461 2487; x_wconf 81' lang='lat' dir='ltr'>ex</span> <span class='ocrx_word' id='word_1_548' title='bbox 480 2462 590 2487; x_wconf 84' lang='lat' dir='ltr'>vetere</span> <span class='ocrx_word' id='word_1_549' title='bbox 604 2456 672 2496; x_wconf 86' lang='lat' dir='ltr'>jure</span> <span class='ocrx_word' id='word_1_550' title='bbox 689 2455 731 2486; x_wconf 88' lang='lat' dir='ltr'>ait</span> <span class='ocrx_word' id='word_1_551' title='bbox 747 2455 945 2494; x_wconf 77' lang='lat' dir='ltr'>Pomponius</span> <span class='ocrx_word' id='word_1_552' title='bbox 961 2456 979 2486; x_wconf 89' lang='lat' dir='ltr'>l.</span> <span class='ocrx_word' id='word_1_553' title='bbox 1001 2466 1064 2488; x_wconf 79' lang='lat'>121.</span> 
     </span>
     <span class='ocr_line' id='line_1_76' title="bbox 196 2495 1063 2538; baseline 0.001 -11"><span class='ocrx_word' id='word_1_554' title='bbox 196 2496 240 2528; x_wconf 87' lang='lat' dir='ltr'>D.</span> <span class='ocrx_word' id='word_1_555' title='bbox 264 2498 296 2528; x_wconf 83' lang='lat' dir='ltr'>de</span> <span class='ocrx_word' id='word_1_556' title='bbox 318 2499 470 2528; x_wconf 77' lang='lat' dir='ltr'>verborum</span> <span class='ocrx_word' id='word_1_557' title='bbox 489 2495 701 2538; x_wconf 74' lang='lat' dir='ltr'>significatione</span> <span class='ocrx_word' id='word_1_558' title='bbox 718 2519 726 2535; x_wconf 91' lang='lat'><em>‚</em></span> <span class='ocrx_word' id='word_1_559' title='bbox 766 2495 897 2528; x_wconf 75' lang='lat' dir='ltr'>Usurarn</span> <span class='ocrx_word' id='word_1_560' title='bbox 922 2499 1063 2537; x_wconf 82' lang='lat' dir='ltr'>pecuniae</span> 
     </span>
     <span class='ocr_line' id='line_1_77' title="bbox 196 2537 1063 2578; baseline 0.002 -10"><span class='ocrx_word' id='word_1_561' title='bbox 196 2547 290 2578; x_wconf 85' lang='lat' dir='ltr'>quam</span> <span class='ocrx_word' id='word_1_562' title='bbox 309 2539 522 2578; x_wconf 87' lang='lat' dir='ltr'>percipimus,</span> <span class='ocrx_word' id='word_1_563' title='bbox 545 2538 576 2569; x_wconf 90' lang='lat' dir='ltr'>in</span> <span class='ocrx_word' id='word_1_564' title='bbox 602 2537 705 2569; x_wconf 71' lang='lat' dir='ltr'>fructu</span> <span class='ocrx_word' id='word_1_565' title='bbox 723 2547 787 2569; x_wconf 92' lang='lat' dir='ltr'>non</span> <span class='ocrx_word' id='word_1_566' title='bbox 805 2537 886 2569; x_wconf 78' lang='lat' dir='ltr'>effe:</span> <span class='ocrx_word' id='word_1_567' title='bbox 910 2540 982 2578; x_wconf 86' lang='lat' dir='ltr'>quia</span> <span class='ocrx_word' id='word_1_568' title='bbox 999 2549 1063 2571; x_wconf 90' lang='lat' dir='ltr'>non</span> 
     </span>
     <span class='ocr_line' id='line_1_78' title="bbox 198 2579 1062 2619; baseline 0.001 -9"><span class='ocrx_word' id='word_1_569' title='bbox 198 2588 239 2610; x_wconf 84' lang='lat' dir='ltr'>ex</span> <span class='ocrx_word' id='word_1_570' title='bbox 263 2579 330 2618; x_wconf 82' lang='lat' dir='ltr'>ipso</span> <span class='ocrx_word' id='word_1_571' title='bbox 356 2589 515 2619; x_wconf 81' lang='lat' dir='ltr'>corpore,</span> <span class='ocrx_word' id='word_1_572' title='bbox 541 2579 593 2610; x_wconf 86' lang='lat' dir='ltr'>sed</span> <span class='ocrx_word' id='word_1_573' title='bbox 618 2589 658 2610; x_wconf 80' lang='lat' dir='ltr'>ex</span> <span class='ocrx_word' id='word_1_574' title='bbox 680 2579 739 2611; x_wconf 87' lang='lat' dir='ltr'>alia</span> <span class='ocrx_word' id='word_1_575' title='bbox 757 2579 845 2610; x_wconf 71' lang='lat' dir='ltr'>causa</span> <span class='ocrx_word' id='word_1_576' title='bbox 864 2579 927 2618; x_wconf 83' lang='lat' dir='ltr'>est,</span> <span class='ocrx_word' id='word_1_577' title='bbox 952 2581 982 2611; x_wconf 88' lang='lat' dir='ltr'>id</span> <span class='ocrx_word' id='word_1_578' title='bbox 1001 2579 1062 2619; x_wconf 86' lang='lat' dir='ltr'>est,</span> 
     </span>
     <span class='ocr_line' id='line_1_79' title="bbox 195 2619 1062 2662; baseline 0.001 -11"><span class='ocrx_word' id='word_1_579' title='bbox 195 2629 281 2651; x_wconf 91' lang='lat' dir='ltr'>nova</span> <span class='ocrx_word' id='word_1_580' title='bbox 298 2621 506 2661; x_wconf 82' lang='lat' dir='ltr'>obligatione.</span> <span class='ocrx_word' id='word_1_581' title='bbox 531 2619 576 2651; x_wconf 85' lang='lat' dir='ltr'>Ut</span> <span class='ocrx_word' id='word_1_582' title='bbox 593 2629 698 2651; x_wconf 68' lang='lat' dir='ltr'>aurem</span> <span class='ocrx_word' id='word_1_583' title='bbox 715 2621 830 2652; x_wconf 87' lang='lat' dir='ltr'>clarior</span> <span class='ocrx_word' id='word_1_584' title='bbox 847 2620 883 2651; x_wconf 75' lang='lat' dir='ltr'>iit</span> <span class='ocrx_word' id='word_1_585' title='bbox 902 2622 980 2662; x_wconf 76' lang='lat' dir='ltr'>legis</span> <span class='ocrx_word' id='word_1_586' title='bbox 998 2620 1062 2653; x_wconf 91' lang='lat' dir='ltr'>sen-</span> 
     </span>
     <span class='ocr_line' id='line_1_80' title="bbox 195 2660 1060 2703; baseline 0.001 -11"><span class='ocrx_word' id='word_1_587' title='bbox 195 2660 263 2699; x_wconf 86' lang='lat' dir='ltr'>sus,</span> <span class='ocrx_word' id='word_1_588' title='bbox 278 2660 506 2693; x_wconf 87' lang='lat' dir='ltr'>observandum</span> <span class='ocrx_word' id='word_1_589' title='bbox 524 2661 588 2700; x_wconf 75' lang='lat' dir='ltr'>est,</span> <span class='ocrx_word' id='word_1_590' title='bbox 607 2661 802 2702; x_wconf 82' lang='lat' dir='ltr'>desumptam</span> <span class='ocrx_word' id='word_1_591' title='bbox 820 2662 881 2693; x_wconf 79' lang='lat' dir='ltr'>effe</span> <span class='ocrx_word' id='word_1_592' title='bbox 897 2672 935 2693; x_wconf 79' lang='lat' dir='ltr'>ex</span> <span class='ocrx_word' id='word_1_593' title='bbox 955 2662 1060 2703; x_wconf 86' lang='lat' dir='ltr'>Ulpia-</span> 
     </span>
     <span class='ocr_line' id='line_1_81' title="bbox 195 2702 1063 2743; baseline 0.001 -9"><span class='ocrx_word' id='word_1_594' title='bbox 195 2703 228 2734; x_wconf 90' lang='lat' dir='ltr'>ni</span> <span class='ocrx_word' id='word_1_595' title='bbox 245 2703 299 2734; x_wconf 91' lang='lat' dir='ltr'>lib.</span> <span class='ocrx_word' id='word_1_596' title='bbox 321 2712 369 2741; x_wconf 83' lang='lat'>15.</span> <span class='ocrx_word' id='word_1_597' title='bbox 408 2702 456 2734; x_wconf 85' lang='lat' dir='ltr'>Ad</span> <span class='ocrx_word' id='word_1_598' title='bbox 475 2702 621 2733; x_wconf 70' lang='lat' dir='ltr'>Edictum</span> <span class='ocrx_word' id='word_1_599' title='bbox 640 2712 680 2733; x_wconf 78' lang='lat' dir='ltr'>ex</span> <span class='ocrx_word' id='word_1_600' title='bbox 697 2712 761 2741; x_wconf 83' lang='lat' dir='ltr'>quo</span> <span class='ocrx_word' id='word_1_601' title='bbox 777 2704 852 2735; x_wconf 88' lang='lat' dir='ltr'>item</span> <span class='ocrx_word' id='word_1_602' title='bbox 871 2704 889 2733; x_wconf 81' lang='lat' dir='ltr'>l.</span> <span class='ocrx_word' id='word_1_603' title='bbox 909 2714 956 2736; x_wconf 82' lang='lat'>20.</span> <span class='ocrx_word' id='word_1_604' title='bbox 975 2705 993 2735; x_wconf 90' lang='lat' dir='ltr'>l.</span> <span class='ocrx_word' id='word_1_605' title='bbox 1013 2714 1063 2743; x_wconf 74' lang='lat'>25.</span> 
     </span>
     <span class='ocr_line' id='line_1_82' title="bbox 194 2743 1062 2785; baseline 0.001 -10"><span class='ocrx_word' id='word_1_606' title='bbox 194 2744 214 2776; x_wconf 81' lang='lat' dir='ltr'>l.</span> <span class='ocrx_word' id='word_1_607' title='bbox 242 2753 290 2784; x_wconf 85' lang='lat'>27.</span> <span class='ocrx_word' id='word_1_608' title='bbox 315 2743 352 2778; x_wconf 75' lang='lat'>&amp;³</span> <span class='ocrx_word' id='word_1_609' title='bbox 380 2744 400 2774; x_wconf 87' lang='lat' dir='ltr'>l.</span> <span class='ocrx_word' id='word_1_610' title='bbox 424 2753 472 2779; x_wconf 82' lang='lat'>29·</span> <span class='ocrx_word' id='word_1_611' title='bbox 497 2743 538 2773; x_wconf 87' lang='lat' dir='ltr'>D.</span> <span class='ocrx_word' id='word_1_612' title='bbox 562 2745 594 2774; x_wconf 80' lang='lat' dir='ltr'>de</span> <span class='ocrx_word' id='word_1_613' title='bbox 616 2744 780 2775; x_wconf 72' lang='lat' dir='ltr'>hereditatis</span> <span class='ocrx_word' id='word_1_614' title='bbox 791 2746 943 2785; x_wconf 73' lang='lat' dir='ltr'>petitione:</span> <span class='ocrx_word' id='word_1_615' title='bbox 967 2755 1062 2785; x_wconf 86' lang='lat' dir='ltr'>atque</span> 
     </span>
     <span class='ocr_line' id='line_1_83' title="bbox 196 2783 1061 2825; baseline 0 -8"><span class='ocrx_word' id='word_1_616' title='bbox 196 2786 278 2818; x_wconf 86' lang='lat' dir='ltr'>adeo</span> <span class='ocrx_word' id='word_1_617' title='bbox 304 2783 459 2825; x_wconf 82' lang='lat' dir='ltr'>respicere</span> <span class='ocrx_word' id='word_1_618' title='bbox 484 2785 523 2815; x_wconf 84' lang='lat' dir='ltr'>ad</span> <span class='ocrx_word' id='word_1_619' title='bbox 546 2785 860 2817; x_wconf 83' lang='lat' dir='ltr'>Senatusconsultum</span> <span class='ocrx_word' id='word_1_620' title='bbox 879 2787 918 2817; x_wconf 89' lang='lat' dir='ltr'>de</span> <span class='ocrx_word' id='word_1_621' title='bbox 937 2787 1061 2818; x_wconf 84' lang='lat' dir='ltr'>heredi-</span> 
     </span>
     <span class='ocr_line' id='line_1_84' title="bbox 196 2825 1063 2869; baseline 0.001 -11"><span class='ocrx_word' id='word_1_622' title='bbox 196 2827 270 2859; x_wconf 90' lang='lat' dir='ltr'>tatis</span> <span class='ocrx_word' id='word_1_623' title='bbox 288 2826 466 2868; x_wconf 88' lang='lat' dir='ltr'>petitione,</span> <span class='ocrx_word' id='word_1_624' title='bbox 485 2825 572 2863; x_wconf 82' lang='lat' dir='ltr'>cujus</span> <span class='ocrx_word' id='word_1_625' title='bbox 590 2826 686 2856; x_wconf 88' lang='lat' dir='ltr'>verba</span> <span class='ocrx_word' id='word_1_626' title='bbox 701 2826 823 2858; x_wconf 81' lang='lat' dir='ltr'>exstant</span> <span class='ocrx_word' id='word_1_627' title='bbox 839 2828 868 2859; x_wconf 92' lang='lat' dir='ltr'>in</span> <span class='ocrx_word' id='word_1_628' title='bbox 884 2830 911 2858; x_wconf 84' lang='lat' dir='ltr'>d.</span> <span class='ocrx_word' id='word_1_629' title='bbox 927 2828 946 2859; x_wconf 89' lang='lat' dir='ltr'>l.</span> <span class='ocrx_word' id='word_1_630' title='bbox 967 2837 1014 2859; x_wconf 80' lang='lat'>20.</span> <span class='ocrx_word' id='word_1_631' title='bbox 1034 2828 1063 2869; x_wconf 56' lang='grc' dir='ltr'>ὃ.</span> 
     </span>
     <span class='ocr_line' id='line_1_85' title="bbox 196 2866 1064 2909; baseline 0 -9"><span class='ocrx_word' id='word_1_632' title='bbox 196 2879 227 2908; x_wconf 90' lang='lat'>4.</span> <span class='ocrx_word' id='word_1_633' title='bbox 253 2877 359 2908; x_wconf 90' lang='lat' dir='ltr'>neque</span> <span class='ocrx_word' id='word_1_634' title='bbox 373 2866 456 2898; x_wconf 86' lang='lat' dir='ltr'>aliud</span> <span class='ocrx_word' id='word_1_635' title='bbox 473 2866 573 2903; x_wconf 89' lang='lat' dir='ltr'>velle,</span> <span class='ocrx_word' id='word_1_636' title='bbox 600 2875 692 2903; x_wconf 83' lang='lat' dir='ltr'>quain</span> <span class='ocrx_word' id='word_1_637' title='bbox 718 2867 902 2899; x_wconf 83' lang='lat' dir='ltr'>hereditatis</span> <span class='ocrx_word' id='word_1_638' title='bbox 919 2869 1064 2909; x_wconf 66' lang='lat' dir='ltr'>polle-sso-</span> 
     </span>
     <span class='ocr_line' id='line_1_86' title="bbox 198 2906 1064 2950; baseline -0.001 -8"><span class='ocrx_word' id='word_1_639' title='bbox 198 2919 266 2942; x_wconf 85' lang='lat' dir='ltr'>rern</span> <span class='ocrx_word' id='word_1_640' title='bbox 284 2919 323 2941; x_wconf 85' lang='lat' dir='ltr'>ex</span> <span class='ocrx_word' id='word_1_641' title='bbox 339 2918 379 2940; x_wconf 92' lang='lat' dir='ltr'>eo</span> <span class='ocrx_word' id='word_1_642' title='bbox 405 2906 686 2939; x_wconf 81' lang='lat' dir='ltr'>Senatusconsulto</span> <span class='ocrx_word' id='word_1_643' title='bbox 705 2910 823 2946; x_wconf 84' lang='lat' dir='ltr'>teneri,</span> <span class='ocrx_word' id='word_1_644' title='bbox 849 2910 955 2941; x_wconf 84' lang='lat' dir='ltr'>heredi</span> <span class='ocrx_word' id='word_1_645' title='bbox 973 2920 1064 2950; x_wconf 77' lang='lat' dir='ltr'>aeque</span> 
     </span>
     <span class='ocr_line' id='line_1_87' title="bbox 196 2947 1065 2988; baseline -0.002 -4"><span class='ocrx_word' id='word_1_646' title='bbox 196 2951 302 2984; x_wconf 86' lang='lat' dir='ltr'>usuras</span> <span class='ocrx_word' id='word_1_647' title='bbox 325 2949 504 2984; x_wconf 85' lang='lat' dir='ltr'>restituere..</span> <span class='ocrx_word' id='word_1_648' title='bbox 528 2947 549 2978; x_wconf 90' lang='lat' dir='ltr'>fi</span> <span class='ocrx_word' id='word_1_649' title='bbox 573 2957 648 2988; x_wconf 85' lang='lat' dir='ltr'>quas</span> <span class='ocrx_word' id='word_1_650' title='bbox 667 2957 707 2978; x_wconf 90' lang='lat' dir='ltr'>ex</span> <span class='ocrx_word' id='word_1_651' title='bbox 724 2951 856 2986; x_wconf 86' lang='lat' dir='ltr'>pecunia</span> <span class='ocrx_word' id='word_1_652' title='bbox 877 2952 1065 2982; x_wconf 81' lang='lat' dir='ltr'>hereditaria</span> 
     </span>
     <span class='ocr_line' id='line_1_88' title="bbox 195 2989 1064 3034; baseline -0.001 -9"><span class='ocrx_word' id='word_1_653' title='bbox 195 2993 340 3033; x_wconf 89' lang='lat' dir='ltr'>accepit,</span> <span class='ocrx_word' id='word_1_654' title='bbox 367 2999 464 3031; x_wconf 85' lang='lat' dir='ltr'>atque</span> <span class='ocrx_word' id='word_1_655' title='bbox 481 2989 601 3020; x_wconf 58' lang='lat' dir='ltr'>fruetus</span> <span class='ocrx_word' id='word_1_656' title='bbox 617 2998 657 3019; x_wconf 78' lang='lat' dir='ltr'>ex</span> <span class='ocrx_word' id='word_1_657' title='bbox 674 2989 767 3034; x_wconf 80' lang='lat' dir='ltr'>rebus</span> <span class='ocrx_word' id='word_1_658' title='bbox 785 2990 983 3024; x_wconf 77' lang='lat' dir='ltr'>hereditariis</span> <span class='ocrx_word' id='word_1_659' title='bbox 998 3002 1064 3033; x_wconf 87' lang='lat' dir='ltr'>per·</span> 
     </span>
     <span class='ocr_line' id='line_1_89' title="bbox 197 3030 1051 3074; baseline -0.001 -8"><span class='ocrx_word' id='word_1_660' title='bbox 197 3042 331 3074; x_wconf 85' lang='lat' dir='ltr'>ceptos:</span> <span class='ocrx_word' id='word_1_661' title='bbox 355 3041 448 3072; x_wconf 83' lang='lat' dir='ltr'>quam</span> <span class='ocrx_word' id='word_1_662' title='bbox 472 3030 516 3062; x_wconf 92' lang='lat' dir='ltr'>ob</span> <span class='ocrx_word' id='word_1_663' title='bbox 537 3030 628 3061; x_wconf 79' lang='lat' dir='ltr'>rem?</span> <span class='ocrx_word' id='word_1_664' title='bbox 651 3038 722 3069; x_wconf 84' lang='lat' dir='ltr'>quia</span> <span class='ocrx_word' id='word_1_665' title='bbox 740 3030 835 3061; x_wconf 65' lang='lat' dir='ltr'>usura?</span> <span class='ocrx_word' id='word_1_666' title='bbox 854 3033 1002 3064; x_wconf 86' lang='lat' dir='ltr'>obtinent</span> <span class='ocrx_word' id='word_1_667' title='bbox 1023 3036 1051 3064; x_wconf 87' lang='lat' dir='ltr'>vi</span> 
     </span>
    </p>

    <p class='ocr_par' dir='ltr' id='par_1_13' title="bbox 197 3071 1066 3237">
     <span class='ocr_line' id='line_1_90' title="bbox 200 3071 1065 3111; baseline 0 -4"><span class='ocrx_word' id='word_1_668' title='bbox 200 3085 271 3107; x_wconf 89' lang='lat' dir='ltr'>cem</span> <span class='ocrx_word' id='word_1_669' title='bbox 287 3074 466 3111; x_wconf 60' lang='lat' dir='ltr'>sruCfflum,</span> <span class='ocrx_word' id='word_1_670' title='bbox 482 3072 513 3103; x_wconf 89' lang='lat'>&amp;</span> <span class='ocrx_word' id='word_1_671' title='bbox 529 3072 644 3103; x_wconf 76' lang='lat' dir='ltr'>mei-ito</span> <span class='ocrx_word' id='word_1_672' title='bbox 661 3080 724 3101; x_wconf 85' lang='lat' dir='ltr'>non</span> <span class='ocrx_word' id='word_1_673' title='bbox 741 3071 860 3103; x_wconf 88' lang='lat' dir='ltr'>debent</span> <span class='ocrx_word' id='word_1_674' title='bbox 877 3083 892 3104; x_wconf 82' lang='lat' dir='ltr'>a</span> <span class='ocrx_word' id='word_1_675' title='bbox 909 3074 1065 3107; x_wconf 69' lang='lat' dir='ltr'>fructibus</span> 
     </span>
     <span class='ocr_line' id='line_1_91' title="bbox 197 3111 1064 3156; baseline -0.003 -8"><span class='ocrx_word' id='word_1_676' title='bbox 197 3116 338 3156; x_wconf 83' lang='lat' dir='ltr'>separari.</span> <span class='ocrx_word' id='word_1_677' title='bbox 371 3116 468 3155; x_wconf 88' lang='lat' dir='ltr'>idque</span> <span class='ocrx_word' id='word_1_678' title='bbox 490 3111 670 3145; x_wconf 84' lang='lat' dir='ltr'>confirmari</span> <span class='ocrx_word' id='word_1_679' title='bbox 694 3121 753 3150; x_wconf 84' lang='lat' dir='ltr'>co,</span> <span class='ocrx_word' id='word_1_680' title='bbox 779 3114 864 3151; x_wconf 85' lang='lat' dir='ltr'>quod</span> <span class='ocrx_word' id='word_1_681' title='bbox 888 3116 917 3144; x_wconf 88' lang='lat' dir='ltr'>in</span> <span class='ocrx_word' id='word_1_682' title='bbox 938 3116 1064 3155; x_wconf 78' lang='lat' dir='ltr'>legatis,</span> 
     </span>
     <span class='ocr_line' id='line_1_92' title="bbox 201 3153 1063 3193; baseline -0.003 -4"><span class='ocrx_word' id='word_1_683' title='bbox 201 3159 231 3189; x_wconf 83' lang='lat'>&amp;</span> <span class='ocrx_word' id='word_1_684' title='bbox 247 3156 510 3193; x_wconf 84' lang='lat' dir='ltr'>fideicommiffis,</span> <span class='ocrx_word' id='word_1_685' title='bbox 534 3154 564 3185; x_wconf 84' lang='lat'>&amp;</span> <span class='ocrx_word' id='word_1_686' title='bbox 582 3155 611 3186; x_wconf 92' lang='lat' dir='ltr'>in</span> <span class='ocrx_word' id='word_1_687' title='bbox 631 3153 737 3185; x_wconf 81' lang='lat' dir='ltr'>tutelae</span> <span class='ocrx_word' id='word_1_688' title='bbox 753 3153 895 3192; x_wconf 70' lang='lat' dir='ltr'>afflone,</span> <span class='ocrx_word' id='word_1_689' title='bbox 912 3156 939 3185; x_wconf 61' lang='grc' dir='ltr'>δε</span> <span class='ocrx_word' id='word_1_690' title='bbox 960 3157 988 3185; x_wconf 88' lang='lat' dir='ltr'>in</span> <span class='ocrx_word' id='word_1_691' title='bbox 1007 3166 1063 3187; x_wconf 77' lang='lat' dir='ltr'>cae-</span> 
     </span>
     <span class='ocr_line' id='line_1_93' title="bbox 198 3194 1066 3237; baseline -0.001 -6"><span class='ocrx_word' id='word_1_692' title='bbox 198 3199 274 3231; x_wconf 87' lang='lat' dir='ltr'>teris</span> <span class='ocrx_word' id='word_1_693' title='bbox 290 3199 381 3230; x_wconf 84' lang='lat' dir='ltr'>bonae</span> <span class='ocrx_word' id='word_1_694' title='bbox 399 3197 473 3230; x_wconf 87' lang='lat' dir='ltr'>fidei</span> <span class='ocrx_word' id='word_1_695' title='bbox 492 3195 617 3236; x_wconf 85' lang='lat' dir='ltr'>judiciis</span> <span class='ocrx_word' id='word_1_696' title='bbox 633 3195 675 3227; x_wconf 86' lang='lat' dir='ltr'>ita</span> <span class='ocrx_word' id='word_1_697' title='bbox 691 3194 877 3228; x_wconf 84' lang='lat' dir='ltr'>observatur</span> <span class='ocrx_word' id='word_1_698' title='bbox 895 3195 964 3237; x_wconf 82' lang='lat' dir='ltr'>post</span> <span class='ocrx_word' id='word_1_699' title='bbox 981 3196 1066 3230; x_wconf 84' lang='lat' dir='ltr'>Con-</span> 
     </span>
    </p>
   </div>
   <div class='ocr_carea' id='block_1_13' title="bbox 1101 1340 1975 1792">
    <p class='ocr_par' dir='ltr' id='par_1_14' title="bbox 1101 1340 1975 1792">
     <span class='ocr_line' id='line_1_94' title="bbox 1101 1340 1970 1383; baseline 0.001 -11"><span class='ocrx_word' id='word_1_700' title='bbox 1101 1340 1298 1373; x_wconf 75' lang='lat' dir='ltr'>stitutionem</span> <span class='ocrx_word' id='word_1_701' title='bbox 1318 1340 1360 1373; x_wconf 88' lang='lat' dir='ltr'>D.</span> <span class='ocrx_word' id='word_1_702' title='bbox 1381 1341 1446 1374; x_wconf 89' lang='lat' dir='ltr'>Pil:</span> <span class='ocrx_word' id='word_1_703' title='bbox 1470 1349 1505 1373; x_wconf 89' lang='lat' dir='ltr'>ut</span> <span class='ocrx_word' id='word_1_704' title='bbox 1521 1341 1608 1381; x_wconf 83' lang='lat' dir='ltr'>supra</span> <span class='ocrx_word' id='word_1_705' title='bbox 1626 1342 1755 1373; x_wconf 70' lang='lat' dir='ltr'>dicium.</span> <span class='ocrx_word' id='word_1_706' title='bbox 1778 1341 1851 1382; x_wconf 84' lang='lat' dir='ltr'>quid</span> <span class='ocrx_word' id='word_1_707' title='bbox 1870 1342 1899 1373; x_wconf 93' lang='lat' dir='ltr'>ni</span> <span class='ocrx_word' id='word_1_708' title='bbox 1917 1341 1970 1383; x_wconf 81' lang='lat' dir='ltr'>igi-</span> 
     </span>
     <span class='ocr_line' id='line_1_95' title="bbox 1102 1383 1971 1423; baseline 0.002 -11"><span class='ocrx_word' id='word_1_709' title='bbox 1102 1389 1151 1412; x_wconf 88' lang='lat' dir='ltr'>tur</span> <span class='ocrx_word' id='word_1_710' title='bbox 1166 1384 1196 1413; x_wconf 92' lang='lat' dir='ltr'>in</span> <span class='ocrx_word' id='word_1_711' title='bbox 1214 1384 1372 1422; x_wconf 89' lang='lat' dir='ltr'>petitione</span> <span class='ocrx_word' id='word_1_712' title='bbox 1394 1384 1604 1415; x_wconf 79' lang='lat' dir='ltr'>hereditatis?</span> <span class='ocrx_word' id='word_1_713' title='bbox 1629 1383 1787 1423; x_wconf 70' lang='lat' dir='ltr'>Respondi</span> <span class='ocrx_word' id='word_1_714' title='bbox 1805 1384 1907 1423; x_wconf 86' lang='lat' dir='ltr'>primo</span> <span class='ocrx_word' id='word_1_715' title='bbox 1926 1394 1971 1414; x_wconf 89' lang='lat' dir='ltr'>ar-</span> 
     </span>
     <span class='ocr_line' id='line_1_96' title="bbox 1101 1424 1970 1464; baseline 0.001 -10"><span class='ocrx_word' id='word_1_716' title='bbox 1101 1432 1276 1464; x_wconf 87' lang='lat' dir='ltr'>gumento,</span> <span class='ocrx_word' id='word_1_717' title='bbox 1303 1434 1367 1464; x_wconf 93' lang='lat' dir='ltr'>quo</span> <span class='ocrx_word' id='word_1_718' title='bbox 1382 1426 1509 1464; x_wconf 85' lang='lat' dir='ltr'>decepti</span> <span class='ocrx_word' id='word_1_719' title='bbox 1528 1424 1595 1455; x_wconf 86' lang='lat' dir='ltr'>sunt</span> <span class='ocrx_word' id='word_1_720' title='bbox 1619 1425 1764 1456; x_wconf 86' lang='lat' dir='ltr'>homines</span> <span class='ocrx_word' id='word_1_721' title='bbox 1782 1426 1877 1456; x_wconf 71' lang='lat' dir='ltr'>dotti.</span> <span class='ocrx_word' id='word_1_722' title='bbox 1907 1425 1970 1455; x_wconf 92' lang='lat' dir='ltr'>Ve-</span> 
     </span>
     <span class='ocr_line' id='line_1_97' title="bbox 1101 1465 1972 1507; baseline 0.002 -12"><span class='ocrx_word' id='word_1_723' title='bbox 1101 1467 1157 1495; x_wconf 89' lang='lat' dir='ltr'>nio</span> <span class='ocrx_word' id='word_1_724' title='bbox 1176 1465 1213 1496; x_wconf 87' lang='lat' dir='ltr'>ad</span> <span class='ocrx_word' id='word_1_725' title='bbox 1231 1466 1376 1497; x_wconf 87' lang='lat' dir='ltr'>alterum.</span> <span class='ocrx_word' id='word_1_726' title='bbox 1399 1468 1486 1506; x_wconf 89' lang='lat' dir='ltr'>quod</span> <span class='ocrx_word' id='word_1_727' title='bbox 1504 1466 1623 1507; x_wconf 88' lang='lat' dir='ltr'>petitur</span> <span class='ocrx_word' id='word_1_728' title='bbox 1640 1476 1679 1496; x_wconf 80' lang='lat' dir='ltr'>ex</span> <span class='ocrx_word' id='word_1_729' title='bbox 1697 1466 1715 1495; x_wconf 91' lang='lat' dir='ltr'>l.</span> <span class='ocrx_word' id='word_1_730' title='bbox 1727 1475 1776 1506; x_wconf 80' lang='lat'>35.</span> <span class='ocrx_word' id='word_1_731' title='bbox 1795 1465 1837 1496; x_wconf 90' lang='lat' dir='ltr'>D.</span> <span class='ocrx_word' id='word_1_732' title='bbox 1856 1467 1889 1496; x_wconf 81' lang='lat' dir='ltr'>de</span> <span class='ocrx_word' id='word_1_733' title='bbox 1904 1467 1972 1506; x_wconf 67' lang='lat' dir='ltr'>usil-</span> 
     </span>
     <span class='ocr_line' id='line_1_98' title="bbox 1101 1505 1970 1547; baseline 0.002 -11"><span class='ocrx_word' id='word_1_734' title='bbox 1101 1507 1158 1538; x_wconf 81' lang='lat' dir='ltr'>rz‘s:</span> <span class='ocrx_word' id='word_1_735' title='bbox 1184 1515 1213 1537; x_wconf 88' lang='lat' dir='ltr'>in</span> <span class='ocrx_word' id='word_1_736' title='bbox 1234 1516 1294 1547; x_wconf 85' lang='lat' dir='ltr'>qua</span> <span class='ocrx_word' id='word_1_737' title='bbox 1313 1507 1424 1539; x_wconf 80' lang='lat' dir='ltr'>Paulus</span> <span class='ocrx_word' id='word_1_738' title='bbox 1442 1508 1501 1545; x_wconf 84' lang='lat' dir='ltr'>ait,</span> <span class='ocrx_word' id='word_1_739' title='bbox 1527 1507 1595 1538; x_wconf 71' lang='lat' dir='ltr'>Lite</span> <span class='ocrx_word' id='word_1_740' title='bbox 1620 1505 1777 1546; x_wconf 73' lang='lat' dir='ltr'>contestata</span> <span class='ocrx_word' id='word_1_741' title='bbox 1795 1508 1888 1547; x_wconf 80' lang='lat' dir='ltr'>usurae</span> <span class='ocrx_word' id='word_1_742' title='bbox 1904 1517 1970 1538; x_wconf 86' lang='lat' dir='ltr'>cur·</span> 
     </span>
     <span class='ocr_line' id='line_1_99' title="bbox 1101 1546 1972 1589; baseline 0.002 -11"><span class='ocrx_word' id='word_1_743' title='bbox 1101 1553 1182 1578; x_wconf 76' lang='lat' dir='ltr'>runt.</span> <span class='ocrx_word' id='word_1_744' title='bbox 1209 1546 1250 1579; x_wconf 83' lang='lat' dir='ltr'>fic</span> <span class='ocrx_word' id='word_1_745' title='bbox 1266 1556 1371 1579; x_wconf 85' lang='lat' dir='ltr'>autem</span> <span class='ocrx_word' id='word_1_746' title='bbox 1389 1549 1579 1587; x_wconf 79' lang='lat' dir='ltr'>exponitur,</span> <span class='ocrx_word' id='word_1_747' title='bbox 1604 1547 1686 1589; x_wconf 80' lang='lat' dir='ltr'>quali</span> <span class='ocrx_word' id='word_1_748' title='bbox 1705 1549 1801 1586; x_wconf 87' lang='lat' dir='ltr'>velit,</span> <span class='ocrx_word' id='word_1_749' title='bbox 1825 1549 1881 1580; x_wconf 88' lang='lat' dir='ltr'>lite</span> <span class='ocrx_word' id='word_1_750' title='bbox 1897 1558 1972 1580; x_wconf 87' lang='lat' dir='ltr'>con·</span> 
     </span>
     <span class='ocr_line' id='line_1_100' title="bbox 1104 1588 1974 1630; baseline 0.001 -11"><span class='ocrx_word' id='word_1_751' title='bbox 1104 1588 1213 1619; x_wconf 86' lang='lat' dir='ltr'>testata</span> <span class='ocrx_word' id='word_1_752' title='bbox 1232 1612 1241 1627; x_wconf 90' lang='lat'>,</span> <span class='ocrx_word' id='word_1_753' title='bbox 1272 1588 1376 1620; x_wconf 80' lang='lat' dir='ltr'>usuras</span> <span class='ocrx_word' id='word_1_754' title='bbox 1399 1590 1540 1629; x_wconf 87' lang='lat' dir='ltr'>incipere</span> <span class='ocrx_word' id='word_1_755' title='bbox 1564 1599 1710 1622; x_wconf 89' lang='lat' dir='ltr'>currere:</span> <span class='ocrx_word' id='word_1_756' title='bbox 1735 1599 1800 1630; x_wconf 87' lang='lat' dir='ltr'>quo</span> <span class='ocrx_word' id='word_1_757' title='bbox 1827 1589 1911 1620; x_wconf 84' lang='lat' dir='ltr'>sensu</span> <span class='ocrx_word' id='word_1_758' title='bbox 1936 1599 1974 1621; x_wconf 86' lang='lat' dir='ltr'>ea</span> 
     </span>
     <span class='ocr_line' id='line_1_101' title="bbox 1103 1630 1975 1672; baseline 0.002 -12"><span class='ocrx_word' id='word_1_759' title='bbox 1103 1639 1167 1661; x_wconf 83' lang='lat' dir='ltr'>vox</span> <span class='ocrx_word' id='word_1_760' title='bbox 1195 1631 1351 1669; x_wconf 88' lang='lat' dir='ltr'>accipitur</span> <span class='ocrx_word' id='word_1_761' title='bbox 1378 1631 1416 1662; x_wconf 85' lang='lat' dir='ltr'>ab</span> <span class='ocrx_word' id='word_1_762' title='bbox 1439 1631 1506 1672; x_wconf 86' lang='lat' dir='ltr'>ipso</span> <span class='ocrx_word' id='word_1_763' title='bbox 1531 1630 1630 1662; x_wconf 84' lang='lat' dir='ltr'>Paulo</span> <span class='ocrx_word' id='word_1_764' title='bbox 1655 1631 1673 1661; x_wconf 95' lang='lat' dir='ltr'>l.</span> <span class='ocrx_word' id='word_1_765' title='bbox 1695 1640 1745 1670; x_wconf 87' lang='lat'>40.</span> <span class='ocrx_word' id='word_1_766' title='bbox 1772 1631 1815 1663; x_wconf 89' lang='lat' dir='ltr'>D.</span> <span class='ocrx_word' id='word_1_767' title='bbox 1837 1632 1870 1662; x_wconf 73' lang='lat' dir='ltr'>eie</span> <span class='ocrx_word' id='word_1_768' title='bbox 1892 1633 1975 1662; x_wconf 77' lang='lat' dir='ltr'>rebus</span> 
     </span>
     <span class='ocr_line' id='line_1_102' title="bbox 1103 1670 1975 1713; baseline 0.002 -12"><span class='ocrx_word' id='word_1_769' title='bbox 1103 1671 1235 1709; x_wconf 75' lang='lat' dir='ltr'>creditis,</span> <span class='ocrx_word' id='word_1_770' title='bbox 1258 1672 1288 1703; x_wconf 71' lang='grc' dir='ltr'>ὅ(</span> <span class='ocrx_word' id='word_1_771' title='bbox 1305 1670 1445 1712; x_wconf 86' lang='lat' dir='ltr'>Ulpiano</span> <span class='ocrx_word' id='word_1_772' title='bbox 1459 1672 1478 1703; x_wconf 93' lang='lat' dir='ltr'>l.</span> <span class='ocrx_word' id='word_1_773' title='bbox 1496 1681 1524 1712; x_wconf 83' lang='lat'>7.</span> <span class='ocrx_word' id='word_1_774' title='bbox 1544 1672 1573 1713; x_wconf 84' lang='lat'>§.</span> <span class='ocrx_word' id='word_1_775' title='bbox 1590 1681 1618 1711; x_wconf 84' lang='lat'>7.</span> <span class='ocrx_word' id='word_1_776' title='bbox 1637 1672 1681 1702; x_wconf 89' lang='lat' dir='ltr'>D.</span> <span class='ocrx_word' id='word_1_777' title='bbox 1705 1674 1737 1703; x_wconf 83' lang='lat' dir='ltr'>de</span> <span class='ocrx_word' id='word_1_778' title='bbox 1753 1670 1975 1713; x_wconf 74' lang='lat' dir='ltr'>administratio·</span> 
     </span>
     <span class='ocr_line' id='line_1_103' title="bbox 1105 1711 1972 1752; baseline 0.003 -10"><span class='ocrx_word' id='word_1_779' title='bbox 1105 1722 1140 1743; x_wconf 80' lang='lat' dir='ltr'>ne</span> <span class='ocrx_word' id='word_1_780' title='bbox 1159 1718 1296 1744; x_wconf 76' lang='lat' dir='ltr'>tutorum.</span> <span class='ocrx_word' id='word_1_781' title='bbox 1342 1715 1384 1744; x_wconf 87' lang='lat' dir='ltr'>At</span> <span class='ocrx_word' id='word_1_782' title='bbox 1401 1722 1465 1744; x_wconf 90' lang='lat' dir='ltr'>non</span> <span class='ocrx_word' id='word_1_783' title='bbox 1482 1712 1527 1744; x_wconf 85' lang='lat' dir='ltr'>est</span> <span class='ocrx_word' id='word_1_784' title='bbox 1544 1714 1612 1751; x_wconf 84' lang='lat' dir='ltr'>illa,</span> <span class='ocrx_word' id='word_1_785' title='bbox 1639 1711 1694 1744; x_wconf 86' lang='lat' dir='ltr'>etfi</span> <span class='ocrx_word' id='word_1_786' title='bbox 1713 1713 1838 1745; x_wconf 90' lang='lat' dir='ltr'>videtur</span> <span class='ocrx_word' id='word_1_787' title='bbox 1850 1737 1859 1752; x_wconf 93' lang='lat'>,</span> <span class='ocrx_word' id='word_1_788' title='bbox 1884 1713 1972 1745; x_wconf 85' lang='lat' dir='ltr'>Pauli</span> 
     </span>
     <span class='ocr_line' id='line_1_104' title="bbox 1105 1753 1973 1792; baseline 0.002 -8"><span class='ocrx_word' id='word_1_789' title='bbox 1105 1753 1277 1792; x_wconf 87' lang='lat' dir='ltr'>sententia,</span> <span class='ocrx_word' id='word_1_790' title='bbox 1302 1753 1422 1792; x_wconf 83' lang='lat' dir='ltr'>usuras,</span> <span class='ocrx_word' id='word_1_791' title='bbox 1445 1754 1465 1785; x_wconf 82' lang='lat' dir='ltr'><strong>fi</strong></span> <span class='ocrx_word' id='word_1_792' title='bbox 1483 1762 1556 1785; x_wconf 83' lang='lat' dir='ltr'>ante</span> <span class='ocrx_word' id='word_1_793' title='bbox 1573 1755 1660 1785; x_wconf 92' lang='lat' dir='ltr'>litem</span> <span class='ocrx_word' id='word_1_794' title='bbox 1679 1753 1887 1786; x_wconf 86' lang='lat' dir='ltr'>contestatam</span> <span class='ocrx_word' id='word_1_795' title='bbox 1906 1764 1973 1786; x_wconf 91' lang='lat' dir='ltr'>non</span> 
     </span>
    </p>
   </div>
   <div class='ocr_carea' id='block_1_14' title="bbox 1103 1792 2003 1836">
    <p class='ocr_par' dir='ltr' id='par_1_15' title="bbox 1103 1792 2003 1836">
     <span class='ocr_line' id='line_1_105' title="bbox 1103 1792 2003 1836; baseline 0.002 -11"><span class='ocrx_word' id='word_1_796' title='bbox 1103 1795 1326 1833; x_wconf 83' lang='lat' dir='ltr'>cucurrerint,</span> <span class='ocrx_word' id='word_1_797' title='bbox 1367 1794 1439 1836; x_wconf 90' lang='lat' dir='ltr'>post</span> <span class='ocrx_word' id='word_1_798' title='bbox 1462 1805 1529 1827; x_wconf 85' lang='lat' dir='ltr'>eam</span> <span class='ocrx_word' id='word_1_799' title='bbox 1553 1795 1696 1834; x_wconf 88' lang='lat' dir='ltr'>incipere</span> <span class='ocrx_word' id='word_1_800' title='bbox 1720 1804 1873 1828; x_wconf 87' lang='lat' dir='ltr'>currere:</span> <span class='ocrx_word' id='word_1_801' title='bbox 1905 1796 1973 1827; x_wconf 86' lang='lat' dir='ltr'>haec</span> <span class='ocrx_word' id='word_1_802' title='bbox 1993 1792 2003 1794; x_wconf 48' lang='grc'><em>”</em></span> 
     </span>
    </p>
   </div>
   <div class='ocr_carea' id='block_1_15' title="bbox 1102 1834 1974 3267">
    <p class='ocr_par' dir='ltr' id='par_1_16' title="bbox 1102 1834 1974 3267">
     <span class='ocr_line' id='line_1_106' title="bbox 1104 1834 1972 1877; baseline 0.001 -10"><span class='ocrx_word' id='word_1_803' title='bbox 1104 1835 1146 1867; x_wconf 83' lang='lat' dir='ltr'>ess</span> <span class='ocrx_word' id='word_1_804' title='bbox 1159 1859 1168 1874; x_wconf 93' lang='lat'>,</span> <span class='ocrx_word' id='word_1_805' title='bbox 1191 1834 1294 1868; x_wconf 80' lang='lat' dir='ltr'>usuras</span> <span class='ocrx_word' id='word_1_806' title='bbox 1306 1860 1315 1874; x_wconf 93' lang='lat'><em>‚</em></span> <span class='ocrx_word' id='word_1_807' title='bbox 1339 1835 1359 1867; x_wconf 85' lang='lat' dir='ltr'>fi</span> <span class='ocrx_word' id='word_1_808' title='bbox 1376 1845 1450 1868; x_wconf 86' lang='lat' dir='ltr'>ante</span> <span class='ocrx_word' id='word_1_809' title='bbox 1467 1837 1679 1875; x_wconf 84' lang='lat' dir='ltr'>cucurrerint,</span> <span class='ocrx_word' id='word_1_810' title='bbox 1706 1836 1776 1877; x_wconf 88' lang='lat' dir='ltr'>post</span> <span class='ocrx_word' id='word_1_811' title='bbox 1793 1838 1880 1868; x_wconf 88' lang='lat' dir='ltr'>litem</span> <span class='ocrx_word' id='word_1_812' title='bbox 1897 1847 1972 1868; x_wconf 87' lang='lat' dir='ltr'>con·</span> 
     </span>
     <span class='ocr_line' id='line_1_107' title="bbox 1106 1876 1972 1919; baseline 0.005 -12"><span class='ocrx_word' id='word_1_813' title='bbox 1106 1876 1250 1908; x_wconf 85' lang='lat' dir='ltr'>testatam</span> <span class='ocrx_word' id='word_1_814' title='bbox 1267 1877 1372 1909; x_wconf 86' lang='lat' dir='ltr'>adhuc</span> <span class='ocrx_word' id='word_1_815' title='bbox 1388 1887 1520 1918; x_wconf 85' lang='lat' dir='ltr'>pergere</span> <span class='ocrx_word' id='word_1_816' title='bbox 1536 1887 1681 1910; x_wconf 84' lang='lat' dir='ltr'>currere:</span> <span class='ocrx_word' id='word_1_817' title='bbox 1705 1881 1870 1919; x_wconf 88' lang='lat' dir='ltr'>quomodo</span> <span class='ocrx_word' id='word_1_818' title='bbox 1890 1879 1972 1919; x_wconf 86' lang='lat' dir='ltr'>apud</span> 
     </span>
     <span class='ocr_line' id='line_1_108' title="bbox 1106 1917 1971 1961; baseline 0 -11"><span class='ocrx_word' id='word_1_819' title='bbox 1106 1917 1245 1950; x_wconf 76' lang='lat' dir='ltr'>Persium</span> <span class='ocrx_word' id='word_1_820' title='bbox 1263 1918 1327 1951; x_wconf 79' lang='lat' dir='ltr'>Sat.</span> <span class='ocrx_word' id='word_1_821' title='bbox 1343 1930 1373 1959; x_wconf 87' lang='lat'>5.</span> <span class='ocrx_word' id='word_1_822' title='bbox 1392 1920 1465 1959; x_wconf 68' lang='lat' dir='ltr'>vevss</span> <span class='ocrx_word' id='word_1_823' title='bbox 1486 1929 1551 1957; x_wconf 69' lang='lat'>¹49·</span> <span class='ocrx_word' id='word_1_824' title='bbox 1580 1919 1696 1951; x_wconf 89' lang='lat' dir='ltr'>dicitur</span> <span class='ocrx_word' id='word_1_825' title='bbox 1715 1927 1832 1961; x_wconf 80' lang='lat' dir='ltr'>pergere</span> <span class='ocrx_word' id='word_1_826' title='bbox 1849 1922 1971 1960; x_wconf 76' lang='lat' dir='ltr'>sudare,</span> 
     </span>
     <span class='ocr_line' id='line_1_109' title="bbox 1107 1959 1564 2001; baseline 0.002 -10"><span class='ocrx_word' id='word_1_827' title='bbox 1107 1968 1166 2001; x_wconf 85' lang='lat' dir='ltr'>pro</span> <span class='ocrx_word' id='word_1_828' title='bbox 1184 1959 1310 1998; x_wconf 83' lang='lat' dir='ltr'>sudare,</span> <span class='ocrx_word' id='word_1_829' title='bbox 1334 1961 1364 1991; x_wconf 88' lang='lat' dir='ltr'>in</span> <span class='ocrx_word' id='word_1_830' title='bbox 1382 1960 1429 1991; x_wconf 89' lang='lat' dir='ltr'>his</span> <span class='ocrx_word' id='word_1_831' title='bbox 1449 1961 1564 1992; x_wconf 82' lang='lat' dir='ltr'>verbis.</span> 
     </span>
     <span class='ocr_line' id='line_1_110' title="bbox 1148 2000 1950 2045; baseline 0.006 -15"><span class='ocrx_word' id='word_1_832' title='bbox 1148 2000 1232 2043; x_wconf 53' lang='lat' dir='ltr'>‚Quid</span> <span class='ocrx_word' id='word_1_833' title='bbox 1246 2000 1346 2041; x_wconf 76' lang='lat' dir='ltr'>petis?</span> <span class='ocrx_word' id='word_1_834' title='bbox 1368 2008 1401 2032; x_wconf 80' lang='lat' dir='ltr'>ut</span> <span class='ocrx_word' id='word_1_835' title='bbox 1417 2004 1604 2043; x_wconf 72' lang='lat' dir='ltr'>marmnz&#39;quos</span> <span class='ocrx_word' id='word_1_836' title='bbox 1613 2003 1658 2033; x_wconf 74' lang='lat' dir='ltr'>hic</span> <span class='ocrx_word' id='word_1_837' title='bbox 1666 2004 1824 2042; x_wconf 75' lang='lat' dir='ltr'>quincunce</span> <span class='ocrx_word' id='word_1_838' title='bbox 1833 2001 1950 2045; x_wconf 75' lang='lat' dir='ltr'>modesto</span> 
     </span>
     <span class='ocr_line' id='line_1_111' title="bbox 1148 2044 1856 2085; baseline 0.003 -11"><span class='ocrx_word' id='word_1_839' title='bbox 1148 2044 1311 2074; x_wconf 72' lang='lat' dir='ltr'>Nutrz&#39;ems</span> <span class='ocrx_word' id='word_1_840' title='bbox 1322 2066 1332 2081; x_wconf 93' lang='lat'>,</span> <span class='ocrx_word' id='word_1_841' title='bbox 1357 2044 1456 2074; x_wconf 75' lang='lat' dir='ltr'>avidos</span> <span class='ocrx_word' id='word_1_842' title='bbox 1469 2050 1593 2085; x_wconf 72' lang='lat' dir='ltr'>pergunt</span> <span class='ocrx_word' id='word_1_843' title='bbox 1607 2045 1710 2082; x_wconf 65' lang='lat' dir='ltr'>stidore</span> <span class='ocrx_word' id='word_1_844' title='bbox 1728 2046 1856 2076; x_wconf 67' lang='lat' dir='ltr'>deantes.</span> 
     </span>
     <span class='ocr_line' id='line_1_112' title="bbox 1108 2083 1972 2126; baseline 0.002 -12"><span class='ocrx_word' id='word_1_845' title='bbox 1108 2083 1208 2126; x_wconf 87' lang='lat' dir='ltr'>Quod</span> <span class='ocrx_word' id='word_1_846' title='bbox 1227 2083 1430 2115; x_wconf 84' lang='lat' dir='ltr'>Casaubonus</span> <span class='ocrx_word' id='word_1_847' title='bbox 1448 2085 1489 2115; x_wconf 82' lang='lat' dir='ltr'>ibi</span> <span class='ocrx_word' id='word_1_848' title='bbox 1508 2085 1740 2117; x_wconf 87' lang='lat' dir='ltr'>animadvertit.</span> <span class='ocrx_word' id='word_1_849' title='bbox 1760 2085 1859 2126; x_wconf 84' lang='lat' dir='ltr'>impp.</span> <span class='ocrx_word' id='word_1_850' title='bbox 1878 2086 1972 2116; x_wconf 89' lang='lat' dir='ltr'>Seve-</span> 
     </span>
     <span class='ocr_line' id='line_1_113' title="bbox 1108 2125 1970 2164; baseline 0.002 -8"><span class='ocrx_word' id='word_1_851' title='bbox 1108 2135 1159 2156; x_wconf 83' lang='lat' dir='ltr'>rus</span> <span class='ocrx_word' id='word_1_852' title='bbox 1184 2125 1213 2156; x_wconf 86' lang='lat'>&amp;</span> <span class='ocrx_word' id='word_1_853' title='bbox 1240 2126 1438 2162; x_wconf 76' lang='lat' dir='ltr'>Antoninus,</span> <span class='ocrx_word' id='word_1_854' title='bbox 1463 2126 1517 2156; x_wconf 85' lang='lat' dir='ltr'>sub</span> <span class='ocrx_word' id='word_1_855' title='bbox 1540 2127 1653 2164; x_wconf 84' lang='lat' dir='ltr'>quibus</span> <span class='ocrx_word' id='word_1_856' title='bbox 1673 2126 1780 2158; x_wconf 87' lang='lat' dir='ltr'>floruit</span> <span class='ocrx_word' id='word_1_857' title='bbox 1798 2127 1925 2164; x_wconf 83' lang='lat' dir='ltr'>Paulus,</span> <span class='ocrx_word' id='word_1_858' title='bbox 1950 2127 1970 2158; x_wconf 84' lang='lat' dir='ltr'>l.</span> 
     </span>
     <span class='ocr_line' id='line_1_114' title="bbox 1112 2166 1972 2209; baseline 0 -11"><span class='ocrx_word' id='word_1_859' title='bbox 1112 2176 1138 2198; x_wconf 86' lang='lat' dir='ltr'>x.</span> <span class='ocrx_word' id='word_1_860' title='bbox 1163 2166 1196 2196; x_wconf 91' lang='lat' dir='ltr'>C.</span> <span class='ocrx_word' id='word_1_861' title='bbox 1225 2167 1258 2196; x_wconf 81' lang='lat' dir='ltr'>de</span> <span class='ocrx_word' id='word_1_862' title='bbox 1274 2167 1394 2208; x_wconf 70' lang='lat' dir='ltr'>judiciis</span> <span class='ocrx_word' id='word_1_863' title='bbox 1418 2167 1459 2198; x_wconf 81' lang='lat' dir='ltr'>fic</span> <span class='ocrx_word' id='word_1_864' title='bbox 1483 2168 1707 2207; x_wconf 78' lang='lat' dir='ltr'>pronuntiant,</span> <span class='ocrx_word' id='word_1_865' title='bbox 1729 2168 1849 2208; x_wconf 73' lang='lat' dir='ltr'>Jtedz&#39;cz&#39;o</span> <span class='ocrx_word' id='word_1_866' title='bbox 1868 2174 1972 2209; x_wconf 74' lang='lat' dir='ltr'>coepto,</span> 
     </span>
     <span class='ocr_line' id='line_1_115' title="bbox 1110 2205 1973 2250; baseline 0.002 -12"><span class='ocrx_word' id='word_1_867' title='bbox 1110 2207 1265 2243; x_wconf 66' lang='lat' dir='ltr'>mitrarum</span> <span class='ocrx_word' id='word_1_868' title='bbox 1280 2205 1434 2248; x_wconf 66' lang='lat' dir='ltr'>stipulatio</span> <span class='ocrx_word' id='word_1_869' title='bbox 1459 2218 1515 2239; x_wconf 72' lang='lat' dir='ltr'>non</span> <span class='ocrx_word' id='word_1_870' title='bbox 1533 2207 1736 2250; x_wconf 76' lang='lat' dir='ltr'>estperempra.</span> <span class='ocrx_word' id='word_1_871' title='bbox 1769 2208 1811 2240; x_wconf 83' lang='lat' dir='ltr'>Et</span> <span class='ocrx_word' id='word_1_872' title='bbox 1827 2217 1899 2240; x_wconf 78' lang='lat' dir='ltr'>ante</span> <span class='ocrx_word' id='word_1_873' title='bbox 1916 2219 1973 2240; x_wconf 91' lang='lat' dir='ltr'>eos</span> 
     </span>
     <span class='ocr_line' id='line_1_116' title="bbox 1110 2249 1972 2292; baseline 0.002 -13"><span class='ocrx_word' id='word_1_874' title='bbox 1110 2249 1307 2288; x_wconf 85' lang='lat' dir='ltr'>Pomponius</span> <span class='ocrx_word' id='word_1_875' title='bbox 1330 2250 1350 2280; x_wconf 92' lang='lat' dir='ltr'>l.</span> <span class='ocrx_word' id='word_1_876' title='bbox 1373 2259 1423 2285; x_wconf 85' lang='lat'>90·</span> <span class='ocrx_word' id='word_1_877' title='bbox 1451 2249 1492 2280; x_wconf 91' lang='lat' dir='ltr'>D.</span> <span class='ocrx_word' id='word_1_878' title='bbox 1517 2251 1550 2281; x_wconf 83' lang='lat' dir='ltr'>de</span> <span class='ocrx_word' id='word_1_879' title='bbox 1572 2252 1721 2281; x_wconf 84' lang='lat' dir='ltr'>verborum</span> <span class='ocrx_word' id='word_1_880' title='bbox 1739 2250 1972 2292; x_wconf 78' lang='lat' dir='ltr'>obligationibus,</span> 
     </span>
     <span class='ocr_line' id='line_1_117' title="bbox 1110 2290 1972 2333; baseline 0 -12"><span class='ocrx_word' id='word_1_881' title='bbox 1110 2290 1251 2329; x_wconf 75' lang='lat' dir='ltr'>Etiamsi,</span> <span class='ocrx_word' id='word_1_882' title='bbox 1275 2291 1396 2330; x_wconf 87' lang='lat' dir='ltr'>inquit,</span> <span class='ocrx_word' id='word_1_883' title='bbox 1414 2290 1502 2330; x_wconf 83' lang='lat' dir='ltr'>sortis</span> <span class='ocrx_word' id='word_1_884' title='bbox 1519 2292 1651 2333; x_wconf 78' lang='lat' dir='ltr'>obligatio</span> <span class='ocrx_word' id='word_1_885' title='bbox 1675 2294 1705 2323; x_wconf 85' lang='lat' dir='ltr'>in</span> <span class='ocrx_word' id='word_1_886' title='bbox 1717 2292 1861 2333; x_wconf 76' lang='lat' dir='ltr'>judicium</span> <span class='ocrx_word' id='word_1_887' title='bbox 1870 2290 1910 2330; x_wconf 77' lang='lat' dir='ltr'>fit</span> <span class='ocrx_word' id='word_1_888' title='bbox 1927 2293 1972 2322; x_wconf 78' lang='lat' dir='ltr'>cle-</span> 
     </span>
     <span class='ocr_line' id='line_1_118' title="bbox 1110 2331 1973 2372; baseline 0.003 -11"><span class='ocrx_word' id='word_1_889' title='bbox 1110 2331 1217 2371; x_wconf 67' lang='grc' dir='ltr'>(Ιιιὲῗα,</span> <span class='ocrx_word' id='word_1_890' title='bbox 1243 2332 1338 2363; x_wconf 70' lang='lat' dir='ltr'>adbuc</span> <span class='ocrx_word' id='word_1_891' title='bbox 1361 2338 1456 2363; x_wconf 78' lang='lat' dir='ltr'>tomen</span> <span class='ocrx_word' id='word_1_892' title='bbox 1472 2340 1554 2372; x_wconf 66' lang='lat' dir='ltr'>poemz</span> <span class='ocrx_word' id='word_1_893' title='bbox 1570 2335 1676 2364; x_wconf 69' lang='lat' dir='ltr'>crescit.</span> <span class='ocrx_word' id='word_1_894' title='bbox 1725 2333 1799 2365; x_wconf 87' lang='lat' dir='ltr'>Hoc</span> <span class='ocrx_word' id='word_1_895' title='bbox 1817 2343 1894 2364; x_wconf 84' lang='lat' dir='ltr'>vero</span> <span class='ocrx_word' id='word_1_896' title='bbox 1911 2332 1973 2372; x_wconf 86' lang='lat' dir='ltr'>est,</span> 
     </span>
     <span class='ocr_line' id='line_1_119' title="bbox 1110 2372 1971 2415; baseline -0.001 -11"><span class='ocrx_word' id='word_1_897' title='bbox 1110 2373 1198 2410; x_wconf 80' lang='lat' dir='ltr'>Quod</span> <span class='ocrx_word' id='word_1_898' title='bbox 1228 2372 1338 2404; x_wconf 84' lang='lat' dir='ltr'>Paulus</span> <span class='ocrx_word' id='word_1_899' title='bbox 1359 2374 1421 2412; x_wconf 82' lang='lat' dir='ltr'>ait,</span> <span class='ocrx_word' id='word_1_900' title='bbox 1443 2374 1492 2404; x_wconf 80' lang='lat' dir='ltr'>lite</span> <span class='ocrx_word' id='word_1_901' title='bbox 1515 2374 1669 2415; x_wconf 54' lang='lat' dir='ltr'>contestata</span> <span class='ocrx_word' id='word_1_902' title='bbox 1685 2398 1694 2413; x_wconf 95' lang='lat'>,</span> <span class='ocrx_word' id='word_1_903' title='bbox 1716 2379 1819 2415; x_wconf 78' lang='lat' dir='ltr'>usuras</span> <span class='ocrx_word' id='word_1_904' title='bbox 1843 2384 1971 2411; x_wconf 80' lang='lat' dir='ltr'>currere,</span> 
     </span>
     <span class='ocr_line' id='line_1_120' title="bbox 1109 2414 1974 2456; baseline 0 -10"><span class='ocrx_word' id='word_1_905' title='bbox 1109 2414 1192 2452; x_wconf 82' lang='lat' dir='ltr'>sive,</span> <span class='ocrx_word' id='word_1_906' title='bbox 1216 2423 1281 2446; x_wconf 90' lang='lat' dir='ltr'>non</span> <span class='ocrx_word' id='word_1_907' title='bbox 1298 2414 1438 2446; x_wconf 80' lang='lat' dir='ltr'>desinere</span> <span class='ocrx_word' id='word_1_908' title='bbox 1458 2425 1601 2446; x_wconf 82' lang='lat' dir='ltr'>curi-ere:</span> <span class='ocrx_word' id='word_1_909' title='bbox 1620 2416 1734 2456; x_wconf 80' lang='lat' dir='ltr'>pariter</span> <span class='ocrx_word' id='word_1_910' title='bbox 1752 2425 1785 2446; x_wconf 91' lang='lat' dir='ltr'>ut</span> <span class='ocrx_word' id='word_1_911' title='bbox 1804 2416 1974 2446; x_wconf 55' lang='lat' dir='ltr'>ivai-celius</span> 
     </span>
     <span class='ocr_line' id='line_1_121' title="bbox 1108 2455 1973 2498; baseline 0.002 -12"><span class='ocrx_word' id='word_1_912' title='bbox 1108 2456 1127 2486; x_wconf 92' lang='lat' dir='ltr'>l.</span> <span class='ocrx_word' id='word_1_913' title='bbox 1145 2465 1172 2486; x_wconf 79' lang='lat'>2.</span> <span class='ocrx_word' id='word_1_914' title='bbox 1190 2455 1232 2486; x_wconf 93' lang='lat' dir='ltr'>D.</span> <span class='ocrx_word' id='word_1_915' title='bbox 1252 2456 1310 2487; x_wconf 89' lang='lat' dir='ltr'>Pro</span> <span class='ocrx_word' id='word_1_916' title='bbox 1325 2457 1428 2487; x_wconf 79' lang='lat' dir='ltr'>donato</span> <span class='ocrx_word' id='word_1_917' title='bbox 1445 2457 1504 2494; x_wconf 85' lang='lat' dir='ltr'>ait,</span> <span class='ocrx_word' id='word_1_918' title='bbox 1531 2457 1633 2488; x_wconf 72' lang='lat' dir='ltr'>Currez</span> <span class='ocrx_word' id='word_1_919' title='bbox 1653 2459 1804 2497; x_wconf 74' lang='lat' dir='ltr'>usucapio.</span> <span class='ocrx_word' id='word_1_920' title='bbox 1828 2467 1888 2498; x_wconf 87' lang='lat' dir='ltr'>pro</span> <span class='ocrx_word' id='word_1_921' title='bbox 1906 2467 1973 2497; x_wconf 83' lang='lat' dir='ltr'>per-</span> 
     </span>
     <span class='ocr_line' id='line_1_122' title="bbox 1107 2498 1973 2539; baseline 0.001 -12"><span class='ocrx_word' id='word_1_922' title='bbox 1107 2505 1163 2537; x_wconf 83' lang='lat' dir='ltr'>get</span> <span class='ocrx_word' id='word_1_923' title='bbox 1189 2506 1326 2528; x_wconf 86' lang='lat' dir='ltr'>currere.</span> <span class='ocrx_word' id='word_1_924' title='bbox 1375 2498 1482 2537; x_wconf 80' lang='lat' dir='ltr'>Atque</span> <span class='ocrx_word' id='word_1_925' title='bbox 1506 2499 1537 2529; x_wconf 90' lang='lat' dir='ltr'>id</span> <span class='ocrx_word' id='word_1_926' title='bbox 1563 2499 1743 2539; x_wconf 75' lang='lat' dir='ltr'>expeditius</span> <span class='ocrx_word' id='word_1_927' title='bbox 1761 2499 1838 2537; x_wconf 84' lang='lat' dir='ltr'>erit,</span> <span class='ocrx_word' id='word_1_928' title='bbox 1863 2499 1973 2529; x_wconf 80' lang='lat' dir='ltr'>adliaec</span> 
     </span>
     <span class='ocr_line' id='line_1_123' title="bbox 1110 2539 1972 2580; baseline 0 -11"><span class='ocrx_word' id='word_1_929' title='bbox 1110 2539 1347 2578; x_wconf 82' lang='lat' dir='ltr'>reputantibus,</span> <span class='ocrx_word' id='word_1_930' title='bbox 1370 2541 1398 2570; x_wconf 83' lang='lat' dir='ltr'>d.</span> <span class='ocrx_word' id='word_1_931' title='bbox 1421 2540 1441 2569; x_wconf 87' lang='lat' dir='ltr'>l.</span> <span class='ocrx_word' id='word_1_932' title='bbox 1465 2549 1514 2579; x_wconf 68' lang='lat'>535.</span> <span class='ocrx_word' id='word_1_933' title='bbox 1538 2539 1599 2571; x_wconf 88' lang='lat' dir='ltr'>esse</span> <span class='ocrx_word' id='word_1_934' title='bbox 1623 2548 1745 2580; x_wconf 80' lang='lat' dir='ltr'>partem</span> <span class='ocrx_word' id='word_1_935' title='bbox 1770 2541 1788 2571; x_wconf 88' lang='lat' dir='ltr'>l.</span> <span class='ocrx_word' id='word_1_936' title='bbox 1811 2546 1854 2574; x_wconf 60' lang='grc' dir='ltr'>ιδ.</span> <span class='ocrx_word' id='word_1_937' title='bbox 1882 2540 1912 2570; x_wconf 88' lang='grc' dir='ltr'>Ι)</span> <span class='ocrx_word' id='word_1_938' title='bbox 1940 2540 1972 2570; x_wconf 79' lang='lat' dir='ltr'>de</span> 
     </span>
     <span class='ocr_line' id='line_1_124' title="bbox 1107 2579 1971 2620; baseline 0.002 -11"><span class='ocrx_word' id='word_1_939' title='bbox 1107 2581 1317 2610; x_wconf 74' lang='lat' dir='ltr'>novationibus.</span> <span class='ocrx_word' id='word_1_940' title='bbox 1349 2579 1393 2611; x_wconf 85' lang='lat' dir='ltr'>est</span> <span class='ocrx_word' id='word_1_941' title='bbox 1417 2581 1501 2611; x_wconf 85' lang='lat' dir='ltr'>enim</span> <span class='ocrx_word' id='word_1_942' title='bbox 1526 2589 1659 2620; x_wconf 81' lang='lat' dir='ltr'>utraque</span> <span class='ocrx_word' id='word_1_943' title='bbox 1683 2591 1722 2612; x_wconf 80' lang='lat' dir='ltr'>ex</span> <span class='ocrx_word' id='word_1_944' title='bbox 1746 2581 1861 2612; x_wconf 85' lang='lat' dir='ltr'>eodem</span> <span class='ocrx_word' id='word_1_945' title='bbox 1889 2581 1971 2613; x_wconf 77' lang='lat' dir='ltr'>Pauli</span> 
     </span>
     <span class='ocr_line' id='line_1_125' title="bbox 1105 2620 1971 2663; baseline 0.003 -13"><span class='ocrx_word' id='word_1_946' title='bbox 1105 2620 1153 2651; x_wconf 82' lang='lat' dir='ltr'>lib.</span> <span class='ocrx_word' id='word_1_947' title='bbox 1177 2630 1226 2661; x_wconf 84' lang='lat'>57.</span> <span class='ocrx_word' id='word_1_948' title='bbox 1272 2621 1321 2652; x_wconf 69' lang='lat' dir='ltr'>Ad</span> <span class='ocrx_word' id='word_1_949' title='bbox 1346 2621 1498 2656; x_wconf 59' lang='lat' dir='ltr'>Ethelum,</span> <span class='ocrx_word' id='word_1_950' title='bbox 1525 2631 1561 2652; x_wconf 88' lang='lat' dir='ltr'>ac</span> <span class='ocrx_word' id='word_1_951' title='bbox 1585 2621 1654 2653; x_wconf 89' lang='lat' dir='ltr'>fere</span> <span class='ocrx_word' id='word_1_952' title='bbox 1671 2621 1713 2654; x_wconf 85' lang='lat' dir='ltr'>fic</span> <span class='ocrx_word' id='word_1_953' title='bbox 1731 2623 1971 2663; x_wconf 74' lang='lat' dir='ltr'>conjungenda,</span> 
     </span>
     <span class='ocr_line' id='line_1_126' title="bbox 1106 2662 1972 2704; baseline 0.005 -11"><span class='ocrx_word' id='word_1_954' title='bbox 1106 2662 1274 2694; x_wconf 74' lang='lat' dir='ltr'>Novatz&#39;one</span> <span class='ocrx_word' id='word_1_955' title='bbox 1296 2663 1419 2703; x_wconf 77' lang='lat' dir='ltr'>legitime</span> <span class='ocrx_word' id='word_1_956' title='bbox 1433 2662 1539 2702; x_wconf 66' lang='lat' dir='ltr'>futla,</span> <span class='ocrx_word' id='word_1_957' title='bbox 1562 2665 1721 2694; x_wconf 77' lang='lat' dir='ltr'>liberantur</span> <span class='ocrx_word' id='word_1_958' title='bbox 1738 2664 1910 2704; x_wconf 70' lang='lat' dir='ltr'>hypothem,</span> <span class='ocrx_word' id='word_1_959' title='bbox 1936 2662 1972 2697; x_wconf 72' lang='lat'>&amp;³</span> 
     </span>
     <span class='ocr_line' id='line_1_127' title="bbox 1102 2704 1969 2745; baseline 0.003 -13"><span class='ocrx_word' id='word_1_960' title='bbox 1102 2704 1230 2745; x_wconf 72' lang='lat' dir='ltr'>pignus,</span> <span class='ocrx_word' id='word_1_961' title='bbox 1246 2704 1350 2743; x_wconf 77' lang='lat' dir='ltr'>usurae</span> <span class='ocrx_word' id='word_1_962' title='bbox 1367 2713 1423 2733; x_wconf 84' lang='lat' dir='ltr'>non</span> <span class='ocrx_word' id='word_1_963' title='bbox 1440 2711 1582 2736; x_wconf 70' lang='lat' dir='ltr'>currunt:</span> <span class='ocrx_word' id='word_1_964' title='bbox 1605 2705 1654 2735; x_wconf 78' lang='lat' dir='ltr'>lite</span> <span class='ocrx_word' id='word_1_965' title='bbox 1671 2705 1845 2745; x_wconf 73' lang='lat' dir='ltr'>contestata,</span> <span class='ocrx_word' id='word_1_966' title='bbox 1867 2710 1969 2745; x_wconf 62' lang='lat' dir='ltr'>usurae</span> 
     </span>
     <span class='ocr_line' id='line_1_128' title="bbox 1106 2743 1972 2786; baseline 0.001 -11"><span class='ocrx_word' id='word_1_967' title='bbox 1106 2751 1241 2775; x_wconf 75' lang='lat' dir='ltr'>currunt.</span> <span class='ocrx_word' id='word_1_968' title='bbox 1273 2743 1374 2775; x_wconf 85' lang='lat' dir='ltr'>sensus</span> <span class='ocrx_word' id='word_1_969' title='bbox 1399 2745 1462 2783; x_wconf 77' lang='lat' dir='ltr'>elt3</span> <span class='ocrx_word' id='word_1_970' title='bbox 1487 2746 1664 2777; x_wconf 80' lang='lat' dir='ltr'>novatione</span> <span class='ocrx_word' id='word_1_971' title='bbox 1681 2747 1810 2786; x_wconf 87' lang='lat' dir='ltr'>quidem</span> <span class='ocrx_word' id='word_1_972' title='bbox 1831 2756 1900 2786; x_wconf 86' lang='lat' dir='ltr'>quae</span> <span class='ocrx_word' id='word_1_973' title='bbox 1918 2755 1972 2776; x_wconf 91' lang='lat' dir='ltr'>vo-</span> 
     </span>
     <span class='ocr_line' id='line_1_129' title="bbox 1106 2786 1970 2828; baseline 0.002 -11"><span class='ocrx_word' id='word_1_974' title='bbox 1106 2786 1227 2817; x_wconf 86' lang='lat' dir='ltr'>luntate</span> <span class='ocrx_word' id='word_1_975' title='bbox 1245 2786 1413 2817; x_wconf 88' lang='lat' dir='ltr'>creditoris</span> <span class='ocrx_word' id='word_1_976' title='bbox 1438 2786 1467 2817; x_wconf 82' lang='lat'>&amp;</span> <span class='ocrx_word' id='word_1_977' title='bbox 1487 2788 1642 2819; x_wconf 82' lang='lat' dir='ltr'>debitoris</span> <span class='ocrx_word' id='word_1_978' title='bbox 1659 2788 1800 2828; x_wconf 79' lang='lat' dir='ltr'>legitime</span> <span class='ocrx_word' id='word_1_979' title='bbox 1817 2788 1898 2819; x_wconf 68' lang='lat' dir='ltr'>facia</span> <span class='ocrx_word' id='word_1_980' title='bbox 1917 2787 1970 2826; x_wconf 86' lang='lat' dir='ltr'>fit,</span> 
     </span>
     <span class='ocr_line' id='line_1_130' title="bbox 1107 2827 1972 2870; baseline 0.001 -13"><span class='ocrx_word' id='word_1_981' title='bbox 1107 2828 1136 2858; x_wconf 74' lang='lat' dir='ltr'>(Sc</span> <span class='ocrx_word' id='word_1_982' title='bbox 1163 2827 1363 2867; x_wconf 79' lang='lat' dir='ltr'>hypothecas</span> <span class='ocrx_word' id='word_1_983' title='bbox 1389 2827 1531 2867; x_wconf 79' lang='lat' dir='ltr'>liberari,</span> <span class='ocrx_word' id='word_1_984' title='bbox 1555 2829 1585 2860; x_wconf 71' lang='grc' dir='ltr'>ὅ(</span> <span class='ocrx_word' id='word_1_985' title='bbox 1609 2830 1722 2870; x_wconf 81' lang='lat' dir='ltr'>pignus</span> <span class='ocrx_word' id='word_1_986' title='bbox 1737 2853 1746 2868; x_wconf 92' lang='lat'>,</span> <span class='ocrx_word' id='word_1_987' title='bbox 1772 2829 1874 2861; x_wconf 84' lang='lat' dir='ltr'>usuras</span> <span class='ocrx_word' id='word_1_988' title='bbox 1895 2837 1972 2867; x_wconf 89' lang='lat' dir='ltr'>quo-</span> 
     </span>
     <span class='ocr_line' id='line_1_131' title="bbox 1108 2868 1970 2911; baseline 0.002 -13"><span class='ocrx_word' id='word_1_989' title='bbox 1108 2877 1170 2908; x_wconf 86' lang='lat' dir='ltr'>que</span> <span class='ocrx_word' id='word_1_990' title='bbox 1196 2868 1337 2899; x_wconf 81' lang='lat' dir='ltr'>definere</span> <span class='ocrx_word' id='word_1_991' title='bbox 1361 2878 1512 2908; x_wconf 79' lang='lat' dir='ltr'>curi-ere;</span> <span class='ocrx_word' id='word_1_992' title='bbox 1537 2880 1653 2911; x_wconf 86' lang='lat' dir='ltr'>nempe</span> <span class='ocrx_word' id='word_1_993' title='bbox 1670 2895 1679 2909; x_wconf 95' lang='lat'>,</span> <span class='ocrx_word' id='word_1_994' title='bbox 1711 2872 1782 2911; x_wconf 78' lang='lat' dir='ltr'>quia</span> <span class='ocrx_word' id='word_1_995' title='bbox 1808 2869 1970 2910; x_wconf 83' lang='lat' dir='ltr'>principali</span> 
     </span>
     <span class='ocr_line' id='line_1_132' title="bbox 1108 2910 1971 2953; baseline 0.002 -14"><span class='ocrx_word' id='word_1_996' title='bbox 1108 2910 1305 2950; x_wconf 78' lang='lat' dir='ltr'>obligatione</span> <span class='ocrx_word' id='word_1_997' title='bbox 1328 2910 1495 2942; x_wconf 85' lang='lat' dir='ltr'>creditoris</span> <span class='ocrx_word' id='word_1_998' title='bbox 1519 2913 1683 2943; x_wconf 87' lang='lat' dir='ltr'>voluntate</span> <span class='ocrx_word' id='word_1_999' title='bbox 1703 2913 1861 2950; x_wconf 49' lang='lat' dir='ltr'>exstricta,</span> <span class='ocrx_word' id='word_1_1000' title='bbox 1885 2911 1971 2953; x_wconf 86' lang='lat' dir='ltr'>dein-</span> 
     </span>
     <span class='ocr_line' id='line_1_133' title="bbox 1108 2950 1971 2992; baseline 0.001 -12"><span class='ocrx_word' id='word_1_1001' title='bbox 1108 2952 1148 2981; x_wconf 88' lang='lat' dir='ltr'>de</span> <span class='ocrx_word' id='word_1_1002' title='bbox 1172 2960 1232 2981; x_wconf 91' lang='lat' dir='ltr'>nec</span> <span class='ocrx_word' id='word_1_1003' title='bbox 1254 2960 1290 2981; x_wconf 83' lang='lat' dir='ltr'>ea</span> <span class='ocrx_word' id='word_1_1004' title='bbox 1312 2960 1383 2992; x_wconf 83' lang='lat' dir='ltr'>quae</span> <span class='ocrx_word' id='word_1_1005' title='bbox 1398 2951 1567 2984; x_wconf 80' lang='lat' dir='ltr'>accefforia</span> <span class='ocrx_word' id='word_1_1006' title='bbox 1590 2953 1677 2991; x_wconf 87' lang='lat' dir='ltr'>sunt,</span> <span class='ocrx_word' id='word_1_1007' title='bbox 1703 2953 1872 2985; x_wconf 77' lang='lat' dir='ltr'>subsistunt.</span> <span class='ocrx_word' id='word_1_1008' title='bbox 1897 2959 1928 2981; x_wconf 85' lang='lat' dir='ltr'>at</span> <span class='ocrx_word' id='word_1_1009' title='bbox 1950 2950 1971 2982; x_wconf 82' lang='lat' dir='ltr'>fi</span> 
     </span>
     <span class='ocr_line' id='line_1_134' title="bbox 1108 2991 1971 3028; baseline 0 -7"><span class='ocrx_word' id='word_1_1010' title='bbox 1108 2992 1144 3022; x_wconf 74' lang='lat' dir='ltr'>lis</span> <span class='ocrx_word' id='word_1_1011' title='bbox 1162 2991 1197 3022; x_wconf 83' lang='lat' dir='ltr'>fit</span> <span class='ocrx_word' id='word_1_1012' title='bbox 1212 2993 1294 3023; x_wconf 83' lang='lat' dir='ltr'>inter</span> <span class='ocrx_word' id='word_1_1013' title='bbox 1315 2994 1508 3025; x_wconf 86' lang='lat' dir='ltr'>creditorem</span> <span class='ocrx_word' id='word_1_1014' title='bbox 1528 2995 1557 3025; x_wconf 70' lang='grc' dir='ltr'>ὅ(</span> <span class='ocrx_word' id='word_1_1015' title='bbox 1577 2995 1757 3026; x_wconf 86' lang='lat' dir='ltr'>debitorem</span> <span class='ocrx_word' id='word_1_1016' title='bbox 1777 2992 1971 3028; x_wconf 74' lang='lat' dir='ltr'>contestata,</span> 
     </span>
     <span class='ocr_line' id='line_1_135' title="bbox 1108 3032 1968 3075; baseline -0.002 -12"><span class='ocrx_word' id='word_1_1017' title='bbox 1108 3032 1162 3064; x_wconf 77' lang='lat' dir='ltr'>etsi</span> <span class='ocrx_word' id='word_1_1018' title='bbox 1183 3033 1266 3064; x_wconf 85' lang='lat' dir='ltr'>idem</span> <span class='ocrx_word' id='word_1_1019' title='bbox 1288 3034 1386 3065; x_wconf 83' lang='lat' dir='ltr'>videi-i</span> <span class='ocrx_word' id='word_1_1020' title='bbox 1408 3036 1517 3075; x_wconf 88' lang='lat' dir='ltr'>possit,</span> <span class='ocrx_word' id='word_1_1021' title='bbox 1542 3037 1613 3074; x_wconf 84' lang='lat' dir='ltr'>quia</span> <span class='ocrx_word' id='word_1_1022' title='bbox 1639 3037 1748 3068; x_wconf 76' lang='lat' dir='ltr'>&amp;litis</span> <span class='ocrx_word' id='word_1_1023' title='bbox 1763 3032 1968 3065; x_wconf 80' lang='lat' dir='ltr'>contestatio-</span> 
     </span>
     <span class='ocr_line' id='line_1_136' title="bbox 1106 3072 1971 3117; baseline -0.001 -13"><span class='ocrx_word' id='word_1_1024' title='bbox 1106 3084 1147 3104; x_wconf 89' lang='lat' dir='ltr'>ne</span> <span class='ocrx_word' id='word_1_1025' title='bbox 1169 3075 1300 3105; x_wconf 80' lang='lat' dir='ltr'>novatio</span> <span class='ocrx_word' id='word_1_1026' title='bbox 1334 3074 1403 3107; x_wconf 88' lang='lat' dir='ltr'>fieri</span> <span class='ocrx_word' id='word_1_1027' title='bbox 1435 3077 1647 3117; x_wconf 82' lang='lat' dir='ltr'>intelligitur:</span> <span class='ocrx_word' id='word_1_1028' title='bbox 1679 3085 1783 3109; x_wconf 84' lang='lat' dir='ltr'>tamen</span> <span class='ocrx_word' id='word_1_1029' title='bbox 1813 3084 1877 3105; x_wconf 86' lang='lat' dir='ltr'>non</span> <span class='ocrx_word' id='word_1_1030' title='bbox 1909 3072 1971 3104; x_wconf 81' lang='lat' dir='ltr'>effe</span> 
     </span>
     <span class='ocr_line' id='line_1_137' title="bbox 1108 3115 1969 3156; baseline -0.001 -11"><span class='ocrx_word' id='word_1_1031' title='bbox 1108 3115 1203 3146; x_wconf 88' lang='lat' dir='ltr'>idem.</span> <span class='ocrx_word' id='word_1_1032' title='bbox 1237 3116 1375 3155; x_wconf 86' lang='lat' dir='ltr'>scilicet,</span> <span class='ocrx_word' id='word_1_1033' title='bbox 1400 3118 1472 3156; x_wconf 81' lang='lat' dir='ltr'>quia</span> <span class='ocrx_word' id='word_1_1034' title='bbox 1495 3128 1530 3148; x_wconf 84' lang='lat' dir='ltr'>ea</span> <span class='ocrx_word' id='word_1_1035' title='bbox 1555 3120 1687 3150; x_wconf 80' lang='lat' dir='ltr'>novatio</span> <span class='ocrx_word' id='word_1_1036' title='bbox 1713 3117 1748 3148; x_wconf 89' lang='lat' dir='ltr'>fit</span> <span class='ocrx_word' id='word_1_1037' title='bbox 1769 3115 1969 3152; x_wconf 73' lang='lat' dir='ltr'>necestitate,</span> 
     </span>
     <span class='ocr_line' id='line_1_138' title="bbox 1108 3157 1969 3198; baseline -0.001 -12"><span class='ocrx_word' id='word_1_1038' title='bbox 1108 3166 1206 3196; x_wconf 75' lang='lat' dir='ltr'>atque</span> <span class='ocrx_word' id='word_1_1039' title='bbox 1230 3157 1303 3188; x_wconf 84' lang='lat' dir='ltr'>ideo</span> <span class='ocrx_word' id='word_1_1040' title='bbox 1319 3168 1355 3189; x_wconf 85' lang='lat' dir='ltr'>ea</span> <span class='ocrx_word' id='word_1_1041' title='bbox 1372 3159 1560 3198; x_wconf 80' lang='lat' dir='ltr'>plerumque</span> <span class='ocrx_word' id='word_1_1042' title='bbox 1579 3161 1692 3192; x_wconf 82' lang='lat' dir='ltr'>melior</span> <span class='ocrx_word' id='word_1_1043' title='bbox 1707 3159 1742 3190; x_wconf 91' lang='lat' dir='ltr'>fit</span> <span class='ocrx_word' id='word_1_1044' title='bbox 1759 3157 1872 3188; x_wconf 67' lang='lat' dir='ltr'>atini-is</span> <span class='ocrx_word' id='word_1_1045' title='bbox 1892 3164 1969 3185; x_wconf 88' lang='lat' dir='ltr'>con-</span> 
     </span>
     <span class='ocr_line' id='line_1_139' title="bbox 1109 3198 1966 3267; baseline 0.001 -38"><span class='ocrx_word' id='word_1_1046' title='bbox 1109 3199 1208 3237; x_wconf 85' lang='lat' dir='ltr'>ditio,</span> <span class='ocrx_word' id='word_1_1047' title='bbox 1232 3199 1373 3231; x_wconf 80' lang='lat' dir='ltr'>deterior</span> <span class='ocrx_word' id='word_1_1048' title='bbox 1395 3209 1458 3232; x_wconf 88' lang='lat' dir='ltr'>non</span> <span class='ocrx_word' id='word_1_1049' title='bbox 1484 3199 1517 3231; x_wconf 83' lang='lat' dir='ltr'>fit</span> <span class='ocrx_word' id='word_1_1050' title='bbox 1543 3201 1560 3232; x_wconf 81' lang='lat' dir='ltr'>l.</span> <span class='ocrx_word' id='word_1_1051' title='bbox 1580 3210 1627 3237; x_wconf 82' lang='lat'>29.</span> <span class='ocrx_word' id='word_1_1052' title='bbox 1652 3201 1691 3232; x_wconf 89' lang='lat' dir='ltr'>D.</span> <span class='ocrx_word' id='word_1_1053' title='bbox 1710 3201 1742 3232; x_wconf 82' lang='lat' dir='ltr'>de</span> <span class='ocrx_word' id='word_1_1054' title='bbox 1759 3198 1966 3267; x_wconf 45' lang='lat' dir='ltr'>iiovctcionz&#39;gzffl·</span> 
     </span>
     <span class='ocr_line' id='line_1_140' title="bbox 1921 3243 1963 3266; baseline -0.024 0"><span class='ocrx_word' id='word_1_1055' title='bbox 1921 3243 1963 3266; x_wconf 81' lang='lat' dir='ltr'>ite</span> 
     </span>
    </p>
   </div>
   <div class='ocr_carea' id='block_1_16' title="bbox 2040 19 2049 526">
    <p class='ocr_par' dir='ltr' id='par_1_17' title="bbox 2040 19 2049 526">
     <span class='ocr_line' id='line_1_141' title="bbox 2040 19 2049 526; baseline 0 0"><span class='ocrx_word' id='word_1_1056' title='bbox 2040 19 2049 526; x_wconf 95' lang='lat' dir='ltr'> </span> 
     </span>
    </p>
   </div>
  </div>
 </body>
</html>
