2052 3487
175 140 244 185 5435.

175 215 276 252 fecit,
300 217 333 243 ut
351 210 481 242 haberet
497 201 714 250 pon'effionem
739 210 831 248 quam
850 200 879 231 ei
904 200 1033 235 aftione,

175 254 219 290 ex*
243 260 353 293 empto
377 252 441 283 dari
465 249 660 290 oportebat:
694 252 759 283 quo
783 252 811 274 in
842 251 961 282 genere.
986 242 1031 273 lu.

176 291 525 330 crandi.fraudandique
542 287 662 318 animus
682 283 805 322 cessat3
827 291 888 313 nec
911 281 1032 327 furtum

176 335 248 368 cuin
262 332 385 366 ratione
401 330 550 371 appellari
570 323 693 367 potest:
719 332 752 371 tit
775 320 1032 369 bene-Ulpianus

176 376 301 408 tradidit
319 374 338 403 l.
365 381 410 411 14.
436 372 464 413 §.
487 379 513 401 1.
537 368 579 398 l).
600 368 633 397 cie
646 365 758 406 furtis.-
781 365 811 395 ἀ
836 363 985 404 Virgilius
1003 374 1034 395 in

175 417 262 450 fimili
282 413 370 445 sensit
390 414 428 446 ,in
452 409 615 443 Bucolicis,
648 405 798 446 Eclogsg.
825 406 878 435 ubi
904 404 1034 436 Damoe-

177 467 222 489 tas
240 455 316 486 furti
339 452 547 493 suspicionem
564 448 649 487 cujus
675 456 694 491 a
708 445 858 477 Menalca
881 445 1033 480 infimula2

176 499 285 532 batur,
308 504 325 525 a
341 493 370 524 se
393 492 533 522 vietoriae
551 489 653 521 fei-me
674 487 767 526 titulo
785 486 943 518 amolitur.
971 485 1035 517 Lo-

177 547 231 568 cus
248 534 369 574 Virgilii
393 533 460 564 talis
483 531 538 563 est.

177 579 248 610 ΜΕ.
276 576 347 608 Non
373 583 421 615 ego
439 580 464 603 ze
481 573 545 603 vidi
558 570 703 602 Damonis
719 592 729 608 ,
754 566 866 608 peffi'me
880 591 890 606 ,
921 575 1037 609 caprum

274 617 413 655 Excipere
428 612 538 651 insidiis
551 636 560 650 ,
582 612 704 642 muitum
723 611 849 640 latrante
867 609 1015 650 Lycisca?

275 657 317 688 Et
336 666 399 686 cum
416 655 587 690 clamarem,
611 662 664 693 quo
682 661 760 681 nunc
772 650 805 690 se
819 652 942 690 proripit
965 650 1037 682 ille?

278 697 393 738 Tityre,
416 705 480 737 coge
498 703 602 735 pecus:
624 699 656 722 tu
675 690 737 733 post
754 691 865 722 caresta
882 692 997 722 latebas.

179 738 244 772 DA.
279 734 330 768 An
345 739 415 768 mioi
435 737 578 767 cantando
602 732 697 764 vitius
715 742 772 763 non
789 733 998 771 redderet‘z‘tie,

276 779 371 822 Quem
399 787 460 808 mea
492 776 670 817 carminibus
697 773 839 813 meruzffet
861 772 965 814 fistula
989 783 1037 804 ca·

304 827 391 859 prum
407 818 424 850 ?

277 861 311 891 Si
326 860 433 899 uestis,
456 867 534 890 meus
559 857 606 888 ille
621 862 704 897 caper
720 855 809 896 fuit,
833 855 869 891 ὅ)
886 855 957 886 mibi
973 854 1036 886 Da-

306 910 370 931 mon

279 942 340 982 Ipse
348 941 521 981 fatebatur3
537 939 589 979 sed
610 939 723 969 reddere
734 936 807 978 pqffe
824 938 955 977 negabat.

177 992 308 1024 Furtum
331 989 426 1030 igitur
447 988 531 1028 capri
557 997 618 1019 nec
639 987 803 1018 Damoetas
830 988 913 1025 apud
934 986 1035 1027 Virgi-

180 1034 276 1070 lium,
300 1039 359 1061 nec
378 1038 505 1069 emptor
520 1030 602 1069 apud
622 1028 812 1069 Ulpianum,
830 1027 930 1066 fecit;
953 1027 1036 1068 post-

179 1082 272 1114 quam
297 1071 433 1113 pretium
460 1070 576 1101 solvit:
609 1079 737 1109 caprum
771 1078 877 1100 tamen
905 1077 1040 1109 uterque

179 1123 294 1157 praeter
324 1112 523 1143 voluntatem
556 1110 874 1142 dominiinciVilitei·
907 1119 1043 1149 occupa-

181 1156 250 1192 vit;
274 1155 301 1185 ἃ
321 1154 395 1184 ideo
411 1154 519 1192 praedo
534 1162 599 1183 non
620 1152 702 1184 male
719 1151 940 1192 appellabitur.
965 1150 1042 1182 Hoc

180 1196 294 1228 Paulus
312 1195 409 1225 docet
427 1194 446 1225 l.
467 1205 494 1230 ς.
514 1192 556 1224 D.
583 1194 615 1224 de
638 1194 816 1234 adquirenda
837 1193 883 1223 vei
906 1192 1040 1223 amitten-

178 1238 217 1269 da
242 1233 410 1277 poffeffione.
455 1235 549 1266 Addo
583 1234 797 1275 Imperatores
817 1257 826 1272 ,
861 1233 1037 1264 Diocletia-

181 1287 257 1310 num
274 1281 302 1307 ἃ
322 1276 574 1313 Maximianum,
596 1276 614 1306 l.
635 1285 663 1311 9.
681 1275 712 1306 C.
730 1276 788 1306 eod.
809 1277 855 1306 tit.
881 1283 914 1305 ut
939 1273 1043 1306 sanem

180 1328 291 1350 eorum
319 1317 415 1348 verba
434 1340 444 1355 ,
477 1318 591 1357 quibus
616 1317 723 1347 nescio
742 1316 818 1356 quid
838 1315 881 1347 est
897 1316 967 1346 maii
988 1316 1041 1346 im-

182 1361 339 1400 prudente
357 1358 517 1398 objectum
534 1366 637 1390 manu.
679 1356 789 1389 Verba
810 1356 1042 1398 Imperatorum

182 1400 251 1432 fere
274 1400 315 1431 ita
339 1400 485 1431 eduntur.

222 1441 289 1473 Nee
310 1450 346 1471 ex
365 1450 435 1472 vera
457 1440 622 1470 venditione
638 1437 824 1480 ptffeffionem
838 1461 847 1475 ,
877 1448 964 1479 quam
984 1447 1042 1469 non

232 1483 339 1522 fuerat
352 1487 459 1522 emptor
479 1483 598 1521 adeptus
613 1504 624 1520 ,
656 1481 776 1521 improbe
800 1481 917 1511 retinere
933 1478 1042 1520 potest:

759 114 1091 161 *Gaii-Anni
1141 110 1373 145 Noonr

1132 209 1166 230 ac
1181 197 1269 229 mulio
1291 198 1388 229 minus
1403 197 1447 235 is,
1470 196 1520 238 qui
1536 196 1746 238 adseveratione
1753 196 1836 237 falstz
1847 197 1934 235 *velue

1132 245 1258 278 emptor,
1281 249 1345 270 cum
1355 239 1420 277 sine
1441 240 1608 279 obligatione
1631 240 1762 280 pignoris
1782 247 1936 279 pecuniam

1134 288 1234 312 mutuo
1254 280 1364 320 clediffet
1376 304 1384 319 ‚
1400 281 1534 320 fantium
1550 281 1711 343 irrumpens
1725 280 1872 320 alienum,
1894 291 1937 312 re-

1138 323 1249 352 tinendi
1265 322 1377 364 justam
1393 329 1508 360 cazijam
1522 322 1614 354 habet.
1638 335 1662 364 ’Ἴ

1077 363 1129 394 Sic
1155 363 1260 403 vulgo.
1304 363 1387 395 Alias
1418 363 1461 393 ita
1493 362 1553 404 legi
1578 355 1742 407 Accbrfius
1766 362 1797 394 iii
1826 359 1938 394 Giofl'a

1077 404 1186 435 auctor
1204 403 1247 435 est
1265 404 1312 436 lit.
1357 403 1393 435 E.

1119 445 1184 477 Nec
1205 454 1240 475 ex
1255 454 1326 476 vera
1341 445 1502 476 venditione
1522 441 1709 486 poffeffionem
1727 467 1737 480 .,
1770 453 1857 485 quam
1880 454 1938 475 non

1133 487 1238 526 fuerat
1255 492 1359 526 emptor
1376 487 1513 526 adeptus,
1530 487 1615 527 probe
1635 488 1757 518 retinere
1773 483 1874 526 potest.
1907 486 1948 517 ὅτ..

1140 535 1269 566 reiiqua.

1080 568 1141 599 Sed
1157 568 1186 599 &
1204 569 1267 598 hoc
1287 568 1368 599 male
1385 567 1414 598 ὅ(
1439 567 1524 599 illud.
1548 577 1736 608 quamquam
1752 590 1763 606 ,
1794 566 1814 598 fi
1834 566 1939 607 poste-

1079 611 1142 642 rius
1161 609 1282 649 placet,
1307 608 1382 640 nihil
1400 607 1555 647 sollicito,
1571 619 1687 649 praetei·
1706 617 1831 639 comma
1851 608 1940 648 quod

1081 652 1181 681 verbo
1202 652 1317 689 adeptus
1336 649 1506 689 subjicitur.
1530 650 1684 688 transfer,
1710 650 1738 680 ά
1766 658 1851 690 pone
1869 648 1948 688 post*

1081 692 1214 722 verbum
1241 690 1372 730 sequens
1392 714 1401 729 ,
1430 693 1534 731 probe:
1567 701 1600 723 ut
1631 691 1676 723 fit.
1722 690 1786 721 Nec
1811 700 1847 721 ex
1872 700 1941 721 vera

1079 734 1244 763 venditione
1265 731 1451 773 poffeffioneni
1470 755 1479 770 ‚
1509 742 1596 773 quam
1621 742 1678 763 non
1700 732 1805 771 fuerat
1834 736 1943 771 emptor

1080 776 1197 814 adeptus
1220 776 1305 814 probe
1323 797 1331 810 ,
1364 775 1485 804 retinere
1507 772 1604 813 potest.
1648 773 1700 804 Sin
1732 772 1829 813 magi<
1853 773 1942 812 prior

1081 814 1232 855 scriptura
1252 815 1397 852 arridet3
1431 817 1623 855 interpungo
1647 814 1775 845 itidem:
1801 813 1852 844 sed
1876 814 1941 843 boc

1081 857 1149 897 plus
1180 855 1321 894 censeo,
1355 865 1412 895 pro
1438 865 1520 886 voce
1549 856 1629 893 ista,
1659 865 1737 892 non,
1767 855 1940 895 legentium

1080 898 1178 928 modo.-
1200 897 1231 928 id
1257 895 1320 934 est,
1343 903 1455 934 tamen,
1480 896 1619 928 detracta
1639 904 1780 934 tantum,
1805 904 1869 926 non
1892 895 1939 926 di-

1081 947 1151 969 cam
1176 938 1299 969 literula
1322 947 1403 976 una,
1438 939 1490 968 led
1508 938 1640 969 lineola:
1673 936 1753 968 solet
1778 937 1880 974 enim,
1905 943 1951 972 ut*

1080 980 1193 1012 Petrus
1217 977 1316 1009 Faber
1339 979 1482 1010 meminit
1507 979 1553 1011 lib.
1583 988 1607 1010 1.
1632 976 1812 1019 Seiriestritim
1838 988 1862 1008 c.
1890 986 1938 1016 14.

1079 1028 1175 1059 altera
1197 1036 1261 1058 vox
1286 1027 1329 1058 ita
1354 1026 1444 1058 scribi
1463 1021 1500 1057 ni]
1516 1051 1526 1066 ,
1557 1028 1654 1058 altera
1671 1025 1713 1058 fic
1738 1022 1791 1058 rmJ.
1836 1025 1951 1067 Leges.

1084 1070 1198 1109 igitur,
1222 1068 1242 1099 ii
1261 1069 1405 1106 videtur,
1429 1077 1504 1099 meo
1527 1068 1679 1106 periculo.
1723 1068 1789 1099 Nec
1812 1077 1849 1098 ex
1872 1076 1943 1098 vera

1084 1111 1249 1141 venditione
1268 1107 1455 1149 paffeffionem
1472 1132 1481 1146 ,
1513 1119 1598 1149 quam
1621 1110 1699 1139 modo
1714 1110 1820 1147 fuerat
1835 1113 1942 1148 emptor

1084 1153 1203 1191 adeptus
1221 1151 1341 1190 improbe
1359 1173 1368 1187 ,
1392 1153 1511 1181 retinere
1526 1147 1622 1190 potest.
1669 1149 1766 1181 Poffis
1783 1150 1812 1180 &
1836 1153 1878 1180 ita
1896 1150 1942 1179 le·

1084 1201 1178 1232 gere,
1200 1191 1367 1231 conjuncta
1389 1199 1520 1230 utraque
1545 1191 1705 1230 scriptura.
1749 1190 1814 1221 Nec
1834 1199 1870 1220 ex
1894 1199 1943 1220 ve·

1084 1244 1118 1264 ra
1141 1233 1304 1264 venditione
1314 1230 1503 1272 «paffeffionem
1518 1255 1527 1269 ,
1559 1241 1647 1273 quam
1668 1232 1746 1261 modo
1763 1231 1869 1270 fuerat
1885 1240 1941 1261 em·

1081 1281 1148 1314 pior
1171 1275 1288 1314 adeptus
1309 1272 1524 1304 imPROBE
1546 1273 1666 1303 retinere
1688 1272 1793 1313 potest:
1819 1273 1848 1303 id
1876 1271 1942 1309 est,

1084 1325 1170 1356 quain
1187 1316 1263 1345 modo
1281 1315 1378 1350 fuerat
1398 1321 1505 1354 emptor
1531 1315 1647 1353 adeptus
1668 1315 1788 1353 improbe
1801 1315 1884 1353 probe
1901 1322 1944 1343 re-

1085 1359 1175 1387 tinere
1196 1353 1294 1396 potest.
1337 1354 1436 1397 Quod
1463 1354 1664 1394 sequentibus
1688 1354 1879 1393 respondet,
1912 1354 1943 1384 ὅτ

1086 1397 1124 1428 ab
1149 1398 1259 1429 iisdem
1289 1395 1534 1436 imperatoribus
1563 1397 1593 1426 in
1626 1395 1646 1425 l.
1693 1419 1699 1426 .
1725 1397 1784 1426 eod.
1810 1397 1855 1427 tit.
1876 1394 1944 1425 hoc

1085 1439 1185 1470 niodo
1204 1438 1400 1478 exprimitur.
1446 1437 1576 1477 Improba
1589 1405 1712 1477 paffespo
1724 1436 1847 1477 firmum
1870 1438 1951 1470 titur,

1084 1480 1145 1510 lum
1163 1476 1459 1520 poffiaentipraeftare
1474 1478 1586 1509 nulium
1599 1475 1701 1518 potest.

912 1596 1122 1631 CAPUT
1172 1595 1220 1632 V.

183 1697 313 1749 Quando
329 1693 370 1735 E?
392 1697 443 1731 ubi
459 1697 490 1731 in
509 1695 724 1730 criminalibus
740 1691 836 1738 causis
851 1692 998 1738 deservis
1023 1691 1165 1737 adversus
1185 1692 1318 1727 doriiinos
1341 1692 1488 1727 habeatur
1511 1692 1643 1741 qutesti'o.

236 1758 266 1781 1.
294 1746 326 1780 C.
344 1747 378 1780 de
397 1744 608 1792 qucfflianibiss
628 1744 784 1777 vindicata
807 1753 827 1775 α
849 1742 957 1776 menia
975 1740 1017 1780 &J
1039 1739 1186 1787 eapofita.

250 1841 374 1882 xperiar
404 1840 469 1872 hoc
502 1839 532 1871 &
556 1836 706 1879 sequente
733 1836 836 1878 capite
852 1859 862 1876 ,
892 1846 929 1868 an
952 1835 1040 1868 forte

184 1846 239 1917 E
264 1892 376 1923 queam
391 1890 505 1923 pacare
523 1880 617 1911 verba
634 1879 653 1909 l.
674 1888 699 1909 1.
717 1879 750 1909 C.
770 1880 802 1908 de
818 1875 1038 1924 questionibus,

185 1933 254 1965 qua:
273 1925 335 1955 levi
358 1933 398 1954 ex
417 1921 507 1953 causa
526 1921 756 1964 tumultuantur
774 1919 913 1959 insanum
924 1920 955 1950 in
973 1928 1039 1950 mo-

187 1968 273 1998 dum.
316 1964 376 1994 Sed
395 1964 480 2003 prius
497 1961 558 2001 ipsa
577 1961 672 1992 verba
687 1960 868 1991 adici-ibam.

262 2002 417 2046 icaeslionem
442 2005 474 2034 de
494 2004 583 2039 servis
599 2009 697 2033 contra
721 2003 844 2041 dominiis
858 1999 963 2031 ,baberi
984 2009 1041 2030 non

248 2045 504 2087 oportet:exceptis
521 2043 659 2077 adulterii
673 2043 859 2080 criminibus,
877 2044 943 2071 item
952 2040 1040 2080 frau-

248 2088 310 2118 dati
325 2091 422 2122 census
446 2086 669 2116 attulistionz'biis
684 2106 693 2122 ‚
725 2081 761 2117 ἐξ
777 2085 895 2113 crimine
911 2080 1039 2122 majesta-

246 2130 302 2166 tis,
325 2129 399 2168 quod
416 2128 452 2157 ad
462 2126 589 2166 finitatem
607 2125 751 2165 Principis
770 2125 903 2162 pertinet.
941 2123 977 2154 ln
992 2133 1041 2154 cce*

247 2171 316 2199 teris
339 2174 432 2198 autem
455 2176 621 2208 quanquam
644 2175 677 2195 ea
693 2188 702 2203 ,
732 2175 793 2206 quae
818 2168 918 2205 servus
943 2170 1042 2195 contra

248 2209 395 2240 dominum
412 2209 515 2245 dixit,
541 2207 707 2249 judicaturi
723 2207 897 2246 sententiam
912 2205 1044 2244 formare

249 2259 305 2281 non
323 2251 468 2287 debeant,
497 2253 591 2279 tamen
608 2245 637 2283 fi
659 2247 723 2276 aliis
741 2256 850 2287 quoque
870 2247 1043 2286 probationi-

247 2292 299 2321 bus
319 2288 393 2330 fides
421 2290 552 2320 veritatis
582 2284 770 2328 investigetur
789 2310 797 2324 ,
823 2288 1044 2327 praescriptionis

248 2332 363 2362 invidia
394 2332 543 2365 evanescit.
597 2328 634 2360 Itz
655 2329 834 2368 pecuniariis
857 2338 922 2358 vero
953 2326 1044 2365 caufis

249 2382 301 2403 nec
324 2373 421 2412 inopia
442 2371 644 2412 probationum
659 2373 760 2408 servos
786 2375 885 2400 contra
903 2370 1047 2400 dominum

247 2414 419 2454 interrogari
431 2412 522 2452 paffe,
547 2410 728 2450 iizanifeftum
745 2408 793 2450 est.

188 2455 329 2488 Primum
354 2462 470 2494 negant
494 2453 704 2493 Imperatores
722 2474 731 2489 ‚
762 2460 887 2491 aequum
925 2451 1045 2482 bonum

190 2495 277 2534 effe,
314 2494 420 2526 servos
450 2495 479 2525 in
512 2492 696 2524 criminibus
723 2491 868 2524 adversus
899 2494 1047 2523 dominos

191 2535 345 2576 torqueri.
388 2534 516 2566 Deinde
541 2535 722 2574 excipiunt,
752 2532 806 2564 nisi
830 2533 864 2564 sit
890 2532 1047 2564 accusatio

190 2576 358 2614 adulterii,
380 2584 432 2606 aut
449 2574 583 2606 fraudati
604 2574 733 2611 census,
763 2582 815 2604 aut
834 2574 954 2605 crimen
978 2584 1046 2614 per-

191 2617 372 2649 duellionis.
415 2615 502 2647 Tum
527 2615 643 2646 rui-sum
672 2615 809 2646 scribunt
826 2638 835 2652 ‚
868 2616 899 2646 in
923 2617 1047 2646 caeteris

191 2668 227 2690 ea
256 2667 325 2698 quae
354 2656 458 2688 servus
481 2664 592 2687 contra
611 2657 775 2687 dominum
797 2657 877 2686 dixit
895 2679 903 2694 ,
931 2656 1047 2696 judica·

191 2700 252 2731 turi
272 2698 455 2729 sententiam
479 2707 543 2728 non
562 2697 718 2734 formare,
750 2696 803 2727 nifi
822 2697 888 2727 aliis
916 2707 1046 2737 quoque

192 2741 295 2772 modis
311 2738 389 2770 fides
409 2739 549 2769 vei-itatis
568 2738 782 2778 investigetur.
824 2737 857 2768 ld
874 2747 951 2769 vero
967 2748 1045 2768 non—

192 2791 233 2814 ne
251 2782 334 2812 idem
350 2779 414 2818 est,
439 2788 475 2810 ac
493 2778 514 2810 fi
538 2779 577 2809 de
595 2779 688 2809 servis
706 2778 912 2818 quaestionem
934 2788 1046 2810 contra

192 2823 340 2854 dominos
359 2821 578 2860 permitterent
591 2842 599 2856 ,
623 2828 693 2849 cum
712 2828 780 2850 cam
801 2819 840 2849 de
861 2819 952 2850 servis
972 2829 1047 2851 coii-

193 2872 240 2894 tra
260 2862 408 2894 dominos
427 2860 569 2893 exerceri
589 2859 787 2900 prohibent?
813 2869 875 2890 non
892 2862 975 2892 enim
992 2863 1047 2892 du-

190 2905 278 2936 bium
305 2902 373 2941 est,
403 2903 478 2940 quin
508 2910 548 2932 ne
570 2904 599 2931 in
628 2901 772 2940 exceptis
796 2901 922 2938 quidem
949 2901 1045 2933 caulis

194 2954 267 2976 ante
285 2943 340 2976 fiat
356 2943 519 2982 quaestioni
543 2942 653 2979 locus,
684 2950 776 2981 quarn
793 2940 813 2972 fi
831 2940 908 2973 fides
933 2945 998 2974 veri
1016 2953 1045 2973 a·

193 2986 241 3017 liis
253 2994 381 3026 quoque
398 2982 637 3024 probationibus
654 2982 836 3012 adstruatur.
854 2981 958 3013 saltem
976 2993 1046 3014 cau·

194 3034 261 3057 tum
278 3026 316 3057 ab
333 3024 472 3065 Augusto
491 3023 553 3060 est,
575 3023 605 3054 in
623 3023 769 3053 eruendis
796 3023 977 3054 criminibus
994 3034 1047 3055 ne-

196 3076 258 3103 que
275 3076 290 3097 a
315 3067 481 3098 tormentis
503 3064 813 3104 eise,.incipiendum‚
836 3072 940 3103 neque
964 3066 1045 3095 adeo

196 3106 291 3138 fidem
316 3107 480 3145 quaestioni
503 3106 691 3137 habendam.
715 3103 767 3135 sed
791 3105 820 3135 ot
842 3103 991 3135 Hadriani
1012 3115 1043 3136 e-

195 3147 306 3187 pistola
322 3147 360 3177 ad
378 3147 528 3178 Sennium
544 3146 693 3178 Sabinum
709 3145 912 3185 continetur,
924 3146 962 3176 ad
981 3153 1044 3176 tor-

193 3195 300 3220 menta
324 3185 484 3220 servorum
510 3188 723 3221 tutuderuum
748 3186 847 3218 veniri
874 3193 1045 3226 oportere,

1074 1959 1227 2000 stionibus.

1693 1692 1777 1728 Pars
1797 1693 1892 1739 prior.
1920 1692 1945 1729 l.

1082 1846 1155 1868 cum
1175 1834 1330 1876 suspectus
1354 1835 1398 1867 est
1423 1846 1493 1868 reus
1509 1861 1518 1877 ,
1548 1838 1578 1869 ἃ
1603 1837 1670 1870 aliis
1687 1837 1878 1878 argumentis
1900 1837 1944 1869 ita

1081 1878 1264 1918 probationi
1289 1879 1477 1909 admovetur
1494 1902 1504 1917 ‚
1536 1887 1570 1910 ut
1594 1879 1656 1910 sola
1685 1879 1843 1910 servorum
1868 1887 1944 1910 con-

1080 1919 1172 1951 feffio
1190 1918 1292 1950 deess‘e
1312 1920 1454 1949 videatur
1471 1919 1489 1949 l.
1505 1929 1528 1951 1.
1547 1928 1594 1959 pr.
1614 1921 1649 1954 ὅ*
1665 1919 1690 1961 §
1709 1930 1733 1951 1.
1759 1919 1790 1950 D
1818 1922 1849 1950 cle
1866 1930 1943 1961 [μια-

1270 1958 1488 2002 Quamobrem
1514 1961 1534 1991 fi
1556 1972 1627 1991 vera
1644 1962 1689 1992 eit
1707 1961 1939 2001 Imperatorum

1084 2001 1179 2032 lcc'tio
1196 2001 1227 2030 in
1245 2001 1272 2030 d.
1303 2001 1323 2032 i.
1351 2009 1376 2031 1.
1402 2001 1434 2030 C.
1451 2002 1483 2031 de
1499 2000 1714 2042 quoeflionibus:
1738 2002 1872 2034 fortaffis
1891 2012 1944 2033 ve-

1083 2042 1215 2073 rendum
1242 2041 1358 2080 fuerit,
1380 2051 1419 2072 ne
1435 2041 1505 2081 ipsis
1523 2042 1685 2074 access‘eiit
1702 2043 1864 2080 delirium,
1889 2050 1944 2074 aut

1084 2083 1183 2114 libido
1205 2081 1234 2112 in
1260 2092 1293 2113 re
1313 2082 1387 2113 seria
1411 2083 1558 2114 ludendi:
1584 2094 1646 2115 non
1665 2085 1748 2115 enim
1773 2094 1812 2115 ex
1836 2081 1954 2114 animo>

1084 2125 1250 2163 quisquam
1274 2131 1392 2165 neget,
1415 2123 1521 2155 servos
1544 2126 1574 2155 in
1602 2125 1784 2157 criminibus
1806 2125 1941 2155 interro-

1085 2165 1149 2205 gari
1169 2187 1178 2203 ,
1208 2173 1419 2204 praeterquam
1443 2166 1474 2196 in
1499 2166 1673 2205 adulterio,
1705 2165 1851 2197 fraudato
1869 2175 1944 2197 cen·

1086 2206 1117 2236 su
1135 2229 1145 2244 ,
1176 2205 1206 2236 δί
1223 2205 1440 2245 perduellione
1458 2216 1468 2244 3
1501 2216 1573 2238 curn
1596 2207 1628 2238 in
1651 2209 1776 2248 caeteris
1796 2207 1942 2247 quaestio-

1087 2256 1158 2278 nem
1191 2246 1306 2287 patitur
1321 2269 1331 2285 ,
1364 2246 1450 2278 simul
1466 2247 1524 2278 alia
1546 2248 1634 2279 eunti
1658 2256 1747 2288 patet
1770 2249 1808 2279 ad
1832 2257 1944 2280 verum

1088 2287 1202 2319 semita.
1245 2286 1388 2326 Tamen,
1410 2297 1449 2319 ne
1469 2288 1544 2329 quid
1562 2298 1682 2320 temere
1698 2291 1871 2329 derogetur
1885 2290 1944 2320 Irn-

1089 2329 1258 2369 peratoriae
1281 2328 1455 2368 majestati,
1486 2330 1648 2371 derogabo
1674 2332 1778 2370 petius
1804 2339 1942 2369 receptae

1089 2370 1228 2402 lectioni.
1272 2368 1368 2400 Extat
1393 2370 1502 2400 vitium
1527 2371 1557 2402 in
1584 2372 1686 2403 verbis
1708 2370 1790 2410 istis,
1822 2372 1852 2401 in
1868 2376 1946 2402 ciete-

1089 2413 1138 2442 ris.
1163 2409 1308 2450 scripsere
1335 2411 1543 2451 Imperatores
1559 2435 1568 2450 ,
1600 2414 1630 2442 in
1651 2414 1698 2443 eis.
1724 2413 1756 2443 id
1779 2421 1836 2451 pro
1855 2410 1945 2443 Nota

1090 2460 1257 2492 acceptum
1279 2451 1322 2482 ob
1345 2453 1537 2484 deteriorem
1563 2452 1764 2494 scripturam,
1791 2452 1820 2484 δι
1844 2462 1945 2484 vocu-

1091 2494 1150 2525 lam
1175 2498 1293 2530 autem‚
1321 2502 1390 2533 qiiae
1417 2493 1493 2524 falso
1511 2495 1605 2532 licet,
1629 2493 1705 2525 falso
1726 2502 1831 2525 tamen
1855 2493 1945 2533 quod

1090 2533 1242 2565 adversari
1262 2535 1445 2566 crederetui·
1462 2558 1471 2573 ‚
1505 2535 1566 2566 levi
1586 2536 1762 2566 mutatione
1780 2534 1896 2566 transiit
1910 2539 1945 2567 iu

1090 2576 1254 2615 sequentes
1281 2576 1383 2606 literas
1400 2599 1410 2614 ,
1441 2577 1472 2606 in
1499 2577 1628 2606 caeteris:
1660 2575 1739 2607 solet
1757 2578 1841 2607 enim
1865 2582 1943 2606 caete-

1089 2627 1174 2653 rum,
1199 2615 1218 2646 fi
1237 2615 1384 2646 Diacono
1401 2617 1574 2654 credimus,
1598 2618 1680 2656 apud
1699 2617 1833 2649 Veteres
1853 2626 1943 2647 nota·

1090 2659 1112 2688 ri
1136 2657 1200 2688 huc
1215 2659 1313 2688 modo
1337 2663 1400 2695 etr,
1425 2658 1499 2689 item
1524 2658 1580 2689 isto
1597 2665 1650 2688 ctr.
1695 2657 1793 2698 igitur
1815 2659 1942 2698 corrigo

1090 2699 1119 2729 ὅ(
1139 2698 1239 2729 scribo
1259 2721 1268 2736 ,
1292 2708 1322 2729 m
1341 2700 1389 2729 eis.
1416 2700 1457 2729 ita
1482 2697 1656 2739 composita
1675 2708 1778 2738 pugna
1796 2709 1805 2737 3
1828 2697 1944 2730 sensus·

1089 2748 1151 2779 quc
1182 2739 1345 2778 optimus,
1386 2737 1602 2782 Quaestionem
1631 2740 1671 2770 de
1704 2740 1798 2770 servis
1831 2748 1943 2771 contra

1089 2781 1237 2811 dominos
1254 2780 1282 2811 in
1300 2781 1483 2812 criminibus
1502 2781 1587 2812 nullo
1601 2781 1667 2820 jure
1684 2786 1846 2820 exerceri,
1868 2790 1944 2821 prae-

1088 2828 1229 2861 terquam
1254 2822 1283 2852 in
1304 2821 1461 2854 adulterio
1481 2845 1490 2860 ,
1521 2821 1668 2853 fraudato
1691 2821 1804 2860 censu,
1837 2824 1866 2853 ot
1884 2822 1941 2852 cri·

1089 2864 1173 2893 mine
1196 2862 1379 2902 majestatis:
1403 2865 1433 2894 in
1458 2863 1521 2894 istis
1539 2865 1621 2894 enim
1639 2886 1648 2900 ,
1681 2863 1731 2894 vel
1757 2873 1784 2893 in
1805 2863 1867 2894 istis
1885 2863 1942 2903 igi-

1090 2911 1139 2933 tur
1160 2904 1281 2946 (autem
1306 2903 1346 2934 fic
1369 2905 1512 2944 accipio:
1536 2913 1570 2935 ut
1586 2904 1670 2945 apud
1692 2903 1895 2944 Papinianum
1920 2903 1941 2934 l.

1092 2952 1137 2982 10.
1160 2944 1188 2985 §.
1212 2953 1236 2975 1.
1262 2944 1304 2975 D.
1328 2946 1361 2974 cie
1376 2943 1494 2983 diverfis
1516 2947 1709 2984 temporalibus
1724 2944 1942 2985 prescriptioni-

1089 2986 1139 3014 bus
1153 3008 1163 3023 ,
1196 2986 1277 3024 apud
1298 2984 1494 3016 Marcianum
1518 2986 1540 3018 l.
1554 2990 1602 3026 65.
1626 2986 1655 3027 ὃ.
1676 2984 1765 3025 4,,241).
1787 2985 1950 3025 detegatis*

1087 3025 1134 3056 lib.
1155 3036 1183 3067 3.
1211 3029 1239 3056 cit
1257 3026 1355 3065 alibi)
1378 3027 1407 3057 in
1432 3027 1494 3058 istis
1518 3028 1621 3066 enim,
1651 3025 1777 3066 inquam
1796 3049 1805 3064 ,
1837 3027 1885 3057 vel
1910 3026 1944 3057 ii)

1087 3066 1149 3096 istis
1178 3067 1271 3107 igitur
1294 3068 1476 3098 criminibus
1492 3092 1502 3103 ‚
1526 3077 1714 3108 quamquam
1738 3076 1775 3098 ea
1797 3076 1867 3106 quae
1883 3066 1943 3097 ser-

1088 3116 1145 3137 vus
1163 3117 1273 3138 contra
1290 3109 1455 3139 dominum
1475 3109 1573 3140 edidit
1599 3118 1654 3148 per
1678 3117 1836 3139 tormenta
1855 3132 1863 3146 ,
1897 3107 1944 3147 ju·

1088 3147 1219 3180 dicaturi
1239 3148 1429 3190 'sententiam
1455 3148 1518 3181 sola
1541 3149 1679 3182 formare
1701 3158 1765 3188 non
1784 3149 1942 3187 debeant3

1089 3195 1193 3235 tamen
1210 3189 1272 3236 ,μῦ
1287 3190 1354 3236 aliis
1372 3199 1508 3237 *quoque
1525 3188 1771 3233 probationibus
1795 3191 1940 3233 verita-tis

1449 3233 1454 3242 ³
1487 3233 1492 3236 ’
1625 3233 1628 3237 ’
1676 3232 1681 3234 ’
1898 3238 1943 3260 in=
