2052 3487
162 123 233 157 254

759 106 1067 144 Gratiani
1117 99 1346 137 Noonr

884 203 1100 291 Cerva·
1167 231 1242 269 VI.

299 337 409 383 Jsts'ori
429 337 510 373 locus
531 337 566 373 de
590 337 707 372 afflone
716 332 832 380 finium
848 331 1053 379 regundorum
1071 331 1111 365 ab
1130 341 1229 365 errore
1245 333 1405 365 revocatus
1420 327 1511 361 unius
1535 326 1631 361 literae
1652 327 1829 363 mutatione.

215 425 310 457 fidoi-i
330 426 371 458 de
400 425 510 459 finium
545 424 763 466 regundorum
793 421 920 453 afflone
947 420 1048 452 verba

230 468 278 498 iio.
296 477 327 508 5.
354 468 514 509 Originum
531 478 556 499 c.
573 477 622 507 25.
649 467 717 496 haec
741 463 821 495 sunt.
864 462 981 494 Finium
1005 471 1048 492 re-

169 508 333 552 gundorum
347 508 422 541 actio
439 509 516 541 diffisa
538 518 566 539 eo
589 509 663 550 quod
678 515 729 548 per
744 515 806 536 eum
820 513 962 546 regantur
972 501 1049 543 fines

172 552 273 592 utique
288 560 323 582 ne
339 549 525 592 diffipentur:
549 551 697 581 dummodo
712 557 769 578 non
783 543 948 587 angustiore
961 545 1049 586 quin-

170 601 226 634 que
245 593 352 632 pedum
376 593 433 624 loco
458 602 491 624 ea
513 588 705 628 controversia
721 588 774 627 fit.
819 588 872 618 Sic
893 586 1049 618 isidorus:

169 633 224 664 scd
247 632 326 665 falso
345 657 354 673 ‚
385 633 441 666 etsi
466 634 529 666 levi
556 633 596 664 ex
619 631 721 663 causa.
747 637 867 671 peccat
885 628 971 659 enim
989 635 1051 657 una

1090 418 1249 451 berrabat.
1292 416 1374 449 Utar
1398 424 1515 458 magno
1540 415 1571 447 &
1595 423 1687 447 certo
1715 415 1856 448 auClore.
1881 416 1906 449 is
1922 414 1966 453 est

1091 461 1271 502 imperator
1291 458 1517 490 Constantinus
1534 457 1553 489 l.
1567 466 1596 498 3.
1624 457 1693 489 Cori.
1713 456 1816 488 Toeod.
1852 457 1967 494 Finium

1092 503 1298 543 regundorum.
1344 499 1453 531 Verba
1476 498 1691 531 Constantini.
1738 498 1771 529 Si
1787 497 1890 539 finalis
1905 512 1967 535 con.

1092 542 1226 580 troverfia
1241 542 1339 582 fuerit
1353 564 1364 580 ‚
1396 547 1468 572 tunc
1491 541 1604 571 demum
1623 541 1727 571 arbiter
1744 549 1802 571 non
1823 547 1941 583 negetur
1954 567 1966 585 ,

1094 595 1160 616 cum
1175 586 1255 615 intra
1277 584 1406 624 quinque
1425 582 1510 623 pedes
1536 581 1629 614 locum
1651 584 1684 613 de
1699 591 1754 623 quo
1776 582 1877 623 agitur
1891 587 1966 624 apud

1093 624 1252 664 Praesiclem
1268 623 1318 664 effe
1335 621 1511 664 constiterit3
1535 633 1601 654 cum
1624 625 1658 655 de
1673 624 1779 664 majore
1785 625 1885 665 spatio
1900 635 1966 658 cau-

173 675 265 707 litera
286 685 294 707 :
326 684 420 716 quain
443 683 534 707 muto
551 685 561 713 3
592 673 623 705 ὅ(
645 672 750 704 scribo
765 695 775 710 ,
805 670 968 702 Dummodo
993 677 1051 699 non
1086 668 1124 709 sn
1141 668 1271 708 quoeilum
1289 674 1347 696 non
1358 664 1482 705 finalis,
1496 664 1551 712 sed
1561 666 1763 707 proprietatis,
1784 667 1864 707 apud
1879 667 1968 710 ipsum

175 716 356 758 augustiore
382 718 509 758 quinque
533 716 637 757 pedum
662 714 718 745 loco
742 723 775 744 eu
791 708 982 748 controversia
996 708 1049 748 fit.

172 757 219 790 Ita
237 759 276 791 ad
294 767 405 790 verum
424 758 550 790 accedit
566 756 671 789 sensus
689 779 700 795 ,
724 755 778 796 qui
801 761 875 785 ante
892 762 908 784 a
923 759 1003 784 vero
1020 760 1051 781 a·

1095 707 1250 748 Praefidem
1265 707 1364 738 debent
1380 707 1543 738 terminari.

880 868 1103 903 CAPUT
1162 866 1258 903 VH.

178 966 253 1021 'Gaji
280 974 506 1020 Fragmentinn
532 972 680 1018 quoddam
713 969 790 1014 quod
815 967 858 1015 est
892 968 924 1000 in
959 966 979 999 t.
1004 976 1039 1008 9.
1078 964 1107 1013 ᾗ.
1132 975 1162 999 1.
1196 965 1240 1000 D.
1275 964 1309 999 de
1330 965 1510 1011 pignoribus
1538 964 1580 1006 {5⁹
1606 967 1799 1013 hypothecis,
1833 978 1853 1001 a
1881 965 1974 1012 Juris

225 1023 320 1070 nostri
335 1021 590 1068 Architeffcissub
607 1021 658 1055 illo
679 1018 783 1054 Titulo
799 1017 941 1052 collocari
954 1023 1127 1061 perperam.
1147 1026 1202 1060 quo
1214 1016 1395 1060 pertineam
1422 1012 1463 1053 Εὖ)
1480 1016 1545 1059 quis
1559 1014 1599 1059 fit
1617 1027 1709 1055 verus
1726 1019 1791 1063 ejus
1799 1014 1923 1063 sensus.

174 1112 310 1186 Vere
331 1111 518 1143 Marcianus
541 1111 561 1142 l.
589 1118 616 1141 1.

265 1156 352 1195 gnorz'
365 1154 412 1184 vel
428 1153 589 1193 hypotheca:
606 1151 680 1181 dotoe
703 1148 824 1189 obligari
847 1156 905 1177 non
926 1145 1056 1187 poffunt,

176 1193 279 1234 Eam,
309 1195 415 1235 inquit
430 1217 440 1233 ‚
471 1203 530 1224 ⁷t’m
554 1202 643 1233 quum
668 1192 734 1232 quis
752 1198 840 1220 emere
864 1197 921 1219 non
938 1184 1030 1233 potest
1046 1209 1056 1225 ,

177 1237 248 1277 quia
263 1236 462 1267 commercium
480 1235 541 1276 ejus
556 1243 614 1265 non
629 1230 685 1273 eft,
706 1232 773 1273 jure
787 1231 918 1271 pignoris
933 1236 1060 1274 occipere

178 1287 239 1308 non
257 1276 360 1319 potest.
411 1277 462 1308 An
489 1285 581 1315 aeque
608 1273 708 1314 Gajus
731 1273 763 1304 in
789 1272 837 1303 his
861 1270 968 1301 verbis
990 1270 1009 1300 l.
1029 1278 1059 1306 9.

178 1318 209 1359 §.
229 1327 254 1350 1.
277 1318 321 1350 D.
344 1319 377 1350 de
388 1319 558 1359 pignoribus
575 1316 611 1351 {5⁹
629 1314 791 1357 hypothecis
807 1323 815 1344 ε
848 1312 934 1356 Quod
947 1312 1062 1351 emptio-

179 1370 244 1392 nem
258 1361 509 1401 venditionemque
524 1359 624 1399 recipit
637 1381 647 1397 ‚
671 1357 758 1387 etiam
770 1354 1002 1396 pignorationem
1019 1361 1062 1382 re-

183 1403 275 1442 cipere
285 1400 377 1442 potest
392 1400 410 1433 ?
441 1401 504 1432 Sed
522 1401 561 1431 de
584 1400 649 1430 hoc
674 1396 932 1428 deliberabimus.
956 1403 1005 1425 res
1030 1403 1062 1424 e-

180 1445 247 1475 nim
263 1442 451 1483 obstrepere
468 1442 596 1472 videtur
612 1451 620 1472 ε
654 1437 811 1479 Ulpianus
838 1445 948 1481 certe,
970 1435 1062 1481 Rem,

181 1485 288 1524 inquit
329 1485 455 1515 alienam
477 1479 633 1522 distrahere
656 1489 739 1520 quem
752 1477 828 1519 poffe
844 1499 856 1516 ,
879 1477 964 1508 nulio
979 1477 1062 1508 dubi-

182 1528 253 1557 tatio
272 1534 286 1554 e
324 1536 332 1557 :
364 1534 435 1556 nam
459 1524 561 1563 emptio
585 1519 624 1562 es}
646 1520 683 1556 ἃ
709 1519 858 1552 vendicio:
872 1519 926 1558 sed
951 1528 993 1549 res
1008 1527 1064 1548 em-

176 1567 256 1609 pion·
275 1565 390 1606 auferri
412 1562 501 1606 potest
527 1564 548 1595 i.
578 1568 629 1597 28.
659 1561 717 1594 D..
735 1563 770 1593 cle
794 1560 991 1606 contraibenda
1007 1569 1063 1589 eni-

175 1609 284 1650 ptione.
327 1607 555 1639 Diocletianus
578 1612 687 1637 autem
710 1603 740 1634 ὅ(
758 1601 976 1634 Maximianus
993 1601 1012 1632 Ζ.
1035 1602 1065 1631 6.

182 1650 218 1684 C.
246 1649 294 1681 „Si
310 1649 408 1682 aliena
421 1658 466 1679 res
480 1647 598 1689 pignori
626 1647 695 1678 data
715 1643 758 1683 fit
774 1642 935 1681 scribunt,
959 1642 1017 1674 Per
1033 1652 1064 1673 α-

180 1691 255 1724 lium
270 1685 330 1722 rem
345 1691 472 1722 alienam
487 1691 582 1721 invito
603 1689 716 1719 domino
726 1687 848 1727 pignori
865 1684 987 1731 obligari
1006 1693 1064 1730 non

178 1731 273 1776 poffe:
296 1732 327 1764 &
344 1732 409 1764 hoc
429 1730 617 1772 certiffimum
632 1728 694 1770 effe.
739 1727 806 1769 Qui
832 1727 929 1767 igitur
951 1723 1066 1770 definit

183 1775 311 1815 Gaius»,
341 1775 603 1816 pignerationem
634 1770 782 1810 recipere
804 1768 896 1809 quod
927 1775 1065 1807 emptio-

182 1825 258 1854 nem
289 1817 579 1854 venditionemque
611 1813 728 1852 recipit
746 1810 771 1857 h?
824 1807 904 1841 Non
930 1811 1067 1840 interce-

181 1858 256 1893 dam
271 1882 282 1900 ,
311 1857 334 1890 fi
359 1859 429 1900 quis
456 1867 494 1889 ea
518 1855 590 1896 Gaji
618 1854 718 1886 verba
744 1862 778 1885 in
800 1852 830 1883 d.
853 1851 873 1882 l.
892 1860 933 1898 9..
950 1850 980 1893 §.
1000 1859 1028 1881 r.
1050 1858 1067 1880 a

182 1910 263 1933 vero
281 1901 383 1933 aliena
401 1899 465 1933 esse
481 1898 665 1939 suspicetur.
708 1893 773 1926 Sed
799 1892 965 1939 modestiae
986 1900 1068 1923 meae

182 1952 252 1976 non
268 1943 443 1981 convenit,
467 1948 501 1973 ut
517 1941 601 1971 circa
617 1947 654 1970 ea
669 1937 691 1969 fi
709 1935 800 1977 quod
820 1935 941 1981 cecidit
955 1942 1071 1980 pecca-

184 1993 273 2026 tum,
296 1984 359 2018 esse
380 1983 454 2025 Gaji
479 1989 648 2024 peccatum
672 1977 863 2025 existimem.
887 1985 958 2017 quis
982 1984 1069 2007 enim

187 2029 319 2068 credat,
343 2034 469 2058 tantum
488 2025 592 2056 virum
615 2021 696 2063 Juris
720 2018 1042 2067 1n·quo.versabatur
1057 2039 1068 2055 ,

187 2070 270 2102 adeo
287 2069 470 2101 incallidum
487 2064 579 2098 fuisse
592 2088 601 2104 ‚
623 2071 659 2096 ut
676 2071 743 2094 non
758 2060 975 2101 intelligeret,
1001 2067 1069 2105 rem

189 2111 322 2144 ahenam
339 2110 467 2152 pignori
484 2107 619 2148 obligari
638 2114 704 2136 non
724 2101 833 2149 posse3
857 2104 887 2133 ot
906 2101 929 2134 fi
945 2101 1069 2146 oblige-

189 2160 262 2192 tur,
286 2152 402 2184 cessare
419 2151 578 2183 athonem
595 2146 874 2189 hypothecariam.
927 2143 976 2175 An
993 2141 1071 2183 quid

191 2195 277 2227 aliud
292 2194 413 2230 voluit;
437 2200 512 2223 cum
529 2191 577 2221 lib.
588 2188 668 2230 sing.
710 2187 759 2218 De
777 2185 913 2226 formula
936 2184 1071 2231 hypothe-

192 2237 273 2268 caria
290 2237 333 2268 ait
344 2258 354 2274 ‚
379 2234 554 2264 creditorem
567 2232 685 2270 probare
701 2230 794 2259 debere
805 2250 816 2266 ‚
839 2237 904 2258 cum
920 2234 1071 2258 convente-

194 2280 266 2317 bat,
288 2287 346 2309 rem
359 2277 390 2307 in
413 2275 492 2306 bonis
507 2270 741 2311 debitorissuiffe
762 2270 782 2300 l.
801 2280 849 2309 15.
873 2268 902 2310 §.
923 2278 949 2300 1.
974 2267 1016 2299 D.
1039 2267 1072 2297 de

189 2321 359 2362 pignoribus
379 2316 416 2351 ὅ)
431 2315 592 2356 hypothecis
610 2313 626 2344 Ρ
672 2312 735 2343 Sed
760 2320 827 2357 nou
845 2319 878 2341 ut
895 2309 1012 2356 Gajum
1027 2307 1071 2356 fa-

194 2363 258 2394 cile
275 2370 311 2393 ea
326 2359 421 2399 culpa
436 2358 560 2394 libero;
585 2354 627 2386 fic
653 2353 713 2385 hac
735 2352 815 2391 Juris
838 2351 935 2383 nostri
960 2350 1072 2382 Archi-

195 2403 301 2435 tetros
323 2400 468 2433 absolvo.
519 2396 576 2428 Est
600 2396 686 2427 enim
716 2395 845 2426 illorum
880 2392 1076 2434 negligentia

196 2445 337 2477 factum:
369 2450 405 2474 ut
429 2442 461 2472 in
485 2441 514 2471 d.
542 2439 561 2470 l.
592 2447 622 2475 9.
653 2437 682 2478 §.
706 2446 731 2468 1.
762 2435 846 2467 aliud
870 2435 985 2466 sonent
1004 2432 1076 2474 Gaji

198 2487 316 2523 verba,
339 2492 433 2525 quarn
451 2481 517 2522 ipse
534 2480 676 2511 voluerit
694 2478 804 2518 Gajus.
827 2486 945 2517 nempe
963 2499 973 2515 ,
1003 2478 1077 2515 quia

198 2528 341 2561 siverunt
356 2547 366 2562 ,
397 2534 433 2556 ea
456 2524 598 2562 irrepere
618 2521 651 2552 in
675 2519 823 2551 Titulum
847 2517 895 2564 De
907 2518 1078 2564 pignoribus

201 2569 241 2604 ὅ)
266 2567 450 2609 hypothecis:
482 2572 555 2595 cum
578 2561 757 2594 debuissent
782 2569 859 2601 poni
883 2558 938 2590 sub
961 2558 1078 2590 Titulo

201 2611 252 2644 De
263 2608 455 2651 pigneratitia
473 2606 583 2637 actione
600 2604 646 2635 vel
662 2609 763 2634 contra
779 2625 789 2640 ,
812 2610 882 2633 nam
900 2601 963 2632 huc
980 2600 1079 2641 perti·

201 2659 293 2685 nent.
336 2650 383 2681 Ac
400 2671 410 2686 ‚
439 2657 480 2678 ne
503 2647 611 2678 videar
638 2645 701 2675 hoc
724 2644 788 2676 fine
805 2643 954 2674 mercede
971 2642 1078 2682 loqui,

202 2694 318 2726 addam
334 2696 555 2731 argumentum
573 2687 660 2727 quod
679 2685 776 2724 mihi,
789 2684 955 2716 studiosius
971 2684 1080 2714 omnia

203 2730 440 2769 consideranti,
462 2729 637 2760 commode
657 2727 840 2768 suppeditat
856 2725 950 2764 ipfius
969 2725 1079 2757 Inscri-

206 2778 254 2809 tio
268 2773 393 2815 capitis.
438 2770 485 2801 Ea
508 2768 675 2809 Inscriptio
702 2769 798 2799 nabet
815 2792 824 2807 ‚
855 2767 953 2809 Gojus
975 2767 1024 2798 lib.
1049 2775 1079 2802 9.

206 2818 259 2852 Act
275 2814 414 2848 Edio'tum
434 2811 642 2843 Provinciule:
678 2820 719 2840 eo
744 2819 820 2840 vero
848 2809 879 2840 in
902 2809 985 2840 libro
1010 2817 1084 2839 eum

205 2857 381 2902 praesertim
407 2853 568 2886 aaronem
592 2851 825 2891 pigner-ariciam
849 2859 921 2891 quae
947 2859 987 2881 ex
1005 2858 1084 2880 con-

206 2901 311 2935 tractu
325 2897 388 2936 est,
412 2892 615 2935 explicuisse,
640 2901 681 2922 ex
704 2892 723 2922 i.
746 2901 792 2923 10.
818 2891 854 2927 ὃ*
870 2893 890 2923 i.
911 2901 957 2923 12.
988 2890 1027 2924 D.
1050 2892 1084 2922 de

202 2940 397 2987 pignoratitia
413 2936 525 2969 afflone
549 2931 752 2966 manifestum
778 2933 832 2964 est.
877 2936 947 2974 Age
963 2933 1059 2974 igitur
1072 2956 1082 2972 ,

202 2987 328 3018 ducem
349 2978 474 3021 sequuti
496 2978 577 3008 hanc
596 2973 668 3014 Gaji
685 2973 947 3014 inscriptionem,
971 2975 1083 3005 audea-

208 3036 279 3061 mus
310 3022 429 3063 Gaium
450 3017 613 3052 retrahere
641 3025 658 3047 a
683 3014 760 3056 suga
785 3017 818 3046 in
842 3024 904 3055 qua
931 3016 1083 3047 haCtenus

206 3070 289 3106 fuit3
312 3066 343 3096 &
362 3064 448 3095 ultro
465 3061 504 3092 ad
520 3068 631 3090 verum
654 3057 721 3096 ejus
737 3056 927 3088 sententiam
951 3058 1082 3088 reduce-

207 3118 290 3143 muS.
332 3105 431 3147 Igitur
454 3102 593 3140 respexit
619 3098 718 3139 Gajus
740 3098 771 3128 in
798 3098 825 3143 d:
852 3097 871 3127 l.
889 3097 970 3144 9.V§.
995 3107 1021 3129 1,
1045 3099 1083 3130 ad

208 3148 447 3195 pigneratitiam
469 3144 628 3175 aetionern
645 3164 655 3180 ‚
685 3147 778 3179 quam
806 3138 861 3168 sub
899 3136 1007 3168 siculo
1037 3139 1084 3169 De

210 3190 410 3235 Pigizeratitia
427 3185 556 3224 afflone,
579 3184 628 3214 lib.
642 3191 671 3219 9.
695 3182 745 3212 Ad
764 3179 902 3211 Ediftum
916 3180 1083 3224 provincia-

211 3237 256 3281 le,
277 3230 445 3273 exposuit:
469 3236 536 3261 non
552 3225 593 3259 acl
607 3223 780 3259 formulam
797 3220 1083 3263 hypothecariam,

204 3291 208 3295 .
275 3282 282 3301 j

647 1107 676 1149 ᾗ.
701 1118 730 1138 2.
762 1106 804 1138 D.
847 1104 922 1149 Quce
946 1114 991 1136 res
1010 1104 1055 1144 pi-

1100 1104 1140 1135 de
1171 1112 1233 1144 qua
1269 1103 1339 1134 libro
1363 1101 1514 1144 singulari
1542 1103 1590 1135 De
1611 1104 1746 1143 formula
1776 1104 1975 1147 hypothecaria

1100 1145 1170 1186 (ex
1186 1154 1252 1184 quo
1269 1145 1350 1176 libro
1372 1144 1441 1176 sunt
1462 1146 1481 1175 l.
1500 1156 1529 1185 q.
1554 1145 1591 1180 &³
1614 1146 1632 1177 i.
1655 1147 1769 1186 15.·D.
1794 1149 1827 1178 de
1845 1148 1975 1187 pignori-

1102 1189 1155 1218 bus
1172 1187 1208 1221 ὅ)
1226 1187 1416 1227 hypothecis)
1440 1186 1614 1226 disputavit
1631 1197 1640 1224 ;
1670 1187 1759 1219 forte
1781 1189 1810 1219 ἃ
1833 1183 1976 1220 extrema

1103 1228 1209 1260 Edicit
1226 1237 1314 1269 parte
1333 1227 1387 1258 sub
1405 1226 1520 1259 Titulo
1538 1228 1585 1259 De
1597 1230 1769 1269 pignoribus
1787 1229 1824 1264 δὲ)
1845 1230 1978 1270 hypothe-

1104 1271 1160 1301 cis:
1185 1269 1227 1301 sic
1251 1271 1335 1301 enirn
1360 1268 1468 1300 facere
1486 1269 1597 1301 solitos
1621 1270 1713 1302 fuisse
1737 1270 1873 1303 Veteres
1889 1294 1897 1309 ‚
1927 1270 1981 1303 vel

1101 1310 1276 1352 justiniano
1295 1309 1374 1341 teste
1391 1311 1581 1350 intelligitur
1599 1312 1619 1343 l.
1635 1321 1744 1343 omnem
1766 1312 1795 1353 §.
1807 1323 1836 1351 4.
1852 1312 1900 1343 De
1917 1322 1982 1343 con-

1105 1354 1230 1393 ceptione
1251 1351 1450 1393 Digestorum.
1494 1352 1612 1393 Neque
1638 1363 1716 1384 vero
1736 1363 1846 1394 parum
1862 1353 1982 1391 refert,

1105 1403 1212 1425 utrum
1229 1394 1268 1425 ad
1286 1394 1387 1432 hane,
1412 1400 1449 1424 an
1465 1395 1504 1425 ad
1520 1395 1623 1432 iliam,
1647 1394 1806 1426 actionem
1823 1396 1890 1426 hoc
1905 1393 1979 1435 Gaji

1105 1435 1333 1477 Fragmentum
1366 1435 1534 1468 referatur.
1594 1435 1676 1467 Nam
1712 1445 1748 1467 ut
1781 1437 1983 1478 pigneratitia

1104 1485 1300 1516 competat,
1325 1476 1422 1517 (quae
1445 1476 1527 1508 aetio
1541 1478 1575 1507 de
1591 1480 1712 1518 pignore
1734 1479 1799 1509 datto
1825 1478 1943 1509 dicitur
1957 1478 1979 1510 l.

1108 1529 1160 1558 42.
1178 1518 1221 1549 D.
1240 1519 1273 1548 de
1289 1519 1480 1559 pignoratitia
1495 1517 1625 1558 afflone,
1650 1519 1686 1553 ὃ)
1702 1520 1722 1550 i.
1735 1530 1763 1551 2.
1780 1519 1821 1551 D.
1836 1521 1870 1550 de
1882 1521 1984 1561 pigno-

1107 1562 1186 1592 ribus
1205 1559 1241 1595 &2⁹
1259 1560 1448 1600 hypothecis)
1471 1560 1547 1591 nihil
1566 1569 1648 1602 opus
1666 1560 1731 1600 est,
1755 1569 1822 1592 rem
1839 1561 1984 1602 pignoris

1106 1603 1175 1642 jure
1199 1602 1360 1642 obligari:
1392 1600 1444 1632 sed
1467 1600 1582 1632 sufficit
1598 1625 1608 1640 ‚
1638 1611 1705 1633 rem
1728 1603 1853 1644 pignori
1878 1603 1987 1639 datam,

1107 1642 1191 1681 esse,
1215 1643 1360 1683 quamvis
1383 1642 1451 1682 iure
1479 1643 1605 1683 pignori
1631 1643 1772 1684 obligata
1788 1653 1854 1676 non
1878 1643 1925 1675 fit.
1949 1651 1987 1675 uc

1107 1694 1214 1716 autern
1232 1684 1466 1725 hypothecaria
1483 1685 1567 1716 aetio
1583 1684 1691 1716 locum
1708 1685 1843 1724 babeat,
1860 1694 1927 1716 non
1943 1683 1987 1716 sa-

1108 1727 1150 1758 tis
1164 1725 1227 1764 est,
1250 1735 1318 1757 rem
1339 1725 1464 1766 pignori
1483 1726 1590 1757 datam
1609 1725 1691 1766 esse3
1714 1725 1768 1758 sed
1783 1735 1852 1758 eam
1875 1726 1988 1767 pigno-

1098 1768 1234 1814 *risJ‘ure
1250 1767 1425 1808 obligatam
1443 1765 1505 1798 esse
1522 1775 1667 1814 oportet.
1700 1767 1783 1800 Haec
1799 1775 1863 1800 tam
1880 1777 1985 1801 varie:

1109 1818 1184 1850 quia
1200 1808 1453 1850 hypothecaria,
1477 1817 1551 1841 cum
1572 1819 1603 1840 1n
1621 1819 1687 1841 rem
1705 1809 1790 1841 actio
1806 1809 1863 1849 sit,
1886 1809 1987 1841 credi-

1111 1851 1175 1883 tori
1197 1851 1290 1882 datur
1306 1850 1453 1882 adversus
1473 1851 1652 1891 quemlibet
1673 1851 1815 1892 pignoris
1838 1850 1989 1893 possesso·

1110 1901 1197 1925 rem:
1220 1893 1351 1933 utique,
1374 1890 1396 1924 fi
1412 1892 1552 1934 probet,
1576 1902 1648 1925 eam
1671 1902 1740 1925 rem
1763 1893 1804 1925 de
1830 1902 1892 1934 qua
1909 1901 1987 1926 con-

1111 1935 1221 1974 venit,
1245 1941 1280 1966 ut
1297 1934 1424 1975 pignori
1442 1932 1497 1965 fibi
1516 1933 1570 1973 fit,
1585 1934 1639 1971 fibi
1656 1935 1798 1976 pignoris
1813 1935 1883 1975 J'ure
1898 1942 1988 1967 tene-

1111 1976 1155 2009 ri:
1178 1985 1250 2008 nam
1269 1983 1337 2007 tum
1354 1984 1443 2014 eam,
1468 1984 1676 2016 quocumque
1697 1979 1728 2007 in
1745 1976 1820 2008 loco
1836 1975 1898 2016 sit,
1918 1976 1987 2017 jure

1112 2017 1322 2058 persequitur.
1347 2019 1436 2057 quod
1453 2016 1474 2048 fi
1491 2017 1634 2049 creditor
1649 2018 1782 2058 quidem
1798 2019 1907 2057 dicat,
1918 2024 1997 2050 rem'

1111 2059 1168 2091 fibi
1186 2059 1314 2100 pignori
1336 2059 1442 2091 datam
1466 2058 1548 2099 esse3
1571 2059 1624 2091 sed
1645 2068 1718 2091 earn
1741 2059 1796 2091 fibi
1818 2060 1887 2099 jure
1906 2059 1990 2091 obli·-

1112 2109 1220 2143 gatam
1235 2099 1317 2139 esse,
1334 2109 1399 2132 non
1419 2100 1557 2141 probet3
1578 2110 1644 2132 non
1661 2100 1747 2133 recte
1760 2101 1918 2140 postulat,
1935 2100 1993 2132 fibi

1113 2153 1130 2174 a
1147 2141 1319 2184 possessore
1345 2141 1466 2174 restitui
1491 2143 1606 2184 pignus
1624 2143 1712 2183 quod
1730 2143 1758 2173 ei
1775 2143 1843 2183 jure
1868 2142 1993 2183 obliga-

1115 2192 1184 2216 tum
1202 2193 1268 2216 non
1285 2182 1349 2216 est:
1372 2183 1445 2224 quia
1462 2193 1527 2215 non
1544 2184 1590 2216 est
1607 2184 1672 2224 ejus
1690 2184 1803 2225 pignus
1818 2194 1829 2223 3
1861 2184 1891 2216 ἃ
1912 2184 1991 2215 ideo

1113 2227 1147 2258 in
1169 2226 1238 2268 pari
1264 2226 1355 2256 causa
1379 2226 1494 2257 melior
1519 2225 1565 2257 est
1599 2226 1784 2267 poffidentis
1814 2225 1962 2257 conditio
1977 2247 1990 2264 ‚

1115 2277 1210 2309 quarn
1235 2267 1405 2299 creditoris
1429 2268 1482 2308 qui
1507 2277 1572 2298 non
1596 2267 1742 2308 possidet.
1784 2266 1927 2298 Tantum
1951 2266 1992 2300 de

1114 2309 1242 2341 actione
1258 2309 1503 2350 hypothecaria.
1553 2307 1700 2349 Superest
1718 2309 1928 2351 pigneratitia.
1954 2317 1991 2339 ea

1118 2360 1184 2383 non
1201 2352 1233 2382 in
1250 2360 1338 2390 rem,
1361 2350 1415 2381 sed
1432 2351 1463 2381 in
1480 2350 1669 2391 personam,
1692 2350 1755 2390 est3
1778 2359 1884 2391 neque
1910 2349 1990 2381 adeo

1118 2402 1186 2424 rem
1211 2392 1412 2433 pignoratam
1434 2391 1595 2432 sequitur,
1626 2400 1732 2432 neque
1754 2393 1821 2433 ejus
1844 2390 1993 2432 possesso·-

1119 2443 1205 2469 rem:
1229 2433 1283 2464 sed
1301 2441 1424 2465 tanturn
1441 2435 1525 2465 inter
1542 2434 1723 2465 debitorem
1743 2434 1773 2464 <St
1797 2434 1993 2465 creditorem

1120 2476 1176 2516 qui
1187 2475 1300 2516 utique
1317 2475 1357 2506 de
1367 2476 1503 2516 pignore
1513 2476 1589 2507 dato
1605 2483 1810 2516 acceptoque
1825 2478 1992 2506 eontraxe-

1120 2524 1214 2555 runt,
1243 2517 1308 2548 vim
1330 2516 1416 2548 suam
1439 2516 1565 2548 exserit.
1609 2515 1727 2556 Neque
1752 2517 1897 2557 iniquum
1921 2514 1992 2555 est,

1121 2568 1178 2591 eos
1195 2560 1278 2590 inter
1296 2567 1378 2599 quos
1395 2558 1624 2590 commercium
1640 2558 1718 2596 fuit,
1735 2567 1776 2589 ex
1795 2566 1904 2590 mutua
1920 2566 1996 2588 con·

1122 2602 1280 2632 ventione
1306 2601 1445 2632 invicem
1470 2598 1525 2630 fibi
1549 2601 1680 2638 teneri3
1710 2599 1765 2630 etsi
1795 2609 1844 2632 res
1871 2600 1911 2631 de
1934 2605 1994 2639 qua

1122 2640 1358 2680 consenserint,
1381 2649 1416 2672 ut
1431 2642 1558 2681 pignori
1574 2639 1668 2679 esset,
1691 2642 1759 2681 jure
1775 2641 1915 2682 obligata
1931 2648 1995 2672 non

1123 2683 1169 2715 sit.
1216 2683 1357 2715 Proinde
1373 2682 1394 2714 fi
1410 2683 1509 2714 aliena
1528 2691 1577 2713 res
1596 2683 1721 2723 pignori
1743 2683 1816 2714 data
1837 2683 1873 2715 fit
1889 2693 1898 2721 3
1928 2689 1993 2713 non

1123 2724 1230 2765 potest
1260 2733 1330 2756 eam
1362 2724 1506 2760 creditor
1530 2733 1547 2754 a
1583 2733 1791 2764 quocumque
1823 2722 1993 2765 possessore

1124 2767 1287 2797 vindicare
1302 2766 1372 2805 jure
1396 2766 1552 2806 pignoris:
1575 2766 1648 2805 quia
1664 2775 1728 2797 non
1747 2765 1850 2806 potest
1868 2766 1994 2802 dicere,

1128 2807 1192 2839 hoc
1214 2809 1283 2848 jure
1299 2806 1353 2838 fibi
1371 2807 1470 2838 teneri
1489 2816 1555 2837 rem
1568 2829 1577 2844 ,
1601 2816 1670 2847 quae
1686 2807 1715 2838 ei
1739 2807 1878 2849 obligata
1893 2805 1938 2838 est
1954 2805 1994 2836 ab

1127 2859 1169 2881 eo
1184 2871 1194 2887 ,
1227 2849 1281 2889 qui
1304 2857 1371 2880 non
1395 2848 1593 2888 habebatjus
1613 2849 1775 2890 obligandi
1800 2858 1866 2880 rem
1883 2871 1893 2886 ‚
1923 2852 1995 2887 quae

1126 2892 1193 2931 eJ'us
1210 2890 1242 2922 in
1265 2890 1378 2929 bonis,
1401 2899 1473 2920 cum
1498 2892 1708 2929 conveniret,
1731 2899 1797 2921 non
1821 2897 1896 2921 erat.
1938 2888 1996 2918 At-

1127 2941 1190 2973 que
1223 2931 1287 2962 hoc
1318 2932 1350 2963 in
1375 2931 1610 2972 hypothecaria
1634 2931 1760 2963 afflone
1781 2931 1994 2970 Imperatores

1127 2974 1300 3005 ostendunt
1326 2973 1359 3004 in
1383 2973 1403 3003 l.
1427 2976 1457 3004 6.
1489 2972 1522 3004 C.
1548 2973 1582 3003 Si
1605 2973 1700 3005 aliena
1722 2982 1765 3004 res
1782 2971 1901 3013 pignori
1921 2970 1994 3000 data

1120 3014 1164 3054 fit
1183 3026 1202 3054 ;,
1221 3014 1356 3055 amplius
1378 3013 1479 3055 Gajus
1497 3013 1604 3046 noster
1627 3015 1677 3046 lib.
1693 3013 1771 3054 sing.
1796 3013 1844 3044 De
1858 3010 1993 3051 formula

1127 3057 1327 3098 hypothecaria
1342 3056 1373 3087 in
1395 3057 1415 3087 i.
1439 3065 1485 3095 15.
1506 3055 1536 3096 §.
1555 3065 1582 3087 1.
1606 3055 1650 3088 D.
1666 3057 1698 3086 de
1708 3053 1876 3096 pignoribus
1891 3050 1927 3086 ἐπ”
1941 3052 1993 3093 hy-

1123 3099 1257 3139 pothecis.
1302 3095 1382 3129 Non
1398 3097 1483 3129 idem
1503 3096 1547 3128 est
1563 3097 1594 3128 in
1616 3094 1825 3138 pigneratitia.
1850 3100 1885 3123 ut
1908 3093 1995 3125 enim

1127 3139 1229 3171 aliena
1246 3148 1314 3178 res,
1336 3138 1359 3170 fi
1377 3139 1506 3180 quando
1524 3139 1648 3179 pignori
1665 3138 1776 3181 detur-²,
1797 3143 1814 3165 a
1829 3134 1994 3166 creditore

1127 3181 1225 3212 libera
1250 3187 1400 3218 maneat,
1433 3188 1539 3211 tamen
1563 3178 1820 3210 contrahentium
1850 3175 1995 3216 personae

1126 3222 1212 3255 ultro
1230 3223 1379 3262 citroque
1398 3220 1437 3253 de
1453 3229 1489 3252 ea
1505 3220 1631 3261 pignori
1649 3219 1722 3252 data
1737 3224 1933 3258 acceptaque
1951 3222 1997 3246 te-

1923 3265 1999 3288 nen-
