2036 3495
368 96 430 137 Ao
456 99 547 134 Lrn.
573 87 651 130 XII.
679 90 779 135 TIT.
814 82 858 128 11.
884 90 936 130 Do
942 87 1162 141 jurejurando,
1180 84 1252 139 five
1276 86 1467 141 voluntario,
1495 81 1565 138 &aa
1794 87 1864 136 251⁵

64 199 75 229 l
101 207 128 228 2.
147 196 189 228 D.
202 192 276 236 ἃς,
294 202 323 225 2.
343 190 419 232 Inst.
437 191 469 221 de
485 190 568 222 duob.
585 187 650 230 γεῖς.
673 190 772 223 porro
786 182 939 230 jusjuran-

64 221 138 273 dum
157 245 216 279 pro
239 233 396 266 solutione
413 232 493 271 esse,
517 239 590 262 ante
607 226 735 259 dietum.
760 228 865 272 plaett
881 235 938 267 igi.

65 289 115 313 tur
159 288 223 312 uno
238 277 384 317 jurante,
401 274 430 306 se
449 272 589 308 solvisse,
613 270 746 314 aiterum
765 275 807 296 eo
821 277 936 308 jureju-

62 303 164 354 rant’io
181 319 310 362 perinde
325 318 490 349 liberatum
509 314 662 357 intelligi,
686 318 721 355 ac
741 307 762 339 fi
779 307 818 339 ab
834 311 936 342 altero

61 363 198 395 solutum
217 360 293 392 esset
309 359 452 390 debitum
488 365 548 389 nec
566 353 727 398 distinguit
746 349 879 391 Paulus;
903 361 923 383 u

61 414 144 437 trum
168 404 242 435 socii
266 401 343 437 finc,
373 410 409 431 an
436 408 499 431 non
522 397 597 428 fiiit:
621 394 676 426 etsi
695 402 725 424 in
744 399 839 439 patto
858 403 935 425 con-

60 456 107 479 tra
124 446 178 479 fit:
201 444 273 483 quia
293 442 416 482 pactum
433 450 496 471 non
513 438 649 470 habetur
673 444 734 481 pro
755 437 933 474 solutione,

58 498 121 520 nec
138 485 366 526 obligationem
386 483 470 513 tollit
491 481 556 521 ipso
571 480 660 528 iure,
684 478 803 523 iedpei·
818 487 935 519 excep·

59 531 194 562 tionem.
218 524 359 558 Tantum
378 525 417 555 de
437 524 540 564 primo
559 520 661 552 Edisti
680 528 799 561 capite.
863 566 865 568 Ι

101 571 202 614 Quod
233 565 394 599 alterurn?
427 574 490 596 non
516 571 615 595 extat.
641 564 795 603 exemplo
826 568 933 593 tamen

56 612 223 654 superioris
245 609 376 647 capitis,
402 607 511 638 licebit
529 604 649 637 sensum
671 604 734 651 hoc
751 604 849 651 inodo
867 602 929 634 for-

56 664 162 687 mare:
185 652 221 683 Si
240 649 338 686 αὲἶον,
367 650 528 679 contritione
552 646 664 683 delata,
691 650 860 688 juraverit,
885 645 932 675 vel

50 694 260 738 jusjurandum
277 692 303 721 ei
319 689 560 731 remzffumfuerit
571 712 580 728 ‚
604 689 664 730 ejus
680 697 721 734 rer
733 689 767 718 de
780 696 840 734 que
856 687 931 734 deici-

54 742 115 768 tum
129 737 224 776 fuerit
242 733 476 775 jusjurandum,
500 733 531 763 in
553 731 645 771 ipsum
668 739 719 771 qut
735 730 866 776 ’detulzss
888 738 927 758 m>

72 788 106 809 ue
126 787 191 808 eum
221 776 259 806 ad
283 784 365 816 quem
389 783 422 804 ea
446 783 490 804 res
511 773 657 813 pertinet,
681 771 821 817 achonem
847 770 928 816 dabo.

67 819 126 851 {oc
143 818 251 858 capite
270 815 391 847 Praetor
408 816 568 846 actionem
593 814 747 860 concedit
764 812 882 850 attor-1,
905 810 927 842 si

46 858 216 902 juraverit,
234 857 423 890 conditione
441 858 563 901 delata,
580 863 633 886 aut
649 864 685 885 ea
698 863 800 894 jurare
816 860 927 899 parato

50 902 86 935 sit
102 900 240 934 remissa:
257 900 528 941 quemadmodum
544 897 599 928 sub
611 897 722 928 eadem
738 896 927 941 con—ditione

50 952 107 976 reo
124 941 266 984 promisit
282 942 523 980 exceptionem.
548 938 621 971 Nec
638 937 682 984 est
707 935 927 982 inverisimile,

48 986 137 1025 quod
154 992 219 1017 tam
236 983 414 1020 actionem,
430 991 524 1022 quam
548 987 796 1018 exceptionem,
814 977 927 1025 simpli-

51 1027 131 1058 citer
147 1024 330 1067 proposuit:
353 1025 495 1064 ideoque
512 1023 598 1063 ajunt
622 1020 777 1059 Veteres,
801 1019 928 1067 boc-Ju-

51 1069 137 1100 dicio
156 1078 220 1100 non
239 1066 446 1106 principalem
471 1065 614 1096 exerceri
632 1061 776 1100 causam,
800 1061 851 1093 sed
865 1070 929 1101 Jus-

47 1110 214 1151 jurandum
232 1107 345 1139 actoris
363 1107 541 1138 conservari
560 1106 579 1137 l.
597 1114 648 1147 30.
675 1103 710 1135 Ῑ).
736 1103 763 1134 h.
784 1108 805 1134 t.
825 1112 930 1141 neque

51 1151 183 1183 ulterius·
203 1151 299 1192 quaeri
312 1174 320 1186 ,
338 1159 375 1180 an
387 1149 558 1180 debeatur:
584 1148 635 1178 sed
651 1145 770 1182 solum,
788 1144 934 1193 anactor

49 1193 228 1234 juraverit,
261 1190 314 1222 sibi
340 1189 406 1222 dari
438 1196 619 1230 oportere3
651 1188 700 1218 vel
734 1196 805 1218 cum
831 1195 932 1227 jurare

53 1243 180 1273 paratus
205 1233 301 1269 esset,
329 1232 356 1262 ei
382 1231 541 1262 remissum
567 1229 599 1261 sit
621 1229 836 1269 jusjurandum
861 1228 879 1257 l.
902 1237 930 1263 9.

54 1276 82 1318 ἓ.
106 1286 128 1307 1.
148 1275 187 1306 D.
206 1277 232 1305 h.
251 1280 270 1305 t.
290 1274 308 1303 l.
329 1278 356 1307 8.
374 1273 407 1303 C.
425 1276 458 1304 de
478 1275 534 1303 reb.
563 1276 661 1301 creuit.
687 1270 714 1310 §.
739 1279 785 1300 11.
809 1267 880 1315 Iasii.
899 1271 933 1315 de

54 1317 110 1348 ast.
143 1315 204 1346 Sed
231 1315 319 1349 haec„
344 1314 457 1352 hisque
482 1313 602 1348 affinia,
627 1311 795 1342 occasione
819 1319 932 1350 prioris

53 1359 166 1398 capitis
183 1355 350 1395 impensius
362 1354 532 1394 explicita,
550 1354 579 1384 in
592 1353 735 1392 praeienti
756 1354 932 1398 repetentia

49 1409 113 1431 non
132 1398 208 1429 sunt.
248 1397 365 1428 Saltem
385 1395 546 1434 monebo3
570 1394 657 1434 quod
676 1394 795 1425 Praetor
813 1393 931 1432 actori,

52 1440 231 1482 postulante
250 1438 449 1475 adversario,
470 1438 607 1478 juranti,
630 1436 682 1466 sibi
704 1434 928 1479 deber-ipocri-

48 1483 131 1514 niam
149 1490 242 1520 quam
261 1488 404 1519 peteret,
430 1489 535 1520 neque
552 1479 579 1509 ei
599 1478 737 1508 miv-..tur
750 1501 758 1514 ,
771 1476 930 1508 affirmem

54 1525 84 1555 in
100 1523 216 1555 fac'tuin
236 1522 505 1553 accommodavit.
537 1519 613 1552 Hoc
630 1528 713 1550 enim
730 1527 862 1550 nornine
877 1528 927 1559 ap-

51 1565 188 1605 pellatur
204 1565 231 1594 ci.
249 1564 266 1594 l.
285 1568 313 1596 8.
333 1563 364 1594 C.
377 1564 409 1593 cie
428 1565 483 1593 reb.
499 1563 600 1593 credit.
617 1562 636 1592 l.
658 1559 783 1602 11.§.1.
801 1559 844 1592 D.
863 1561 891 1591 h.
909 1567 930 1591 t.

57 1605 130 1637 alibi
149 1605 264 1636 <licitur
278 1605 362 1635 utilis
380 1603 462 1635 at‘Iti'o
478 1605 504 1634 d.
525 1604 543 1634 l.
565 1611 611 1635 11.
630 1601 724 1643 §.ult.
741 1601 761 1631 l.
778 1610 826 1638 29·
844 1601 863 1633 l.
883 1611 929 1643 13·

53 1647 81 1690 §.
101 1656 127 1678 1.
151 1646 188 1678 D.
208 1647 236 1678 d.
254 1652 273 1678 t.
292 1644 336 1677 est
352 1646 468 1682 etiam,
482 1644 536 1675 ubi
554 1653 664 1675 vetere
681 1642 858 1690 designatur
873 1652 930 1675 no—

51 1689 159 1727 mine,
184 1688 278 1728 quale
295 1687 339 1718 est
356 1697 397 1718 ex
420 1694 551 1726 empto,
575 1695 634 1726 pro
654 1684 763 1725 socio,
785 1694 929 1727 pignera-

52 1729 124 1761 titia
141 1732 167 1760 d.
185 1730 205 1760 l.
227 1734 271 1768 172.
291 1728 319 1770 ᾖ.
339 1739 367 1769 3.
387 1739 414 1768 4.
431 1727 468 1763 δ’
483 1738 511 1768 5.
543 1727 675 1759 Interim
692 1727 739 1759 est
762 1737 822 1759 una
844 1727 928 1759 aetio

52 1771 152 1803 tribus
183 1770 367 1802 nominibus
395 1769 545 1810 designari
568 1769 667 1801 solita.
699 1769 834 1809 primum
864 1770 928 1801 Ve-

52 1820 104 1846 tus
122 1812 253 1844 dicitur:
272 1821 312 1843 eo
331 1812 418 1851 quod
437 1811 618 1843 contractus
632 1811 835 1851 jurejurando
852 1819 929 1843 con-

49 1854 214 1891 firmatus,
237 1853 370 1894 perinde
397 1853 552 1892 habetur,
575 1862 613 1884 ac
635 1851 655 1883 si
673 1853 825 1893 probatus
852 1852 929 1884 esset

51 1896 72 1927 1.
92 1905 123 1936 5.
143 1895 171 1936 §.
188 1905 224 1929 12.
241 1896 261 1927 l.
282 1903 330 1926 11.
347 1894 377 1936 §.
395 1904 425 1936 3.
444 1895 490 1926 D.
506 1895 534 1925 b.
552 1900 575 1926 t.
599 1902 659 1925 nec
674 1894 719 1925 est
742 1894 927 1933 absurdum,

52 1937 323 1976 quemadmodum
348 1944 415 1967 tum
432 1945 538 1976 parata
555 1934 631 1966 effet
648 1936 680 1967 in
705 1934 868 1976 personam
896 1946 926 1967 a·

51 1978 137 2010 ctio:
160 1979 201 2009 ita
228 1977 249 2009 fi
273 1978 411 2018 juratum
436 1977 472 2009 fit
488 2001 498 2015 ‚
522 1987 589 2008 eam
616 1976 678 2008 csse
705 1978 831 2010 utilem:
855 1979 926 2017 quia

47 2019 172 2051 directa
194 2020 323 2051 demum
347 2020 508 2059 competit
524 2019 568 2050 illi
586 2018 638 2058 qui
658 2028 732 2050 vere
749 2022 927 2051 contraxit:

47 2059 153 2101 jurans
171 2068 278 2093 autem
303 2060 333 2092 se
350 2059 563 2099 contraxisse,
587 2069 651 2091 non
669 2064 780 2101 utique
804 2068 930 2093 contra-

49 2102 114 2134 xit:
130 2102 235 2142 potest
246 2103 331 2135 eniin
348 2101 428 2133 falso
442 2101 563 2143 jurasse.
595 2102 721 2141 Accipit
737 2104 831 2143 igitur
851 2103 929 2134 Prae-

51 2144 132 2176 toris
147 2144 433 2184 interpretatione,
457 2144 589 2183 perinde
614 2154 651 2174 ac
667 2144 686 2175 si
705 2144 927 2184 contraxisset,

50 2192 186 2226 propter
208 2185 395 2227 religionem
422 2186 451 2217 ἅ
475 2187 749 2220 conventionem,
772 2188 828 2227 (ut
852 2187 927 2218 dici-

48 2233 101 2257 tur
124 2228 156 2257 in
179 2226 198 2257 l.
218 2236 266 2267 25.
294 2224 335 2257 D.
364 2227 391 2257 h.
407 2230 450 2265 t.)
474 2227 630 2258 actionem
660 2227 787 2260 utilem:
815 2229 844 2260 id
863 2229 927 2268 est,

46 2267 208 2299 actionem
232 2271 263 2299 in
287 2268 414 2299 factum.
440 2267 492 2299 nisi
512 2269 660 2300 miramur
683 2269 840 2302 aaronem
867 2271 925 2301 uti-

47 2309 112 2341 lem
139 2309 169 2341 in
193 2308 311 2340 faCtum
331 2310 489 2340 actionem
509 2310 669 2350 appellari.
695 2319 725 2340 at
746 2312 809 2342 boc
828 2313 928 2343 claret

47 2360 92 2382 ex·
116 2352 145 2382 d.
172 2351 191 2382 l.
219 2360 266 2382 11.
289 2350 307 2392 §
340 2361 363 2383 1.
382 2350 418 2385 ἐπ’)
435 2361 463 2390 3.
487 2350 526 2382 D.
543 2352 567 2381 hi
590 2359 610 2384 r„
637 2350 688 2382 Eli
706 2353 800 2391 igitur
818 2362 879 2384 una
901 2364 928 2385 a.

48 2392 134 2428 etio,
158 2400 291 2432 propter
314 2393 528 2433 jusjurandum
555 2392 620 2424 hoc
644 2392 761 2424 Edicto
784 2395 926 2436 proposi-

47 2439 77 2464 ta
87 2457 99 2467 ,,
124 2434 200 2464 licet
219 2434 318 2465 tribus
334 2434 514 2474 appelletur
531 2435 725 2465 nominibus.

85 2473 148 2506 Sed
166 2475 266 2515 qualis
278 2475 295 2506 ἱ)
313 2477 342 2506 in
362 2474 536 2514 personam.
554 2485 619 2516 quo
637 2478 854 2517 argumento?
871 2479 924 2510 tri-

45 2516 150 2554 plice:
167 2517 302 2556 primum
320 2516 385 2556 est,
403 2517 635 2556 quodvocatur
651 2519 681 2549 in
694 2518 813 2551 factum
830 2520 924 2552 attio.

47 2557 182 2588 alterum
201 2557 264 2596 est,
287 2559 373 2599 quod
394 2558 511 2590 dicitur
535 2558 692 2600 proficisci
717 2570 759 2592 ex
783 2570 923 2594 conven-

47 2599 140 2628 tione
156 2598 174 2628 Ι.
194 2602 241 2629 26.
266 2598 293 2630 b.
318 2605 338 2630 t.
354 2599 438 2641 quasi
464 2611 504 2632 ex
523 2601 690 2632 conti-auu
707 2602 726 2632 l.
742 2612 771 2642 5.
790 2603 818 2644 ς.
836 2613 861 2634 2.
881 2603 923 2634 D.

48 2639 80 2668 ιῖε
90 2639 211 2678 peculio.
235 2641 362 2672 tertium
374 2663 384 2677 ‚
400 2643 488 2682 quod
507 2652 523 2673 a
538 2641 711 2681 Justiniano
729 2644 830 2682 palam
849 2654 925 2676 enu-

50 2688 191 2710 meratur
210 2680 293 2711 intei-
307 2683 485 2720 personales
502 2684 643 2716 actiones
661 2685 726 2726 §.8.
738 2684 775 2720 &⁹
788 2695 833 2718 11.
853 2685 924 2727 lnst.

48 2721 82 2751 de
100 2719 234 2752 antonii).
261 2721 315 2753 Est
334 2723 428 2763 igitur
447 2726 475 2755 in
494 2725 659 2766 personam
678 2726 773 2758 attio.
800 2737 861 2759 nec
879 2728 924 2760 di-

48 2761 201 2802 stiiigu03
225 2768 328 2794 utrum
350 2765 485 2804 juratum
510 2765 546 2798 sit
572 2768 602 2798 in
628 2768 755 2800 actione
778 2770 807 2800 in
834 2779 921 2808 rem,

48 2812 86 2834 an
101 2804 135 2834 in
151 2802 319 2835 actionem
333 2805 512 2844 pei-sonam:
526 2809 598 2847 quia
615 2810 770 2850 generalis
788 2812 832 2842 cst
846 2811 922 2842 Prae-

48 2845 130 2875 toris
153 2844 254 2875 sermo
273 2853 280 2875 :
303 2845 334 2877 &
357 2854 488 2886 utraque
513 2848 542 2880 in
570 2849 674 2890 specie
697 2854 860 2884 concurrit
891 2863 920 2884 a·

49 2886 146 2917 &oris
166 2886 195 2917 ὅ(
214 2886 258 2917 rei
276 2887 453 2920 consensus.
471 2890 631 2929 postremo
649 2892 755 2924 scribit
770 2894 922 2934 Ulpianus

47 2927 77 2957 in
106 2927 127 2958 l.
155 2935 202 2958 11.
228 2926 254 2969 §.
287 2937 314 2959 1.
342 2929 370 2960 h.
396 2936 415 2960 t.
443 2929 462 2961 fi
485 2940 499 2961 a
526 2932 695 2972 possessore
710 2936 845 2975 juratum
866 2936 921 2974 sit,

47 2976 115 3001 rem
134 2967 215 3000 suam
236 2967 316 3008 effe,
340 2971 367 3000 ei
392 2972 537 3004 adversus
554 2973 754 3007 deferentem
772 2978 921 3017 jusjuran—

47 3010 123 3042 dum
141 3011 179 3041 ad
198 3019 292 3049 quem
309 3011 455 3052 poffcffio
473 3019 674 3053 pervenerit,
698 3018 727 3048 in
749 3019 868 3050 factum
894 3028 920 3051 a.

48 3050 188 3083 &ionem
207 3061 406 3091 competere.
435 3053 485 3086 {3st
502 3056 594 3096 igitur
606 3058 688 3090 aCtio
700 3069 740 3091 ex
755 3061 923 3101 jurejuran-

47 3093 91 3124 d0
107 3103 147 3125 ex
164 3093 229 3124 hOC
247 3092 405 3125 Edistoin
425 3098 719 3136 personam3etiam
738 3111 809 3132 cum
829 3102 872 3133 est
892 3104 923 3133 in

48 3134 220 3166 actionem
237 3144 303 3167 rem
317 3136 463 3176 juratum.
482 3139 578 3178 Atqui
595 3141 622 3171 ei
639 3151 691 3180 qui
706 3143 840 3181 Juravit,
859 3153 923 3176 rem

37 3174 132 3207 suam
147 3175 228 3216 effe,
253 3176 435 3210 Publiciana
461 3181 551 3212 datur
580 3182 609 3211 in
627 3193 691 3213 rem
711 3184 792 3215 actio
809 3184 826 3215 l.
846 3195 873 3225 7.
891 3185 920 3228 §

46 3223 76 3257 7.
93 3216 134 3249 D.
151 3218 301 3259 depublz'c.
326 3221 358 3253 in
379 3228 439 3253 rem
461 3221 518 3255 aei.
544 3222 644 3257 Recte
665 3233 797 3260 mones:
818 3225 872 3260 sed
885 3228 919 3262 id

983 192 1048 215 non
1063 192 1150 216 vetat
1161 208 1170 223 ,
1188 192 1253 226 quo
1265 189 1369 219 minus
1380 197 1417 219 ea
1436 187 1469 220 in
1481 186 1587 229 specie
1606 187 1704 220 etiam
1720 182 1868 223 obtineat

983 226 1135 258 Praetoria
1153 228 1183 259 in
1200 227 1317 260 facium
1335 230 1431 262 astio-

1023 268 1185 300 Intellecta
1198 270 1285 311 hujus
1297 271 1428 305 actionis
1439 269 1563 312 fornia,
1580 270 1676 303 facile
1685 272 1864 314 evincitur,

982 310 1033 339 cui
1052 313 1080 339 ot
1097 313 1247 342 adversus
1272 322 1368 351 quem
1393 316 1497 347 detur.
1523 324 1596 346 cum
1625 314 1864 354 eniinJ'uratum

980 349 1017 381 fit
1035 361 1080 395 cx*
1093 352 1247 383 consensu
1263 355 1328 393 ejus
1349 357 1403 395 qui
1428 358 1544 388 detulit
1569 364 1623 388 aut
1638 356 1746 388 retulit
1761 357 1790 388 dt
1809 356 1864 396 qui

981 392 1125 430 pi‘aestltit
1146 395 1383 436 jusjtiranuum3
1407 400 1497 438 quod
1523 400 1655 430 dubium
1681 397 1753 438 est,
1782 408 1861 440 quin

978 443 1098 474 praetor
1113 445 1182 466 eam
1195 437 1312 475 juranti
1330 439 1455 470 dederit
1473 442 1620 472 adversus
1637 439 1863 480 deferentem,

980 485 1119 520 eumque
1136 482 1173 506 ad
1195 486 1290 516 quem
1309 488 1345 510 ea
1361 490 1411 511 res
1431 481 1595 521 pertinet?
1621 484 1729 522 itaque
1746 482 1861 515 Edicto

978 517 1120 556 restitui,
1145 527 1312 558 praeeunte
1339 521 1478 562 Ulpiano
1502 523 1520 552 l.
1545 534 1572 559 9.
1595 524 1623 564 ᾗ.
1649 525 1703 555 ult.
1729 523 1771 555 D.
1796 525 1822 557 b.
1841 530 1862 556 t.

977 558 1051 590 Nec
1071 569 1177 604 tamen
1188 559 1455 603 fueritiniquum,
1473 563 1554 595 hanc
1572 575 1643 596 Vice
1661 564 1747 597 versa
1763 566 1860 600 etiam

977 601 1005 632 ei
1026 610 1077 641 qui
1103 602 1239 639 detulit,
1262 604 1410 637 adversus
1432 606 1589 644 jurantem
1616 608 1692 638 dari.
1718 608 1804 640 Ubi?
1828 609 1861 641 in

976 642 1194 674 conti-actibus
1210 653 1252 674 ex
1268 646 1384 685 quibus
1403 656 1521 678 mutuae
1545 648 1713 680 nascuntur
1732 649 1861 689 petitio-

977 694 1033 715 nes
1045 708 1054 723 ,
1079 693 1115 715 ut
1131 684 1167 716 fit
1184 686 1214 716 in
1233 689 1441 727 emptione&
1460 688 1666 727 venditione,
1683 690 1859 730 societate,

977 725 1123 766 pignore.
1147 726 1270 759 Audio:
1301 727 1354 760 sed
1371 731 1455 761 unde
1479 730 1563 761 attio
1581 732 1608 762 ei
1627 731 1682 771 qui
1700 741 1763 763 non
1780 733 1861 772 jura*

976 769 1039 799 vit:
1064 778 1137 799 cum
1157 770 1187 799 in
1211 768 1323 801 Edicto
1339 771 1456 811 juranti
1474 773 1568 804 detur
1594 774 1746 804 adversus
1772 774 1861 806 defe-

974 810 1125 841 rentem?
1156 809 1204 841 Sit
1230 820 1271 842 ita
1295 821 1336 843 ex
1362 813 1511 845 Praetoris
1538 814 1662 845 verbis:
1693 813 1746 846 sed
1769 816 1860 856 quod

972 851 1058 889 dixi,
1082 852 1149 891 ejus
1168 854 1267 883 menti
1296 854 1443 887 debetur.
1467 864 1565 895 atque
1589 857 1743 887 evidente
1768 867 1859 899 argu-

970 901 1100 924 mento:
1119 892 1139 924 si
1158 894 1243 925 enim
1258 895 1376 934 juravit
1391 898 1499 936 aftor,
1517 898 1546 928 se
1564 897 1671 929 emifl'e
1691 898 1730 929 ab
1747 897 1860 931 adver-

972 933 1191 966 sarionionne
1204 936 1322 976 juravit
1333 946 1483 979 quoque,
1499 949 1571 970 eum
1593 939 1646 971 fibi
1666 940 1862 974 vendidisse:

974 976 1059 1007 nulla
1077 978 1245 1016 emptione
1268 977 1333 1009 fine
1357 981 1575 1013 venditione?
1599 985 1736 1021 proinde
1761 982 1783 1014 fi
1808 993 1862 1014 cu-

974 1020 1058 1058 piat,
1085 1018 1197 1049 servai·i
1215 1020 1526 1059 jusjurandumsuum
1540 1046 1549 1060 ,
1568 1032 1600 1054 ut
1613 1023 1670 1055 sibi
1688 1026 1752 1064 ejus
1773 1025 1861 1065 quod

975 1061 1072 1097 emit,
1097 1069 1196 1091 vacua
1220 1063 1363 1094 tradatur
1394 1064 1557 1104 possesfio:
1581 1067 1715 1097 rationis
1741 1065 1804 1104 est,
1828 1066 1862 1098 id

978 1100 1092 1131 servari
1118 1111 1250 1142 quoque
1275 1103 1445 1145 iiaCtenu33
1477 1115 1510 1137 ut
1539 1108 1702 1139 venditori
1728 1108 1861 1139 viciffim

977 1141 1116 1174 solvatur
1133 1152 1271 1183 pretium
1293 1148 1322 1176 ei
1340 1147 1495 1179 debitum.
1512 1148 1630 1180 clarum
1650 1148 1714 1180 hoc
1730 1150 1760 1180 in
1776 1159 1859 1190 prae-

976 1183 1064 1215 sente
1081 1186 1233 1226 exemplo
1259 1187 1278 1216 l.
1307 1197 1353 1228 13.
1381 1188 1409 1230 §.
1433 1199 1461 1230 3.
1481 1188 1521 1220 D.
1537 1191 1564 1220 h.
1581 1197 1602 1221 t.
1620 1198 1653 1221 at
1670 1200 1735 1222 non
1754 1193 1860 1223 minus

975 1228 1006 1256 in
1032 1225 1182 1259 fimilibus
1207 1237 1278 1267 quae
1303 1228 1374 1261 sunt
1399 1232 1428 1260 in
1454 1230 1483 1272 §.
1507 1242 1536 1270 4.
1561 1230 1642 1272 ὃς.
1659 1232 1689 1264 &
1707 1233 1800 1264 valde
1816 1232 1861 1264 ibi

977 1268 1082 1307 placet
1101 1269 1199 1308 illud,
1224 1269 1298 1313 Quae
1314 1280 1370 1302 non
1388 1271 1439 1312 effe
1463 1278 1548 1304 extra
1571 1276 1734 1314 (equitatem
1746 1273 1859 1314 postca,

976 1318 1033 1339 non
1052 1312 1228 1350 negaverim.
1254 1312 1306 1343 Est
1331 1314 1416 1345 enim
1437 1314 1577 1352 indicio,
1604 1316 1672 1346 haec
1693 1316 1802 1348 deberi
1820 1316 1862 1348 E-

976 1351 1051 1382 dit‘ti
1072 1352 1245 1384 sententiae.
1271 1363 1343 1386 nam
1361 1364 1402 1386 ex
1414 1356 1518 1388 verbis
1534 1356 1617 1388 aCtio
1634 1358 1800 1389 dumtaxat
1814 1358 1859 1397 ju-

975 1394 1057 1424 ranti
1073 1394 1163 1425 datur
1179 1396 1325 1428 adversus
1342 1406 1415 1428 eum
1427 1397 1479 1437 qui
1490 1398 1706 1438 'usjurandum
1723 1399 1861 1438 detulit,

976 1436 1006 1465 <St
1026 1437 1077 1474 qui
1097 1435 1125 1466 in
1145 1436 1210 1476 ejus
1240 1437 1347 1469 locum
1373 1407 1600 1471 successlerunt.
1625 1448 1778 1473 caeterum
1800 1451 1860 1472 vo-

976 1476 1051 1507 lenti
1065 1477 1231 1515 ,adversus
1242 1479 1335 1510 alium
1349 1486 1560 1520 praerogativa
1575 1482 1775 1523 jurisjurandi
1792 1484 1857 1523 uti,

975 1516 1052 1549 nihil
1074 1519 1239 1559 prodesse,
1264 1521 1418 1561 Ulpianus
1445 1523 1487 1552 ait
1513 1522 1531 1553 l.
1558 1532 1586 1559 9.
1606 1522 1634 1564 §.
1651 1524 1706 1556 ult„
1725 1524 1766 1555 D,
1788 1525 1815 1556 h.
1833 1531 1860 1556 t.

974 1568 1011 1589 nc
1030 1558 1190 1601 subjicitur
1207 1562 1236 1593 in
1253 1562 1271 1593 l.
1296 1571 1338 1594 io.
1360 1562 1456 1594 ratio:
1482 1563 1565 1606 „Quia
1590 1574 1647 1595 non
1670 1563 1781 1596 deberet·
1804 1567 1858 1597 aliz·

973 1609 1072 1632 nocere
1089 1607 1164 1643 quac!
1178 1605 1255 1635 inter
1264 1605 1334 1634 alios
1343 1603 1524 1646 assuirzeffet.
1547 1604 1621 1636 Fuit
1639 1607 1703 1638 hoc
1722 1608 1771 1638 vel
1783 1608 1860 1640 ide&

973 1648 1171 1684 notandum3
1195 1647 1265 1685 quia
1291 1646 1365 1677 hinc
1382 1645 1531 1686 discitur,
1556 1646 1766 1681 successorem
1782 1650 1860 1689 juris

974 1685 1026 1716 vel
1042 1688 1086 1717 rei
1107 1688 1136 1717 in
1154 1687 1218 1718 hoc
1230 1686 1365 1725 Edicto,
1383 1697 1534 1729 quantum
1553 1690 1668 1721 attinet
1685 1691 1723 1721 ad
1740 1701 1807 1722 rem
1826 1692 1859 1725 in

973 1735 1067 1768 quarn
1085 1728 1247 1768 succedit,
1264 1739 1329 1761 non
1347 1730 1480 1771 intelligi
1499 1731 1594 1762 alium
1614 1731 1653 1762 ab
1664 1741 1705 1762 eo
1725 1734 1774 1763 cui
1793 1727 1860 1766 suc-

972 1770 1081 1809 cedit,
1107 1770 1157 1802 sed
1175 1772 1339 1811 personam
1360 1773 1504 1804 eamdem
1524 1772 1644 1804 auctori
1664 1772 1719 1805 suo
1735 1773 1860 1810 haberit

1011 1810 1158 1853 Tempus
1174 1812 1238 1851 est,
1252 1821 1397 1854 cogitare
1416 1816 1456 1844 de
1466 1812 1582 1846 effectu
1603 1815 1693 1853 hujus
1711 1815 1859 1850 actionis.

973 1853 1019 1884 est
1041 1863 1120 1885 vero
1146 1854 1214 1886 hic:
1238 1856 1326 1894 quod
1342 1864 1379 1887 ea
1396 1855 1532 1888 habetur
1550 1856 1590 1887 ad
1616 1856 1857 1899 similitudinem

972 1896 1108 1926 actionis
1135 1896 1179 1927 rei
1203 1896 1349 1937 judicatae
1376 1897 1394 1928 l.
1421 1901 1449 1931 8.
1479 1897 1511 1929 C.
1539 1900 1572 1929 ae
1588 1899 1645 1931 reb.
1665 1900 1740 1931 cred.
1766 1899 1858 1935 Ubi?

973 1938 1110 1969 maxime
1128 1939 1158 1969 in
1177 1938 1323 1971 duobus:
1348 1939 1484 1979 primum
1509 1938 1539 1970 in
1560 1939 1722 1980 petitione
1741 1946 1859 1975 eorum

972 1989 1042 2019 quae
1077 1982 1206 2011 veniant
1229 1982 1260 2011 in
1291 1979 1449 2012 actionem
1475 1981 1516 2012 de
1547 1990 1607 2021 qua
1629 1983 1765 2022 J'uratum
1791 1983 1857 2019 esti

974 2022 1119 2062 itemque
1134 2020 1295 2053 fructuum
1312 2023 1342 2054 &
1361 2021 1586 2054 acceffionum.
1612 2023 1755 2063 scilicet,
1779 2026 1855 2064 quia

975 2062 1044 2093 haec
1067 2063 1150 2095 attio
1173 2073 1238 2094 non
1261 2063 1306 2095 est
1343 2072 1427 2095 nova
1452 2072 1505 2095 aut
1531 2066 1724 2106 principalis.
1759 2066 1858 2108 magis

974 2106 1020 2136 est
1034 2114 1118 2136 nova
1141 2105 1275 2143 qualitas
1295 2107 1392 2146 priori
1411 2105 1440 2137 ὅ(
1461 2106 1563 2138 veteri
1587 2106 1704 2138 astioni
1724 2117 1859 2148 propter

974 2147 1115 2179 delatum
1133 2147 1161 2178 ἀ
1180 2147 1352 2187 praestitum
1366 2147 1581 2193 jusjurandum
1597 2149 1726 2189 adjecta,
1744 2150 1856 2189 Pone,

973 2188 994 2220 si
1014 2189 1104 2220 lubet
1117 2213 1127 2227 ,
1142 2189 1301 2220 achonem
1323 2199 1361 2219 ex
1373 2197 1496 2230 empto.
1512 2200 1541 2221 in
1559 2200 1595 2221 ea
1614 2199 1767 2230 petuntur
1783 2197 1855 2233 quae·

972 2230 1155 2261 naturaliter
1176 2230 1279 2262 insunt
1297 2230 1388 2271 hujus
1400 2230 1511 2272 judicii
1540 2232 1717 2271 potestate:
1740 2234 1772 2265 id
1789 2233 1855 2274 est3

973 2281 1006 2303 ut
1023 2273 1162 2312 emptori
1178 2273 1241 2310 ipsa
1258 2282 1306 2304 res
1333 2274 1490 2308 tradatur,
1517 2274 1546 2304 &
1566 2274 1605 2304 de
1623 2273 1787 2306 evictione
1803 2285 1855 2307 cai

975 2322 1086 2345 veatui·
1100 2314 1116 2345 l.
1139 2323 1182 2345 11.
1201 2313 1229 2355 §.
1250 2323 1277 2346 1.
1297 2313 1335 2348 δέ)
1352 2324 1379 2345 2.
1400 2313 1437 2345 D.
1458 2317 1491 2345 de
1517 2314 1574 2345 αέὲ.
1591 2322 1685 2359 tempu
1711 2317 1747 2351 δ’
1763 2318 1854 2349 vend.

973 2354 1059 2387 Idem
1080 2354 1101 2386 ss
1121 2356 1189 2395 quis
1205 2357 1375 2395 J'uravcrit,
1393 2365 1444 2387 me
1455 2357 1484 2387 ei
1501 2355 1677 2388 vendidisse
1695 2367 1760 2389 rem
1779 2368 1854 2390 cen-

973 2405 1060 2429 tum:
1085 2406 1157 2429 nam
1182 2398 1304 2436 poturit
1328 2407 1369 2428 ex
1395 2405 1508 2437 empto
1532 2398 1641 2438 (utili,
1665 2398 1728 2431 five
1752 2401 1782 2431 in
1807 2399 1853 2432 fa‘⁶

971 2438 1058 2470 {itum
1083 2438 1228 2473 afflone>
1253 2448 1366 2479 agere,
1391 2447 1423 2469 ut
1450 2440 1478 2470 ei
1506 2448 1624 2470 caetera
1642 2441 1852 2481 praestentur,

970 2480 1002 2512 id
1025 2479 1089 2519 est,
1113 2488 1163 2511 res
1187 2482 1347 2516 tradatur,
1373 2480 1399 2511 ὅ(
1426 2481 1465 2512 de
1482 2481 1644 2512 evictione
1661 2491 1814 2515 caveatur
1829 2484 1852 2516 l.

971 2531 1018 2562 13.
1037 2522 1065 2563 §.
1082 2532 1110 2563 3.
1133 2521 1171 2552 D.
1190 2522 1219 2552 h.
1237 2528 1258 2552 t.
1277 2520 1386 2552 Simile
1411 2521 1440 2552 in
1466 2523 1623 2563 petitione
1639 2523 1850 2565 hereditatis,

967 2564 998 2594 in
1017 2572 1077 2601 oua
1092 2564 1227 2603 J‘uratum
1243 2562 1296 2601 sit,
1322 2562 1502 2603 observari,
1525 2565 1678 2605 Ulpianus
1704 2568 1744 2597 ait
1763 2567 1781 2598 l.
1803 2576 1852 2599 Π,

968 2604 999 2646 §.
1015 2605 1069 2637 ult.
1087 2607 1112 2634 d.
1131 2610 1152 2635 t.
1175 2604 1281 2635 Verba
1302 2603 1438 2643 Ulpiani.
1465 2605 1495 2637 Si
1521 2615 1593 2638 cum
1611 2608 1652 2638 de
1671 2608 1852 2640 hereditate

969 2649 1054 2677 inter
1071 2655 1121 2677 me
1141 2646 1171 2677 ἃ
1188 2654 1220 2677 te
1236 2645 1452 2678 controversia
1475 2647 1570 2687 effer,
1592 2649 1742 2690 juravero
1762 2649 1853 2682 here-

969 2688 1101 2718 ditatem
1129 2696 1230 2719 meam
1258 2687 1340 2725 effe,
1373 2687 1403 2719 id
1431 2688 1581 2730 consequi
1607 2692 1734 2730 debeo,
1758 2690 1849 2729 quod

969 2729 1139 2765 haberem,
1163 2728 1183 2760 si
1201 2728 1369 2761 secundum
1387 2740 1439 2761 me
1455 2731 1495 2762 de
1511 2730 1690 2764 hereditate
1707 2742 1847 2772 pronun*

968 2771 1086 2802 ciatum
1105 2770 1193 2802 esset.
1219 2771 1248 2802 ἀ
1268 2780 1331 2802 non
1352 2770 1451 2803 solum
1468 2782 1519 2803 eas
1540 2784 1590 2806 res
1608 2774 1774 2806 restituere
1791 2774 1847 2805 de-

968 2812 1025 2843 bes
1043 2822 1118 2851 quas
1141 2820 1218 2844 tunc
1244 2813 1437 2853 possidebas,
1463 2813 1515 2846 sed
1541 2816 1570 2846 ὅ(
1595 2815 1616 2847 si'
1641 2825 1718 2855 quas
1736 2814 1849 2854 postea

968 2853 1114 2892 coepisses
1130 2854 1296 2894 poffidere.
1324 2854 1520 2897 pei-indeque
1538 2857 1646 2887 haberi
1665 2857 1750 2896 quod
1768 2856 1848 2901 jura.

967 2903 1033 2925 tum
1060 2894 1124 2934 est,
1148 2895 1280 2936 atquefi
1298 2897 1468 2936 probatum
1494 2897 1586 2928 esset:
1612 2897 1734 2927 idcirco
1762 2898 1848 2930 utilis

966 2936 1048 2967 aetio
1062 2937 1137 2968 mihi
1155 2939 1322 2978 competit.
1338 2938 1389 2970 Sic
1407 2941 1609 2978 plerumque:
1626 2947 1690 2968 non
1711 2936 1845 2978 semper⁰

970 2977 1082 3010 Paulus
1100 2988 1188 3010 certe
1205 2982 1330 3021 egregie
1350 2987 1507 3021 temperat
1526 2980 1542 3023 i.
1556 2988 1602 3017 r30.
1625 2978 1663 3009 Ι).
1681 2979 1708 3010 h.
1729 2983 1750 3011 t.
1773 2980 1845 3012 scri-

969 3019 1066 3052 bens:
1084 3020 1162 3052 Eum
1181 3022 1356 3062 quijuravit
1373 3032 1412 3053 ex
1430 3031 1465 3052 ea
1481 3020 1686 3059 actionequae
1703 3021 1847 3054 infician-

969 3062 1012 3092 do
1030 3062 1162 3101 crescit,
1179 3064 1297 3102 aliquid
1314 3063 1367 3095 sibi
1388 3064 1513 3096 deberi,
1534 3061 1653 3101 ssmpli,
1673 3070 1738 3095 non
1756 3064 1845 3104 dupli

969 3102 1223 3144 pei-secutionem
1232 3105 1286 3138 sibi
1298 3106 1482 3144 adquirere:
1493 3102 1621 3134 abunde
1630 3104 1714 3136 enim
1726 3104 1847 3138 suffice-

968 3152 1017 3181 re.
1050 3155 1228 3180 exonerare
1253 3149 1426 3188 petitorem
1450 3144 1606 3184 probandi
1630 3146 1843 3186 necestitate«,-

965 3195 1036 3218 cum
1054 3188 1163 3221 omiffa
1180 3189 1239 3220 hac
1256 3197 1344 3229 parte
1363 3186 1480 3223 Edic'ti,
1505 3185 1593 3226 dupli
1622 3187 1703 3220 actio
1719 3190 1845 3230 integra

959 3237 1102 3302 graneam
1126 3232 1156 3263 ἃ.
1172 3230 1262 3272 posse
1279 3229 1363 3268 dici,
1386 3227 1451 3259 hoc
1465 3227 1586 3268 judicio
1599 3233 1666 3264 non
1683 3230 1843 3303 princip&

996 3279 1009 3301 e
1029 3280 1050 3312 3
1789 3280 1806 3304 ξ
1821 3286 1835 3303 ι.
