2036 3495
113 85 185 119 500

116 161 274 203 spectatis.
300 157 452 191 hactenus
468 154 553 188 enim
569 152 624 186 fibi
643 152 778 194 quisque
796 161 888 198 cura:
910 151 999 198 nullo

118 205 150 236 in
169 203 308 235 medium
325 197 522 230 consulente.
546 197 589 227 ita
606 195 695 226 cives
711 195 870 234 quaeritis:
896 193 997 224 homi-

117 255 175 277 nes
195 243 309 274 videtis
326 238 462 279 singulos
485 247 539 278 per
558 246 652 277 agros
664 259 674 274 ,
700 244 757 276 per
772 234 862 267 filvas
879 234 999 276 sparsos

117 286 257 318 ferarum
273 289 380 314 more:
405 277 535 310 forsitan
553 284 707 317 expertos
724 275 901 309 solitudinis
918 277 999 317 peri·

119 327 189 358 cula
211 332 306 364 atque
331 321 556 357 incommoda,
581 319 726 351 nondum
746 318 916 351 utilitatem
932 319 999 360 jun-

119 368 238 399 ctarum
254 371 373 404 opum,
389 368 443 393 aut
458 360 598 393 subnixae
609 360 734 401 legibus
745 359 928 392 societatis:
945 370 1000 391 eo-

117 418 181 450 que
200 416 264 439 non
287 404 505 445 intelligentes
522 410 576 434 aut
593 410 853 434 contemnentes.
899 402 1000 444 Igitur

117 456 242 491 quantae
257 446 320 478 fuit
335 447 399 483 rei,
418 445 515 483 tales,
538 444 625 485 quod
643 445 758 485 agebat
775 442 867 475 Deus
885 444 915 476 ἀ
935 443 999 476 Na-

117 499 209 529 tura,
231 488 407 529 colligere,
432 486 462 518 &
487 487 730 526 comparatione
753 485 901 517 utilitatis
923 486 999 517 vitae

116 531 298 564 communis
316 527 610 560 cumincommodo
624 526 803 558 solitudinis
820 526 914 559 tristis
925 528 999 566 ‚mi-

117 574 189 605 serae
200 596 209 612 ,
234 571 384 604 obnoxiae
399 570 475 602 eniti
492 577 589 610 atque
599 567 747 600 efficere:
765 576 800 599 ut
815 569 998 600 renuntian-

117 623 164 647 tes
183 613 315 647 naturali
335 612 494 651 libertati,
517 610 672 651 deinceps
691 610 793 641 velint
808 609 875 642 suas
893 611 999 648 vires,

114 656 232 698 suaque
253 655 428 687 commoda
453 662 519 685 non
542 653 615 691 suo,
639 650 693 683 sed
716 652 842 693 legum,
866 651 999 683 arbitrio

116 699 222 731 metiri
243 697 260 730 ἵ)
281 697 343 737 jam
367 705 446 727 vero
472 702 599 736 quantae
623 693 800 734 prudentiae
827 692 1000 725 industriae-

115 749 200 782 que,
224 738 380 771 collectos
396 737 504 774 unire;
526 737 634 767 unitos
656 744 790 776 regere3
812 735 999 773 continere,

114 785 270 814 coercere
289 779 469 812 reverentia
491 777 603 809 summi
623 777 747 818 imperii
760 800 769 815 ,
794 776 879 817 quasi
896 779 1002 809 anima

115 825 146 856 &
162 823 270 865 spiritu
287 821 390 853 civilis
404 819 578 860 corporis?
597 827 652 851 aut
668 828 718 850 me
734 817 817 851 fallit
833 820 1000 850 veneratio

116 875 188 906 quae
211 865 328 896 summa
351 863 459 894 animo
484 871 559 893 meo
582 860 646 900 est,
670 860 924 901 commestionis,
948 870 999 892 au·

116 908 206 939 Ctore
229 906 325 945 Deo,
348 904 533 936 constitutae
557 912 594 934 ac
612 902 759 943 sacratae,
783 910 837 933 aut
854 912 891 933 ea
910 903 1000 934 dedit

116 948 201 981 suam
226 947 414 980 humanitati
439 945 578 985 faciem,
603 946 765 984 nitorem,
788 945 1000 984 elegantiam:

116 1001 154 1022 ea
177 989 260 1032 lapsa
280 989 402 1027 erexit,
425 988 570 1020 nutantia
594 985 698 1025 fulsit,
719 985 851 1028 fatigata
876 995 999 1018 recrea-

113 1033 180 1064 vit:
204 1041 241 1063 ea
256 1030 383 1072 singulis
401 1031 543 1070 quietem
555 1052 564 1066 ,
588 1028 738 1060 omnibus
755 1027 821 1060 suas
839 1027 906 1069 spes
923 1027 998 1059 affe-

113 1074 187 1106 ruit.
213 1074 252 1105 ab
271 1071 330 1104 hac
347 1070 529 1104 recesseris:
548 1069 718 1110 squallida,
737 1070 938 1108 turbulenta,
956 1070 999 1100 in-

114 1124 202 1148 certa
220 1114 345 1146 omnia:
372 1114 425 1145 vix
442 1111 583 1153 superest
599 1113 675 1143 vitae
691 1110 790 1142 causa.
815 1111 896 1142 aude
909 1135 918 1149 ,
939 1111 999 1142 tol-

729 63 1036 99 65111101
1086 60 1317 98 Noonr

1041 150 1145 183 civilis
1160 151 1247 184 valet
1261 151 1442 184 auctoritas.
1468 148 1533 183 sola
1547 152 1735 188 mortalibus
1745 177 1755 193 ‚
1766 162 1921 196 quocum-

1042 201 1106 233 que
1123 201 1296 234 appareant
1314 194 1434 232 modo,
1451 192 1553 233 statu,
1577 201 1631 225 aut
1645 195 1851 235 conditione,
1876 197 1923 230 est

1042 234 1153 267 relicta
1167 234 1309 276 obsequii
1318 235 1437 276 gloria.
1476 244 1516 266 ne
1541 236 1610 276 quis
1626 236 1730 275 dicat,
1754 239 1843 277 quod
1860 238 1923 270 Na-

1043 282 1113 308 tura
1127 277 1244 310 malum
1254 276 1301 316 iit,
1312 277 1363 309 vel
1374 276 1513 308 civitatis
1525 277 1596 318 lege
1608 278 1693 318 pium
1707 280 1790 318 apud
1803 278 1924 318 Deum,

1043 316 1073 348 &
1097 317 1213 357 justum
1238 325 1335 359 atque
1360 317 1530 350 honestum
1557 320 1642 359 apud
1666 320 1815 352 homines
1840 319 1922 352 fieri.

1041 357 1176 398 jaetavit
1191 360 1223 392 id
1233 360 1405 401 aliquando
1418 360 1496 391 saeva
1512 359 1543 392 ec
1561 359 1680 392 servilis
1696 361 1857 400 adulatio,
1873 372 1923 393 re-

1043 400 1099 432 etis
1116 400 1255 433 consiliis
1265 401 1387 442 semper
1402 401 1541 433 adversa.
1566 402 1686 436 Verum
1698 403 1834 435 amentia
1850 402 1922 435 fuit.

1042 450 1092 473 res
1115 442 1274 483 loquitur,
1294 443 1426 476 Naturae
1447 445 1495 484 jus
1517 453 1581 476 non
1607 445 1748 485 pendere
1764 445 1803 476 ab
1821 445 1925 477 homi·

1043 492 1120 515 num
1143 485 1317 525 opinione3
1341 484 1394 517 sed
1418 485 1537 517 Divina
1552 486 1755 526 providentia
1772 485 1924 518 constitu-

1043 533 1111 556 tum
1128 549 1137 563 ‚
1159 524 1230 571 'esse
1248 526 1494 567 sempiternum,
1511 527 1678 567 constans,
1701 529 1922 568 immutabile,

1044 575 1141 607 atque
1158 576 1189 598 in
1207 568 1358 607 civitate,
1382 576 1538 610 extraque
1563 579 1653 610 eam,
1676 569 1739 603 fine
1757 571 1925 610 exceptio-

1044 608 1202 651 ne,orbis
1220 609 1339 654 yiribus
1355 612 1576 644 retinendum:
1593 613 1681 644 omni
1693 613 1924 653 humanalege,

1046 657 1168 681 tantum
1185 650 1325 682 ministra
1341 653 1381 684 ad
1396 652 1462 692 eius
1479 654 1707 686 executionem
1726 661 1923 694 comparata.

1090 691 1234 738 Caetera,
1258 699 1374 732 praeter
1396 693 1484 734 haec,
1508 693 1578 726 sunt
1595 697 1698 728 media
1715 704 1812 737 atque
1827 694 1925 727 indif-

1042 732 1198 780 fercn'tia,
1222 743 1280 775 per
1295 733 1358 765 sese
1373 734 1437 775 ipsa
1454 745 1559 777 neque
1577 738 1683 776 bona,
1706 747 1814 779 neque
1830 737 1922 769 mala.

1045 774 1114 806 haec
1130 783 1228 816 igitur
1244 776 1428 809 hominibus
1445 786 1550 817 neque
1566 778 1693 821 singulis
1710 789 1747 811 ac
1761 779 1923 819 separatis,

1044 826 1150 858 neque
1173 816 1350 857 conjunffls
1369 818 1456 850 civili
1481 817 1625 860 foedere,
1648 822 1783 861 imperat
1801 829 1853 851 aut
1871 830 1924 850 ve-

1046 866 1093 889 tat
1110 858 1242 890 Natura.
1267 860 1342 899 quin
1361 868 1396 891 ut
1418 858 1561 901 singulis,
1584 863 1727 894 nondum
1746 861 1923 894 constituto

1044 900 1129 931 civili
1146 902 1233 940 iure,
1256 900 1298 932 sic
1318 901 1434 933 deinde
1456 902 1598 941 civitati,
1622 904 1776 945 integram
1793 903 1923 945 permit-

1044 943 1083 973 tit
1106 942 1289 974 libertatem
1312 942 1389 974 binc
1413 941 1555 975 sumendi
1578 945 1666 985 quod
1689 945 1743 977 sibi
1763 946 1841 977 utile
1857 968 1866 983 ,
1893 944 1925 976 &

1043 984 1246 1025 improbandi
1259 984 1484 1026 negligendive
1500 986 1587 1025 quod
1603 986 1735 1018 noxium
1751 994 1805 1018 aut
1822 986 1926 1026 super—

1044 1034 1178 1057 vacuum
1197 1026 1357 1058 videatur:
1376 1025 1465 1057 nullo
1481 1026 1623 1066 civitati,
1640 1029 1729 1059 nullo
1747 1036 1840 1059 extra
1855 1037 1926 1059 eam

1043 1066 1187 1108 singulm
1212 1076 1329 1108 praeter
1344 1066 1394 1106 se,
1419 1068 1495 1109 quid
1513 1067 1568 1099 fibi
1585 1070 1779 1107 conveniat,
1800 1069 1925 1109 judice:

1043 1109 1086 1140 ob
1103 1107 1254 1140 summam
1276 1109 1461 1148 hominum,
1483 1118 1545 1141 nec
1561 1111 1720 1142 minorem
1740 1111 1927 1149 civitatum,

112 1158 181 1190 lere
199 1156 254 1198 Jus
271 1155 387 1195 civile3
405 1164 439 1186 ut
454 1153 491 1186 fit
507 1154 595 1186 civili
610 1153 732 1185 furore.
753 1154 820 1185 dic:
840 1153 892 1184 ubi
910 1153 1024 1184 liber—x
1043 1151 1128 1182 inter
1144 1150 1174 1181 se
1192 1151 1371 1191 paritatem.
1390 1149 1611 1192 Ullaneigitur
1628 1153 1722 1183 rebus
1739 1152 1853 1184 mediis
1872 1153 1926 1185 vel

114 1207 181 1238 tas,
197 1197 417 1230 inaestimabile
434 1196 512 1228 illud
524 1195 656 1228 Naturae
672 1195 820 1226 bonum?
843 1193 864 1226 fi
884 1202 1000 1234 potes;

112 1240 248 1272 ostende
263 1248 369 1271 rerum
382 1238 533 1270 dominia.
557 1246 652 1279 quam
668 1244 759 1277 petes
771 1244 856 1267 tuam
873 1235 934 1267 esse
947 1236 1001 1266 he·

1044 1192 1074 1223 in
1093 1192 1225 1223 civitate
1241 1191 1321 1224 inest
1336 1193 1367 1224 in
1387 1193 1518 1224 alteram
1536 1201 1659 1233 partem
1678 1194 1855 1235 obligatiO,
1872 1203 1928 1225 ne-

1043 1233 1257 1274 ceffitasque?
1281 1234 1384 1274 nulla,
1410 1234 1496 1280 A.A3
1520 1234 1575 1266 nisi
1592 1245 1685 1275 quam
1704 1236 1736 1267 in
1755 1245 1791 1267 ea
1806 1245 1823 1266 a
1838 1235 1926 1266 civili

111 1283 303 1321 reditatem,
327 1279 381 1311 etsi
398 1281 495 1321 patris
519 1287 573 1310 aut
589 1280 697 1310 matris
714 1284 794 1309 voto
816 1287 853 1308 ac
876 1278 998 1316 pictate
1039 1276 1108 1316 jure
1133 1276 1329 1314 acceperint.
1370 1284 1490 1307 etenim
1508 1286 1580 1308 cum
1599 1277 1665 1317 ejus
1680 1277 1730 1308 cui
1747 1286 1852 1308 rerum
1869 1286 1927 1317 po-

111 1323 277 1356 delatam?
300 1322 378 1363 quid
396 1321 466 1352 vult
483 1320 667 1351 conti-aelus
687 1320 737 1351 vel
756 1320 841 1350 bona
859 1317 922 1350 fide
940 1319 996 1349 ini-
1042 1315 1187 1349 testatem
1211 1316 1352 1358 permisit
1368 1316 1431 1348 Dei
1449 1318 1479 1349 ἃ
1497 1318 1663 1350 hominum
1680 1318 1866 1356 consensus,
1889 1317 1927 1350 fit

113 1365 192 1397 tus?
216 1374 288 1406 quae
312 1363 360 1395 vis
383 1362 615 1403 obligationis?
638 1361 726 1402 atqui
745 1360 815 1391 haec
832 1361 927 1391 novit
943 1359 996 1400 Jus

115 1405 286 1439 Gentium.
303 1405 425 1436 utinam
442 1413 492 1435 res
509 1402 605 1435 esset!
621 1411 652 1433 at
670 1401 901 1443 experimentis
919 1410 997 1432 con-

1042 1358 1213 1398 aestimare,
1238 1359 1314 1399 quid
1333 1367 1373 1390 ex
1392 1358 1440 1390 his
1456 1358 1511 1390 suo
1529 1359 1627 1400 profit
1645 1369 1698 1391 aut
1718 1369 1836 1392 noceat
1853 1369 1925 1391 cor-

1042 1401 1132 1440 pori:
1155 1409 1193 1431 an
1219 1400 1419 1439 dubitamu33
1442 1399 1522 1432 sitne
1546 1401 1611 1441 ejus
1636 1400 1835 1443 cognoscere
1854 1424 1864 1440 ,
1895 1402 1927 1433 δι

111 1448 193 1488 stat,
216 1447 279 1480 ess'e
302 1455 443 1478 nomen:
465 1443 520 1475 nifi
544 1447 575 1475 in
594 1442 724 1476 Naturae
746 1443 826 1474 statu
851 1442 998 1474 adversus
1038 1441 1201 1482 judicare,
1221 1441 1297 1482 quid
1314 1448 1465 1483 oporteat
1482 1451 1522 1474 ex
1540 1442 1588 1475 his
1607 1452 1677 1483 quae
1695 1444 1725 1474 in
1742 1443 1852 1475 medio
1870 1451 1926 1483 po-

113 1490 202 1529 vim‚
225 1488 403 1525 ferociam,
426 1485 690 1525 improbitatem,
714 1484 802 1516 bello
828 1493 925 1525 atque
951 1493 998 1516 ar-

112 1532 173 1564 mis
190 1530 374 1571 adJuvetur,
397 1534 452 1558 aut
473 1526 545 1567 post
560 1527 707 1558 inventas
724 1526 832 1567 leges,
857 1524 1001 1566 majestas

112 1572 224 1604 summi
242 1569 368 1611 imperii
386 1569 558 1600 veritatem
585 1566 716 1599 Naturae
745 1567 855 1599 officio
877 1568 1001 1607 jurisdi-

114 1613 230 1646 Ctionis
240 1617 430 1652 exequatur.
455 1608 486 1641 O
498 1617 643 1651 magnam
653 1609 787 1650 gloriam
800 1608 913 1640 Civilis
923 1608 998 1640 Pru-

104 1653 249 1692 ¹dentiae!
273 1653 389 1693 quibus
408 1661 478 1684 eam
495 1651 668 1693 praedicem
691 1650 864 1683 laudibus?
886 1651 1000 1691 quibus

112 1695 248 1729 verbis?
272 1694 430 1736 quidquid
446 1694 588 1734 cogitem
599 1715 610 1732 ,
626 1693 782 1733 quidquid
800 1693 921 1724 dicam:
939 1693 997 1724 mi-

112 1747 173 1770 nus
192 1736 256 1777 est,
274 1744 369 1778 quam
387 1745 448 1776 pro
466 1735 589 1767 meritis
605 1734 708 1766 Artis:
732 1734 819 1774 cujus
836 1732 997 1765 beneficio

112 1781 279 1818 valemus,
296 1777 466 1819 spiramus,
484 1776 639 1808 vivimus:
657 1775 720 1808 sine
738 1785 799 1816 qua
816 1776 893 1807 nulli
905 1799 914 1814 ,
926 1776 998 1807 bru-

113 1822 175 1862 tis,
193 1830 290 1862 quarn
306 1819 492 1852 hominibus
508 1818 693 1850 similiores:
711 1827 777 1849 non
794 1818 941 1849 colentes
959 1817 1000 1849 al:

111 1870 162 1896 ter
178 1864 336 1902 alterurn,
361 1860 415 1893 sed
434 1858 683 1902 persequentes:
707 1869 770 1891 non
795 1858 997 1900 adjuvantes,

112 1904 166 1938 sed
190 1904 390 1947 spoliantes:
421 1912 489 1934 non
513 1901 675 1933 servantes
695 1924 704 1940 ,
729 1900 782 1932 sed
807 1901 998 1941 perdentes:

112 1947 190 1987 quid
218 1947 347 1985 dicam,
381 1945 575 1977 devorantes
592 1943 610 1975 ‘3
641 1942 696 1974 llla
721 1943 837 1983 igitur,
861 1943 931 1981 illa,
956 1943 1000 1974 in-

113 1997 209 2029 quam
229 2011 239 2027 ,
269 1988 347 2020 Arte
373 1995 435 2028 qua
460 1985 606 2017 emollita
629 1993 755 2016 morum
781 1984 999 2022 immanitate,

114 2030 243 2061 tandem
262 2029 429 2061 hominem
446 2027 607 2059 induimus
620 2049 628 2064 ,
652 2026 740 2067 quod
756 2024 881 2057 fidelius
894 2049 903 2063 ,
928 2025 999 2056 reli-

114 2071 252 2112 giofius,
275 2070 409 2102 sanetius
432 2069 646 2106 innocentiae,
671 2066 853 2106 modestiae,
874 2066 999 2107 justitiae

113 2112 311 2154 suffugium?
337 2121 396 2152 age
414 2110 485 2142 sane
497 2135 507 2150 ,
525 2119 582 2151 par
600 2109 663 2149 est,
682 2118 750 2141 eam
768 2116 837 2149 quae
857 2118 906 2140 res
924 2117 999 2139 con-

114 2154 197 2186 fusas
222 2153 364 2185 humano
387 2162 496 2184 errore
521 2153 559 2184 ad
583 2160 704 2182 certam
729 2151 851 2192 redigat
870 2149 1000 2180 vivendi

114 2195 309 2233 formulam,
333 2194 420 2225 credi
445 2198 542 2233 atque
568 2193 678 2224 baberi
706 2192 847 2223 civitatis
872 2191 1000 2228 lumen3

115 2245 189 2277 aut,
207 2236 228 2269 fi
244 2236 347 2268 mavis
359 2259 368 2274 ,
381 2235 567 2273 oraculum;
587 2235 698 2274 utique
716 2233 867 2265 vicariam
883 2231 947 2264 Dei
966 2241 1002 2263 ac

115 2279 249 2312 Naturae
265 2286 398 2319 operam
417 2275 574 2315 praestare.

159 2319 340 2358 Nimirum,
358 2327 392 2349 ut
408 2317 461 2350 fibi
480 2317 590 2358 singuli
608 2316 775 2355 homines,
792 2315 833 2347 fic
850 2315 903 2347 fibi
921 2324 1002 2357 quae-

117 2372 181 2405 que
197 2363 311 2394 civitas
332 2360 535 2391 conciliatur.
569 2367 741 2398 numquam
765 2359 849 2389 enim
869 2356 1002 2389 Naturae

117 2405 166 2441 vis
182 2411 279 2444 atque
302 2403 443 2442 impetus
464 2400 605 2432 destituit
621 2407 702 2440 quos
718 2400 829 2441 genuit
845 2399 1001 2431 homines.

118 2447 197 2486 quin
215 2451 248 2475 ut
264 2443 423 2485 singulos,
441 2443 484 2474 ita
500 2442 608 2474 unitos
627 2441 713 2472 civili
733 2440 878 2478 foedere,
896 2442 933 2472 ad
945 2441 1003 2472 bo-

118 2497 158 2519 na
176 2494 271 2526 atque
290 2485 377 2516 utilia
391 2494 457 2516 non
476 2484 584 2523 ducit,
609 2482 661 2514 sed
679 2482 794 2514 trahit:
818 2482 951 2522 parique
973 2483 1003 2513 vi

119 2539 137 2560 a
153 2528 320 2559 contrariis
338 2533 456 2557 avocat
477 2533 572 2566 atque
589 2523 755 2556 absterret.
787 2525 914 2555 interim
933 2533 1004 2564 quae

120 2570 208 2602 bona
225 2577 279 2599 aut
296 2569 376 2599 mala
400 2567 477 2605 sint,
501 2568 532 2598 in
557 2566 646 2598 screto
664 2565 800 2606 positum
823 2566 885 2596 est:
907 2574 1004 2605 atque

119 2612 154 2644 id
171 2619 277 2651 neque
295 2609 342 2640 his
355 2632 363 2647 ‚
388 2618 492 2649 neque
511 2609 571 2640 illis
589 2608 675 2639 omni
698 2608 792 2645 loeo,
817 2608 904 2638 omni
924 2614 1001 2638 tem-

120 2663 222 2695 pore,
246 2651 278 2682 in
302 2650 390 2681 omni
416 2660 448 2680 re
468 2650 497 2681 ὅ(
513 2649 620 2688 causa,
645 2648 766 2680 Natura
782 2658 933 2689 peraeque
950 2650 1003 2679 de-

121 2694 204 2727 finit,
230 2691 356 2733 prorsus
374 2692 516 2731 quaedam
535 2692 701 2731 praecipic,
726 2691 785 2723 alia
802 2698 910 2727 vetat,
935 2691 1002 2730 ple-

121 2745 220 2774 raque
237 2735 267 2766 in
287 2733 396 2764 medio
415 2733 575 2773 relinquit.
600 2735 638 2764 ad
661 2741 730 2764 rem
748 2734 909 2773 pertinet,
933 2732 1004 2763 haec

122 2777 268 2812 disertius
286 2773 428 2806 indicari.

161 2819 225 2857 Sit,
251 2824 286 2849 ut
309 2815 372 2853 est,
399 2815 543 2845 humanae
565 2824 661 2856 caput
684 2815 850 2847 felicitatis
866 2839 876 2854 ,
900 2815 1003 2847 civilis

122 2859 323 2902 conjunctio.
365 2857 439 2888 huic
462 2859 693 2896 promovendae
718 2857 1003 2897 custodiendaeque

124 2902 296 2937 necessaria
317 2923 326 2938 ,
357 2907 529 2938 numquam
559 2899 587 2928 in
614 2900 722 2931 medio
749 2900 841 2940 ponit
871 2897 1002 2931 Naturae

125 2943 350 2987 providentia:
375 2939 427 2977 sed
442 2948 479 2970 ea
501 2940 532 2969 in
549 2939 706 2971 infinitum
725 2949 822 2972 vocat
836 2942 939 2979 bona,
963 2941 1005 2971 'u-

125 2988 190 3025 sta,
215 2980 498 3023 honesta3700que
515 2981 583 3011 haec
600 2989 663 3012 tam
681 2983 821 3020 civitati,
841 2993 934 3023 quam
961 2992 1006 3014 in-

126 3022 230 3071 gulis„
253 3021 345 3058 motu
371 3023 522 3066 rationis,
547 3021 629 3061 quasi
656 3023 747 3053 tacita
772 3025 860 3064 lege,
886 3023 1009 3063 semper

127 3073 276 3109 imperat.
292 3076 407 3099 contra
424 3063 553 3108 quteilij
573 3063 722 3108 tollenfdae
739 3064 1009 3106 tlil'solventlaeque

131 3111 215 3150 sint,
232 3119 321 3149 putat
348 3104 455 3146 mala,¹
471 3107 573 3153 turpia
591 3103 624 3136 GL
650 3105 787 3151 stef-§¹³³3
810 3107 948 3151 ideoque
974 3117 1009 3141 ea

131 3154 281 3190 omnibus
300 3151 364 3183 fine
384 3149 563 3186 discrimine
583 3146 776 3191 prohibete,
798 3149 883 3177 credi
901 3150 1009 3180 debet.

129 3197 163 3232 in
182 3196 234 3230 his
250 3194 363 3234 igitur,
382 3193 459 3234 qui'd
475 3190 521 3224 est
536 3189 651 3232 privati
670 3186 815 3222 arbitrii?
836 3197 897 3221 nec
912 3191 1011 3231 magis

1044 1481 1256 1521 suitNatura,
1274 1484 1382 1524 legum
1397 1483 1583 1515 neceffitate
1594 1484 1761 1525 adstringi,
1780 1484 1857 1525 quid
1870 1483 1925 1515 suo

1045 1525 1200 1565 cujusque
1216 1524 1350 1556 arbitrio
1368 1524 1531 1565 relinqui?
1546 1524 1650 1556 Licita
1666 1526 1762 1566 igitur
1778 1534 1835 1565 per
1850 1534 1927 1557 eum

1044 1565 1103 1598 fint
1119 1567 1150 1597 in
1168 1566 1301 1597 civitate
1317 1566 1424 1597 omnia
1434 1575 1504 1607 quae
1517 1565 1583 1606 ipse
1602 1576 1668 1599 non
1683 1566 1856 1608 prohibet,
1872 1573 1928 1598 aut

1043 1608 1156 1648 jubet,
1181 1607 1210 1639 ἀ
1229 1607 1351 1639 Natura
1368 1606 1449 1639 feeit
1466 1607 1694 1641 indifferentia.
1731 1607 1865 1640 Interim
1881 1608 1929 1640 est

1046 1650 1099 1680 hic
1124 1648 1199 1680 fons
1222 1648 1303 1690 Juris
1329 1648 1461 1688 Civilis,
1486 1649 1556 1681 haec
1573 1650 1704 1682 materia
1718 1649 1928 1682 humanarum

1044 1691 1163 1732 legum.
1187 1691 1263 1722 inde
1277 1691 1359 1722 ordo
1372 1691 1586 1732 Judiciorum,
1597 1691 1674 1725 inde
1690 1691 1907 1723 dominiorum
1918 1713 1930 1732 ‚

1044 1733 1272 1775 negotiorum,
1296 1731 1552 1774 obligationum,
1577 1733 1766 1771 tutelarum,
1789 1733 1929 1765 curatio-

1044 1783 1138 1814 num,
1164 1773 1397 1814 donationum,
1421 1774 1606 1807 ultimarum
1622 1774 1825 1807 voluntatum
1850 1782 1928 1807 rata-

1044 1825 1113 1848 rum
1138 1824 1369 1858 ruptarumque
1393 1816 1496 1848 modi.
1533 1816 1678 1848 omniurn
1703 1817 1797 1857 origo
1821 1816 1929 1856 rudiS,

1044 1857 1212 1897 informis,
1235 1856 1370 1899 simplex
1393 1867 1409 1889 a
1432 1857 1507 1898 Jure
1531 1857 1665 1890 Naturae
1688 1857 1741 1889 seu
1758 1857 1928 1889 Gentium.

1043 1899 1125 1932 fines
1135 1923 1144 1938 ‚
1162 1898 1300 1931 formam
1313 1923 1321 1938 ‚
1333 1899 1449 1939 robur,
1462 1900 1565 1931 civilis
1581 1899 1705 1931 addidit
1715 1899 1797 1932 utilit
1820 1909 1843 1930 s.
1855 1899 1926 1930 haec

1044 1941 1100 1972 abs
1124 1939 1256 1972 Naturae
1285 1941 1384 1972 initiis
1405 1950 1472 1972 non
1496 1942 1527 1972 in
1553 1949 1657 1972 toturn
1682 1939 1790 1972 disced
1825 1951 1833 1971 :
1858 1941 1927 1971 haec

1044 1992 1109 2014 non
1129 1991 1186 2023 per
1203 1982 1310 2015 omnia
1333 1983 1379 2013 cis
1395 1981 1537 2014 inservit.
1563 1981 1646 2022 saepe
1662 1981 1767 2020 addit3
1786 1982 1928 2021 aliquan-

1046 2026 1089 2055 do
1106 2023 1264 2055 detrahit:
1289 2024 1318 2054 ἂ
1337 2031 1470 2065 utraque
1488 2024 1537 2054 via
1554 2033 1602 2054 res
1619 2023 1740 2054 medias
1757 2032 1793 2053 ac
1810 2023 1926 2054 liberas

1045 2066 1175 2106 alligans
1199 2066 1277 2106 legis
1293 2065 1447 2103 vinculis,
1466 2065 1618 2105 deinceps
1634 2065 1734 2095 bonas
1759 2071 1813 2095 aut
1828 2065 1927 2095 malas

1046 2106 1123 2138 facit
1139 2115 1210 2146 quae
1226 2114 1300 2137 ante
1316 2115 1381 2137 non
1399 2114 1489 2138 erant
1512 2107 1601 2138 tales.
1625 2114 1732 2146 neque
1756 2113 1861 2137 tamen
1887 2114 1928 2136 ae·

1046 2156 1171 2179 ternum
1190 2147 1292 2179 servat
1308 2149 1476 2188 nominum
1495 2146 1611 2179 fidem:
1635 2148 1807 2187 aliquando
1826 2155 1928 2178 trans-

1046 2189 1154 2221 fundit
1172 2198 1210 2220 ac
1227 2196 1329 2221 mutat
1344 2187 1606 2229 significationem
1617 2212 1627 2228 ,
1643 2187 1794 2220 suadente
1810 2186 1929 2220 utilita-

1047 2240 1095 2262 te:
1121 2240 1213 2271 quam
1235 2240 1328 2262 unam
1345 2231 1494 2269 sequitur.
1920 2242 1921 2247 ¹

1085 2272 1147 2303 Sed
1165 2274 1247 2304 bene
1266 2272 1374 2304 habet.
1408 2272 1516 2304 inveni
1534 2272 1622 2312 quod
1645 2271 1773 2313 quaefivi
1791 2270 1842 2310 Jus
1860 2279 1926 2303 non

1045 2313 1178 2346 Naturae
1195 2321 1317 2345 tantum
1328 2338 1337 2352 ,
1355 2313 1406 2346 sed
1420 2313 1570 2345 Civitatis
1584 2322 1735 2354 quoque:
1750 2313 1851 2354 posita
1861 2322 1926 2344 om-

1046 2357 1138 2387 nibus
1156 2355 1286 2386 vivendi
1304 2356 1376 2396 lege
1390 2354 1473 2387 suam
1490 2356 1607 2396 cuique
1621 2355 1820 2387 firmaturum
1837 2355 1927 2394 liber-

1047 2406 1165 2430 tatem:
1185 2404 1219 2428 ut
1236 2397 1328 2428 alicui
1348 2398 1492 2429 videatur
1509 2397 1672 2436 minuere3
1692 2397 1722 2428 ὃς
1740 2395 1784 2428 sui
1801 2395 1926 2438 generis

1047 2440 1199 2470 servitute
1218 2436 1453 2478 transfigurare.
1502 2437 1579 2470 Non
1599 2439 1684 2471 enim
1708 2437 1754 2469 est
1778 2438 1847 2468 haec
1869 2437 1926 2469 hoi-

1048 2483 1167 2512 minum
1192 2479 1326 2512 servitus
1342 2504 1352 2520 ,
1391 2479 1443 2511 sed
1467 2481 1544 2522 legis
1565 2504 1575 2518 ‚
1599 2478 1733 2512 Naturae
1756 2480 1927 2520 exemplo,

1049 2531 1112 2553 tam
1138 2522 1248 2553 humili
1268 2530 1365 2561 atque
1384 2522 1494 2562 inopi,
1519 2531 1613 2562 quam
1633 2522 1734 2552 nobili
1755 2522 1783 2552 ὅτ
1801 2519 1929 2561 potenti

1049 2572 1166 2604 aequae:
1192 2563 1549 2603 numquamvoleritis,
1573 2564 1701 2594 alterius
1720 2563 1862 2603 superbia
1887 2561 1928 2594 ai·

1050 2608 1107 2637 tei-i
1142 2604 1223 2636 suam
1248 2607 1341 2635 atteri
1365 2604 1572 2636 facultatem:
1597 2604 1649 2636 sed
1667 2616 1687 2644 ,·
1701 2604 1788 2643 quod
1814 2603 1926 2645 agebat

1048 2647 1180 2679 Naturae
1197 2647 1550 2687 providentia,ubique
1568 2646 1693 2687 pudor-e
1710 2646 1740 2677 <St
1756 2644 1924 2683 modestiaz,

1048 2697 1204 2728 nusquam
1223 2687 1341 2720 scelere
1358 2688 1536 2719 aclicentia
1551 2688 1706 2720 exerceri.
1732 2688 1773 2718 At
1791 2688 1860 2718 baec
1876 2691 1928 2725 ve*-

1047 2741 1081 2762 ra
1102 2732 1230 2762 libertas
1249 2730 1279 2761 &
1299 2729 1405 2769 solida.
1427 2730 1485 2761 alia
1508 2739 1572 2762 non
1589 2729 1644 2761 est.
1676 2729 1829 2759 videlicet
1848 2728 1926 2759 liber

1047 2772 1093 2804 est
1118 2773 1197 2803 civis
1222 2773 1275 2812 qui
1306 2772 1577 2812 legum'imperio
1602 2770 1746 2808 securus,
1769 2770 1938 2802 nihilvmer

1048 2815 1108 2846 tuit
1136 2814 1221 2845 idem
1246 2812 1350 2853 potest
1375 2813 1483 2844 facere
1499 2812 1600 2845 omne'
1623 2812 1710 2854 quod
1734 2812 1818 2844 vult:
1842 2812 1926 2843 ultro

1048 2856 1161 2888 nolens
1173 2879 1182 2892 ‚
1204 2854 1311 2886 faeere
1330 2857 1418 2896 quod
1436 2855 1559 2896 legibus
1577 2854 1687 2885 facere
1704 2853 1915 2894 prohibetur&-

1051 2897 1054 2899 '
1091 2897 1180 2938 Quid
1198 2906 1275 2937 ergo
1292 2896 1499 2928 obtinemus?
1518 2897 1603 2936 quod
1619 2896 1711 2926 initio
1728 2895 1809 2931 dixi,
1833 2897 1925 2927 unam

1049 2939 1166 2971 rcCtam
1183 2947 1340 2969 rationem
1359 2947 1415 2979 per
1434 2938 1694 2969 omnem-orbem
1711 2936 1739 2967 ἃ
1758 2935 1922 2979 hominum

1051 2981 1263 3022 fingulorum,
1289 2979 1318 3011 ὅ(
1335 2979 1841 3021 civitatumjura-ffv-iij‘e‘ijcom
1876 2978 1926 3021 „so

1052 3023 1205 3054 societate
1222 3022 1366 3054 humanae
1385 3020 1643 3061 conjunetioniffi‘
1661 3017 1693 3054 id
1707 3016 1774 3054 est,
1846 3022 1924 3063 pfu-

1054 3064 1085 3095 su
1110 3064 1289 3095 terminare.
1335 3064 1484 3103 Atwenim
1504 3063 1632 3104 aliquis:
1657 3059 1721 3091 cur
1734 3064 1813 3103 ergq
1835 3058 1927 3105 mm}-

1054 3116 1142 3144 mur,
1164 3107 1246 3137 varia
1258 3130 1265 3143 ‚
1291 3106 1356 3137 im‘o
1374 3105 1550 3144 eontraria,
1573 3102 1672 3144 11111εὲ1
1687 3095 1829 3142 qifiveffliis
1847 3097 1926 3132 loeis

1051 3147 1107 3180 aut
1119 3146 1319 3189 temporibus
1336 3145 1536 3189 ibrruari'jtir‘a:
1554 3139 1660 3186 (fusti,
1702 3138 1846 3179 lffraestet,
1862 3138 1925 3188 Na:

1052 3195 1131 3224 ‘turae
1143 3190 1192 3231 jus
1218 3179 1742 3223 mosariorufli·'Geutiu1nsquam
1762 3185 1925 3253 οοιηιτιζννι

1895 3231 1927 3252 o-
