2036 3495
498 112 709 158 1NDEX
758 106 997 153 RERUM
1046 107 1085 148 ἀ
1136 109 1533 150 VERBORUM.

125 220 280 251 Omittere.
300 225 351 254 pro
371 214 520 242 remittere.
645 215 701 237 210

123 257 226 295 Opera:
247 256 316 291 saepe
347 252 547 286 distinguuntur
568 257 582 276 a
604 247 701 276 frufitu.

125 331 326 368 Opprobrium.
350 326 405 355 vid.
421 325 568 353 Probrurn.

127 368 259 398 Orationi
274 364 407 401 Principis
417 385 424 396 ,
436 362 461 389 δε
475 359 706 391 senatusconsul-

166 413 197 434 to
210 402 349 433 interdum
359 401 456 429 eadem
473 408 515 428 res
533 399 704 428 adscribitur.

129 479 270 509 Ordinarii
286 478 359 516 Juris
381 485 435 506 res.
475 475 534 504 vid.
554 474 658 512 Judex,
680 472 708 501 &

165 518 312 556 judicium.

130 555 307 584 Ornithones
322 554 350 581 in
365 551 468 581 fundis.
574 552 629 584 258
639 571 646 584 ,
656 551 708 583 338

130 591 202 623 Orta
222 590 413 621 controversia
434 590 549 622 dicitur,
570 597 633 625 quaa
653 588 708 622 jam

167 638 246 661 mota
259 629 307 658 est.
653 632 709 660 449

401 705 433 734 P.

131 777 282 850 Pacisci,
303 781 329 810 &
345 780 454 809 Paetum
470 775 546 815 quid.
575 779 638 806 228.
655 776 708 813 seq.

651 822 703 848 401

131 860 251 893 Pacisci,
273 858 297 886 ἃ
321 855 471 891 transigere
496 852 637 883 interdum
656 860 708 888 pro

168 898 269 926 eodem
282 895 465 930 accipiuntur.
654 897 710 923 229

131 937 242 966 Paetum
258 956 265 968 ‚
297 934 322 961 δι
345 931 440 961 Pastio
464 929 602 967 generalia
624 935 709 956 voca-

172 973 237 1002 bula
254 972 333 1005 sunt,
363 975 520 1004 eorumque
539 965 709 1003 significatio.

654 1010 707 1038 401

131 1049 242 1078 Paetum
252 1068 261 1083 ‚
276 1046 302 1075 ἃ
315 1046 497 1075 Conventum
516 1041 590 1071 idem
606 1040 711 1106 νειῐῐηὲ.

647 1089 656 1107 z
676 1087 683 1105 z
704 1098 710 1104 .

134 1125 215 1154 Pafta
229 1123 387 1160 praecedere
397 1117 711 1149 solebantvocationem

169 1164 195 1190 in
213 1164 265 1197 jus.
657 1162 713 1189 400

129 1201 208 1230 Pacta
232 1197 417 1227 tollendarurn
450 1194 539 1223 litium
555 1192 650 1226 causa,
670 1199 713 1219 ea-

170 1247 226 1273 que
242 1236 411 1265 solemnibus
432 1233 525 1261 verbis
547 1231 612 1260 faeta
627 1251 634 1264 ,
657 1236 713 1258 tan-

174 1282 232 1304 tum
272 1272 507 1302 confirmabantur
543 1271 620 1304 Lege
659 1275 712 1296 xit.

172 1314 265 1342 Tabb.
288 1311 371 1339 etiam
387 1317 444 1337 non
465 1307 632 1336 solemnibus
650 1304 714 1332 Edi-

176 1351 221 1378 ero
235 1348 374 1379 Praetoris.
489 1345 550 1373 ibid.
574 1352 637 1378 410.
661 1342 714 1376 seq.

135 1389 215 1419 Pacta
243 1394 298 1415 tam
329 1384 476 1421 expressa,
517 1391 600 1418 quam
633 1380 716 1408 tacita

175 1426 374 1454 confirmantur
421 1430 436 1448 a
477 1421 610 1449 Praetore.
652 1425 717 1450 401.

175 1464 285 1492 Paetum
327 1461 439 1488 tacitum
482 1458 579 1485 nititur
617 1453 718 1483 verofi-

176 1501 235 1529 mili
262 1497 475 1535 praesumtione,
514 1503 574 1530 quae
607 1498 717 1520 contra-

166 1539 217 1568 sria
247 1536 416 1573 probatione
444 1532 510 1560 elidi
531 1530 630 1568 potest.
652 1536 716 1564 402.

176 1575 288 1605 Paetum
331 1571 443 1600 tacitum
486 1570 523 1598 de
559 1567 718 1596 remiffione

175 1613 280 1643 debiti.
310 1609 335 1637 ὅ(
363 1608 488 1644 pignoris
520 1606 632 1635 videtur
659 1604 718 1641 fieri

175 1649 336 1680 redditione
356 1645 545 1682 chirographi.
566 1643 629 1672 ibid.
671 1642 720 1670 Pa-

176 1690 248 1719 etum
278 1685 393 1715 tacitum
421 1683 458 1711 de
482 1681 615 1712 illatis&
643 1680 720 1707 inve-

179 1727 239 1757 Eljs.
273 1723 330 1752 vid.
358 1722 462 1756 Pignus
486 1721 608 1749 tacitum.
631 1718 669 1746 eit
693 1718 720 1744 in

178 1762 356 1800 stipulatione
377 1759 471 1793 dotis,
493 1765 522 1786 ut
544 1767 576 1786 ea
598 1765 655 1784 non
674 1764 721 1792 pe-

180 1803 200 1831 ti
215 1799 314 1837 possit,
336 1798 384 1826 nisi
401 1796 499 1825 secutis
521 1795 635 1832 nuptiis.
657 1801 720 1828 403.

180 1840 237 1872 eit,
257 1838 277 1866 st
292 1836 416 1865 creditor
438 1834 530 1862 usuras
552 1835 578 1862 in
601 1832 721 1860 futurum

182 1876 299 1912 accipiat
323 1883 338 1902 a
364 1872 510 1906 debitore,
541 1880 577 1899 ne
598 1871 667 1898 intra
696 1868 723 1896 id

181 1922 291 1950 tempus
316 1917 400 1950 petat.
435 1909 499 1938 ibid.
545 1908 655 1937 Paetum
684 1914 722 1935 ta-

182 1956 288 1986 citum,
309 1958 366 1978 non
383 1949 499 1984 amplius
513 1947 586 1983 peti,
609 1945 723 1980 quando

181 1991 324 2019 censeatur
340 1987 438 2016 1116111111
453 1987 524 2014 inter
543 1983 724 2013 venditorem

182 2028 362 2058 hereditatis,
382 2024 408 2052 &
421 2024 574 2052 creditores
590 2020 721 2049 defunffi.

589 2058 651 2087 ibid.
667 2058 723 2092 seq.

146 2104 292 2135 Paetorum
315 2101 423 2129 divisio.
464 2098 521 2128 vid.
550 2096 724 2126 Conventio-

188 2150 246 2170 nes.

148 2181 222 2209 Paeti
257 2176 391 2206 conventi
425 2174 483 2202 duae
513 2173 616 2209 species
649 2172 726 2200 sunt:

185 2218 296 2246 Paetum
328 2220 499 2242 conventum
530 2212 557 2238 in
577 2211 667 2246 specie
687 2216 725 2237 ta-

188 2257 233 2287 le,
261 2254 286 2281 ἃ
313 2250 470 2280 transactio.
513 2255 629 2284 utraque
652 2246 723 2275 Paeti

187 2293 307 2322 nomine
342 2291 369 2318 in
405 2287 504 2316 Edicto
541 2285 725 2321 comprehen-

187 2332 271 2359 ditur.
300 2336 365 2363 404.
392 2326 448 2360 sen.
494 2325 566 2353 Paeti
594 2320 727 2351 conventi

189 2370 215 2397 in
238 2367 345 2402 specie,
372 2364 398 2392 ἃ.
418 2362 625 2392 Transaffionts
648 2359 730 2387 diffe-

188 2406 287 2434 rentia.
308 2412 379 2437 229,
401 2408 464 2436 405.
506 2401 583 2428 Patra
605 2405 728 2427 conven-

188 2451 216 2471 ta
232 2445 257 2470 in
278 2443 382 2478 specie,
405 2441 421 2467 i.
438 2448 462 2466 e.
483 2438 643 2465 donationis
667 2443 728 2463 cau-

191 2481 217 2509 sa
232 2480 314 2511 taeta,
336 2481 369 2506 <le
383 2485 440 2506 non
459 2475 599 2512 petendo,
622 2483 678 2502 non
704 2481 729 2499 a·

192 2518 302 2551 fflone,
318 2516 362 2544 sed
373 2515 540 2550 exceptione
558 2513 647 2541 servat
662 2512 729 2539 Prae-

192 2563 261 2587 t0r3
296 2552 508 2582 transactionem
534 2551 616 2578 etiam
640 2550 728 2577 aliter.

193 2600 256 2628 432.
277 2591 338 2618 add.
361 2589 533 2618 Transat‘tio.

155 2632 236 2663 Paua
258 2635 397 2656 conventa
424 2628 477 2654 alia
505 2627 531 2653 in
565 2634 623 2653 rem
652 2625 731 2659 sunt,

193 2668 244 2698 alia
275 2667 300 2694 in
318 2665 472 2700 personam.
515 2672 574 2699 qua:
595 2673 627 2691 ea
652 2663 731 2697 sunt,

194 2707 220 2735 ὅ(
238 2710 421 2737 utrorumque
444 2702 567 2730 effcCtus.
591 2709 640 2735 70,
661 2708 730 2735 403,

586 2746 648 2773 407.
674 2738 730 2774 seq.

157 2783 268 2814 Paetum
290 2783 459 2807 conventum
487 2783 516 2804 ut
538 2776 679 2809 servetur,
700 2785 730 2803 o-

195 2823 290 2859 portet
305 2814 417 2853 probari
437 2814 597 2842 consensum
614 2814 667 2841 esse
694 2814 732 2841 in-

195 2867 239 2889 ter
255 2864 321 2888 eos,
344 2854 414 2880 inter
428 2859 499 2887 quos
515 2852 622 2885 agitur,
649 2849 675 2877 &
697 2851 731 2878 de

197 2904 251 2934 qua
268 2902 297 2922 re
311 2891 401 2927 agitur
415 2910 424 2922 ,
447 2888 481 2916 de
497 2897 554 2924 quo
570 2889 635 2922 saepe
657 2889 735 2916 dubi-

200 2933 252 2962 tari
265 2928 364 2966 potest.
573 2928 636 2960 408.
659 2926 735 2961 seqq.

163 2973 296 3004 Pastum,
325 2965 406 2995 Nihil
427 2963 545 3001 amplius
574 2964 640 2999 peti.
681 2964 735 2990 vid.

198 3006 373 3037 'ri-ansaetio.

163 3049 244 3079 Patita
267 3044 347 3074 nuda.
383 3041 439 3070 vid.
462 3038 674 3067 Conventioues
695 3037 738 3073 Ju-

201 3086 238 3115 ris
259 3083 394 3120 gentium.
434 3086 494 3114 quae
525 3075 575 3104 sint
603 3074 629 3102 ἃ
658 3075 739 3102 variae

202 3130 299 3151 eorum
330 3117 541 3155 appellationes.
573 3115 638 3147 418.
681 3120 737 3139 non

204 3160 298 3188 omnia
338 3156 498 3185 confirmata
536 3152 597 3180 sunt
639 3149 737 3178 Edifto

202 3195 350 3227 Prrctoris,
378 3194 422 3222 sed
446 3190 632 3221 tollendarum
653 3188 741 3215 litium
769 3184 879 3213 Paetum
916 3186 949 3213 de
983 3185 1138 3214 omittenda
1171 3184 1345 3214 accusatione

202 3234 281 3264 causa
299 3232 367 3261 facta
381 3254 388 3266 ,
418 3241 433 3259 e
455 3230 557 3266 quibus
577 3234 635 3255 uon
659 3224 740 3253 actio-

767 208 851 238 nem,
873 202 918 231 sed
935 201 1132 238 exceptionem
1148 202 1305 233 deaitPrae-
1333 205 1412 233 Paeta
1435 203 1469 231 de
1490 212 1518 232 re
1534 202 1690 237 witlam&
1712 202 1835 233 famulitii
1864 214 1906 233 va-

770 249 826 268 tor.

733 287 748 307 e
770 279 854 307 Paeto
879 277 956 306 nudo
980 278 1045 315 Jure
1065 277 1147 307 Civili
1172 286 1230 307 non
1250 250 1306 308 411¹:-

1372 243 1446 276 lent,
1462 249 1517 270 non
1535 241 1569 268 de
1580 248 1609 268 re
1627 240 1716 268 aliena
1729 249 1774 270 aut
1787 243 1905 279 publica.

1854 287 1909 313 229

772 316 867 349 scitur,
890 324 943 344 nec
958 316 1067 343 tollitur
1088 315 1175 350 aetio,
1199 315 1224 345 &
1245 326 1309 345 cur:
1337 316 1416 348 Pac'ta
1433 310 1546 351 injusta,
1566 316 1584 344 i.
1598 324 1622 343 e.
1645 314 1712 342 dolo
1731 316 1805 344 malo
1827 318 1909 351 fastat

771 355 837 392 Jure
874 354 1012 382 Pretorio
1053 353 1133 381 datur
1168 356 1307 391 exceptio,

772 395 836 427 418.
857 391 912 427 seq.
933 390 1074 423 nascitur,
1102 390 1127 417 ἂ
1152 392 1258 420 tollitur
1284 401 1310 420 a—

774 430 850 464 etio,
883 430 900 458 fi
925 430 1023 464 Lege,
1050 428 1308 463 senatusconsulto,

774 505 815 533 sit.
1175 512 1239 539 427.
1255 505 1311 541 seq.

736 543 825 572 Paetis
855 541 936 570 nudis
963 550 1011 569 cur
1047 540 1186 576 stipulatio
1217 542 1311 576 subjici

775 580 893 614 soleret,
915 580 941 608 &
965 580 1000 607 de
1016 579 1074 613 ejus
1096 578 1224 606 formula.
1245 583 1310 613 418.

1375 365 1433 385 non
1462 355 1552 383 servat
1574 355 1676 381 Praetor
1691 375 1698 386 ‚
1727 354 1783 381 five
1806 356 1839 383 ab
1861 355 1910 382 ini-

1378 394 1420 422 tio
1442 393 1523 421 dolus
1543 391 1743 423 immunem,
1771 391 1827 419 five
1842 395 1912 428 post.

1777 437 1840 464 431-
1857 430 1912 467 seq.

773 468 819 496 vel
847 468 947 496 Editio
968 467 1096 495 Praetoris
1117 466 1310 496 confirmatum
1339 464 1417 498 Pafta
1438 468 1566 497 adversus
1589 468 1676 503 Leges
1690 489 1697 500 ,
1727 468 1772 495 vel
1795 467 1822 494 in
1843 467 1916 495 frau-

1377 508 1440 535 dem
1456 507 1561 543 Legum
1579 506 1647 534 faeta
1661 513 1718 534 non
1742 505 1832 533 servat
1846 506 1916 533 Prae-

1379 545 1472 577 1013&
1488 554 1548 582 quae
1563 545 1590 572 in
1606 543 1730 572 fraudem
1746 543 1830 579 Legis
1839 542 1915 572 fiant.

1859 588 1913 616 433

1254 617 1310 652 scq-
1339 615 1419 648 Paua
1450 619 1579 648 adversus
1614 620 1704 655 Leges
1737 618 1812 651 sunt,
1853 626 1914 654 quae

737 656 816 685 Paua
847 655 919 684 nuda
952 653 1141 682 contrae‘tibus
1172 653 1253 681 bonae
1283 655 1311 682 fi-

774 695 820 721 dei
843 695 868 721 in
892 692 1050 721 continenti
1070 691 1190 725 adicem,
1218 692 1250 718 iis
1275 691 1314 718 in-

774 732 857 766 sunt,
885 730 911 758 &
932 731 1054 759 formant
1077 729 1212 756 astionem
1228 751 1235 762 ‚
1257 734 1314 757 tam
1355 731 1360 736 ”

776 780 810 799 ex
844 776 921 806 parte
943 767 1061 801 3610115,
1087 775 1169 802 quam
1194 768 1234 793 rei
1250 786 1259 799 ‚
1288 767 1313 794 &

775 807 841 844 quid
863 808 918 835 hoc
941 805 980 833 fit.
1002 813 1066 840 419.
1082 804 1156 840 seqq.
1179 812 1238 839 quae
1254 813 1315 841 per-

775 847 866 874 tinent
893 844 927 872 ad
967 843 1137 871 contractum
1164 843 1190 869 b.
1213 842 1231 870 f.
1265 842 1315 869 dis-

776 882 957 916 solvendum,
979 887 1009 909 ut
1030 881 1138 916 pastum
1159 880 1316 908 commisso-

776 922 864 955 rium,
886 920 913 949 &
936 918 1055 948 addistio
1077 918 1103 944 in
1122 917 1211 951 diem,
1234 926 1316 954 quam

1377 659 1446 686 fiunt
1480 657 1610 685 adversus
1643 657 1733 693 Leges
1764 654 1915 691 prohiben-

1379 702 1437 729 tes,
1458 694 1483 722 &
1509 696 1655 724 utilitatem
1677 694 1815 732 publicam
1830 715 1836 727 ‚
1858 701 1917 721 nou

1379 737 1440 768 quae
1463 733 1591 761 adversus
1612 733 1686 769 leges
1702 732 1915 769 permittentes.

1380 770 1406 797 ἃ
1421 770 1568 799 utilitatem
1585 771 1624 798 rei
1641 771 1761 806 privatae.
1785 777 1849 804 435.
1861 769 1916 803 seq.

1379 806 1572 844 intelliguntur
1606 808 1660 836 effe
1697 808 1791 836 omnia
1807 828 1815 841 ‚
1857 814 1919 841 quae

1380 844 1450 887 fiunt
1478 845 1605 874 adversus
1636 845 1684 883 Jus
1714 846 1821 878 civile,
1862 843 1919 872 sive

1382 883 1510 917 scripturn
1525 902 1534 917 ‚
1561 883 1618 911 ssve
1640 892 1697 912 non
1720 884 1847 919 scriptum
1863 902 1872 916 ‚
1893 881 1921 909 &-

1382 919 1513 948 adversus
1534 917 1582 957 Jus
1597 928 1710 950 naturae.
1784 929 1848 955 441.
1864 920 1921 954 seq.

774 960 913 988 astionem
941 961 1094 994 parerent,
1128 963 1185 983 non
1211 963 1317 983 conve·
1344 956 1440 991 Pacta,
1465 964 1494 986 ut
1516 958 1679 987 maleficium
1702 959 1765 992 fiat,
1793 958 1839 986 vel
1862 965 1923 985 nou

775 997 817 1025 nit
837 999 907 1025 inter
922 997 1050 1023 Veteres.
1072 1001 1135 1027 4²0·
1172 992 1191 1020 fi
1212 993 1263 1021 sint
1291 1002 1317 1021 a·

776 1035 848 1063 liena
863 1044 877 1061 a
892 1040 988 1062 natura
1002 1030 1191 1060 contractuum
1201 1031 1228 1058 b.
1239 1030 1258 1058 f.
1272 1037 1319 1059 aut

778 1074 910 1106 niodum,
939 1071 1095 1098 formamve
1118 1077 1215 1097 eorum
1236 1077 1315 1105 egre-

780 1111 889 1138 diantur
905 1130 915 1144 ,
947 1116 1006 1136 11011
1047 1106 1139 1134 insunt
1174 1106 1318 1135 contraeu-

777 1149 847 1180 bus,
871 1156 924 1175 nec
947 1146 1083 1174 actionem
1105 1144 1225 1180 pariunt.
1252 1152 1317 1179 422.

779 1186 966 1214 conti-aeribus
981 1185 1006 1210 b.
1024 1183 1044 1209 f.
1062 1190 1096 1209 ex
1111 1182 1261 1210 intervallo
1270 1181 1317 1209 ad-

779 1224 862 1259 10613,
884 1224 902 1252 fi
918 1223 952 1250 de
966 1219 1139 1249 adminiculis
1164 1220 1230 1253 ssot,
1259 1227 1318 1248 tan-

780 1269 838 1290 turn
865 1271 879 1289 a
901 1266 977 1297 parte
999 1258 1039 1286 rei
1060 1256 1151 1285 insunt
1174 1257 1318 1285 commeti-

781 1301 846 1333 bus,
868 1299 894 1327 &
921 1297 1016 1325 valent
1040 1295 1075 1323 ad
1098 1296 1318 1332 exceptionem,

1381 995 1429 1023 fiat
1451 1015 1461 1029 ‚
1496 995 1696 1032 obligationem
1720 1004 1777 1024 non
1801 996 1923 1030 pariunt.

1384 1040 1449 1067 417.
1495 1033 1530 1061 de
1570 1033 1674 1061 deliftis
1709 1034 1822 1069 privatis
1853 1033 1925 1060 facta

1385 1069 1446 1106 post
1468 1078 1501 1098 ea
1522 1070 1634 1099 admissa
1656 1071 1766 1102 valent;
1794 1078 1853 1098 non
1875 1079 1923 1097 an-

1386 1115 1429 1150 te..
1451 1115 1521 1142 230,
1544 1117 1619 1144 400,
1646 1112 1709 1143 436.
1756 1107 1790 1136 de
1822 1108 1928 1135 deliftis

1387 1147 1518 1182 privatis,
1553 1148 1597 1174 vel
1619 1147 1754 1181 publicis,
1786 1153 1801 1172 e
1823 1146 1925 1182 quibus

1383 1183 1566 1213 criminaliter
1589 1185 1687 1218 agitur.
1730 1183 1786 1211 vti.
1808 1183 1926 1212 Transa-

1383 1222 1448 1250 ffio.
1464 1223 1498 1249 de
1515 1223 1676 1251 criminibus
1691 1221 1853 1256 capitalibus
1867 1229 1928 1249 non

1385 1259 1527 1302 per-tinent
1549 1260 1583 1288 ad
1604 1260 1831 1298 Jurisdifflonem
1854 1260 1927 1287 Prae-

1385 1303 1464 1326 tons.
1868 1301 1922 1331 235

781 1345 840 1372 quae
857 1336 1027 1365 contrastum
1043 1333 1102 1368 ipso
1116 1333 1177 1367 jure
1192 1333 1318 1368 perimat.
1347 1335 1429 1364 Paffta
1469 1334 1598 1363 adversus
1635 1335 1726 1371 Leges
1766 1335 1851 1363 etiam
1893 1342 1926 1362 ea

781 1382 852 1409 419,
875 1382 939 1409 421.
960 1373 1034 1407 seqq.
1056 1371 1073 1398 si
1096 1370 1131 1398 de
1155 1379 1267 1403 natura,
1289 1370 1319 1398 sl-

782 1420 817 1439 ve
828 1411 974 1440 substantia
989 1408 1144 1437 contractus
1160 1409 1319 1444 sint‚etiam

784 1459 797 1477 a
811 1457 888 1485 parte
904 1448 1001 1477 actoris
1017 1445 1320 1483 insunt,&pr0siciunt

782 1489 816 1514 ad
833 1487 979 1515 actionem.
1257 1484 1319 1512 ibid.

1387 1374 1461 1405 sunt,
1485 1381 1546 1408 qum
1566 1369 1698 1401 adversus
1723 1372 1858 1406 formam,
1880 1380 1926 1399 na-

1387 1417 1490 1442 turam,
1516 1411 1705 1445 substantiam,
1722 1411 1843 1446 negotiis
1860 1410 1926 1446 Jure

1387 1448 1472 1476 Civili
1502 1447 1527 1476 δε
1553 1449 1691 1477 Praetorio
1719 1448 1781 1476 data
1802 1471 1809 1480 ,
1845 1448 1924 1476 fiunt.

1775 1494 1838 1522 442.
1851 1486 1927 1520 seqq.

747 1535 762 1554 e
783 1525 866 1553 Ρ3ξ10
888 1527 914 1553 in
942 1522 1100 1552 continenti
1120 1521 1229 1557 adjefto
1253 1523 1279 1550 b.
1301 1522 1319 1550 f.
1350 1523 1430 1553 Pasta
1459 1523 1583 1560 expresse
1615 1522 1789 1552 adversantia
1824 1528 1927 1550 naturae

784 1562 955 1594 coriti-afflui,
984 1560 1063 1587 usura
1091 1568 1147 1587 non
1170 1560 1323 1588 debebatur

785 1609 847 1629 ante
863 1598 1102 1628 Constitutionem
1120 1597 1156 1624 D.
1170 1597 1221 1624 Pii.
1269 1605 1323 1632 423

748 1639 826 1667 Patra
854 1636 1041 1666 contraetibus
1083 1635 1164 1662 snitu
1193 1634 1261 1669 juris
1297 1636 1324 1663 in

786 1675 942 1705 continenti
964 1672 1083 1709 adjefta,
1105 1672 1124 1699 fi
1145 1678 1247 1709 augent
1261 1681 1327 1700 con-

787 1715 920 1744 tractum,
947 1720 1004 1740 non
1027 1710 1117 1739 insunt
1137 1710 1177 1744 ei,
1199 1718 1252 1738 nec
1271 1710 1327 1738 sor-

787 1759 864 1781 mant
891 1751 1027 1778 aaronem
1052 1757 1086 1776 ex
1112 1754 1190 1784 parte
1216 1748 1327 1776 3610115.

791 1792 860 1824 198,
881 1797 945 1824 424.
967 1795 1018 1819 an,
1039 1787 1168 1822 quando,
1191 1784 1216 1813 &
1231 1794 1329 1822 quem-

790 1829 940 1856 admodum
976 1825 1032 1852 hoc
1067 1823 1098 1852 sit
1130 1829 1265 1852 mutatum
1300 1824 1328 1852 in

789 1865 976 1902 stipulatione.
1012 1865 1076 1897 426.
1123 1862 1197 1897 paeta
1231 1862 1249 1890 ss
1283 1861 1330 1890 de-

790 1904 903 1932 trahunt
939 1899 1091 1930 contrastui
1128 1899 1209 1927 stritti
1238 1900 1328 1934 jutis,

789 1950 851 1969 cum
881 1941 939 1968 sunt
962 1939 990 1966 in
1019 1937 1175 1965 continenti
1210 1937 1328 1971 adjecta,

790 1987 825 2008 ex
851 1985 930 2015 parte
961 1976 1001 2004 rei
1025 1975 1138 2009 insunt,
1179 1973 1204 2002 ὅ(
1243 1976 1328 2003 aetio-

791 2026 853 2045 nem
888 2015 946 2052 ipso
967 2014 1029 2048 jure
1065 2013 1193 2046 tollunt,
1231 2019 1327 2041 contra

789 2054 897 2090 regulas
911 2052 979 2087 juris
993 2050 1106 2079 veteris.
1119 2049 1181 2078 ibid.
1203 2049 1326 2078 inconti-

789 2092 867 2120 nenti
897 2097 994 2118 mutuo
1030 2088 1155 2122 adieeta,
1196 2095 1257 2122 quae
1283 2096 1328 2116 au-

1389 1562 1445 1590 sive
1474 1561 1628 1589 substantiae
1655 1561 1763 1597 negotii
1784 1582 1792 1595 ,
1834 1560 1859 1588 &
1887 1559 1926 1587 in-

1390 1599 1470 1635 super
1496 1598 1611 1632 injusta,
1634 1605 1680 1626 aut
1699 1599 1781 1626 bonis
1802 1597 1929 1626 moribus

1393 1637 1533 1665 contraria
1550 1658 1557 1669 ,
1585 1637 1662 1665 irrita
1694 1636 1755 1665 sunt
1774 1658 1781 1669 ,
1819 1635 1933 1663 valente

1394 1674 1546 1702 contractu.
1567 1682 1632 1709 442.
1672 1674 1803 1702 adversus
1823 1672 1931 1708 negotii

1394 1712 1511 1740 formam
1527 1731 1538 1746 ‚
1566 1711 1623 1739 five
1645 1710 1818 1740 substantiam
1847 1710 1931 1743 faeta,

1394 1750 1413 1778 fi
1440 1758 1498 1778 non
1524 1750 1575 1778 sint
1597 1750 1715 1783 injusta,
1744 1759 1796 1778 nec
1818 1748 1933 1777 utiiitati

1393 1788 1512 1824 publicae
1531 1787 1709 1817 adversentur
1724 1809 1731 1820 ‚
1753 1788 1865 1821 valent,
1888 1785 1934 1813 sed

1394 1832 1501 1855 mutant
1535 1833 1641 1854 nomen
1677 1826 1843 1854 conti-astus.
1869 1824 1933 1853 ibid.

1395 1872 1455 1900 quae
1501 1864 1582 1891 tacite
1622 1862 1802 1891 adversantur
1837 1862 1933 1890 formae

1396 1902 1519 1937 negotii,
1550 1903 1712 1934 serva-ntur,
1745 1910 1796 1928 nec
1822 1905 1933 1928 mutant

1395 1940 1556 1975 negotium,
1579 1939 1623 1967 sed
1637 1938 1779 1967 infleftunt
1792 1959 1801 1972 ‚
1822 1938 1848 1966 δι
1866 1945 1933 1965 tem-

1393 1984 1500 2013 perant.
1520 1983 1584 2011 443.
1607 1976 1662 2012 seq.
1692 1985 1753 2012 quae
1776 1981 1854 2004 extra
1875 1975 1932 2002 for-

1392 2023 1464 2043 mam
1481 2036 1487 2047 ,
1517 2014 1574 2042 five
1599 2012 1773 2042 substantiam
1804 2012 1932 2048 negotii,

1395 2052 1466 2080 circa
1487 2058 1614 2080 externas
1639 2051 1713 2079 illius
1731 2050 1822 2079 causas
1845 2051 1931 2082 fiunt.

1393 2090 1495 2118 valent.
1881 2095 1937 2123 444

789 2127 1096 2165 ἲ116111011114131101111111,
1124 2133 1177 2153 nec
1204 2126 1237 2152 ad
1261 2134 1328 2154 con-
1356 2128 1435 2156 Pac‘ta
1465 2127 1556 2155 facere
1594 2127 1704 2162 possunt
1733 2134 1853 2159 01111165,
1888 2134 1935 2159 qui

793 2167 906 2195 tractum
943 2164 1169 2197 innominatum,
1207 2172 1260 2190 nec
1294 2163 1327 2191 ad

792 2204 974 2232 donationem
1003 2201 1159 2238 proficiunt.
1188 2209 1253 2236 4²4·
1295 2209 1330 2229 ex

790 2242 939 2269 intervallo
970 2240 1092 2274 austera,
1122 2238 1178 2266 five
1203 2238 1329 2273 addant,

791 2280 846 2307 sive
870 2280 1017 2308 detrahant
1040 2276 1208 2308 commerui,
1230 2278 1255 2304 ei
1272 2285 1329 2305 non

794 2318 883 2345 insunt
905 2340 910 2351 ,

794 2356 916 2387 tollunt3
957 2355 1003 2383 sed
1044 2358 1150 2380 tantum
1185 2352 1219 2379 ad
1253 2360 1334 2380 exce-

794 2395 919 2429 ptionem
961 2390 1110 2429 proficiunt
1130 2411 1137 2422 ,
1176 2397 1236 2425 quae
1274 2397 1331 2416 non

798 2432 866 2459 inest
892 2431 992 2459 actioni
1007 2450 1016 2464 ‚
1041 2436 1093 2455 nec
1115 2426 1213 2455 officio
1232 2426 1333 2462 judicis

797 2470 967 2497 continetur.
996 2475 1068 2503 424,
1096 2472 1160 2500 427.
1188 2465 1250 2493 add.
1278 2465 1332 2493 Ex-

795 2508 949 2543 ceptiones.

760 2546 868 2574 Puerum
897 2553 932 2572 ne
954 2542 1072 2580 pecunia
1091 2546 1217 2577 petatur,
1239 2547 1275 2567 ne
1295 2540 1336 2575 pi-

799 2591 870 2617 gnus
885 2589 1003 2618 petatur.
1025 2580 1081 2608 vid.
1097 2578 1278 2614 Hypotheca.

761 2629 776 2648 e
796 2620 879 2648 Paeto
895 2619 970 2647 nudo
986 2619 1086 2656 quibus
1102 2616 1255 2645 debeantur
1276 2615 1335 2643 usu-

799 2667 844 2686 rae.
867 2657 922 2685 vid.
938 2657 1042 2685 Usurce.

759 2696 841 2724 Paeto
875 2694 952 2722 nudo
979 2694 1085 2722 tollitur
1110 2692 1183 2722 actio
1216 2690 1281 2719 furti
1307 2690 1333 2718 ὅ(

799 2733 959 2768 injuriarum
984 2732 1043 2769 ipso
1062 2733 1132 2767 iure.
1192 2738 1256 2765 427.
1277 2729 1333 2766 seq.

798 2770 975 2800 constituitur
993 2771 1019 2798 ὅ(
1040 2768 1149 2797 tollitur
1165 2767 1336 2804 hypotheca.

1282 2808 1336 2840 4²8

759 2848 839 2876 Patra
861 2845 934 2874 nuda
962 2845 997 2874 de
1021 2845 1192 2880 donatione,
1218 2843 1244 2871 ἃ
1271 2842 1339 2872 dote

800 2885 889 2913 danda
925 2883 1039 2921 quando
1069 2883 1162 2912 valere
1191 2882 1338 2917 coeperint.

1272 2919 1336 2948 ibid.

766 2961 852 2989 Patro
885 2959 962 2988 nudo
989 2959 1059 2989 faeta
1081 2957 1241 2988 transactio.
1282 2957 1339 2986 vid.

801 2998 974 3026 Transafflo.

766 3036 876 3064 Paetum
900 3044 962 3063 cum
982 3033 1074 3063 valere
1091 3034 1208 3067 dicitur,
1230 3032 1297 3070 quid
1313 3032 1341 3059 in

805 3073 870 3108 Jure
890 3073 1031 3108 significet.

766 3110 877 3138 Paetum
891 3110 925 3137 de
941 3119 1021 3146 poena
1031 3109 1341 3144 contraituiadjetmm.

809 3148 864 3175 vid.
882 3149 971 3176 Poenae
988 3148 1137 3184 stipulatio.

810 3222 940 3251 criminis.
962 3222 1017 3252 vid.
1044 3223 1221 3252 Transac‘tio.

948 2326 1000 2345 nec
1030 2315 1168 2343 actionem
1190 2314 1248 2351 ipso
1268 2315 1330 2349 jure
1360 2316 1471 2345 Paetum
1500 2319 1534 2345 ab
1561 2317 1617 2344 alio
1638 2316 1760 2348 factum,
1795 2315 1841 2342 alii

1395 2165 1569 2200 consentire,
1596 2165 1645 2193 nisi
1666 2165 1714 2201 qui
1735 2174 1749 2192 a
1771 2164 1866 2197 regula
1889 2165 1935 2201 Ju-

1395 2203 1432 2231 ris
1449 2203 1631 2240 excipiantur.
1653 2210 1716 2238 445.
1761 2202 1933 2239 pupillorum

1398 2241 1511 2276 quando
1540 2241 1659 2269 valeant.
1689 2240 1751 2268 ibid.
1795 2240 1935 2268 minorum

1399 2287 1443 2312 25.
1465 2279 1555 2307 annis.
1578 2278 1633 2306 vid.
1653 2278 1794 2306 Minores.

1872 2322 1935 2350 pro-

1397 2354 1475 2389 dest,
1497 2354 1514 2382 si
1536 2354 1697 2390 paciscentis
1720 2352 1822 2382 interfit
1836 2374 1843 2386 ,
1865 2351 1935 2379 obli-

1397 2393 1540 2427 gationem
1573 2391 1729 2419 dissolutam
1766 2390 1829 2418 esse.
1869 2397 1934 2424 404.

1397 2430 1509 2458 alterius
1528 2431 1594 2467 Jure
1615 2429 1691 2456 civili
1719 2428 1798 2456 alteri
1820 2427 1936 2464 prodes-

1398 2468 1438 2500 se,
1461 2473 1507 2495 aut
1534 2475 1637 2494 nocere
1667 2475 1724 2494 non
1745 2466 1860 2502 potest,
1887 2464 1935 2492 niti

1397 2505 1468 2533 alter
1500 2504 1610 2532 fifflone
1642 2504 1709 2538 juris
1745 2512 1796 2539 pro
1834 2501 1937 2530 codem

1402 2542 1544 2571 habeatur.
1566 2544 1629 2576 446.
1649 2541 1702 2577 seq.
1727 2549 1791 2576 451.
1825 2540 1937 2574 majoris

1399 2580 1482 2616 partis
1498 2579 1666 2608 creditorum
1691 2588 1753 2606 cum
1769 2579 1873 2606 herede
1893 2577 1939 2605 de-

1401 2617 1517 2652 bitoris,
1544 2617 1688 2653 suspebhzn
1716 2617 1838 2644 habente
1860 2616 1938 2643 here-

1400 2655 1534 2690 ditatem,
1556 2655 1639 2683 etiam
1656 2656 1715 2687 iiis,
1730 2655 1778 2688 qui
1794 2662 1850 2682 non
1870 2661 1937 2681 con-

1400 2692 1546 2727 senserint,
1573 2693 1618 2721 vel
1639 2692 1798 2725 abfuerint,
1824 2691 1870 2720 etsi
1886 2690 1939 2726 pri-

1399 2731 1554 2767 vilegiatis,
1588 2730 1747 2766 praejuclicat
1772 2738 1806 2757 ex
1833 2727 1938 2757 Consti-

1402 2769 1568 2797 tutionibus.
1589 2776 1652 2803 447.
1674 2768 1729 2805 seq.
1763 2768 1939 2796 Pactoama-

1401 2807 1463 2842 jore
1486 2812 1563 2843 parte
1585 2806 1754 2834 creditorum
1784 2806 1854 2833 fatto
1875 2825 1882 2837 ‚
1907 2807 1939 2830 ut

1403 2845 1563 2880 portionem
1593 2844 1626 2872 ab
1655 2843 1759 2872 herede
1785 2842 1892 2873 ferant,
1919 2837 1943 2868 st

1407 2891 1466 2910 eam
1496 2881 1598 2910 deinde
1630 2889 1686 2909 non
1716 2880 1816 2918 possint
1846 2878 1940 2907 conse-

1406 2920 1468 2956 qui,
1490 2919 1670 2957 privilcgiarii
1684 2920 1711 2946 in
1727 2918 1813 2946 debiti
1832 2916 1939 2952 portio·

1405 2965 1442 2986 ne
1457 2958 1638 2994 praeferuntur
1651 2956 1750 2986 ceteris
1762 2977 1768 2989 ,
1791 2963 1842 2982 nec
1854 2954 1942 2987 hypo-

1407 2996 1523 3024 thecarii
1546 3004 1581 3023 eo
1604 2994 1683 3032 pasto
1702 2994 1745 3028 jus
1775 2990 1939 3028 hypothecae

1406 3034 1546 3062 amittunt.
1875 3025 1940 3054 ibid.

1288 3077 1343 3103 229
1369 3070 1479 3099 Paetum
1499 3066 1619 3108 plurium
1644 3066 1774 3097 heredum
1803 3066 1873 3093 inter
1893 3063 1940 3096 se,

1409 3116 1439 3137 ut
1456 3117 1526 3137 unus
1548 3109 1612 3135 huic
1627 3128 1634 3139 ,
1662 3105 1729 3132 alius
1752 3103 1798 3130 alii
1820 3101 1943 3129 credito-

1409 3146 1433 3174 ri
1459 3145 1638 3182 respondeat,
1666 3150 1724 3168 uon
1748 3147 1832 3168 nocet
1855 3139 1943 3168 credi-

1411 3184 1528 3211 toribus.
1553 3181 1614 3210 ibid.
1655 3179 1725 3206 inter
1745 3176 1863 3206 heredes
1885 3176 1945 3204 scri-

1414 3226 1478 3256 ptos
1491 3240 1499 3253 ,
1519 3218 1545 3247 &
1561 3217 1700 3254 legitimos
1720 3223 1754 3245 an
1769 3220 1949 3278 noceatdcre.

1897 3256 1949 3280 1ῐο-
