2036 3495
256 115 795 230 rrumex
903 157 1570 258 C‘AptTuM·

547 280 793 347 Utriusque
829 278 925 328 libri
963 275 1359 326 Observationum.

698 417 729 451 L
755 416 769 450 Ῑ
793 416 821 450 Β
847 415 880 450 R
907 415 922 449 I

65 496 148 552 CAP.
167 494 193 551 I.
212 492 390 559 'Modestini
422 504 503 545 locus
528 509 652 556 elegans
689 508 741 554 qui
777 506 819 553 est
849 506 880 538 iu
914 497 936 538 l.

155 575 225 612 pen.
246 563 287 598 D.
303 562 354 605 ¹Ad
376 561 471 606 Iegem
497 558 667 594 Corneliam
693 557 729 591 de
748 555 875 599 ficariis
894 551 935 593 fi?
986 583 987 586 ,

73 654 76 658 Δ
162 611 368 658 veneficis,ex
378 609 550 655 conjefft‘nra
570 607 736 652 restitutus.
766 606 929 651 Pag.249

87 659 131 696 11.
161 661 313 705 Julianus
338 658 359 692 I.
381 668 436 692 20.
454 657 497 691 D.
524 657 559 690 de
575 656 694 701 legibus
707 653 932 698 exijlutarcho

159 708 351 754 illustratum
378 703 420 745 ὅ)
444 706 572 740 collatus
596 705 675 738 alius
703 703 866 738 Plutarchi
891 702 935 734 lo-

158 769 211 794 cus
236 768 303 792 cum
328 756 346 789 l.
369 765 398 798 3.
430 751 470 794 ὃ)
494 755 576 790 l...-.6:
601 754 644 789 D.
671 754 704 787 de
727 753 833 798 poenis.
864 760 934 792 250

89 805 146 840 111.
161 803 281 843 Errare
306 802 485 851 doaiffimos
518 806 601 838 viros
619 829 629 844 ,
666 804 715 848 qui
746 803 934 847 opinantur,

155 855 296 902 populum
319 854 491 887 Romanum
517 853 598 897 Lege
615 851 718 897 Regia
734 850 813 885 omni
826 846 864 894 se
879 848 934 894 jn-

158 916 190 940 re
214 901 255 943 ἐξ
272 901 433 949 majestate
451 900 600 947 abdicasse
624 901 811 934 inhonorem
838 897 934 931 Prin·
984 919 985 922 η

158 954 254 1000 σὶρὶςς
279 951 365 997 idque
384 952 422 984 ab
442 950 575 995 Ulpiano
600 949 620 983 l.
642 958 669 983 1.
699 948 741 983 D.
767 947 802 981 de
819 945 935 991 Consti-

159 1001 326 1037 rationibus
352 1000 527 1044 Principum
550 996 728 1043 significari
748 995 866 1035 verbis,
896 992 935 1027 Ei

161 1050 197 1086 δι
215 1050 247 1084 in
263 1060 354 1083 eum.
409 1048 506 1083 Verus
522 1058 622 1082 eorum
641 1041 864 1090 verborumfi’n
881 1048 934 1075 us:

161 1097 203 1138 ὅ)
222 1097 340 1144 similes
367 1097 502 1142 loquendi
519 1095 636 1141 figurat
659 1094 740 1139 apud
763 1092 932 1138 Julianum

161 1149 182 1183 l.
203 1159 233 1182 2.
261 1145 289 1194 §
309 1157 341 1191 3.
370 1146 412 1179 D.
430 1145 464 1179 de
476 1147 547 1191 J'ure
559 1143 779 1181 codicillorum,
809 1137 850 1179 &²
861 1138 934 1174 Vel-

162 1197 253 1242 lejum
275 1193 470 1228 Patet-culum
496 1193 548 1226 lib.
564 1201 593 1226 2.
609 1202 693 1237 quem
713 1187 838 1233 aJusio
858 1187 933 1232 Lip-

72 1284 74 1286 ,
154 1244 220 1290 fio,
247 1244 285 1279 V.
306 1243 369 1277 CL.
396 1241 550 1275 emendari
560 1238 630 1284 sine
651 1236 835 1285 necestitate.
864 1245 933 1277 250

77 1293 141 1330 IV.
154 1294 227 1341 Quo
245 1290 340 1338 stensu
365 1288 486 1335 scribat
514 1288 629 1323 Paulus
645 1314 654 1330 ‚
687 1287 933 1329 Imperatorem

160 1353 203 1377 ex
228 1336 434 1385 imperfeCIo
462 1335 664 1372 testamento
687 1335 795 1381 legata
820 1341 878 1368 aut
894 1331 934 1366 fi-

160 1386 391 1425 deicommiffi
426 1385 602 1428 vindicare
617 1412 626 1427 ,
661 1381 934 1420 inverecundum

158 1437 234 1474 effe.
260 1452 262 1454 >
287 1437 456 1472 Extricata
479 1435 510 1469 in
522 1435 630 1481 primis
654 1434 675 1470 Ι.
695 1442 750 1477 23.
776 1432 822 1468 D.
840 1430 876 1465 de
893 1430 933 1464 le*

157 1488 244 1535 gatis
269 1486 319 1520 lib.
342 1496 373 1530 3.
519 1526 521 1529 .
862 1488 929 1521 251

88 1537 138 1575 V.
164 1535 254 1586 Quid
273 1534 355 1580 apud
379 1532 576 1578 Pomponium
602 1531 623 1566 l.
651 1533 705 1568 28.
735 1529 776 1565 D.
804 1527 839 1563 de
863 1525 935 1574 usu·

151 1586 264 1633 frueiu
276 1582 321 1628 fit
340 1609 350 1626 ‚
385 1581 422 1617 N
426 1580 660 1616 umismatibus
678 1577 785 1614 aureis
806 1576 863 1612 vel
883 1586 935 1610 ar-

161 1632 291 1681 genteis
308 1629 479 1666 veteribus
496 1640 559 1674 pro
576 1628 720 1676 gemmis
736 1625 809 1661 uti?
823 1622 864 1665 ἐξ)
880 1635 935 1660 ex-

158 1684 272 1730 punl'la
291 1681 371 1723 levis*
390 1678 497 1713 menda
515 1690 553 1713 ex
571 1678 703 1724 Ulpiano
728 1676 748 1710 l.
768 1684 825 1720 27.
851 1671 881 1721 §.
901 1681 935 1716 4.

163 1732 209 1766 D.
236 1730 268 1764 de
288 1740 384 1770 auro,
411 1734 558 1773 argento,
590 1726 710 1760 mundo.
866 1732 935 1765 252

91 1780 158 1818 VI.
175 1778 281 1823 Isidori
303 1778 382 1811 locus
405 1776 440 1809 de
463 1777 579 1810 actione
594 1773 708 1820 finium
734 1770 938 1818 regundorum

164 1830 204 1863 ab
231 1836 338 1861 errore¹
358 1830 515 1859 revocatus
544 1825 635 1858 unius
668 1822 763 1856 literae
792 1820 936 1854 mutatio-

163 1889 209 1911 ne.
869 1877 887 1901 2
891 1876 941 1910 54

82 1927 163 1963 VII.
177 1924 252 1971 Gaji
278 1922 499 1968 Fragmentum
527 1915 674 1966 quoddam
698 1917 774 1963 quod
793 1916 835 1963 est
860 1917 891 1950 in
917 1915 939 1949 la·

164 1985 198 2019 9.
228 1971 255 2020 §.
281 1982 309 2006 Ι.
338 1973 379 2006 D.
407 1971 440 2004 de
462 1970 639 2015 pignoribus
659 1965 700 2006 ἐξ
719 1966 904 2012 hypothecis,
919 1975 940 1997 a

168 2022 264 2067 Juris
288 2019 382 2067 nostri
405 2016 663 2061 Architeaissub·
680 2016 731 2049 illo
752 2013 856 2049 Titulo
879 2012 939 2057 col-

167 2071 263 2106 locari
286 2077 455 2114 perperam.
480 2078 535 2112 quo
555 2066 712 2112 pertineat
721 2075 734 2106 ,·
762 2060 803 2102 ὃ)
820 2062 885 2108 quis
899 2059 939 2103 sit

164 2129 256 2155 verus
272 2120 337 2164 ejus
346 2114 466 2163 sensus.
868 2121 885 2145 2
891 2120 940 2152 54

72 2167 230 2207 V111.Acz
250 2166 482 2214 peremptorium
507 2164 636 2199 ediciam
661 2172 718 2196 non
749 2160 849 2195 veniri
874 2157 939 2205 post

168 2218 231 2252 tria
243 2243 250 2256 ‚
267 2213 325 2261 sed
338 2213 404 2260 post
420 2214 474 2247 duo
486 2239 494 2254 ‚
522 2213 630 2247 edicta.
659 2208 816 2256 Restituta
829 2208 939 2254 Ulpia·
989 2241 991 2243 ,

168 2265 200 2299 ni
217 2265 312 2299 verba
327 2274 390 2308 quae
406 2262 516 2296 luxata
534 2261 679 2295 haetenus
688 2257 767 2304 sunt
788 2260 820 2292 in
845 2258 865 2293 I.
879 2257 936 2294 68.

168 2311 209 2353 E?
233 2312 253 2346 l.
275 2323 330 2356 70.
359 2312 401 2345 D.
417 2311 451 2345 de
466 2310 614 2356 judiciis:
647 2304 689 2346 δέ)
713 2307 937 2352 Hermogenia-

168 2372 227 2397 nus
249 2360 268 2395 l.
288 2369 309 2402 5
316 2370 347 2405 3.
374 2359 418 2395 D.
443 2359 478 2394 dc
501 2369 532 2393 re
548 2357 691 2404 judicata
710 2356 859 2391 correaus
885 2364 940 2389 ex-

166 2410 354 2457 plicitusque.
868 2413 886 2438 2
892 2409 940 2446 55

97 2461 155 2497 IX.
172 2460 296 2504 Siquos
313 2458 345 2491 in
361 2455 463 2503 fundo
487 2455 691 2501 lapidicinos,
719 2451 939 2498 cretifodinus‚

167 2505 377 2552 arenisodinas
393 2530 405 2548 ‚
429 2512 485 2539 aut
504 2515 692 2550 quaecumque
714 2503 778 2536 alia
795 2500 922 2536 metalla
933 2525 943 2542 ,

166 2556 305 2593 exercuit
330 2554 467 2588 dominus
486 2553 683 2600 proprietatis
691 2563 704 2593 ,-
728 2551 776 2584 his
790 2548 941 2596 fruflua-

168 2607 248 2640 rium
281 2605 325 2636 uti
358 2601 435 2649 poffe
450 2629 460 2644 ‚
500 2603 601 2648 legato
625 2598 724 2646 fundi
763 2598 935 2645 usufruc‘iu.

972 414 1165 449 PRIM
1193 412 1237 471 I.¹

1077 511 1126 538 tus
1139 502 1203 548 fit,
1229 514 1318 551 quam
1340 503 1372 537 in
1396 502 1519 544 vineis,
1548 502 1599 536 vel
1617 487 1772 548 arbustis,
1795 489 1849 535 'vel

1077 553 1220 587 olivetis?
1244 563 1285 587 an
1308 552 1404 600 potest
1420 564 1456 586 ea
1480 551 1606 597 dejicere
1620 551 1642 583 ?-
1662 561 1719 584 non
1739 549 1848 584 videri.

1081 602 1235 648 Ulpianus
1252 601 1271 635 l.
1297 611 1349 645 13.
1377 600 1406 647 Β.
1424 609 1456 643 5.
1486 602 1527 635 D.
1543 600 1576 634 de
1595 597 1753 645 usufruclu
1772 598 1848 631 lihe-

1077 658 1165 685 ratus
1182 651 1408 695 interpolatione
1420 650 1511 696 plane
1528 649 1704 684 turbulenta
1726 644 1767 686 &³
1782 657 1848 680 ma-

1077 700 1104 733 le
1121 699 1294 733 cohoerente.
1543 720 1545 723 -
1777 696 1849 737 256

1001 748 1044 785 X.
1074 752 1125 782 An
1133 746 1355 792 fructuarius,
1375 747 1475 791 legato*
1478 744 1580 791 fundi
1603 743 1785 791 ustaef'rueim
1809 755 1848 777 ens·

1073 796 1234 830 venatione
1253 796 1303 829 vel
1319 797 1445 841 aucupio
1470 797 1579 830 habeat
1598 793 1744 842 quaestam
1771 793 1851 827 redi-

1074 851 1178 878 tumve
1196 870 1205 885 ,
1236 843 1264 887 fi
1286 856 1349 889 qua:
1375 847 1405 879 in
1421 844 1523 890 flmdo
1546 841 1614 888 fint
1642 843 1768 878 vivaria
1794 849 1850 876 aut

1074 893 1243 927 ornithones
1256 892 1272 925 Ρ
1297 893 1342 927 Et
1364 895 1502 939 quisnam
1523 893 1573 934 ille
1593 891 1725 939 quaestus
1745 887 1786 930 85⁹
1802 901 1849 924 re-

1073 941 1155 975 ditus
1171 939 1244 985 sit?
1270 941 1377 989 Quid,
1394 940 1426 985 fi
1444 942 1620 976 venationes
1640 948 1707 981 aut.¹
1719 939 1850 984 aucupia

1066 987 1133 1034 fint
1156 990 1187 1023 in
1196 988 1299 1035 fundo
1323 998 1381 1024 non
1400 988 1621 1036 circumsepto?
1647 989 1776 1024 Fructus
1796 997 1852 1032 pro

1066 1036 1216 1084 ferarum
1231 1036 1376 1082 foetibus.
1429 1039 1585 1073 Exercere
1601 1037 1716 1084 feras,

1079 1086 1286 1133 Tryphoninus
1306 1088 1478 1121 extricatus
1503 1087 1522 1121 I.
1543 1089 1601 1122 62.
1623 1095 1672 1132 pr.
1700 1085 1742 1127 ΕΒ
1768 1084 1797 1133 §.
1822 1096 1851 1120 1.

1077 1136 1118 1170 D.
1142 1135 1178 1168 de
1199 1132 1369 1222 gufruffl'
1712 1160 1715 1161 ν
1781 1135 1851 1177 258

1001 1183 1060 1218 XI.
1078 1184 1182 1218 Lacus
1248 1182 1370 1230 stagna
1388 1182 1492 1230 clausa
1517 1195 1574 1218 non
1590 1183 1738 1231 distingui
1753 1195 1773 1217 a
1787 1183 1852 1228 pis—

1072 1232 1148 1267 cinis
1163 1242 1186 1273 ;>
1202 1242 1294 1277 neque
1302 1231 1404 1275 silvas
1420 1230 1636 1278 circumfhptas
1655 1244 1675 1266 a
1695 1232 1830 1275 vivariis
1841 1252 1853 1274 5

1066 1279 1137 1326 five
1163 1280 1332 1325 leporariis.
1395 1281 1563 1316 Vindicata
1590 1278 1749 1326 Francisei
1770 1278 1853 1314 Hot-

1075 1330 1160 1365 mani
1180 1327 1218 1363 V.
1240 1329 1304 1363 CL.
1334 1330 1505 1374 emendatio
1529 1330 1562 1363 in
1586 1329 1607 1363 l.
1628 1339 1659 1373 3.
1684 1327 1713 1375 §.
1733 1337 1787 1372 14.
1807 1328 1851 1362 D.

1074 1380 1109 1414 de
1126 1378 1313 1421 adquirenda
1329 1376 1520 1424 poffigfflone,
1542 1378 1717 1423 improbata
1736 1377 1855 1411 Aecur·

1066 1427 1129 1473 fii,
1158 1425 1277 1470 Jacobi
1296 1427 1436 1470 Cujaeff,
1464 1427 1606 1471 Hugonis
1628 1427 1748 1467 Grotii,
1773 1425 1853 1460 alio-

1074 1485 1200 1521 rumque
1237 1473 1480 1522 Cluriffimorum
1499 1472 1658 1510 Virorum
1681 1473 1853 1521 sententia.

985 1558 988 1562 .
1782 1524 1853 1557 260

991 1572 1202 1610 X11.,Neratii
1218 1575 1299 1610 locus
1305 1571 1386 1620 sane
1403 1569 1540 1619 difficilis
1557 1573 1610 1619 qui
1633 1570 1678 1618 est
1698 1571 1731 1606 in
1755 1570 1775 1606 l.
1793 1574 1854 1608 61.

1071 1632 1121 1669 pr.
1139 1621 1225 1671 &§.
1242 1633 1270 1668 t.
1284 1624 1326 1658 D.
1338 1623 1374 1658 de
1389 1621 1568 1668 usufrublu,
1583 1620 1750 1666 exp2ditus.
1781 1623 1853 1655 260

978 1670 1072 1708 XIII.
1084 1668 1224 1718 Volusius
1245 1672 1420 1707 Maecianus
1446 1671 1466 1706 l.
1486 1680 1521 1714 9.
1548 1671 1592 1706 D.
1617 1669 1652 1703 de
1678 1668 1743 1715 lege
1769 1668 1854 1704 Rho-

1076 1720 1128 1755 dia
1141 1723 1175 1756 de
1189 1722 1281 1768 jactu
1304 1720 1480 1756 emendatus
1493 1716 1687 1764 ,4AEthalia
1706 1727 1762 1765 pro
1788 1717 1855 1753 Ita-

1004 1810 1007 1814 *
1062 1768 1120 1815 vlia
1128 1768 1312 1817 substituta.
1472 1809 1474 1812 .
1781 1769 1851 1802 261

981 1816 1082 1861 XIV.
1094 1817 1189 1852 Plinii
1204 1819 1284 1852 loeus
1299 1817 1333 1852 de
1352 1817 1436 1852 Pado
1445 1815 1580 1864 flumine
1595 1816 1753 1852 correaus.
1783 1817 1852 1851 262

982 1865 1064 1901 XV.
1083 1865 1252 1901 Clamorem
1273 1866 1359 1911 cujus
1378 1867 1517 1900 meminit
1541 1866 1640 1911 Gajus
1665 1865 1686 1899 l.
1704 1875 1739 1908 4.
1762 1858 1795 1906 &5-
1822 1875 1852 1899 1.

1079 1915 1124 1949 D.
1151 1914 1203 1949 Ad
1219 1915 1315 1961 legem
1333 1914 1512 1960 Aquiliam,
1538 1926 1558 1948 a
1586 1915 1668 1959 Lege
1685 1914 1853 1949 Duodecim

1082 1962 1272 1998 Tabularum
1292 1974 1349 1997 non
1370 1962 1533 2007 defiderari
1549 1964 1630 1997 circa
1652 1963 1761 1997 caedem
1785 1973 1855 1997 noc-

1082 2013 1167 2052 turni
1176 2011 1287 2057 furis:
1315 2023 1406 2057 neque
1431 2023 1450 2045 a
1469 2011 1651 2046 'l‘riboniano
1669 2012 1768 2046 videri
1786 2021 1852 2056 pro-¹

1069 2059 1202 2106 feelum.
1231 2072 1298 2095 eum
1319 2062 1419 2095 deberi
1437 2060 1533 2107 Gajo,
1560 2057 1602 2099 E?
1618 2058 1675 2105 effi
1693 2071 1733 2094 ex
1751 2061 1855 2096 Eure-

1079 2110 1211 2144 matI'cis.
1785 2110 1852 2142 262

982 2156 1079 2192 XVI.
1101 2158 1281 2204 Corruptum
1313 2157 1411 2193 videri
1438 2156 1626 2192 Marcellum
1663 2156 1683 2192 l.
1714 2167 1771 2203 72.
1809 2156 1852 2192 D.

1080 2207 1113 2241 de
1123 2204 1334 2252 solutionibus.
1359 2207 1454 2240 etiam
1479 2206 1646 2251 Ulpianum
1672 2206 1692 2240 I.
1712 2217 1744 2250 7.
1770 2205 1798 2254 §.
1819 2207 1867 2241 2.’

1078 2255 1121 2291 D.
1139 2255 1174 2289 de
1195 2256 1338 2302 injuriis,
1364 2251 1405 2293 E?
1421 2253 1668 2300 quemadmodum
1687 2255 1854 2303 restituen-

1078 2305 1133 2338 dus
1145 2302 1192 2346 fit
1208 2312 1330 2350 uterque
1353 2304 1443 2338 locus.
1780 2306 1848 2348 263

982 2348 1098 2388 XVII.
1111 2352 1201 2401 Quid
1226 2353 1309 2398 apud
1337 2351 1452 2398 Celsum
1481 2352 1501 2387 l.
1525 2351 1580 2385 ult.
1607 2351 1652 2386 D.
1676 2351 1711 2386 de
1733 2352 1852 2387 condic-

1079 2402 1159 2436 tione
1179 2400 1271 2448 eausa
1292 2401 1366 2435 data
1390 2398 1483 2446 causa
1499 2410 1555 2434 non
1566 2397 1700 2444 fiquuta
1724 2399 1764 2444 sit
1788 2399 1854 2434 Pro

1079 2447 1240 2495 portione
1271 2449 1454 2495 emptionis
1487 2447 1524 2482 δι
1556 2447 1764 2483 venditionis
1790 2447 1851 2484 est.

1081 2498 1173 2544 Apud
1190 2499 1337 2533 Plautum
1354 2498 1418 2532 Pro
1434 2495 1593 2542 portione
1610 2508 1673 2531 nec
1690 2496 1759 2540 vir,
1787 2509 1852 2532 nec

1082 2546 1202 2582 mulier
1231 2557 1265 2581 tu
1297 2545 1381 2580 mih-i
1407 2556 1468 2588 ες,
1504 2547 1582 2580 reae
1608 2545 1672 2592 legi
1705 2545 1852 2593 adversus

1237 2595 1361 2640 Janum
1379 2595 1587 2629 Gulielmium.
1782 2599 1851 2637 264

169 2653 260 2701 Quid
274 2679 283 2691 ,
308 2650 340 2695 fi
368 2652 503 2685 dominus
529 2650 614 2684 nulla
644 2647 813 2683 exercuit?
839 2646 937 2681 adhue
978 2640 1110 2681 XVIII.
1131 2644 1180 2678 De
1209 2645 1330 2678 lectione
1356 2640 1397 2682 ὃ)
1422 2643 1573 2677 ἱηῑεΙΙοὲῐα
1600 2642 1850 2691 Senatusconsul-

161 2700 375 2747 fruc‘Zuarium
390 2699 546 2746 instituere
563 2710 598 2732 ea
612 2695 689 2743 poffe
700 2724 709 2739 ‚
737 2697 842 2742 quibus
860 2694 937 2729 nihil

170 2748 370 2793 agricultum
394 2749 547 2782 nociturus
558 2745 613 2792 fit.
667 2745 771 2795 Quid,
789 2743 822 2789 fi
844 2745 876 2778 in
895 2744 936 2775 iis

169 2809 231 2842 qua:
254 2795 408 2843 instituere
431 2796 506 2831 velit
517 2793 737 2840 frueluarius‚
767 2794 836 2840 plus
859 2791 936 2827 redi-

1075 2693 1100 2728 ti
1118 2691 1270 2738 Vellejani
1280 2717 1291 2735 ,
1318 2692 1400 2738 apud
1418 2692 1582 2738 Ulpianum
1609 2693 1628 2727 l.
1641 2703 1673 2727 2.

1075 2741 1127 2776 Ad
1151 2739 1450 2788 Senatusconsultum
1477 2740 1681 2787 Wllcjanum·
1701 2690 1729 2739 ς·
1745 2704 1775 2729 Ι,
1804 2692 1850 2728 D.

1782 2745 1853 2784 265

644 2914 868 2952 LIBRI
929 2912 1290 2950 SECUNDI.

122 3013 148 3049 I.
177 3009 395 3050 Mandatum,
431 3008 568 3052 quamvis
594 3008 774 3041 nominatim
800 3004 940 3049 confera-

171 3069 221 3095 tur
257 3059 320 3106 pist
347 3058 535 3092 mandatoris
559 3062 710 3096 mortem,
750 3063 850 3088 tamen
877 3055 941 3099 ejas

168 3117 263 3144 morte
294 3107 462 3153 ficundum
504 3104 626 3151 regulas
663 3104 758 3148 Juris
791 3101 863 3147 fine
896 3103 942 3136 di-

124 3157 327 3241 Tstinclione
345 3155 448 3201 finiri.
873 3152 939 3193 267

62 3241 74 3251 ,
150 3217 206 3241 om.
233 3206 264 3241 I.

1008 3004 1051 3039 II.
1081 3005 1116 3039 Si
1141 3006 1206 3051 quis
1231 3003 1352 3040 mandet
1370 3033 1379 3048 ‚
1404 3012 1439 3041 ut
1464 3006 1530 3052 quis
1549 3003 1613 3051 fibi
1633 3001 1699 3049 post
1723 3007 1850 3036 mortem

1069 3053 1164 3099 sumn
1179 3053 1287 3100 faciat
1310 3063 1557 3094 monumentum,
1580 3060 1634 3086 aut
1661 3059 1694 3085 ut
1710 3049 1852 3096 fundum

1077 3110 1158 3137 emat
1177 3103 1358 3138 hereditario
1375 3110 1564 3138 monumento
1576 3100 1775 3142 3mandatum
1784 3099 1852 3145 posi·

1080 3153 1144 3197 rjus
1163 3160 1289 3189 mortem
1312 3151 1454 3197 adversus
1480 3147 1771 3194 mandatiformam
1798 3159 1849 3183 ve-

1374 3202 1438 3234 Oo
1465 3209 1482 3232 ί).
1797 3208 1848 3230 ne-

1752 1036 1824 1083 quid
1832 1035 1851 1069 ’.ἶ
1910 1031 1911 1034 '
