2052 3487
390 169 468 206 DE

518 165 829 204 Fonnonz
880 169 950 199 Ετ
999 163 1263 202 UsURIS.

1311 165 1368 202 L1
1385 178 1416 204 B.
1452 164 1479 202 Ι.
1743 173 1811 217 169

757 269 970 308 CAPUT
1020 269 1089 308 XI.

37 348 148 394 Christi
172 347 271 383 verbis
287 372 297 390 ‚
331 345 411 392 apud
435 344 553 379 Lucam
579 355 604 378 c.
624 343 655 377 6.
682 341 712 389 ᾗ.
729 351 783 386 34.
810 340 852 382 ἐξ
869 343 1061 379 Mattbceum
1085 356 1112 379 c.
1129 355 1162 387 5,

1191 345 1220 393 §.
1236 357 1295 390 42.
1321 359 1378 382 non
1400 348 1556 394 prohibei-z·
1580 347 1711 392 foenus,
1729 347 1803 394 five

111 400 258 433 usuram:
272 394 329 440 sed
352 396 381 428 in
407 395 454 427 ln's
468 392 641 439 sernimzem
667 391 723 437 esse
748 392 782 425 de
810 402 947 435 mutuo,
974 394 1008 427 id
1024 393 1089 438 esi,
1116 395 1150 428 de
1168 395 1272 438 sorte,
1301 408 1392 442 eaque
1416 398 1570 443 gratuita.
1598 400 1802 434 Peccatores

109 445 149 486 ἐξ
175 443 262 479 stulti
282 453 337 489 pro
363 443 500 488 populo.

110 496 189 530 ditia
203 520 212 536 ‚
245 495 346 527 tollere
369 503 377 526 :

555 440 712 488 Christum
738 451 791 474 nec
816 449 973 484 mutuum,
1001 453 1053 476 nec
1078 443 1154 477 alios
1173 446 1258 490 juris
1285 447 1427 480 Gentium
1452 449 1643 489 conti-aetus,
1671 460 1723 483 nec
1743 449 1800 493 ju-

402 489 464 536 sed
488 491 739 532 humanitatem,
772 490 815 523 acl
837 502 929 535 quain
954 489 1096 536 Mosaica
1115 494 1262 539 pergebat
1287 494 1356 536 lex,
1389 496 1540 530 intendere
1566 496 1711 541 adversus
1727 496 1803 543 fori

105 543 272 578 calumnias
304 540 409 585 quibus
438 537 561 585 ptffinie
593 539 758 572 laxabatur
791 549 811 572 a
844 539 1083 584 Jurisconsultis
1109 541 1259 577 Hebraeis.
1285 541 1402 586 fimilis
1436 545 1554 579 Senecce
1580 543 1621 584 E?
1648 546 1800 580 Ciceronis

103 592 193 627 ratio.
229 600 289 624 mos
314 596 401 622 vftus
424 586 712 633 patruinfiimilias,
738 598 806 621 cum
834 586 1039 631 morofhruin,
1066 596 1129 624 tuin
1155 592 1376 636 benignorum,
1412 592 1443 625 in
1468 594 1618 627 credendis
1638 596 1796 639 pecuniis,

103 652 141 674 ex
163 638 343 679 Plutarcho,
375 637 526 683 Ulpiano,
556 634 778 683 Clirfflrstomm
807 637 933 672 Seneca.
966 638 1008 671 ad
1032 639 1109 672 hicne
1134 651 1248 673 moreni
1273 637 1418 686 respicere
1443 640 1519 674 illud
1544 642 1684 685 Domini,
1715 644 1797 677 Mu-

103 697 196 723 tuum
221 685 298 720 date
324 684 405 719 nihil
433 685 513 720 inde
539 684 714 730 sperantes.
766 685 933 720 Dominum
959 697 1016 720 non
1041 687 1120 732 loqui
1140 690 1262 733 proprie
1280 715 1288 730 ,
1323 688 1379 731 sed
1402 690 1447 723 nti
1472 690 1655 735 hyperbole:
1689 703 1796 737 quam-

101 746 190 782 quain
215 746 294 777 non,
327 741 360 768 ut
386 735 461 779 quod
485 735 516 768 in
542 745 574 768 re
600 741 771 769 extremum
788 732 834 779 fit
851 761 861 775 ‚
896 733 1097 780 affiequatur,
1121 735 1182 780 secl
1204 738 1281 782 quod
1303 738 1387 772 intra
1413 738 1532 772 modurn
1558 738 1701 785 confiant
1725 751 1796 774 eum

102 787 133 819 in
157 783 351 829 praecipiendo
376 782 433 829 ff
448 781 626 828 sapientum
653 794 786 826 morem,
812 781 958 831 osiensum
983 782 1096 829 infigni
1120 786 1238 820 Senecae
1263 786 1333 820 loco.
1367 798 1433 821 earn
1458 787 1642 834 hyperbolem
1669 799 1726 822 non
1746 790 1799 822 vi-

103 831 173 878 disti·
196 831 413 878 Augustinuni.

461 833 626 867 Dominum
643 831 753 878 foenus
777 832 858 866 inter
883 831 1013 877 Judceos
1038 830 1079 870 &⁹
1111 834 1245 868 Gentiles
1271 846 1329 869 non
1346 833 1527 881 sustuliffi’:
1562 848 1614 870 nec
1637 837 1717 871 inter
1745 847 1796 871 eos

102 884 157 928 qui.
166 880 342 925 salutarem
367 882 431 926 ejus
454 880 645 926 disciplinam
668 880 921 926 arnplet‘iuntur:
953 881 1037 914 modo
1055 906 1065 924 ‚
1090 881 1122 926 fi
1154 883 1238 916 civili
1272 883 1400 930 ipsorum
1427 884 1492 930 lege
1517 896 1573 919 non
1597 885 1796 930 prohibeatur

96 929 213 977 foenus.

264 928 419 974 Anibrofii
443 940 536 963 error.
565 941 621 964 non
641 927 774 974 peccaffi’
801 929 1024 975 Imperatorem
1049 930 1268 977 Jusiinianum
1288 959 1298 976 ,
1331 944 1398 967 cuin
1425 934 1456 968 in
1482 933 1645 969 Parideaz's
1671 932 1712 973 ὃ)
1739 935 1795 969 Co-

104 980 167 1015 dice
183 977 328 1024 servovit
356 977 489 1012 Titulum
515 977 549 1012 de
574 977 691 1023 usuris,
718 989 811 1023 neque
828 991 897 1014 eum
915 978 979 1024 ejus
994 981 1042 1012 rei
1053 978 1231 1025 paenituisse.

100 1050 113 1075 t
138 1043 220 1074 enim
245 1041 385 1075 Chi-istus
410 1042 450 1075 fic
478 1042 560 1083 apud
590 1040 710 1073 Lucam
740 1043 885 1083 praecipit

36 1046 96 1120 A
121 1095 144 1116 c.
162 1089 191 1116 6.
213 1084 242 1126 §
260 1094 309 1126 34.
333 1084 373 1115 Et
386 1083 414 1122 si
435 1091 566 1115 mutuum
581 1083 713 1114 dederitis
730 1085 766 1114 iis
783 1095 801 1115 a
819 1085 885 1125 qui-

39 1128 91 1157 bus
100 1127 220 1167 speratis
234 1136 284 1156 vos
304 1132 478 1166 recepturos,
507 1135 569 1166 quat
587 1126 687 1165 gratia
709 1126 764 1155 erit
780 1125 884 1157 vobis?

37 1177 106 1198 riam
131 1167 166 1201 ὅ)
184 1172 339 1207 peccatores
354 1167 547 1205 peccatoribus
568 1167 639 1196 dant
661 1171 818 1206 mutuum,
851 1172 885 1197 ut

38 1209 176 1249 recipiant
195 1209 289 1249 paria.
322 1209 377 1239 imo
402 1208 510 1249 diligite
532 1208 660 1238 inimicos
683 1205 789 1247 vesiros
805 1231 814 1246 ,
849 1207 886 1242 ὅ)

38 1251 74 1280 iis
95 1251 159 1280 bene
172 1250 277 1289 facite,
302 1248 338 1283 ὅ)
354 1254 485 1280 mutuum
499 1250 578 1286 date,
601 1248 675 1279 nibil
691 1250 886 1289 indesperan-

39 1296 98 1322 tes:
121 1290 156 1324 ὅ)
180 1292 232 1321 erit
255 1299 355 1321 merces
371 1288 465 1329 vestra
487 1291 598 1328 multa,
623 1300 657 1321 ac
673 1289 734 1328 filii
749 1291 830 1321 eritis
853 1291 887 1322 il·

37 1333 92 1362 lius
108 1330 240 1371 altiffimi.
283 1331 345 1362 Sed
372 1332 557 1362 videamus:
589 1340 629 1362 ne
655 1331 798 1364 Christus
820 1341 886 1363 non

37 1373 77 1403 de
95 1371 187 1404 usuris
204 1373 369 1412 loquatur3
393 1372 444 1403 sed
467 1373 506 1404 de
529 1372 612 1404 sorte
634 1371 685 1404 seu
706 1373 832 1413 capite:
858 1374 887 1405 &

35 1414 119 1452 quod
144 1422 282 1444 mutuum
298 1413 393 1452 dicit,
417 1423 481 1445 non
501 1413 668 1452 foenebre,
701 1415 754 1445 secl
774 1415 888 1455 gratui-

33 1462 100 1485 turn
120 1477 129 1492 ,
159 1454 203 1485 sit.
234 1452 360 1494 respicit
382 1456 467 1486 enim
490 1456 614 1488 divinus
638 1456 703 1495 ejus
721 1455 823 1487 serino
849 1457 888 1488 ad

33 1496 136 1536 legem
155 1495 251 1527 Mosis
277 1497 316 1526 de
334 1505 393 1536 qua
419 1496 577 1537 superiore
599 1497 664 1528 dixi
680 1498 804 1537 capite:
827 1506 888 1529 nec

36 1536 70 1568 fit
89 1539 169 1576 apud
187 1536 333 1568 Gentiles
353 1537 382 1569 δι
398 1537 544 1577 Judaeos3
567 1539 649 1570 inter
667 1547 748 1579 quos
765 1539 888 1571 licitum

35 1586 102 1609 erat
120 1578 241 1617 foenus,
265 1579 420 1618 probante
443 1581 536 1621 lege:
560 1579 612 1611 sed
636 1580 718 1620 apud
740 1579 887 1620 Judaeos,

34 1619 117 1650 inter
141 1629 218 1659 quos
243 1619 297 1651 etsi
322 1628 464 1652 mutuum
490 1621 748 1660 permitteretur,
780 1620 888 1653 foenus

34 1669 137 1692 tamen
157 1661 225 1702 lege
249 1660 488 1701 prohibebatur.
511 1663 657 1701 accedit,
689 1663 778 1703 quod
797 1662 888 1695 Cin-i-

33 1700 97 1734 stus
118 1702 178 1740 ait,
198 1709 354 1741 peccatores
374 1705 568 1743 peccatoribus
591 1706 659 1735 dare
677 1710 833 1742 mutuum,
856 1710 889 1735 ut

32 1744 172 1783 recipiant
187 1747 290 1783 paria:
315 1743 378 1774 boc
397 1754 474 1775 vero
491 1746 567 1784 quid
581 1744 649 1781 est3
672 1744 727 1776 nifi
744 1752 890 1776 mutuum

33 1786 122 1824 quod
145 1785 223 1814 alter
244 1783 333 1815 alteri
357 1785 396 1814 de
418 1786 540 1825 populo
563 1785 643 1817 det?
673 1795 745 1817 nam
764 1792 891 1826 peccato-

39 1835 83 1857 res
108 1834 124 1855 a
151 1824 294 1856 Domino
326 1825 472 1856 dicuntur
502 1828 556 1866 qui
586 1827 701 1858 Stoicis
723 1825 812 1867 stulti
840 1836 893 1868 ap-

35 1866 218 1908 pellantur:
250 1866 281 1898 id
307 1865 352 1897 est
368 1889 379 1905 ,
410 1867 566 1907 populus,
595 1875 632 1899 ut
654 1870 737 1908 apud
754 1867 893 1901 Persium

27 1910 89 1947 Jat.
108 1918 137 1946 5.
159 1908 232 1942 verlJ
251 1917 300 1945 ω.

74 1949 148 1981 Noa
167 1949 302 1980 Praetoris
317 1955 396 1988 erat,
414 1947 516 1990 stultis
531 1950 599 1980 clare
617 1951 715 1981 tenuia
730 1959 828 1983 rerum

78 1988 203 2030 Officia,
227 1997 312 2032 atque
328 1993 409 2027 ulum
429 1993 533 2032 rapidae
545 1993 710 2031 pcrinittere
725 1993 803 2022 vitae.

37 2035 120 2072 apud
140 2031 310 2064 Ausonium
329 2042 478 2074 quoque,
501 2033 702 2073 Lucioseptein
725 2032 895 2073 Sapientum

38 2083 71 2115 p.
89 2082 157 2112 271.
179 2075 244 2104 edit.
272 2073 340 2106 Toll.

75 2114 145 2145 Bias
163 2114 301 2146 Prieneus
318 2116 414 2155 dixit,
438 2116 461 2144 ἐι
482 2117 584 2146 mezen
606 2118 678 2144 aunei
695 2127 702 2148 :

79 2154 165 2199 Quod
178 2154 216 2196 est
237 2157 396 2196 Latinum,
422 2157 524 2187 Plures
544 2156 771 2197 bominumfitnt
787 2157 857 2189 mali

77 2198 132 2228 Sed
150 2197 292 2237 imperitos
301 2198 374 2237 scito
391 2208 460 2239 quos
476 2198 552 2228 dixit
569 2198 666 2229 malos.

43 2237 146 2270 Porro
169 2245 301 2270 mutuum
326 2240 443 2271 Cicero
466 2239 512 2269 lib.
531 2249 561 2278 5.
585 2239 792 2280 Adfamiliar.
815 2237 892 2280 epist.

43 2289 74 2310 2.
97 2281 139 2310 ita
154 2279 263 2310 definit
279 2303 288 2317 ,
317 2280 403 2323 Quod
428 2282 469 2311 ita
483 2281 601 2319 scribis,
628 2287 681 2321 pro
704 2286 802 2312 mutuo
820 2283 897 2311 inter

43 2330 94 2350 iios
113 2321 226 2358 animo,
257 2323 325 2362 quid
344 2330 376 2353 tu
400 2320 540 2361 existimes
557 2321 607 2361 effe
628 2325 659 2353 in
682 2323 810 2353 amicitia
832 2332 895 2353 mu-

42 2368 144 2398 tuum,
173 2362 271 2401 nescio.
294 2365 419 2403 equidem
445 2363 495 2392 boc
519 2365 643 2394 arbitror
658 2386 668 2402 ,
699 2373 763 2394 cum
776 2370 833 2404 par
848 2373 898 2394 ‘vo-

45 2402 144 2434 luntas
168 2405 306 2443 accipitur
329 2403 365 2438 &s
394 2404 532 2435 redditur.
584 2404 660 2435 Vult
682 2405 777 2446 igitur
807 2403 898 2436 Cliri·

43 2443 124 2482 stus,
140 2444 299 2483 Judaeum,
321 2444 341 2476 fi
361 2453 468 2476 mutua
484 2445 622 2486 indigeat
640 2446 794 2487 pecunia,
818 2456 834 2477 a
848 2445 898 2486 Ju-

45 2487 116 2516 daeo
132 2485 284 2524 adjuvari:
316 2486 379 2518 five
402 2487 427 2518 is
444 2485 564 2526 speret,
594 2486 710 2519 sortem
734 2497 828 2528 quain
845 2490 898 2519 de·

45 2527 125 2557 derit
147 2527 307 2566 recipere:
329 2528 392 2559 five
408 2529 436 2558 ei
457 2528 647 2568 recipiendae
665 2529 730 2569 eJus
748 2529 816 2570 spes
833 2538 899 2560 nou

46 2566 93 2598 fit.
124 2576 218 2607 atque
244 2569 275 2600 id
301 2568 475 2600 Matthaeus
498 2569 613 2608 probat
635 2580 657 2601 c.
676 2581 706 2610 5.
729 2570 758 2612 §.
777 2580 826 2609 42.
851 2580 900 2601 re·

49 2607 154 2639 ferens
177 2609 259 2640 enirn
283 2610 365 2642 idem
387 2610 499 2642 Christi
520 2619 734 2652 praeceptum,
764 2612 796 2643 id
812 2611 853 2643 fic
871 2621 901 2643 e-

52 2650 190 2687 nuntiat,
218 2651 330 2682 Petenti
345 2653 393 2682 abs
407 2657 432 2682 te
449 2653 533 2690 date,
557 2651 593 2686 ὅ)
606 2653 744 2684 volentem
763 2664 781 2684 a
798 2659 825 2683 te
840 2663 902 2683 mu-

52 2691 153 2727 tuari,
181 2700 214 2721 ne
237 2694 390 2728 aversator.
422 2693 460 2724 acl
484 2702 622 2734 eumque
641 2694 748 2725 locum
771 2694 815 2725 ita
833 2693 904 2724 scri-

54 2728 102 2759 bit
120 2729 273 2768 Johannes
292 2733 555 2775 chrysostomus,
578 2735 689 2766 Hamil.
711 2740 757 2770 18.
779 2737 810 2766 in
821 2735 905 2766 Mat-

57 2770 159 2800 thaeum
170 2794 177 2807 ‚
199 2772 258 2803 Hic
272 2784 338 2804 vero
353 2781 491 2805 mutuum.
508 2785 564 2806 non
582 2778 748 2815 usurarium
764 2777 836 2808 illud
844 2776 904 2815 foe·

55 2819 111 2840 nus
133 2813 271 2850 appellnt,
292 2816 344 2853 sed
360 2815 481 2856 finiplex
504 2816 669 2855 beneficium
697 2818 904 2849 commodandi.

57 2852 127 2882 alibi
148 2861 212 2882 vero
226 2855 254 2883 id
271 2855 358 2894 ipsum
374 2858 513 2895 intendit,
534 2858 590 2888 illis
606 2861 700 2889 dicens
716 2859 766 2900 effe
781 2860 907 2890 tribuen-

58 2894 126 2922 dum
143 2904 160 2922 a
176 2895 277 2937 quibus
293 2896 363 2927 nibil
380 2907 429 2928 nos
451 2904 608 2937 recepturos
616 2906 761 2940 putemus.
805 2899 906 2942 Quod

59 2934 88 2963 ἀ
115 2933 318 2980 Moles-ante
344 2938 467 2976 Jufl'erat
490 2939 691 2974 Deuterononi.
715 2952 739 2974 c.
761 2951 806 2982 15.
831 2941 860 2982 [ᾗ.
878 2950 908 2980 7.

61 2973 191 3021 &swil-
225 2976 256 3006 id
276 2986 358 3022 'vero
380 2988 442 3010 non
465 2979 527 3011 huc
550 2983 690 3021 pertinet
707 3006 717 3021 ,
748 2981 832 3023 quasi
854 2982 910 3013 im-

57 3016 176 3061 probet
206 3016 345 3050 Christus
376 3021 476 3051 mutui
504 3023 730 3061 repetitionem
750 3048 760 3063 ,
790 3021 910 3054 etiamst

58 3057 187 3088 debitor
203 3059 288 3097 quod
306 3060 332 3090 ei
352 3069 492 3092 mutuum
509 3063 615 3095 datum
633 3064 687 3102 sit,
711 3065 775 3097 sine
790 3066 908 3095 incom-

57 3100 155 3129 modo
171 3098 223 3129 suo
243 3099 405 3132 restituere
424 3102 525 3141 possit.
550 3113 619 3136 narn
643 3115 702 3137 nec
720 3106 830 3138 Moses
846 3105 910 3136 hoc

59 3140 163 3170 voluit
184 3141 211 3171 d.
236 3141 285 3171 loc.
310 3144 339 3172 o:
365 3143 518 3174 veriffinie
548 3145 666 3178 Seneca
694 3147 742 3178 De
770 3146 910 3186 beneficiis

62 3179 109 3210 lib.
126 3190 153 3226 3:
178 3191 201 3211 c.
224 3191 269 3220 ¹4·
293 3182 468 3224 AEqurffima
484 3194 543 3216 vox
560 3185 617 3226 est,
649 3187 749 3229 &jus
773 3189 911 3221 Gentium

55 3223 284 3262 praeseferens,
308 3223 405 3255 Redde
419 3227 493 3267 quod
508 3228 595 3258 debes.
621 3227 708 3269 Quid
727 3230 814 3269 quod
824 3229 912 3263 Chri-

63 3261 262 3337 1l1350;}l§.130.
289 3267 316 3296 d.
340 3276 364 3298 c.
382 3271 411 3298 6.
433 3267 540 3308 Lucae,
563 3268 702 3303 similiter
718 3272 780 3311 ait,
811 3271 914 3306 Cuivis

921 1040 1033 1087 petenti
1054 1041 1105 1071 abs
1128 1045 1154 1071 te
1167 1042 1224 1078 cia‚·
1249 1041 1285 1076 {3⁹
1309 1044 1344 1074 ab
1368 1053 1396 1075 eo
1414 1046 1465 1086 qui
1484 1046 1557 1078 tollit
1579 1057 1622 1078 res
1646 1052 1733 1086 tuas,
1756 1056 1795 1079 ne

928 1086 1054 1122 repetito.
1088 1090 1284 1128 nec—tamen
1315 1087 1515 1126 emptionem
1546 1090 1794 1128 venditionem,

927 1130 981 1154 aut
999 1131 1288 1164 permutationem,
1307 1134 1361 1157 aut
1376 1128 1510 1168 judicia,
1529 1131 1700 1170 prohibet:
1724 1140 1794 1163 non

929 1165 1014 1195 enim
1040 1165 1109 1195 vult
1133 1165 1265 1197 abolere
1292 1168 1551 1207 conjunctionem
1580 1172 1723 1203 liumaiiae
1748 1171 1797 1203 so-

930 1206 1074 1237 cietatis:
1098 1215 1203 1246 neque
1217 1207 1283 1246 jura
1301 1208 1330 1240 Gt
1348 1210 1563 1251 obligationes
1580 1222 1648 1253 qua:
1672 1214 1711 1245 ad
1727 1214 1796 1254 ejus

928 1247 1190 1287 conjunctionem
1210 1247 1402 1282 referuntur.
1425 1253 1468 1284 nil
1485 1262 1566 1294 opus
1585 1255 1791 1295 argumenti&

929 1287 994 1328 ipse
1014 1288 1045 1319 id
1062 1288 1202 1320 ostendit
1220 1288 1383 1328 Christus.
1408 1292 1546 1325 Matthaei
1562 1303 1623 1335 cap.
1639 1306 1668 1336 5.
1691 1296 1720 1336 §.
1743 1305 1792 1336 17.

930 1328 1087 1369 professus
1107 1353 1116 1369 ‚
1148 1328 1181 1376 se
1202 1340 1267 1362 non
1289 1332 1407 1364 venisse
1422 1357 1432 1373 ,
1464 1343 1497 1366 ut
1520 1336 1625 1377 legem
1647 1337 1795 1368 diss'olve-

930 1378 1005 1409 1·et;
1037 1370 1090 1402 sed
1120 1379 1154 1402 ut
1174 1373 1332 1413 impleret.
1360 1374 1405 1405 est
1430 1376 1525 1415 igitur
1553 1378 1582 1408 ei
1606 1379 1798 1417 negotium,

930 1412 1099 1443 intendere
1123 1413 1352 1446 humanitatem
1378 1416 1542 1457 aliquanto
1561 1419 1716 1451 remiss'ain
1739 1419 1799 1452 fal-

930 1452 966 1484 sis
979 1462 1014 1484 ac
1030 1454 1228 1486 calumniosis
1238 1454 1300 1487 fori
1313 1458 1633 1498 interpretationibus
1645 1471 1654 1499 3
1667 1462 1697 1493 ἅ
1707 1461 1799 1501 quod

930 1494 1155 1536 aditi-ingentio
1179 1496 1245 1536 ejus
1271 1499 1396 1529 vincula
1423 1499 1477 1538 sit,
1502 1501 1686 1534 hominibus
1710 1511 1800 1534 com-

931 1536 1092 1568 mendare.
1116 1546 1233 1577 nempe
1248 1560 1257 1576 ‚
1291 1546 1325 1569 ut
1348 1538 1477 1579 faciles,
1510 1550 1544 1573 ut
1562 1543 1738 1584 benignos,
1761 1551 1800 1574 ut:

930 1587 1039 1616 aequos
1056 1600 1067 1616 ,
1101 1577 1130 1609 se
1156 1580 1318 1618 praebeant
1338 1580 1368 1611 in
1393 1583 1634 1623 contractibus,
1666 1586 1696 1616 in
1717 1585 1800 1624 judi-

931 1618 1013 1657 ciis'‚
1046 1620 1185 1659 demque
1214 1623 1244 1651 in
1275 1622 1363 1652 omni
1396 1623 1472 1654 vicae
1498 1625 1636 1662 colore‚·
1674 1633 1800 1658 tantum

931 1660 1020 1700 quod
1037 1661 1106 1701 paci
1127 1661 1205 1692 facit
1230 1671 1301 1702 quae
1324 1663 1508 1696 hominibus
1536 1668 1659 1706 optima
1680 1666 1735 1705 fit,
1766 1666 1800 1699 δι’.

931 1701 1009 1733 Deo
1031 1702 1219 1743 gratissima,
1245 1704 1274 1734 ὅ(
1300 1703 1363 1736 sine
1392 1705 1590 1747 benignitate
1610 1717 1647 1739 ac
1663 1706 1801 1740 facilita-

933 1749 965 1774 te
990 1743 1101 1775 haberi
1123 1752 1272 1783 nequeat.
1303 1747 1374 1778 vult
1398 1749 1494 1788 igitur
1511 1772 1521 1786 ,
1551 1749 1697 1782 homines
1721 1759 1804 1781 con-

934 1783 1085 1815 tractibus
1100 1807 1111 1821 ‚
1135 1786 1406 1826 obligationibus,
1430 1798 1468 1820 ac
1484 1790 1553 1830 jure
1575 1792 1641 1830 uti,
1665 1790 1718 1823 sed
1733 1800 1802 1825 non

934 1825 1045 1856 abuti:
1075 1835 1180 1864 neque
1209 1827 1285 1867 legis
1309 1829 1464 1869 angustias
1498 1831 1583 1870 sequi
1609 1834 1649 1864 ad
1669 1833 1803 1865 avidita-

935 1873 1002 1897 tem
1026 1872 1080 1897 aut
1104 1867 1257 1898 malitiam
1281 1870 1500 1912 explendam3
1533 1873 1587 1905 sed
1610 1874 1689 1915 legis
1706 1875 1804 1906 ratio-

936 1916 1037 1946 nem,
1070 1907 1109 1939 ad
1139 1909 1310 1941 utilitatem
1343 1912 1488 1945 humanae
1520 1913 1680 1947 societatis
1705 1914 1805 1956 respi-

937 1950 1096 1988 cientem,
1119 1949 1248 1989 expulsa
1266 1953 1442 1986 acerbitate
1468 1963 1564 1997 atque
1583 1957 1730 1996 avaritia3
1754 1958 1804 1989 fe·

937 1999 972 2022 re
1003 1990 1044 2021 ad
1074 1991 1223 2023 eumdem
1250 1993 1406 2035 modum,
1438 2005 1503 2036 quo
1525 1997 1646 2029 Seneca
1663 2021 1673 2037 ,
1705 1999 1751 2030 lib.
1769 2008 1803 2031 2.

937 2031 985 2064 De
1001 2033 1047 2062 ira
1070 2041 1094 2063 c.
1114 2041 1160 2072 27.
1187 2034 1247 2072 ait,
1279 2033 1379 2077 Quam
1402 2036 1528 2079 angusta
1553 2039 1716 2071 innocentia
1740 2037 1803 2081 est,

936 2074 974 2104 ad
1000 2073 1088 2114 legem
1111 2075 1215 2105 bonum
1237 2074 1313 2115 effe?
1337 2085 1445 2118 quanto
1464 2080 1556 2111 latius
1572 2079 1730 2121 officiorum
1746 2089 1803 2122 pa-

937 2119 1000 2152 tet,
1024 2124 1111 2155 quam
1121 2115 1202 2156 juris
1225 2118 1326 2157 regula
1341 2119 1358 2150 ἓ
1387 2129 1476 2160 quam
1498 2121 1592 2152 multa
1613 2123 1727 2163 pietas,
1748 2124 1804 2155 bu-

936 2157 1087 2195 manitas,
1117 2157 1290 2197 liberalitas,
1315 2158 1453 2201 justitia,
1479 2161 1556 2201 fides
1573 2165 1716 2205 exigunt,
1738 2174 1802 2206 quea

937 2198 1031 2229 omnia
1053 2203 1137 2228 extra
1155 2199 1288 2238 publicas
1312 2202 1426 2233 tabulas
1442 2203 1517 2242 sunt
1532 2203 1550 2235 ?
1578 2204 1629 2236 Sic
1659 2205 1804 2239 Seneca:

938 2240 1033 2270 etiam
1051 2238 1168 2270 Cicero
1183 2262 1193 2278 ,
1216 2240 1264 2272 lib.
1281 2251 1309 2274 2.
1333 2241 1380 2272 De
1396 2242 1496 2284 officiis
1517 2254 1540 2276 c.
1561 2250 1608 2280 18.
1632 2247 1731 2278 verba
1750 2247 1805 2279 Ci-

939 2280 1077 2311 ceronis.
1124 2280 1266 2312 Convenit
1295 2289 1391 2314 autem
1416 2295 1481 2316 curn
1504 2287 1537 2317 in.
1566 2288 1661 2320 dando
1685 2287 1805 2328 munifi-

939 2332 1004 2353 cum
1019 2321 1070 2362 effe
1086 2344 1096 2360 ‚
1126 2328 1188 2353 tum
1210 2324 1242 2354 in
1257 2325 1395 2366 exigendo
1420 2336 1479 2358 non
1494 2329 1646 2360 acerbum:
1667 2331 1698 2360 in
1712 2331 1806 2361 omni·

939 2373 993 2405 que
1011 2372 1040 2394 re
1057 2365 1268 2403 contrahenda,
1289 2368 1456 2406 vendendo,
1479 2370 1591 2399 emendo
1609 2393 1618 2408 ‚
1642 2371 1803 2402 conducen-

940 2407 994 2443 do,
1017 2404 1151 2443 locando,
1174 2407 1377 2437 vicinitatibus
1394 2406 1431 2442 ἑὸ)
1451 2408 1601 2448 confiniis,
1635 2420 1748 2452 (equum
1765 2410 1805 2446 ἐξ

934 2445 1076 2486 facilem5
1100 2447 1191 2477 multa
1207 2447 1303 2478 multis
1321 2449 1354 2478 tle
1370 2449 1502 2489 juresuo
1520 2452 1678 2483 cedentem:
1709 2463 1727 2484 a
1743 2453 1804 2483 liti·

942 2489 993 2518 bus
1015 2496 1081 2518 vcro
1099 2510 1109 2525 ,
1139 2494 1280 2528 quantum
1305 2488 1415 2528 liceat,
1449 2489 1485 2524 δ’
1509 2491 1599 2528 nescio
1615 2516 1624 2532 ‚
1655 2503 1695 2524 an
1716 2494 1805 2535 paulo

937 2528 1005 2570 plus
1032 2529 1119 2559 etiam
1146 2539 1234 2569 qumn
1259 2529 1371 2569 liceat,
1403 2532 1607 2565 abhorrentem.
1650 2533 1704 2576 Est
1729 2537 1807 2567 enim

942 2579 999 2601 non
1017 2570 1094 2599 modo
1114 2569 1243 2608 liberale,
1261 2571 1394 2610 paullum
1418 2582 1627 2616 nonnunquam
1648 2577 1681 2607 de
1688 2577 1744 2617 suo
1754 2578 1808 2618 ju·

942 2620 972 2642 re
1002 2611 1129 2641 decedere
1145 2633 1154 2648 ,
1178 2612 1231 2650 sed
1257 2613 1401 2643 interdum
1423 2615 1507 2645 etiam
1528 2615 1726 2657 fructuosum.
1756 2619 1808 2650 ba-

944 2653 1035 2683 ben'da
1051 2657 1146 2682 autem
1163 2651 1202 2692 esi
1217 2654 1291 2683 ratio
1318 2655 1360 2684 rei
1371 2655 1555 2696 familiaris,
1584 2667 1671 2699 quam
1693 2661 1810 2700 quidem

944 2693 1033 2724 dilabi
1046 2691 1156 2731 linere,
1173 2692 1353 2735 flagitiosum
1369 2694 1426 2736 est:
1444 2697 1493 2735 fied
1517 2699 1580 2737 ita,
1604 2707 1638 2730 ut
1657 2700 1807 2733 illiberali-

945 2738 1019 2765 catis
1035 2757 1043 2772 ‚
1073 2736 1262 2776 avaritiaeque
1288 2735 1359 2774 abstt
1374 2740 1510 2779 suspicio.
1556 2739 1655 2773 Vides
1681 2743 1810 2784 egregia

946 2776 1066 2807 veteris
1088 2775 1244 2816 sapientiae
1263 2786 1421 2819 praecepta
1436 2803 1446 2818 ,
1475 2789 1492 2812 a
1509 2783 1643 2814 naturali
1663 2786 1808 2822 ratione,

947 2817 979 2848 id
1005 2816 1074 2854 est,
1105 2817 1219 2849 divinis
1245 2818 1409 2859 fontibuS,
1442 2822 1654 2862 profluentia,
1685 2825 1715 2856 ἀ
1732 2825 1808 2856 ideo

948 2858 1047 2889 totius
1065 2857 1268 2891 humanitatis
1290 2863 1482 2894 communia.
1512 2873 1548 2895 ea
1566 2865 1619 2896 ubi
1644 2874 1810 2896 commen-

951 2900 1006 2930 dat
1025 2898 1183 2939 Christus,
1207 2910 1280 2933 cum
1299 2904 1363 2942 ait,
1387 2904 1533 2936 Mutuum
1547 2908 1629 2945 date,
1654 2907 1726 2937 nihil
1741 2906 1810 2936 inde

938 2941 1111 2982 sperante53
1141 2951 1206 2973 non
1234 2944 1319 2976 tollit
1340 2946 1423 2977 inter
1439 2945 1565 2985 Judaeos
1590 2956 1753 2984 mutuum,
1777 2947 1810 2980 id

952 2981 997 3013 est
1013 3006 1023 3022 ,
1053 2990 1087 3015 ut
1114 2982 1151 3014 A.
1175 2982 1300 3018 Gellius
1318 3009 1327 3024 ,
1360 2986 1410 3019 lib.
1427 2998 1476 3019 20.
1510 2987 1599 3020 Noa.
1623 2988 1713 3018 Atiic.
1737 2997 1762 3019 c.
1781 2997 1811 3021 1.

951 3024 996 3055 ait
1012 3047 1021 3063 ,
1045 3023 1206 3065 subsidium
1228 3027 1278 3058 boc
1304 3029 1404 3068 inopiae
1429 3031 1601 3069 temporaria
1617 3037 1671 3068 quo
1689 3038 1813 3061 commu-

951 3066 997 3096 nis
1012 3067 1137 3098 omnium
1159 3068 1224 3099 vita
1241 3070 1360 3110 indiget.
1384 3079 1449 3101 non
1466 3071 1560 3101 etiam
1578 3070 1645 3099 vult
1656 3092 1665 3107 ‚
1690 3079 1730 3101 ex
1745 3079 1814 3102 mu·

952 3113 1009 3138 tuo
1036 3107 1195 3140 actionem
1220 3109 1362 3141 cess'are:
1393 3113 1536 3152 (quotus
1560 3110 1644 3140 enim
1676 3111 1812 3154 quisque

951 3147 1027 3180 effet
1044 3156 1188 3182 mutuum
1207 3151 1358 3190 daturus3
1376 3151 1397 3183 fi
1415 3161 1477 3182 non
1497 3150 1574 3181 esset
1588 3150 1748 3185 habiturus
1763 3161 1813 3185 re-

950 3190 1170 3233 petitionem)
1195 3191 1247 3223 sed
1266 3194 1351 3231 vult,
1377 3192 1463 3233 quod
1488 3191 1533 3222 est
1549 3192 1690 3224 linrnanae
1715 3192 1815 3227 socie-

952 3232 1008 3263 tati
1031 3232 1231 3273 confequens
1251 3257 1261 3271 ,
1292 3235 1321 3264 &
1345 3234 1398 3264 lex
1416 3231 1560 3264 Mosaica
1586 3233 1749 3274 intendit,
1779 3245 1815 3269 uc

952 3272 1080 3314 Judaeus
1103 3283 1175 3317 erga
1198 3273 1375 3346 JudaeuniY
1401 3274 1469 3314 jure
1491 3272 1546 3306 suo
1571 3273 1623 3308 sed
1649 3275 1787 3319 benigne
1803 3303 1815 3318 ,

1782 3327 1818 3350 ss-
