2036 3495
574 91 932 128 GERARDI
987 81 1028 118 N

132 106 203 137 222

140 187 202 222 lem
219 184 341 222 causam
351 183 513 220 exerceri,
530 173 926 219 sedjusjurandumaaons
944 180 1021 203 con·

142 232 266 263 ici-vari.
311 227 396 260 Dedi
415 223 566 256 effectum
585 228 682 251 unum
700 218 833 248 aetionis
852 217 883 246 in
901 213 1020 245 facium

141 275 181 304 de
195 269 406 313 jurejurando.
422 264 503 307 Quis
520 260 626 294 alter?
651 261 786 290 vertitur
803 256 833 288 in
851 263 938 286 certa
955 255 1021 295 ejus

112 338 115 339 γ
140 314 356 346 executione,
379 306 531 345 exemplo
560 300 694 334 actionis
711 300 755 332 rei
773 299 941 339 judicatae:
965 306 1021 327 eo-

141 364 205 393 que
224 350 426 394 percrebuit,
451 345 521 389 post
535 342 748 386 jusjurandum
767 349 831 371 non
850 339 966 378 quaeri,
982 346 1020 369 an

141 396 317 430 debeatur,
342 390 394 421 sed
417 396 455 420 an
470 389 607 428 juratum
632 383 677 416 sit.
703 383 754 414 Sic
780 381 934 421 Ulpianus
951 379 968 410 l.
990 388 1020 415 9.

142 437 170 477 ἕ.
192 446 217 466 i.
238 434 278 465 D.
296 434 321 464 b.
343 438 363 463 t.
381 432 411 463 δι
428 429 618 470 justinianus
633 426 662 467 ᾖ.
685 434 731 456 11.
750 421 822 463 inst.
838 424 871 453 de
885 421 1019 453 adtoniti.

140 479 181 508 de
200 485 265 515 quo
285 475 372 514 plura
390 473 429 504 ad
446 471 555 503 finem.

183 517 333 548 Tertium
348 513 452 546 Edit-:ti
463 518 561 552 caput
577 511 704 542 videtur
714 510 910 544 conceptum
931 502 1022 534 fuilse

139 559 171 591 in
188 559 273 590 hunc
292 556 429 587 sensum:
453 555 532 586 Eum
556 562 574 583 ιι
597 561 651 592 quo
661 549 876 592 jusjurandum
889 551 1025 586 petetur,

131 601 248 641 solvere
257 605 311 631 aut
325 597 431 639 jurare
446 605 564 636 cogam:
572 592 600 632 fi
617 594 641 623 is
650 593 700 633 qui
710 596 788 630 petet
793 588 1021 629 jusjurandum,

134 647 260 683 paratus
273 639 315 679 fit
328 640 450 680 jurare,
466 647 525 668 non
541 635 691 666 calumniae
704 635 793 671 'causa
813 630 842 659 id
855 628 883 665 [ε
896 626 1023 668 postula·

137 693 178 715 re.
225 683 258 714 Si
282 681 492 722 jusjurandum
525 677 632 717 referre
658 673 770 710 malet,
800 670 1026 712 quamjurure,

133 723 302 767 potestatem
312 723 438 763 faciam.
463 721 497 752 St
515 721 538 749 is
555 719 606 759 qui
616 715 830 758 jusjurandum
842 716 937 752 petet,
960 719 1012 740 con

140 769 249 798 ditione
260 764 460 807 jurisjurandi
478 771 534 792 non
553 765 672 794 utetur,
702 755 838 787 ‘adiciam
862 754 887 782 ez·
901 761 957 783 non
976 752 1024 781 cla-

140 810 183 840 bo.
217 807 312 839 Ratio
332 804 432 836 Ediffl
448 802 616 844 julliffima.
700 806 749 828 am
773 793 917 827 modeste
936 793 1001 834 agit
1014 815 1024 831 ‚

141 849 196 885 Qui
222 847 457 884 adversarium,
484 844 593 875 delato
617 838 840 881 jurejurando,
865 835 945 867 facit
977 843 1023 864 te-

142 891 221 923 ssem
251 891 278 921 δι
303 887 543 928 quodaminodo
565 884 725 924 judicem,
749 880 780 910 in
810 878 940 919 propria
958 876 1023 907 lite.

137 941 254 965 contra
278 931 413 971 turpiter
438 928 502 969 agit
530 926 582 966 qui
611 933 679 955 eam
705 920 926 953 conditionem
954 926 1018 948 non

140 974 275 1012 accipit,
299 978 353 1003 aut
379 978 443 1001 non
471 967 570 1000 refert
592 967 611 997 l.
632 970 682 1006 38.
707 965 733 995 b.
765 968 785 992 t.
810 961 886 1001 quid
911 959 931 990 ss
955 967 1020 989 non

148 1016 247 1047 debet
265 1015 292 1045 ei
308 1014 360 1054 qui
373 1010 589 1053 jusjurandum
606 1006 741 1043 detulit,
759 1003 927 1043 displicere
945 1008 1021 1043 con-

140 1057 220 1089 ditio
237 1065 331 1096 quarn
349 1055 380 1086 in
400 1050 566 1085 adversarii
591 1047 725 1090 persona
741 1054 862 1084 aequam
885 1041 1021 1073 credidit

138 1102 167 1131 d.
186 1099 204 1130 l.
223 1108 271 1138 534.
293 1097 323 1139 §.
342 1095 399 1137 75.)
424 1095 465 1126 At
482 1093 567 1125 enim
585 1089 674 1123 multi
695 1088 764 1119 sunt
781 1082 1021 1130 superstitiosi&

139 1141 261 1173 timidi:
294 1139 346 1170 alii
373 1144 487 1168 contra
505 1135 592 1166 leves
606 1156 615 1171 ‚
640 1140 677 1161 ac
694 1129 818 1170 perjuri.
845 1127 888 1157 iia
905 1133 965 1155 nec
980 1123 1025 1163 ju-

135 1192 205 1214 rare
224 1180 340 1219 facile,
364 1188 425 1211 nec
442 1176 574 1210 referre.
620 1172 683 1204 Sed
702 1171 817 1202 utilitas
834 1167 1023 1199 dirimenda-

139 1233 208 1256 rum
238 1223 341 1255 litium
366 1229 462 1260 quam
489 1218 611 1259 praebet
636 1212 871 1254 jusjurandum,
897 1207 1025 1249 praelata

143 1265 188 1296 est
206 1265 336 1305 privatae
362 1260 585 1302 superstitioni.
629 1255 831 1299 Quamquam
858 1252 954 1281 etiam
979 1258 1024 1280 ra-

145 1308 211 1338 rior
229 1315 265 1337 ea
284 1302 471 1346 superstitio.
494 1300 662 1333 Postremo
672 1295 715 1327 est
733 1295 801 1327 haec
813 1292 963 1325 Praetoris
973 1299 1024 1320 cu-

145 1358 199 1387 ra;
225 1357 264 1379 ne
290 1347 340 1378 cui
365 1343 579 1386 jusjurandum
609 1346 730 1370 temere
754 1343 807 1367 aut
831 1330 1026 1366 calumniose

145 1389 322 1421 deferatur.
348 1385 513 1419 Promittit
525 1384 619 1424 igitur
640 1380 758 1411 Praetor
770 1401 779 1417 ,
795 1377 826 1409 se
841 1374 1025 1407 coacturum

144 1439 218 1463 eum
238 1438 255 1461 a
271 1439 336 1470 quo
352 1428 569 1470 jusjurandum
597 1430 745 1464 petetur,
771 1419 894 1451 solvere
911 1424 963 1448 aut
978 1416 1024 1457 ju-

143 1483 212 1505 rare
229 1472 248 1503 l.
267 1481 315 1514 34.
331 1470 360 1513 §.
382 1472 411 1501 6.
429 1468 456 1499 h.
474 1473 494 1497 t.
530 1465 571 1496 Et
588 1465 657 1495 sunt
677 1461 818 1493 latissima
835 1461 901 1501 ejus
918 1459 1024 1489 verba.

145 1512 233 1546 Olim
251 1520 386 1549 excepta
404 1510 466 1540 fuit
484 1507 619 1539 Vestalis
637 1506 727 1545 virgo
739 1527 748 1542 ,
767 1501 935 1533 &Flamen
949 1499 1021 1531 Dia·

141 1557 198 1589 lis:
225 1554 303 1586 teste
320 1552 430 1584 Gellio
445 1551 495 1582 lib.
516 1559 563 1581 10.
583 1546 673 1580 Νυὲἶ.
690 1545 784 1576 Attio.
802 1554 826 1574 e.
857 1553 901 1584 15.
929 1543 1026 1572 verba

145 1596 245 1629 Gellii
267 1594 337 1626 sunt
362 1594 449 1624 haec:
475 1591 570 1623 Verba
593 1589 728 1621 Praetorz's
751 1595 787 1617 ex
812 1584 913 1616 Edicto
930 1590 1025 1624 perpe-

143 1646 192 1671 tuo
215 1639 246 1668 cie
271 1636 402 1668 Flamine
430 1633 516 1665 Diali
544 1631 580 1666 ξεῖ)
604 1630 742 1665 sacerdote
763 1625 856 1666 Vestae
874 1622 1027 1665 adscripsi.-

145 1680 326 1711 Sacerdotem
354 1674 498 1716 Vestalem
522 1673 559 1708 ὅ)
580 1671 741 1704 Flciinz'nenz
767 1668 882 1699 Dialem
905 1669 936 1697 in
951 1667 1028 1697 omni

140 1731 205 1754 mea
226 1718 431 1762 jurisdictione
444 1717 549 1758 jurare
565 1724 621 1745 non
644 1721 751 1754 cogam.
795 1709 857 1741 Sed
877 1709 959 1740 lianc
975 1717 1025 1738 ex·

141 1763 330 1803 ceptionem
343 1757 492 1791 sustuiiss'c
502 1757 630 1788 videtur
645 1753 865 1785 Tribonianus
877 1774 887 1790 ,
903 1748 1027 1782 abolita

144 1813 256 1837 vetere
274 1802 455 1834 Gentilium
473 1797 706 1839 superstitione.

189 1846 290 1878 Porro
318 1844 360 1875 ait
393 1842 536 1879 Praetor,
561 1839 678 1870 Solvere
710 1841 762 1867 out
789 1835 893 1877 jurare
919 1842 1029 1875 cogam.

145 1886 220 1921 Nec
240 1887 374 1918 dubium
392 1883 457 1920 est,
475 1883 552 1922 quin
570 1881 666 1912 etiarn
684 1878 783 1916 velit,
800 1885 871 1907 eum
889 1874 970 1906 hanc
986 1874 1031 1905 ob

87 1951 92 1956 ι
145 1939 213 1962 rem
233 1929 263 1959 in
281 1927 402 1968 judicio
419 1923 523 1956 adeffe
548 1923 567 1954 l.
594 1922 649 1953 ult.
677 1920 704 1961 §>
732 1928 760 1958 4·
781 1918 814 1949 C.
829 1919 862 1948 de
878 1918 934 1947 reb.
956 1917 1029 1947 cred.

145 1970 214 2004 Nisi
231 1969 267 2001 {it
283 1968 415 2010 persona
430 1965 575 2008 egregia,
592 1970 646 1995 aut
662 1960 847 1993 valetudine
858 1959 1030 1998 impedita:

146 2013 187 2044 ad
206 2021 283 2051 quas
305 2011 438 2042 d'ornum
459 2006 541 2039 mitti
561 2011 736 2045 oportere,
759 2001 873 2034 Paulus
890 1999 997 2030 scribit
1013 1999 1030 2029 l.

148 2063 196 2094 15.
214 2054 241 2085 b.
260 2059 280 2083 t.
297 2051 414 2092 Estque
433 2048 600 2089 vestigium
624 2045 715 2085 hujus
740 2041 839 2074 moris
857 2042 940 2080 apud
967 2039 1030 2071 Ta-

147 2097 250 2128 citum
268 2094 317 2125 lz'b.
334 2103 361 2125 2.
380 2091 492 2124 Annal.
512 2100 537 2121 c.
555 2098 604 2130 34.
622 2087 678 2120 Ait
702 2086 798 2127 igitur
815 2083 955 2120 Praetor,
980 2082 1031 2113 Co-

144 2147 226 2180 gam.
257 2135 321 2167 Sed
347 2132 504 2176 quando?
538 2128 735 2163 indistintte:
765 2124 828 2158 five
855 2124 972 2165 aliquid
997 2123 1033 2155 sit

149 2179 343 2219 probatum,
368 2175 432 2208 five
451 2173 546 2205 nihil:
570 2170 762 2214 generaliter
786 2167 872 2198 enim
889 2166 1033 2206 loquitur

149 2221 284 2252 Praetor.
311 2218 353 2250 At
374 2218 459 2249 enim
473 2216 653 2247 Antoninus
670 2208 895 2251 Epaphrodito
910 2208 1036 2238 cuidam

153 2262 185 2293 in
206 2261 225 2293 l.
241 2271 271 2301 4.
292 2260 324 2291 C.
350 2260 382 2291 de
399 2258 503 2289 edendo
526 2255 567 2287 iic
590 2253 748 2286 rescribit:
771 2249 876 2282 Atiore
895 2259 952 2280 non
969 2255 1036 2289 pro-

152 2305 254 2342 bante,
277 2304 328 2342 qui
345 2299 537 2335 convenitur,
561 2294 612 2333 etsi
635 2295 707 2326 nihil
732 2293 787 2334 ipse
802 2289 938 2332 praeflat,
962 2291 1031 2321 obti-

152 2347 239 2376 neln't.
266 2343 374 2381 Novi,
396 2349 494 2381 atque
519 2339 550 2370 id
576 2336 776 2376 Rescriptum
807 2333 915 2365 multis
939 2340 1037 2373 grave

154 2386 228 2418 effe.
251 2385 312 2416 Sed
325 2409 333 2420 ,
350 2394 401 2416 me
419 2385 617 2422 interprete,
635 2378 676 2410 fic
693 2374 940 2408 moderandum:
959 2374 1036 2405 Prae-

158 2436 302 2466 terquam
320 2425 341 2458 fi
369 2425 457 2456 attor
480 2422 629 2454 detulerit
650 2417 875 2460 jusjurandum.
906 2415 1037 2448 Causam

153 2468 380 2501 moderaminis
408 2466 491 2497 hanc
520 2464 645 2501 habeo,
677 2459 766 2502 quod
788 2468 853 2490 non
879 2457 924 2488 est
958 2456 1038 2495 Lex,

154 2510 208 2542 sed
225 2509 423 2549 Rescriptum
444 2506 531 2546 quod
551 2505 719 2544 objicitur:
745 2502 776 2531 in
793 2508 900 2540 eoque
916 2508 976 2530 una
994 2497 1038 2529 est

155 2550 304 2593 quaestio;
331 2559 368 2581 an
387 2557 420 2580 ut
438 2548 524 2579 actor
541 2554 668 2577 tenetur
691 2553 748 2575 reo
760 2566 770 2580 ,
793 2540 834 2573 fic
851 2551 921 2572 rcus
937 2539 1036 2571 actori

159 2599 327 2626 teneatur.
353 2591 401 2621 sua
427 2590 633 2621 instrumenta
660 2584 782 2618 edere?
809 2582 971 2614 Caeterum
997 2582 1037 2612 de

156 2631 400 2675 opportunitate
416 2629 614 2671 jurisjurandi
628 2629 667 2659 ab
678 2628 785 2658 actore
795 2624 963 2656 deferendi
980 2632 1035 2654 ne-

157 2684 221 2715 que
247 2681 395 2713 quaeritur
414 2696 422 2707 ,
448 2681 552 2711 neque
576 2678 688 2711 agitur.
715 2667 851 2708 proinde
876 2666 968 2704 noli,
994 2673 1034 2696 ex

158 2715 328 2754 Rescripto
352 2714 389 2745 ad
415 2712 531 2744 fastum
559 2709 771 2752 Epaphroditi
800 2707 928 2739 Libello
946 2706 1034 2737 obla-

157 2769 247 2795 tum,
267 2758 385 2788 ducere
404 2762 623 2794 argumentum
640 2763 656 2784 a
674 2750 837 2783 contrario
857 2757 910 2780 aut
925 2758 942 2779 a
960 2757 1037 2779 con-

158 2799 343 2840 sequentia.
360 2797 399 2827 de
418 2804 477 2834 qua
496 2805 559 2825 non
578 2795 636 2825 fuit
653 2794 847 2835 cogitatum:
865 2789 1037 2831 praesertirn

159 2849 273 2874 contra
291 2836 454 2870 manifesta
473 2835 576 2866 Edisti
603 2837 697 2866 vei-ba
710 2859 719 2873 ,
750 2834 866 2865 nullam
887 2833 1037 2863 habentia

159 2883 405 2917 absurditatem,
422 2886 528 2917 eoque
547 2876 774 2908 restrictionem
795 2884 858 2905 non
877 2873 1037 2915 patientia.

161 2925 214 2958 Ait
235 2932 329 2964 igitur
349 2921 468 2952 Praetor
485 2942 494 2955 ,
520 2918 637 2958 Cogam.
663 2927 723 2948 nec
740 2916 878 2948 ostendit
898 2915 1038 2955 cogendi

161 2967 296 3000 modum
334 2962 410 2994 mihi
434 2969 512 2991 vero
535 2960 661 2999 placet,
684 2968 747 2990 non
770 2959 927 2998 jurantem
946 2959 1041 2987 inter·

165 3010 242 3039 dum
259 3007 329 3046 cogi
350 3014 406 3044 per
425 3002 597 3035 Praetorem
610 3023 619 3038 ,
636 3000 793 3030 interdum
811 3009 867 3039 pei·
883 2998 1039 3038 Judicem.

167 3050 197 3080 ἃ
214 3049 341 3087 quidem
362 3055 418 3086 pei·
439 3043 632 3079 Praetorem,
657 3039 676 3071 si
692 3040 906 3080 jusjurandum
926 3041 955 3071 in
972 3040 1041 3078 jure

165 3090 203 3122 sit
215 3090 355 3120 delatum
365 3095 438 3118 ante
449 3087 536 3116 litem
547 3080 773 3115 contestatam:
789 3088 855 3111 turn
867 3081 950 3112 enim
964 3081 1042 3112 Prae-

169 3138 221 3162 tor
245 3140 331 3160 reum
359 3127 557 3159 recusantem
581 3123 712 3164 perinde
737 3129 834 3160 coget
851 3144 860 3159 ,
884 3129 919 3151 ut
944 3120 1041 3152 confi-

168 3179 289 3204 tentem
310 3171 327 3200 l.
346 3174 392 3210 38.
408 3170 435 3200 b.
456 3176 477 3200 t.
502 3168 553 3208 qui
580 3175 637 3207 pro
663 3165 813 3196 damnato
840 3161 982 3199 habitus,
1007 3164 1045 3194 ad

166 3212 357 3246 solvendum
371 3211 488 3252 accipit
502 3207 635 3251 spatium
652 3203 808 3240 damnatis
820 3203 886 3237 dari
902 3202 1046 3236 solitum:

1059 89 1249 120 ooni-
1308 79 1516 120 Currat.

1064 171 1094 203 &
1111 177 1315 220 intereajnon
1333 173 1478 212 solvens,
1502 172 1620 206 deinde
1635 171 1822 216 pignoribus
1836 177 1936 218 captis

1064 214 1094 245 ἃ
1113 214 1264 262 distractis
1280 217 1319 247 ad
1335 215 1592 248 satisfaciendum
1616 215 1821 255 compellitur
1842 219 1859 249 l.
1886 229 1936 261 :3¹-

1065 254 1108 286 D.
1121 256 1155 286 de
1164 258 1292 298 rejudic.
1312 257 1388 290 Hoc
1405 257 1436 288 in
1456 266 1521 288 reo.
1540 258 1627 298 quod
1637 258 1675 288 ad
1693 256 1851 291 actorem:
1867 269 1941 294 eum

1066 305 1131 327 non
1150 305 1293 330 utentem
1318 299 1508 330 conditione
1528 298 1725 339 jurisjurandi
1745 297 1868 332 Praetor
1883 310 1940 333 co-

1064 345 1120 385 get
1145 339 1360 380 denegatione
1385 340 1517 372 aetionis
1540 341 1559 371 1.
1588 351 1637 382 54.
1662 340 1690 382 §.
1718 349 1746 379 7.
1772 342 1797 372 h.
1823 351 1844 374 τ.
1867 342 1896 373 &
1919 343 1941 376 fi

1061 382 1274 426 jusiurandum
1285 381 1355 422 post
1365 381 1453 413 litem
1465 375 1674 414 contesfatam
1685 381 1944 424 deferaturzproa

1064 430 1184 453 xrmum
1212 423 1275 467 est,
1301 431 1470 464 utrumque
1495 424 1525 454 &
1548 424 1686 456 acrorem
1711 425 1740 455 ἀ
1764 434 1851 456 reum
1869 427 1943 466 cogi

1065 471 1122 503 per
1147 462 1292 502 judicem
1320 474 1336 495 a
1361 464 1502 496 Praetore
1528 465 1660 497 datum:
1686 466 1774 506 cuius
1801 467 1945 501 officium

1066 503 1128 550 est,
1154 506 1193 551 de
1210 513 1272 544 qua
1291 515 1323 536 re
1341 506 1554 546 cognoverit,
1571 509 1784 547 pronunciare
1799 508 1817 538 l.
1835 517 1884 547 74.
1897 510 1945 542 D.

1068 549 1101 576 de
1112 547 1204 585 judic.
1232 555 1338 585 eoque
1356 557 1442 578 reum
1461 556 1514 578 aut
1533 549 1751 580 condemnare
1767 557 1821 581 aut
1844 549 1945 582 absol-

1069 596 1164 619 vere:
1188 585 1268 618 ficut
1292 587 1425 634 alterum
1444 591 1613 621 continere
1630 591 1728 623 debet
1746 601 1794 622 res
1809 592 1947 632 judicata

1068 629 1087 658 l.
1109 637 1133 659 i.
1157 627 1198 658 D.
1223 630 1256 658 de
1279 637 1309 659 re
1328 630 1422 676 szdic.
1455 628 1530 661 Hoc
1548 632 1644 672 igitur
1667 633 1819 673 exemplo
1844 633 1946 672 Judex

1069 678 1158 701 reum
1174 669 1338 700 nolentem
1353 679 1455 709 iurare
1473 673 1689 706 condemnet:
1712 682 1826 706 contra
1846 675 1946 707 absol·

1070 720 1121 742 vat
1140 720 1229 758 eum,
1254 711 1274 742 si
1291 710 1378 742 astor
1400 711 1524 743 recuset
1537 714 1638 749 iurare
1659 717 1684 747 d.
1701 716 1719 746 l.
1739 726 1787 756 qq,
1807 716 1835 758 §.
1856 725 1884 756 7.

1111 752 1375 798 Pergit-Praetor:
1398 753 1430 784 Si
1446 755 1469 783 z‘s
1488 755 1540 794 qui
1549 761 1625 795 petet
1635 752 1865 797 jusjurandum.
1890 765 1945 799 pa-

1066 800 1150 825 ratus
1164 793 1204 832 fit
1217 803 1342 840 J'urare,
1357 803 1414 825 non
1435 795 1586 827 calumniae
1603 798 1688 839 causti
1705 800 1734 829 i'd
1752 800 1777 831 se
1792 797 1942 840 postulare.
1962 815 1967 817 ”

1067 835 1144 867 Hoc
1164 838 1253 866 veriu
1266 835 1392 880 ‘Praetor
1409 837 1541 868 modum
1566 837 1666 879 injicit
1682 839 1781 871 versui
1800 843 1948 880 proxime

1066 882 1290 908 antecedenti:
1314 886 1385 923 narn
1405 887 1477 908 cum
1500 879 1565 909 illic
1583 880 1706 911 dixerat
1724 890 1823 920 pure,
1847 881 1876 913 se
1894 892 1949 914 co-

1067 918 1209 950 aCturum
1228 927 1301 950 eum
1319 927 1369 963 cui
1391 919 1529 951 delatum
1548 919 1583 951 sit
1600 921 1832 960 iusiurandum,
1848 924 1951 962 jurare

1064 969 1118 991 aut
1143 959 1285 992 solvere:
1309 960 1362 990 hic
1378 960 1516 999 indicat,
1540 960 1570 992 se
1594 963 1701 1002 nolle,
1726 964 1758 995 id
1773 963 1874 1005 accipi
1893 965 1948 997 ali-

1065 1010 1130 1048 ter,
1147 1010 1251 1048 'quam'
1277 1000 1332 1049 suo
1358 1001 1565 1033 conditione:
1587 1003 1608 1035 fi
1635 1004 1659 1034 is
1684 1004 1735 1044 qui
1755 1014 1863 1045 petat,
1887 1006 1943 1038 fibi

1061 1052 1174 1083 jurari,
1206 1052 1297 1090 prius.
1321 1051 1424 1083 juret,
1457 1042 1487 1074 se
1514 1053 1579 1075 non
1607 1046 1794 1087 calumniae,
1826 1047 1857 1079 id
1883 1048 1927 1080 est

1068 1094 1134 1116 non
1161 1085 1298 1131 vexandi
1323 1084 1511 1132 adversarii,
1537 1086 1626 1117 causa
1651 1087 1865 1129 jusjurandum
1893 1068 1946 1130 pe3

1069 1134 1148 1174 tere.
1173 1125 1276 1166 Hujus
1293 1125 1483 1166 conieciurae
1502 1127 1612 1159 auctor
1631 1128 1788 1169 Ulpianus
1814 1131 1861 1162 his
1878 1141 1948 1163 ver*

1068 1167 1150 1214 bis-l.
1167 1177 1217 1208 34.
1234 1167 1367 1215 .§‘.¹·.D·
1383 1168 1410 1199 h.
1422 1173 1441 1198 t.
1463 1177 1532 1208 quae
1549 1170 1623 1201 inde
1641 1172 1670 1201 in
1683 1171 1827 1204 Edictum
1848 1180 1947 1204 trans·

1069 1210 1143 1241 tuli:
1166 1209 1237 1256 ‘Qum
1257 1210 1470 1251 jusjurandum
1495 1210 1603 1248 defert,
1633 1215 1714 1252 prior
1737 1216 1770 1244 de
1797 1214 1945 1246 columnia

1068 1252 1145 1282 debet
1155 1260 1278 1292 jurare,
1295 1249 1324 1289 fi
1339 1251 1389 1281 hoc
1405 1253 1544 1297 exigatur
1555 1276 1563 1290 ‚
1580 1253 1682 1285 deinde
1691 1253 1737 1292 fic
1751 1257 1776 1286 ei
1786 1255 1948 1298 jurabitur.

1068 1292 1190 1324 Verum
1210 1291 1293 1340 hoc,
1319 1292 1348 1323 &
1366 1292 1508 1323 evidens⁴
1532 1292 1611 1326 lllud
1629 1297 1722 1336 quale
1741 1298 1828 1329 ouod
1847 1297 1946 1337 sequi-

1071 1341 1138 1383 tur:
1165 1333 1454 1383 Hoc—jnsjtiraiidwii
1471 1343 1560 1379 neque
1572 1341 1714 1378 patrono,
1737 1330 1828 1381 n'eque
1841 1346 1951 1379 parens

1069 1377 1145 1424 tibus
1172 1376 1355 1424 remittitur?
1385 1379 1491 1417 potuit
1523 1381 1607 1411 enim
1633 1379 1742 1412 falsum
1768 1380 1866 1412 videri
1893 1381 1944 1413 vel

1067 1418 1159 1458 ipsius
1178 1417 1362 1450 testimonio
1382 1418 1510 1460 Ulpiani
1528 1421 1545 1450 l.
1572 1430 1617 1462 17.
1635 1423 1661 1452 d.
1682 1427 1702 1452 t.
1730 1422 1766 1456 ὅ)
1782 1423 1801 1452 l.
1822 1433 1848 1462 7.
1869 1421 1897 1462 ἓ.
1918 1432 1946 1456 ¹2.

1067 1460 1109 1492 D.
1128 1461 1160 1490 de
1176 1462 1261 1501 obseq.
1277 1463 1416 1500 parentio.
1437 1460 1473 1495 ὅ)
1487 1467 1598 1501 patron.
1621 1460 1715 1503 praest.
1740 1463 1806 1495 Nisi
1827 1464 1894 1496 talis
1910 1457 1948 1495 iit

1067 1503 1132 1542 ejus
1151 1500 1270 1533 sensus:
1296 1501 1399 1533 EdiCti
1419 1503 1544 1539 verbis,
1567 1512 1602 1534 ut
1619 1504 1689 1535 sunt
1704 1506 1882 1546 generalia,
1907 1513 1949 1535 ne
1992 1510 1996 1511 ⁷
2032 1495 2033 1500 ¹

1068 1552 1216 1584 parentes
1232 1544 1360 1589 quidem
1380 1544 1574 1589 &patronos
1591 1544 1729 1576 excusari
1746 1555 1761 1576 a
1778 1545 1950 1586 iureiurane

1071 1586 1113 1616 clo
1137 1586 1176 1616 de
1199 1585 1375 1631 ‘calumnia3
1400 1585 1476 1616 licet
1503 1586 1594 1616 aliter
1619 1586 1764 1618 obtineat
1783 1596 1823 1618 ex
1842 1581 1953 1618 'Edisti

1068 1626 1235 1672 sententia.
1253 1624 1352 1672 Tales
1365 1627 1548 1664 disputandi
1560 1626 1678 1660 formas
1691 1627 1771 1668 saepe
1782 1627 1951 1660 observavi

1070 1678 1099 1716 in
1119 1667 1320 1713 Fragmentis
1338 1667 1585 1701 Panaetiarum:
1603 1678 1662 1700 nec
1681 1669 1726 1701 est
1744 1669 1832 1700 causa
1852 1679 1909 1701 cur
1920 1679 1952 1701 e-

1067 1719 1115 1751 jus
1132 1719 1183 1741 me
1202 1716 1307 1750 pigeat
1323 1708 1525 1756 inpraesenti.
1553 1710 1645 1749 Apud
1664 1710 1884 1743 Haloandrum
1907 1716 1955 1743 ta-

1071 1761 1143 1782 men
1155 1758 1260 1781 extat:
1275 1749 1559 1798 ‘Hocyusyarmzdum
1570 1753 1603 1783 cle
1614 1753 1759 1784 calumnia
1769 1762 1846 1794 aeque
1853 1758 1952 1794 potro-

1070 1803 1105 1824 no
1120 1792 1332 1832 &parentibus
1348 1794 1513 1823 remittitur.
1531 1791 1627 1824 Unde
1639 1793 1784 1825 efficiunt
1800 1794 1929 1834 quidam

1071 1844 1147 1876 teque
1159 1840 1280 1879 patrono
1296 1840 1382 1878 atquo
1395 1836 1576 1875 parentibus.
1601 1834 1663 1867 Sed
1685 1834 1754 1866 haec
1771 1837 1887 1868 eodem
1906 1816 1956 1868 re.-

1073 1877 1191 1923 deunt:
1209 1874 1404 1915 sufficitque,
1422 1876 1542 1915 liquere
1561 1883 1708 1917 parentes
1728 1878 1756 1908 ἃ
1770 1886 1956 1915 patronosa

1070 1919 1273 1958 jurejurando
1293 1918 1332 1947 de
1349 1917 1505 1948 calumnia
1521 1917 1672 1950 excusari.
1713 1919 1826 1951 Paulus
1847 1927 1958 1951 tamen

1075 1960 1139 1990 hoc
1158 1966 1252 2000 negat
1270 1958 1287 2004 l.
1310 1966 1354 1996 14.
1374 1959 1401 1989 h.
1420 1966 1440 1989 t.
1459 1961 1586 1998 quoties
1599 1969 1730 2000 propter
1740 1970 1805 1991 rem
1821 1960 1956 2000 juratur.

1074 2010 1146 2047 narn
1165 2008 1231 2046 turn
1258 2007 1319 2037 ait,
1345 2008 1406 2031 nec
1424 2001 1566 2040 parenti,
1591 2010 1652 2032 nec
1672 2009 1810 2041 patrono
1828 2001 1959 2033 remitti.

1075 2042 1164 2084 Quid
1190 2041 1264 2079 hic,
1283 2046 1399 2081 propter
1424 2051 1482 2072 reni
1493 2042 1623 2086 jurari?
1646 2045 1689 2074 ait
1710 2042 1841 2079 Paulus,
1864 2043 1961 2082 jusju-

1075 2084 1205 2129 randum
1218 2090 1350 2130 propter
1367 2092 1433 2114 rem
1450 2083 1552 2123 exigi,
1566 2083 1662 2115 veluti
1679 2084 1719 2115 de
1737 2085 1871 2122 pecunia
1890 2093 1960 2116 cre·

1076 2127 1161 2164 dita3
1177 2133 1247 2156 cum
1258 2124 1453 2164 JurataCtor‚
1471 2124 1525 2155 fibi
1537 2125 1600 2156 dari
1612 2134 1787 2165 oportere;
1803 2126 1852 2157 vel
1865 2135 1960 2160 reus,

1078 2166 1108 2213 se
1117 2167 1190 2198 dare
1202 2175 1265 2197 non
1277 2175 1440 2205 oportere.
1457 2164 1532 2197 Non
1544 2167 1645 2199 minus
1655 2169 1795 2207 pertinet
1807 2167 1844 2198 ad
1858 2166 1962 2198 Edisti

1079 2207 1295 2254 intellectum,
1320 2207 1406 2247 quod
1424 2208 1453 2238 in
1473 2207 1491 2238 l.
1512 2217 1560 2248 37.
1585 2207 1621 2238 i).
1636 2208 1662 2239 b.
1683 2214 1702 2240 t.
1719 2207 1760 2240 fic
1781 2208 1888 2240 scribit
1907 2208 1964 2240 Ul·

1081 2258 1208 2290 pianus:
1232 2248 1265 2280 Si
1292 2258 1349 2279 noiz
1365 2249 1464 2287 fuerit
1489 2248 1632 2289 remi'ffum
1651 2250 1865 2292 jusjurandum
1879 2251 1914 2281 ab
1928 2258 1959 2281 eo

1080 2292 1131 2334 qni
1139 2291 1292 2328 detulerit,
1298 2291 1351 2329 sed
1359 2291 1393 2320 de
1401 2291 1548 2321 calumnia
1566 2298 1771 2328 immoratur,
1790 2294 1960 2332 conlequens
2008 2296 2012 2298 ’

1080 2331 1137 2372 est,
1159 2339 1192 2363 ut
1209 2333 1306 2363 debeat
1324 2332 1459 2379 denegari
1477 2333 1502 2362 ei
1517 2331 1600 2363 attio.
1610 2331 1668 2370 fibi
1685 2333 1760 2363 enim
1776 2334 1894 2370 imputet
1912 2332 1964 2374 qui

1077 2372 1206 2416 proceffit
1217 2374 1261 2420 *ad
1277 2373 1445 2403 delationem
1457 2374 1673 2415 jurisjurandi,
1697 2383 1748 2404 nec
1770 2376 1852 2413 prius
1868 2375 1900 2403 de
1915 2384 1964 2404 ca-

1082 2417 1194 2462 lumnia
1207 2416 1342 2462 Iuravit:
1364 2420 1397 2445 ut
1409 2412 1450 2452 fit
1466 2412 1517 2454 iste
1540 2417 1696 2446 remittenti
1704 2413 1809 2452 similis
1851 2414 1962 2455 Ulpiae

1083 2468 1140 2489 nus
1156 2458 1275 2503 indicat
1294 2465 1421 2496 poenam
1439 2456 1554 2487 actoris
1567 2478 1576 2494 ,
1601 2455 1771 2487 recusantis
1793 2457 1897 2496 jurare
1921 2457 1964 2488 de

1083 2499 1260 2536 calumnia,
1281 2497 1447 2543 postquam
1465 2506 1521 2528 reo
1543 2497 1658 2528 detulit
1673 2497 1896 2537 jusjurandum.
1925 2506 1963 2528 ea

1083 2549 1178 2581 poena
1195 2538 1257 2578 est;
1275 2547 1310 2570 ut
1330 2548 1357 2569 ei
1376 2539 1552 2579 denegetur
1567 2538 1660 2570 attio.
1689 2537 1734 2569 Ut
1751 2548 1800 2569 res
1817 2540 1854 2570 ad
1871 2539 1964 2577 liqui-

1083 2584 1157 2614 dum
1183 2580 1378 2612 deducatur:
1402 2579 1492 2610 attor
1517 2589 1573 2610 reo
1600 2580 1717 2611 detulit
1735 2580 1962 2620 jusjurandum.

1081 2633 1152 2656 reus
1170 2622 1367 2667 eo'suscepto
1386 2620 1523 2660 postulat
1535 2621 1574 2651 ab
1594 2621 1703 2652 actore
1720 2622 1803 2660 prius
1818 2622 1910 2662 jurari
1923 2621 1964 2652 de

1081 2666 1312 2709 calumnia,·ex
1327 2661 1432 2692 forma
1448 2660 1563 2694 Edisti.
1590 2662 1688 2694 Astor
1705 2661 1825 2693 recusat
1840 2687 1848 2700 ‚
1862 2655 1967 2702 jurare

1078 2707 1118 2739 de
1127 2706 1291 2753 calumnia.
1316 2701 1471 2743 Ulpianus
1484 2703 1546 2742 ait,
1557 2704 1775 2745 denegandam
1791 2704 1888 2735 actori
1901 2702 1970 2735 effe*

1079 2749 1259 2784 actionem,
1285 2745 1368 2785 quasi
1387 2744 1513 2776 remisso
1532 2745 1746 2786 jurejurando.
1763 2745 1793 2777 Si
1813 2755 1878 2777 rem
1897 2744 1976 2785 spe·'⁴

1081 2790 1226 2836 eft-amus,
1247 2785 1337 2831 actor
1361 2796 1417 2817 reo
1441 2795 1506 2818 non
1540 2786 1656 2818 remisit
1690 2786 1848 2818 attionem
1872 2787 1966 2818 suam.

1083 2831 1288 2879 nihilominus
1312 2835 1356 2859 ait
1381 2826 1556 2873 UlpianuS,
1587 2828 1727 2860 actorem
1763 2828 1883 2860 debere
1909 2827 1964 2860 sibi

1082 2880 1239 2919 imputare
1255 2870 1343 2911 quod
1356 2869 1643 2902 remittentisimilis
1662 2869 1807 2901 habetur.
1825 2867 1966 2901 intendit

1085 2915 1256 2951 Videlicet,
1275 2912 1448 2943 Praetorem
1460 2911 1869 2946 temeritatinilindulizere.
1888 2919 1968 2941 cori·

1086 2963 1132 2988 tra
1150 2955 1252 2992 velle,
1275 2951 1473 2999 considerate
1490 2953 1557 2994 agi:
1582 2960 1679 2993 atque
1702 2960 1736 2983 ut
1754 2943 1841 2984 affor
1859 2948 1964 2988 potest

1087 3007 1145 3029 reo
1170 2994 1298 3042 deferre
1320 2994 1557 3034 jusjurandum3
1587 2993 1629 3025 fic
1657 3002 1746 3026 reum
1770 2992 1899 3024 viciffim
1924 2993 1965 3022 ab

1085 3048 1127 3071 eo
1144 3046 1274 3079 exigere
1292 3034 1395 3075 posse,
1423 3044 1458 3067 ut
1474 3035 1561 3076 prius
1575 3035 1659 3076 juret
1677 3035 1716 3067 de
1733 3033 1905 3065 calumnia:
1920 3032 1966 3063 id-

1088 3090 1151 3126 que
1169 3079 1245 3125 scir-e
1262 3077 1404 3109 actorem
1423 3085 1587 3118 oportere.
1612 3076 1768 3118 proinde,
1793 3074 1811 3105 si
1836 3083 1893 3105 reo
1910 3073 1965 3105 de·

1088 3122 1160 3153 tulit
1173 3120 1407 3165 jusjurandum,
1424 3119 1515 3159 isque
1533 3118 1598 3150 hoc
1615 3116 1767 3156 suscepit,
1782 3113 1898 3146 deinde
1916 3123 1968 3146 ac-

1089 3173 1140 3194 tor
1158 3163 1240 3194 nolit
1258 3163 1298 3192 de
1313 3160 1470 3192 calumnia
1487 3160 1606 3200 jurare:
1623 3166 1687 3190 non
1705 3156 1802 3188 licere
1819 3157 1847 3187 ei
1865 3163 1967 3188 retro-

1086 3203 1186 3245 gredi.
1202 3203 1302 3245 magis
1320 3202 1418 3243 igitur
1435 3209 1526 3243 putat
1545 3199 1719 3241 Ulpianus,
1741 3205 1816 3231 eum
1832 3206 1898 3231 non
1915 3198 1970 3270 {iei-
