2036 3495
330 206 1030 284 GERARDI

670 323 976 392 Jurisconsulti
1013 324 1063 373 &
1100 325 1437 386 Antecefforis‚

155 434 1949 640 USUFREUCTU‘

502 709 869 772 LIBER
942 708 1598 771 SECUNDUS.

909 822 1121 858 CAPUT
1171 822 1197 856 I.

430 924 480 960 De
497 923 592 959 modis
607 921 832 970 usumfrublmn
851 919 1052 969 constituendi
1066 920 1150 967 Jure
1169 921 1282 956 Civili.-
1309 918 1351 960 &'
1363 923 1501 968 primum
1518 922 1553 957 de
1572 922 1684 969 legato.

152 1040 234 1080 ἃς(
245 1041 527 1082 {l'gstssuperiore
544 1040 627 1072 libro
643 1039 778 1075 tradidi,
803 1037 880 1078 quid
897 1037 934 1069 sit
951 1036 1032 1070 usus-

150 1085 190 1123 Μ
327 1086 367 1123 ,Μ
389 1082 531 1121 fruetus,
556 1082 586 1112 δι
606 1082 683 1122 quid
709 1080 744 1112 fit
760 1078 834 1120 juris
856 1077 1032 1111 fructuario

148 1126 191 1168 ἓξὲξ
326 1127 366 1168 gg<-
389 1125 420 1156 in
443 1134 478 1156 re
501 1123 682 1155 fructuaria.
725 1120 880 1161 sequente
910 1121 1031 1153 tradam

149 1172 188 1209 μ(
329 1171 367 1211 23
390 1167 507 1198 modos
532 1165 645 1204 quibus
672 1162 883 1195 constituatur
901 1162 930 1193 ἃ
945 1161 1032 1193 finia-

149 1211 232 1252 δὶς
241 1211 368 1252 313253
391 1216 441 1239 tur
459 1206 661 1238 ususfructus.
680 1214 741 1236 nec
755 1204 854 1236 filebo
871 1204 1031 1242 remedia,

390 1250 430 1280 ad
456 1249 611 1280 tuendum
629 1256 702 1278 eum
720 1245 922 1287 pertinentia.
947 1245 1031 1276 initi-

148 1298 203 1321 um
219 1287 335 1321 faciam
360 1299 377 1321 a
395 1291 499 1323 modis
517 1290 630 1330 quibus
657 1287 850 1319 ususfructus
866 1286 1027 1318 constitui-

147 1338 210 1363 tur.
236 1332 314 1363 tales
332 1330 463 1363 fuerunt
476 1332 546 1372 jure
561 1329 792 1362 Pandectarum
806 1329 892 1359 duo:
917 1328 1028 1359 volun-

147 1380 194 1404 tas
219 1373 340 1405 domini
364 1372 591 1414 proprietatis,
616 1371 646 1403 ὅ(
671 1370 791 1410 Judicis
815 1369 972 1414 sententia
995 1369 1028 1401 in

144 1413 277 1454 iudicioi
289 1414 418 1447 familiae
446 1413 639 1446 erciscundae
655 1412 685 1443 &
702 1411 864 1443 communi
882 1410 1026 1442 dividun-

145 1456 202 1490 do.
231 1455 341 1496 postea
366 1456 479 1487 tertius
503 1454 630 1486 acceffit
656 1453 769 1484 modus
787 1475 797 1491 ‚
822 1452 884 1482 lex.
909 1451 1024 1483 Primae

144 1504 251 1537 partes
278 1504 371 1528 erunt
396 1496 570 1527 voluntatis
586 1494 727 1526 dominix
752 1494 806 1534 qui
836 1500 870 1524 ut
895 1491 941 1524 est
965 1491 1025 1524 suae

144 1538 191 1570 rei
214 1538 351 1576 arbiter;
375 1539 419 1569 ita
443 1537 519 1576 quid
536 1546 587 1574 ni,
609 1535 632 1567 fi
649 1535 747 1574 velit,
768 1532 944 1566 constituat
965 1533 1024 1565 suae

145 1580 190 1611 rei
207 1577 461 1610 usumfructum?
483 1577 649 1611 constituit
665 1584 772 1608 autem
791 1576 877 1607 hunc
899 1573 952 1608 sua
968 1585 1025 1607 vo-

141 1620 264 1653 luntate
291 1621 417 1655 duobus
442 1619 564 1652 modis:
589 1619 621 1651 id
646 1618 692 1650 est
710 1641 720 1657 ‚
743 1618 795 1649 vel
820 1618 948 1658 legato,
972 1618 1025 1650 vel

142 1661 348 1735 &actionibus
365 1664 396 1694 &
416 1661 674 1702 stipulationibus
696 1659 717 1691 l.
734 1669 765 1700 3.
784 1658 817 1691 D
851 1660 884 1689 de
906 1658 1026 1699 usufrw

175 1713 203 1735 u.
228 1704 365 1744 primum
384 1704 490 1745 legato
508 1704 526 1735 l.
545 1707 575 1735 6.
595 1699 636 1733 D.
656 1703 714 1733 eod.
732 1701 779 1732 tit.
805 1710 872 1742 quo
890 1700 1025 1733 ususfru-

143 1745 212 1777 erus
226 1755 243 1776 a
261 1746 461 1786 proprietate
479 1744 650 1785 separetur.
674 1743 772 1782 idque
790 1741 935 1783 pluribus
952 1751 1021 1774 mo-

142 1787 190 1818 dis
209 1788 418 1829 contingere,
446 1787 489 1818 ait
507 1785 697 1827 Justinianus
711 1785 741 1857 ἓ.
766 1793 791 1815 1.
808 1782 881 1824 Inst.
899 1785 958 1815 eod.
977 1786 1024 1816 tit.

142 1838 223 1861 unus
249 1828 313 1868 est,
336 1829 357 1861 fi
381 1830 505 1871 legatus
523 1827 623 1859 fuerit
641 1825 709 1857 usus
727 1826 852 1864 ructus,
875 1824 918 1856 lic
939 1826 1025 1857 enim

139 1870 195 1909 fit,
220 1878 254 1902 ut
273 1870 366 1902 heres
385 1872 502 1902 nudam
521 1869 638 1901 habeat
660 1869 914 1908 proprietatem,
938 1867 1023 1908 lega-

141 1913 239 1944 tarius
259 1911 498 1944 usumfructum.
529 1913 609 1943 alter
633 1910 747 1941 modus
763 1908 828 1947 est,
850 1908 871 1940 fi
891 1908 1023 1941 testator

140 1953 277 1986 fundum
297 1954 471 1995 legaverit,
494 1952 632 1985 deducto
657 1950 836 1982 usufruCtu:
861 1959 926 1991 quo
950 1949 1022 1982 casu

142 1995 241 2026 habet
265 1996 434 2037 legatarius
461 1996 578 2027 nudam
605 1993 855 2038 proprie-tatem,
879 1991 973 2022 heres
989 2001 1022 2023 u-

141 2036 359 2069 suinfruffilum.
386 2039 498 2068 tertius
514 2035 628 2067 modus
645 2032 740 2072 est,si
757 2032 889 2066 testator
908 2033 960 2064 uni
977 2033 1020 2064 le-

141 2086 197 2118 get
214 2078 441 2111 usumfructum
453 2102 461 2117 ,
477 2079 527 2109 alii
545 2077 681 2109 fundum
695 2074 834 2106 deducto
850 2073 1022 2105 usufructu.

140 2127 215 2151 nam
238 2119 258 2151 si
281 2121 332 2151 alii
356 2121 443 2161 leget
461 2119 597 2151 fundum
609 2142 618 2157 ‚
634 2117 684 2149 alii
700 2115 929 2147 usumfructum
947 2115 1024 2155 ejus-

142 2162 218 2192 dem
236 2160 346 2193 fundi:
369 2163 412 2193 ait
430 2160 652 2198 Modestinus,
675 2158 697 2190 fi
721 2167 762 2189 eo
782 2156 863 2188 fecit
880 2155 1023 2197 proposi-

142 2210 198 2241 to,
224 2210 258 2232 ut
274 2203 353 2235 alter
370 2203 486 2234 nudam
503 2202 637 2233 haberet
655 2199 909 2241 proprietatem,
933 2208 1022 2229 erro-

141 2253 177 2274 re
196 2244 269 2275 labi.
303 2252 458 2282 oportere
479 2244 564 2275 enim
583 2252 656 2274 eum
674 2241 907 2281 proprietatem
923 2240 1022 2271 dedu-

143 2285 196 2316 ἃο
214 2284 377 2317 usufructu
402 2285 525 2325 legare,
549 2285 614 2316 hoc
634 2285 751 2314 modo:
775 2281 869 2313 Titio
884 2281 1022 2313 fundum

141 2326 287 2358 detracto
313 2325 474 2358 usufruttu
501 2326 593 2367 lego:
617 2325 691 2365 Sejo
717 2323 860 2364 eiusdem
876 2322 969 2354 fundi
987 2332 1020 2354 u·

142 2367 348 2400 sumfrueium
360 2368 447 2401 date.
469 2369 558 2408 quod
569 2366 624 2399 nisi
639 2365 775 2397 fecerit:
793 2364 1022 2396 usumfructum

141 2410 230 2441 interv
245 2419 301 2441 eos
321 2410 574 2441 communicari}
598 2408 686 2448 quod
704 2407 866 2438 interdum
882 2406 952 2446 plus
968 2416 1022 2437 va-

143 2451 190 2482 let
216 2450 388 2491 scriptura,
414 2460 509 2493 quam
533 2450 696 2491 perustum
715 2448 751 2481 fit
773 2448 793 2480 l.
815 2457 860 2484 19.
878 2447 920 2479 D.
941 2449 975 2479 de
990 2458 1022 2479 u-

131 2493 194 2531 su,
218 2492 255 2526 ὃ
272 2492 430 2532 usufruRu
452 2494 554 2533 legato.
603 2492 721 2523 Praeter
749 2488 926 2530 superiores
954 2499 1021 2521 mo-

142 2535 222 2571 dos,
246 2535 387 2568 occurrit
405 2535 510 2567 adhuc
526 2535 602 2565 alius
619 2533 753 2570 modus,
778 2532 862 2562 idem
875 2554 885 2570 ‚
909 2538 944 2562 ut
966 2532 1022 2563 mi-

142 2575 175 2606 hi
191 2575 334 2612 videtur,
359 2577 508 2608 inventus
523 2576 697 2607 subtilitate
713 2574 743 2605 &
758 2573 923 2613 diligentia
944 2572 1020 2604 Pro-

142 2617 224 2652 culi,
243 2617 274 2647 in
295 2616 345 2647 his
364 2616 534 2658 Pomponii
555 2616 661 2648 verbis
677 2625 717 2647 ex
735 2615 753 2645 l.
776 2624 823 2651 19.
846 2614 885 2645 D.
903 2616 936 2644 de
954 2618 1020 2654 usu-

133 2657 255 2698 fructu.
282 2658 424 2688 Proculus
438 2665 544 2698 putat,
568 2658 693 2699 insulam
707 2656 780 2698 poffe
796 2658 838 2686 im
853 2656 960 2696 legari,
986 2661 1021 2686 zac

141 2701 167 2730 ei
188 2699 314 2736 servitus
340 2700 520 2739 imponatur,
544 2710 606 2741 quoe
621 2699 705 2731 alteri
720 2698 819 2733 »Μυίας
845 2697 1022 2729 hereditariae

141 2741 297 2778 debeatur,
313 2740 362 2770 hoc
379 2742 474 2771 modo.-
492 2742 524 2771 δι’
538 2742 584 2772 ille
595 2742 688 2772 heredi
703 2749 761 2771 meo
774 2739 956 2780 promiserit,
990 2748 1021 2768 er

131 2783 167 2824 fi
182 2782 317 2821 nonfore
328 2805 336 2816 ,
352 2791 406 2822 quo
424 2781 513 2812 altius
529 2792 560 2812 ea
570 2781 692 2820 aedificia
709 2781 850 2812 tollantur
862 2804 870 2820 ,
882 2788 945 2811 tum
978 2780 1018 2822 ei]

139 2834 238 2855 eorum
259 2822 444 2862 (edificiorum
463 2823 679 2862 ufirmfrublum
694 2825 728 2854 clo
743 2823 814 2864 lego,
845 2822 892 2853 vel
901 2820 963 2860 fic:
986 2832 1019 2852 α-

140 2868 222 2897 (lium
237 2865 375 2902 illarum,
397 2865 490 2904 quoad
507 2864 595 2894 atrius
607 2887 615 2901 ,
654 2874 720 2895 uam
736 2863 814 2905 [uti]
831 2873 911 2894 nunc
925 2864 1016 2902 siim,

139 2906 288 2947 aerliflcmae
305 2915 363 2936 non
377 2911 461 2935 erunt
473 2928 482 2943 ‚
493 2904 536 2934 illi
550 2875 762 2944 usunffruerum
778 2907 812 2936 do
831 2905 901 2945 lego.
935 2904 1014 2936 Coi·-

139 2958 269 2988 ruptum
295 2947 357 2978 effe
383 2946 467 2977 hunc
486 2945 658 2984 Pomponii
675 2947 801 2985 locum,
827 2946 857 2977 ὅ(
873 2955 968 2983 egere
984 2955 1017 2977 e-

139 2989 378 3026 mendationis,
402 2987 537 3019 credidit
556 2986 714 3017 Antonius
730 2987 850 3026 Faber,
875 2987 1016 3018 Rationa-

139 3032 187 3063 lib.
227 3031 288 3062 Sed
309 3030 386 3062 mihi
405 3038 468 3060 non
487 3027 651 3069 persuadet
671 3026 727 3058 Vir
745 3028 797 3058 ille
814 3028 1016 3068 ingeniosiffi-

138 3083 209 3105 mus
233 3082 288 3105 aut
315 3071 474 3111 scripturae
503 3070 633 3106 vitium,
657 3074 711 3098 aut
734 3068 815 3099 suam
841 3069 1015 3101 correctio-

139 3124 225 3146 nem.
265 3122 456 3154 quamquam
490 3110 658 3142 obscurum
692 3107 946 3154 effe-Pomponii
971 3113 1015 3142 lo-

137 3165 212 3187 cum
228 3178 237 3192 ,
271 3165 334 3186 non
360 3154 497 3185 inficior.
529 3151 586 3183 fiet
605 3151 736 3182 clarior:
761 3150 1015 3190 intelligentibus

138 3196 269 3229 Proculi
286 3195 494 3236 propositum.
519 3193 607 3234 quod
618 3191 662 3224 est
680 3192 837 3229 indicare,
862 3194 1015 3229 quemad-

139 3240 272 3273 modum
294 3235 391 3270 insula
411 3235 503 3277 poffit
519 3236 562 3268 ita
584 3234 700 3277 legari:
725 3241 759 3267 ut
776 3234 805 3267 ei
830 3232 1018 3273 imponatur

1160 207 1766 284 NOODT‚

1074 1036 1209 1069 servitus
1218 1037 1415 1078 adquirenda
1433 1039 1524 1070 alteri
1536 1037 1861 1071 insulaehereditariae.
1885 1045 1949 1072 non

1074 1089 1157 1119 opus
1180 1079 1308 1119 probari
1328 1079 1455 1111 Proculi
1483 1079 1698 1121 propofitum.
1728 1081 1760 1112 id
1786 1079 1950 1121 perspicue

1075 1121 1265 1162 intelligitur
1281 1120 1374 1162 ipsius
1391 1121 1563 1163 Pomponii
1581 1122 1698 1154 verbis.
1713 1122 1811 1162 igitur
1828 1130 1861 1153 ut
1874 1131 1949 1161 pos-

1074 1161 1112 1193 fit
1128 1162 1294 1208 legatarius
1312 1163 1385 1204 cogi
1397 1164 1435 1195 ad
1452 1164 1639 1196 tradendam
1657 1163 1765 1195 heredi
1778 1163 1950 1205 legatarum

1075 1204 1191 1235 aedium
1206 1203 1410 1235 servitutem:
1427 1204 1471 1236 ait
1482 1204 1700 1244 Pomponius,
1717 1205 1889 1237 Proculum
1905 1206 1951 1237 in-

1074 1244 1194 1276 veniss'e
1208 1246 1287 1288 *duas
1302 1244 1467 1278 formulas.
1507 1246 1597 1278 Prior
1614 1246 1773 1285 ostendit,
1798 1247 1887 1286 quod
1902 1247 1950 1278 di·

1073 1286 1129 1324 xi,
1153 1285 1248 1318 faeile
1273 1287 1454 1326 impetrari:
1476 1286 1498 1319 fi
1519 1287 1650 1319 testator
1666 1288 1818 1329 legatario
1841 1287 1948 1319 insuiae

1071 1336 1165 1368 quam
1182 1330 1209 1358 ei
1229 1328 1331 1368 legat,
1349 1328 1379 1360 δε
1395 1329 1464 1360 vult
1480 1328 1596 1361 servire
1610 1328 1714 1360 insuiae
1733 1329 1947 1368 hereditariae,

1069 1368 1296 1401 usumfructum
1313 1370 1399 1410 leget
1410 1369 1465 1402 sub
1482 1371 1672 1402 conditione
1683 1369 1863 1411 praestandae
1879 1379 1952 1402 cau-

1071 1410 1167 1441 tionis
1184 1419 1240 1450 per
1260 1419 1352 1451 quam
1372 1410 1503 1443 servitus
1520 1412 1611 1443 alteri
1627 1411 1731 1443 insulae
1751 1411 1948 1444 hereditariae

1069 1450 1289 1483 constituatur.
1310 1451 1340 1483 &
1354 1452 1459 1484 recle:
1475 1452 1516 1484 iic
1531 1454 1616 1485 enim
1635 1454 1789 1494 legatario
1804 1454 1950 1493 proprie·

1070 1500 1116 1524 tas
1134 1493 1255 1534 legatur
1272 1502 1368 1533 pure;
1389 1493 1582 1527 ususfructus
1598 1494 1653 1526 sub
1663 1495 1863 1526 conditione.
1887 1503 1948 1526 nec

1068 1534 1196 1566 interim
1215 1535 1373 1575 permittit
1391 1534 1543 1574 testator,
1559 1536 1744 1578 legatarium
1763 1535 1883 1566 habere
1899 1536 1947 1569 in-

1068 1575 1140 1608 sulae
1159 1575 1369 1617 potestatem,
1385 1585 1459 1608 ante
1469 1586 1563 1618 quarn
1582 1577 1691 1609 heredi
1709 1577 1875 1609 tradiderit
1887 1575 1948 1609 ser·

1069 1620 1217 1650 vitutem.
1241 1627 1312 1650 nam
1329 1619 1474 1651 remedio
1490 1620 1648 1651 cautionis
1662 1619 1769 1651 induci
1787 1618 1872 1660 quafi
1890 1625 1950 1651 tra·

1070 1659 1228 1692 ditionem
1245 1658 1404 1692 servitutis
1421 1683 1430 1699 ‚
1462 1658 1619 1701 sequente
1645 1659 1811 1692 ostendam
1833 1660 1951 1701 capite.

1069 1700 1176 1732 donec
1199 1701 1295 1743 igitur
1311 1701 1363 1733 illa
1385 1701 1552 1743 praestetur
1576 1703 1704 1740 cautio;
1726 1702 1786 1734 erit
1809 1700 1947 1734 ususfru-

1070 1742 1137 1775 ctus
1156 1743 1240 1783 apud
1256 1742 1411 1775 heredem
1428 1752 1443 1774 a
1459 1745 1658 1785 proprietate
1682 1742 1850 1784 separatus.
1895 1743 1948 1776 Al-

1069 1791 1136 1815 tera
1151 1783 1292 1816 formula
1308 1783 1436 1823 suadet,
1456 1784 1686 1817 usumfructum
1702 1784 1754 1816 ins
1754 1785 1810 1816 ulae
1829 1785 1946 1827 legata-

1068 1826 1118 1857 rio
1129 1835 1146 1857 ει
1157 1825 1308 1858 testatore
1319 1826 1415 1867 legari
1425 1826 1465 1858 ad
1481 1836 1601 1859 certam
1613 1827 1845 1859 conditionem.
1864 1835 1949 1858 nem-

1067 1875 1108 1907 pe
1131 1875 1188 1906 ut,
1211 1867 1233 1899 si
1258 1868 1426 1909 legatarius
1454 1877 1518 1900 non
1543 1869 1699 1910 patiatur,
1727 1868 1878 1900 heredem
1903 1868 1948 1899 uti

1072 1908 1246 1941 servitute:
1270 1910 1309 1940 ad
1332 1909 1486 1942 heredem
1504 1911 1613 1942 redeat
1630 1909 1842 1948 ususfruElus‘,
1866 1910 1951 1940 nuda

1066 1951 1266 1991 proprietate
1283 1952 1366 1992 apud
1388 1952 1576 1992 legatarium
1597 1959 1793 1983 remanente.
1837 1951 1945 1991 Atque

1067 1991 1133 2023 hoc
1149 1993 1305 2023 convenit
1318 1992 1429 2023 formae
1446 1992 1639 2024 ususfrustus
1656 2002 1696 2024 ex
1713 1993 1829 2032 regulis
1843 1991 1945 2031 Juris;

1066 2038 1102 2064 ut
1126 2042 1257 2073 apparet
1280 2043 1322 2065 ex
1346 2034 1366 2065 i.
1383 2043 1414 2071 4.
1434 2034 1476 2065 D.
1499 2035 1531 2064 de
1554 2033 1733 2073 usufruelu:
1751 2033 1806 2065 etsi
1822 2034 1852 2064 in
1871 2037 1946 2072 pro&

1068 2074 1205 2114 prietate
1230 2075 1331 2116 legata
1357 2085 1422 2106 non
1445 2077 1587 2114 potuerit
1614 2074 1682 2106 fieri
1707 2083 1780 2105 ante
1795 2075 1815 2105 i.
1834 2074 1887 2105 ult.
1907 2074 1940 2104 C.

1067 2116 1100 2146 de
1116 2116 1236 2157 legarz's:
1254 2120 1328 2156 quia
1344 2125 1417 2147 ante
1434 2125 1503 2148 eam
1524 2125 1588 2149 non
1606 2124 1735 2157 poterat
1752 2116 1849 2157 legari
1866 2123 1945 2147 tern-

1067 2158 1183 2197 poralis
1207 2158 1398 2197 proprietas.

1109 2197 1218 2230 Potest
1243 2199 1339 2240 igitur
1360 2197 1553 2230 ususfructus
1580 2198 1729 2230 constitui
1752 2196 1859 2239 legato
1878 2208 1886 2229 τ
1909 2196 1944 2229 fi-

1064 2245 1105 2271 ve
1130 2239 1186 2271 fiat
1209 2249 1266 2281 per
1283 2241 1540 2280 damnationem,
1563 2249 1617 2279 ut,
1643 2239 1784 2272 Damnas
1807 2238 1875 2271 esto
1891 2239 1947 2270 he·

1064 2291 1113 2314 res
1131 2282 1176 2313 illi
1201 2283 1276 2313 dare
1301 2280 1530 2313 usumfructum
1547 2282 1660 2319 fundi3
1683 2281 1753 2320 vel,
1778 2280 1943 2313 Heredem

1065 2332 1172 2355 meum
1198 2323 1272 2355 dare
1294 2323 1413 2364 jubeo:
1437 2323 1502 2355 five
1526 2333 1581 2362 per
1605 2323 1856 2354 vindicationem
1874 2345 1883 2361 ,
1907 2324 1942 2353 ut

1065 2365 1131 2396 hoc
1153 2366 1252 2396 modo
1269 2388 1279 2403 ‚
1304 2363 1359 2396 Do
1383 2365 1458 2405 lego
1481 2364 1710 2396 usumfructum
1733 2362 1846 2402 fundi;
1869 2364 1940 2402 vel,

1066 2407 1194 2447 capito,
1219 2405 1354 2445 sumito,
1372 2407 1496 2447 tibique
1513 2406 1643 2437 habeto.
1669 2406 1817 2437 meminit
1834 2406 1941 2437 harum

1065 2447 1274 2479 formularum
1299 2446 1475 2488 Ulpianus,
1501 2450 1532 2478 z'n
1547 2444 1662 2488 Fragm.
1679 2449 1725 2478 tit.
1745 2457 1791 2483 24.
1811 2446 1840 2488 §.
1857 2457 1885 2488 3.
1905 2445 1940 2481 ἐξ

1063 2499 1091 2529 4.
1118 2489 1173 2521 Est
1189 2499 1269 2520 vero
1285 2489 1357 2529 jure
1369 2498 1480 2520 vetere
1495 2489 1604 2530 (novo
1622 2490 1707 2520 enim
1724 2488 1843 2521 sublata
1862 2497 1878 2519 a
1894 2488 1944 2528 Ju—

1063 2531 1199 2562 stiniano
1216 2530 1322 2562 estea
1349 2530 1502 2562 subtilitas
1521 2530 1549 2572 ὃ.
1571 2541 1599 2562 2.
1620 2528 1692 2571 Irrft.
1710 2532 1741 2560 (le
1758 2531 1882 2570 legatis,
1905 2525 1941 2564 ὃ*

1063 2573 1083 2604 l.
1104 2582 1130 2604 1.
1150 2573 1182 2603 C.
1201 2572 1371 2603 Communia
1387 2574 1421 2603 de
1435 2573 1557 2613 legam)
1586 2571 1749 2603 manifesta
1776 2572 1940 2611 utriusque

1064 2614 1210 2645 formulae
1229 2613 1418 2646 differentia.
1443 2613 1546 2644 namsi
1563 2623 1618 2653 per
1634 2614 1884 2645 vindicationem
1902 2612 1942 2643 le-

1063 2664 1158 2697 getur
1175 2654 1390 2693 ususfrutius,
1414 2654 1481 2695 ipso
1496 2655 1564 2695 jure
1581 2654 1803 2687 constituitur:
1827 2654 1869 2686 sin
1886 2662 1942 2694 per

1064 2697 1323 2734 damnationem,
1347 2697 1386 2727 ab
1404 2697 1527 2733 herede
1542 2696 1756 2737 praestabitur:
1779 2705 1814 2727 ut
1830 2696 1941 2727 Paulus

1064 2740 1127 2778 ait,
1143 2739 1190 2769 lib.
1209 2749 1237 2779 3.
1256 2738 1383 2769 Sentent.
1404 2739 1449 2768 tit.
1467 2742 1494 2769 6.
1538 2762 1543 2768 .
1567 2747 1612 2778 17.
1634 2738 1760 2769 videtui·
1774 2747 1870 2777 porro
1886 2745 1942 2776 pet

1064 2779 1216 2812 heredem
1228 2779 1366 2822 praestari
1378 2778 1520 2811 ususfruc
1537 2789 1588 2811 us:
1606 2779 1625 2810 si
1642 2780 1822 2820 legatarium
1835 2779 1863 2809 in
1875 2778 1944 2808 fun·

1048 2823 1140 2854 ‘dum
1166 2822 1345 2858 induxerit,
1370 2830 1487 2852 eumve
1511 2822 1554 2851 uti
1578 2820 1641 2851 frui
1662 2822 1796 2861 patiatur
1811 2820 1833 2866 l.
1849 2829 1877 2860 3.
1897 2817 1940 2849 D.

1061 2865 1095 2894 de
1119 2862 1287 2902 usufrutlu.
1316 2863 1404 2901 quod
1429 2861 1449 2893 fi
1476 2872 1539 2893 non
1565 2861 1682 2894 faciat:
1708 2863 1857 2902 legatario
1875 2859 1941 2899 qui-

1061 2905 1134 2936 dem
1151 2905 1189 2935 ad
1210 2902 1418 2944 praestandum
1445 2903 1673 2935 usumfructum
1700 2911 1825 2935 tenetur
1842 2902 1937 2945 aelio-

1060 2955 1101 2977 ne
1118 2955 1158 2976 ex
1176 2945 1388 2980 testamentO.
1412 2944 1495 2984 quasi
1514 2954 1554 2976 cx
1575 2945 1741 2976 contractu
1764 2951 1835 2974 nata
1859 2941 1939 2985 obli·

1060 2988 1191 3029 gatione
1207 2987 1225 3016 l.
1244 2997 1271 3018 2.
1291 2986 1334 3018 D.
1360 2987 1394 3016 Si
1413 2985 1600 3024 ufusfrufilus
1614 2992 1743 3027 petetur:
1765 2990 1796 3014 at
1812 2983 1937 3028 interim

1060 3027 1251 3060 confefforia
1269 3029 1299 3059 in
1322 3037 1387 3059 rem
1405 3028 1489 3058 astio
1504 3028 1531 3058 ei
1553 3038 1617 3058 non
1634 3027 1766 3058 dabitur.
1793 3024 1882 3053 aliter
1898 3030 1937 3051 ae

1058 3069 1079 3102 fi
1097 3069 1291 3101 ususfructus
1309 3079 1365 3109 per
1391 3069 1643 3100 vindicationem
1659 3067 1696 3098 fit
1711 3067 1838 3104 legatus.
1867 3070 1935 3093 tum

1061 3112 1144 3142 enim
1171 3111 1240 3151 ipso
1265 3112 1334 3151 jure
1361 3110 1576 3148 constitutus,
1600 3110 1694 3140 etiam
1722 3103 1854 3149 potesta
1871 3103 1937 3134 fru-

1063 3152 1183 3184 &uario
1205 3152 1370 3183 vindicari.
1402 3152 1510 3191 itaque
1532 3149 1730 3190 accipiendus
1754 3145 1891 3190 Julianus
1915 3144 1935 3175 l.

1062 3203 1111 3226 10.
1132 3193 1175 3225 D.
1197 3195 1230 3224 de
1252 3200 1308 3227 usn
1329 3192 1364 3225 &³
1388 3191 1545 3231 usufrublu
1564 3191 1674 3232 legato,
1697 3187 1726 3219 &
1744 3184 1935 3227 Ulpianum.

1059 3244 1110 3273 34.
1132 3235 1161 3276 §.
1182 3244 1229 3274 14.
1248 3234 1290 3265 D.
1309 3236 1340 3265 de
1358 3234 1458 3274 legatis
1472 3233 1519 3264 lib.
1541 3241 1566 3263 i.
1848 3266 1917 3297 Cm

1879 3276 1895 3297 c
1913 3281 1930 3295 .-
