2036 3495
129 99 197 141 Sffl

131 186 162 217 δέ
177 184 351 217 festinantia
368 184 397 213 in
425 180 481 212 ista
497 180 572 211 vitae
586 178 746 210 brevitate
762 176 862 208 studia
879 177 1010 208 videan.

135 236 197 258 tur.
220 226 368 262 Scilicet,
384 222 465 253 fallit
480 219 538 251 v'os
554 219 744 259 ambiguitas
760 218 921 249 vocabuli.
938 224 1009 257 quae

133 267 296 299 festinatio
319 264 454 301 dicitur,
477 270 567 293 mora
584 259 647 292 est:
671 259 701 290 δε
720 259 806 299 quod
823 259 1010 299 compendi-

133 319 186 340 um
200 314 350 342 vocatur,
366 302 527 343 sapientiae
545 305 695 333 damnum
713 300 767 332 est.
785 301 882 331 vitam
901 308 1010 332 autem

132 349 277 390 plerique
295 355 359 377 non
377 344 545 376 inveniunt
569 343 720 380 brevem,
746 341 797 373 sed
814 341 956 381 faciunt3
980 341 1010 372 δῖ.

134 389 299 421 hominum
322 386 434 417 vitium
452 383 585 417 Naturae
609 385 777 424 imputant.
809 383 897 424 quod
919 383 939 414 fi
963 383 1011 414 liis

133 430 209 463 esset
230 436 353 459 tantum
370 428 464 458 bonae
480 428 597 458 mentis
614 425 769 464 studium,
792 432 944 465 quantum
961 424 1011 455 sae-

136 482 177 511 pe
194 477 344 501 vanarum
361 477 466 500 rerum
481 468 512 499 &
534 467 722 499 noxiarum:
747 465 896 507 profesto
915 466 1012 497 vitam

133 515 216 544 bene
232 511 424 542 collocatam
436 533 444 548 ,
465 509 527 540 effe
543 509 695 540 sentirent
713 508 860 548 longam,
881 507 911 539 &
929 508 1013 539 Artis

134 552 326 595 perfectioni
342 550 504 583 sufficere:
520 559 580 582 nec
597 549 850 590 proclamarent,
867 548 896 579 se
908 558 1012 580 rerum

134 593 340 627 multitudine
357 602 395 625 ac
411 591 600 625 difficultate
616 591 770 626 detineri,
790 599 843 621 aut
861 590 1012 630 opprimi.

135 638 220 672 nunc
243 635 371 676 corpori
396 633 600 674 indulgentes
616 656 625 671 ,
657 632 751 663 animi
775 632 898 663 cultum
915 631 1012 672 negli-

135 684 234 719 gunt,
258 676 288 708 &
305 686 374 715 quae
394 675 552 717 sapientiae
570 672 823 714 circumscriptio
840 672 904 711 est,
927 672 1011 704 festi-

134 720 300 751 nationem
315 718 495 758 indigitant.
519 724 679 754 tamquam
696 722 862 755 apparatus
877 715 962 746 idem
977 713 1014 746 fit

134 760 422 797 consummationi,
442 759 471 789 ὅ(
488 759 650 789 maturitas
666 757 823 788 cruditate
839 756 1014 788 censeatur.

135 810 166 833 at
184 800 411 833 confundimus
429 809 534 831 rerum
552 798 718 830 v'ocabula.
745 799 797 839 qui
815 797 924 835 discit,
949 799 1010 836 pri-

134 853 187 875 ma
205 843 321 874 ducere
345 851 519 882 corporum
543 841 733 872 lineamenta
754 840 822 871 rudi
840 839 1010 880 penicillo',

135 894 201 916 non
221 884 398 924 appellatur
424 883 544 923 pictor:
568 891 629 914 nec
653 881 749 922 magis
764 882 880 921 primas
897 881 1012 912 intelli-

135 935 213 968 gens
236 926 364 964 literas,
388 924 554 956 absolvisse
580 924 733 955 doetrinae
752 923 864 954 orbem
884 923 1010 954 dicitur.

136 971 166 999 ἃ
183 967 354 1005 audemus,
373 965 637 1006 jurisconsultum
650 965 757 1004 primis
775 964 855 1004 juris
873 966 1012 996 elemen-

137 1010 176 1040 tis
199 1008 377 1040 aestimare?
401 1006 485 1045 scio,
509 1006 679 1039 necessaria
700 1005 763 1038 esse
781 1007 819 1037 ad
835 1007 893 1037 alia
913 1007 1011 1036 ituris.

131 1059 167 1082 at
190 1059 251 1081 nec
275 1050 374 1082 literis
397 1059 506 1081 carere
530 1048 702 1088 possumus.
727 1055 761 1079 ut
778 1056 883 1079 tamen
902 1047 1013 1078 harum

136 1093 259 1133 peritiae
282 1101 346 1123 non
371 1090 546 1132 adquiescit
570 1089 751 1130 sapientiam
777 1089 945 1121 affeerans:
969 1090 1011 1119 ita

134 1134 255 1172 nolim,
279 1132 360 1173 Juris
378 1131 542 1164 Studiosus
559 1132 623 1172 ejus
642 1129 894 1162 Institutionibus
911 1138 962 1161 aut
979 1129 1012 1162 s1·

134 1175 264 1207 milibus
283 1175 367 1205 Artis
384 1173 587 1214 compendiis
604 1172 676 1204 satis
694 1172 723 1203 se
735 1171 915 1204 instructum
934 1172 1013 1203 arbi-

137 1223 248 1247 tretur.
271 1216 367 1256 plane
391 1216 475 1256 legat
502 1215 532 1245 &
557 1214 673 1245 habeat
695 1214 763 1246 illa:
792 1214 831 1245 ad
850 1223 919 1254 quae
937 1222 1013 1245 tarn-

135 1266 228 1298 quam
247 1258 285 1288 ad
305 1257 404 1288 fixum
420 1259 449 1288 ot
466 1264 591 1288 certum
609 1255 690 1287 fidus
707 1257 735 1287 in
755 1255 841 1286 vasto
858 1257 932 1287 mari
946 1264 1014 1286 cur-

135 1300 201 1330 sum
213 1306 310 1339 regat.
327 1307 388 1329 nec
402 1306 506 1329 tamen
523 1296 661 1336 desinat,
677 1296 793 1337 spirare
809 1297 919 1328 altius:
937 1297 1012 1337 quin

136 1340 247 1382 politis
264 1339 465 1371 enarratione
482 1338 720 1370 Institutionum
736 1339 835 1369 totius
855 1339 962 1379 operis
979 1338 1013 1369 ii-

136 1391 177 1413 ve
194 1381 330 1420 offibus,
347 1381 412 1412 sive
430 1380 600 1419 membris,
619 1379 690 1420 post
708 1380 826 1411 deinde
842 1379 1012 1410 Pandecta·

135 1432 205 1455 rum
219 1423 248 1454 ὅ(
259 1422 392 1454 Codicis
403 1421 541 1453 lectione
551 1429 641 1461 apta,
660 1421 815 1461 diligente
826 1444 835 1460 ,
847 1429 992 1452 accurata
1003 1444 1013 1460 ‚

135 1472 296 1505 tamquam
316 1462 423 1494 nervis
447 1471 484 1493 ac
500 1462 621 1500 thoris,
645 1461 815 1494 masculum
839 1462 925 1493 illum
942 1471 1014 1502 pru-

138 1507 256 1538 dentiae
281 1505 424 1545 vigorem
446 1502 643 1544 constringat
665 1503 782 1543 pariter
797 1511 894 1544 atque
911 1504 1014 1535 inten-

136 1547 200 1579 dat.
242 1545 304 1577 Sed
318 1545 394 1585 quid
412 1544 618 1582 disfimulem,
638 1545 660 1575 A
677 1544 727 1576 A?
751 1545 823 1585 quia
842 1546 1016 1586 plerosque

135 1587 289 1630 poenituit
303 1585 477 1627 praestantis
493 1584 685 1627 disciplinae:
702 1595 739 1617 ea
754 1595 788 1618 re
804 1586 950 1627 angustiis
970 1588 1016 1618 in-

136 1628 220 1661 clusa
237 1627 553 1668 estJurisprudentia.
572 1636 613 1658 ex
627 1627 740 1668 quibus
756 1628 832 1668 quid
849 1627 921 1668 ipsi,
940 1628 1016 1669 quid

136 1678 188 1702 tot
206 1670 332 1702 eximiis
357 1669 480 1710 legibus
495 1668 650 1710 deinceps
673 1668 815 1701 futurum
839 1669 1013 1701 arbitrami-

134 1712 195 1745 ni?
216 1712 335 1744 utinam
353 1710 495 1743 deessent
513 1711 661 1751 exempla
678 1711 768 1752 liujus
786 1718 848 1742 tam
865 1710 935 1752 iusti
952 1720 1015 1743 me·

135 1753 204 1785 tus!
223 1760 255 1785 at
271 1753 302 1784 in
322 1752 463 1784 omnium
480 1752 626 1784 manibus
642 1759 740 1792 atque
756 1753 857 1785 oculis
875 1751 1016 1784 versatur

134 1794 231 1827 Titus
254 1794 382 1832 Livius,
406 1794 502 1825 etiam
526 1793 616 1825 Dion
640 1793 778 1832 Caffius,
802 1802 938 1835 uterque
959 1794 1016 1825 flo-

134 1836 324 1869 rentiffimus
347 1835 484 1874 aust0r3
507 1834 559 1866 sed
582 1835 666 1866 lacer
683 1858 693 1874 ,
717 1835 768 1867 sed
793 1835 938 1874 hiulcus,
961 1835 1016 1867 sed

135 1886 235 1918 quota
253 1876 296 1909 sui
321 1885 410 1918 parte
435 1883 608 1909 truncatus.
632 1877 708 1917 quid
727 1885 832 1908 autem
856 1877 943 1909 illum
960 1877 1016 1908 iin-

135 1921 251 1951 minuit
275 1927 391 1960 praeter
415 1919 526 1950 Annaei
553 1917 657 1955 Flori,
684 1919 760 1959 quid
786 1919 876 1951 istum
902 1927 1018 1958 praeter

137 1960 297 2001 Xiphilini
309 1960 502 2001 epitomen?
514 1960 577 1999 jam
595 1959 796 2002 flPoiybiurn
808 1984 817 1999 ,
835 1959 1016 2001 fiTrogum

137 2002 345 2043 Pompeium,
361 2001 382 2033 fi
393 2002 492 2040 alios,
509 2011 575 2033 non
591 2001 815 2042 excel-pnlsent
828 2010 882 2032 aut
892 2010 1017 2032 contra-

137 2043 250 2075 xissent
269 2042 396 2075 stuaiofi
419 2043 582 2082 homines,
607 2042 739 2074 fortasse
760 2044 891 2084 integris
913 2051 1015 2074 utere-

137 2094 227 2123 mur3
245 2094 349 2124 neque
366 2085 397 2116 in
412 2085 613 2125 antiquarum
629 2085 1016 2116 rei-ummemoriatantus

138 2126 241 2158 hiatus
251 2133 385 2166 pateret.
399 2136 435 2157 ae
445 2136 485 2158 ne
501 2125 663 2157 historiam
681 2134 803 2157 tantum
820 2127 858 2157 ad
875 2125 1016 2157 testimo-

136 2169 225 2199 nium
236 2176 372 2205 vocem,
390 2168 467 2208 quid
485 2168 704 2208 eloquentiam
727 2168 891 2208 perdidit?
908 2176 1016 2198 nonne

137 2208 400 2249 compendiaria?
425 2218 541 2249 nempe
569 2209 621 2240 ubi
645 2209 823 2241 declamare
846 2217 1017 2249 coeperunt

132 2252 286 2292 juvenes,
310 2258 482 2289 antequam
506 2249 697 2281 invenissent
721 2250 878 2282 vocabula
901 2250 1018 2291 quibus

138 2292 295 2324 deberent
313 2292 423 2331 loqui;
440 2292 606 2332 loquentia
621 2290 703 2322 faCta
722 2292 778 2323 est.
801 2292 896 2323 mitto
915 2299 1016 2323 extra-

138 2343 208 2365 nca.
233 2332 332 2374 ipsum
349 2333 527 2373 julianum,
544 2333 768 2373 Papinianum,
788 2333 938 2372 Paulum,
962 2332 1018 2364 Ul-

138 2376 285 2415 pianum,
310 2374 340 2405 &
366 2381 401 2405 ut
422 2373 601 2412 absolvam,
623 2374 777 2406 Veterum
794 2374 1015 2414 Jurisprutlen-

139 2417 216 2447 tiam
241 2416 318 2454 quid
336 2414 464 2447 abstulit
486 2424 540 2447 aut
563 2416 706 2448 accidit?
730 2426 838 2447 nonne
861 2425 1014 2452 compen-

137 2458 266 2489 diaria?
298 2456 374 2489 Non
400 2456 526 2489 inficior
543 2480 552 2496 ,
583 2457 754 2497 justiniane
771 2481 780 2496 ,
810 2457 1019 2489 Sacratiffime

137 2499 309 2537 Princeps,
334 2499 470 2530 multum
497 2498 554 2530 tibi
580 2499 700 2530 debere
725 2507 878 2530 terrarum
904 2500 1018 2530 orbem

138 2540 189 2571 cui
208 2540 388 2572 divinorum
406 2540 570 2572 hominum
590 2547 641 2571 tot
663 2541 813 2580 praeclara
829 2539 1019 2580 Fragmenta

139 2580 311 2621 reliquisti,
337 2582 365 2612 ἃ
391 2583 553 2622 antiquam
573 2581 753 2622 sapientiam
777 2582 925 2613 laudabili
943 2591 1019 2613 con·

138 2621 207 2654 filio
224 2623 463 2654 commendasti.
492 2623 543 2654 sed
564 2632 641 2663 pace
658 2632 709 2655 tua
726 2622 837 2655 dixiss‘e
854 2623 966 2656 liceat:
984 2631 1018 2654 tu

137 2662 280 2705 ipsorum
297 2672 394 2703 opera
413 2674 483 2704 quae
500 2673 595 2696 aetate
612 2673 663 2696 tua
680 2664 865 2703 exstabant,
890 2674 954 2696 non
972 2665 1018 2696 di-

139 2713 210 2737 cam
233 2703 421 2744 corrupisti3
445 2706 477 2736 id
503 2706 588 2739 enirn
616 2707 722 2738 durius
739 2706 844 2738 foret:
869 2705 921 2737 sed
938 2706 1019 2738 inte-

137 2747 197 2780 rim
214 2755 249 2777 ea
266 2745 428 2784 corrumpi
445 2746 545 2785 passus
563 2758 607 2779 es.
626 2748 757 2788 utique,
774 2748 827 2779 ubi
846 2757 886 2779 ex
902 2747 951 2779 his
966 2748 1019 2779 de-

140 2786 291 2827 cerpisisti
308 2785 404 2818 flores
422 2795 502 2826 quos
518 2788 549 2819 in
565 2789 746 2821 Academiis
763 2789 891 2830 praelegi
904 2812 913 2827 ,
936 2798 1018 2830 quos

139 2832 171 2862 in
187 2828 315 2871 judiciis
331 2827 478 2869 allegari,
504 2829 533 2859 &
548 2839 607 2870 pro
630 2832 702 2862 vitae
719 2832 827 2872 regula
845 2830 953 2862 haberi
973 2838 1018 2862 at-

139 2882 202 2913 que
219 2869 379 2901 observari
397 2868 544 2907 voluisti,
567 2871 628 2910 ipsa
650 2872 820 2903 obliterata
842 2871 921 2904 sunt.
947 2881 1018 2911 quae

138 2914 159 2946 fi
179 2912 357 2944 exstarent:
380 2916 534 2951 quantum
557 2912 595 2942 ad
612 2922 679 2945 rem
703 2914 870 2945 literariam
890 2912 1018 2945 confer-

137 2963 229 2991 rent,
253 2960 408 2993 quantum
433 2951 473 2983 ad
496 2951 675 2992 publicam,
699 2956 769 2994 quis
795 2957 942 2996 ignorare
959 2965 1015 2994 po.

139 2996 199 3028 test
212 2996 226 3027 Ρ
242 2994 442 3034 intelligens,
453 3000 606 3032 quantum
622 2997 786 3032 potuerint
802 2996 924 3027 erudita
939 3005 1017 3035 prae-

137 3038 218 3069 stare
243 3036 386 3077 ingenia,
410 3034 577 3076 postquam
600 3034 651 3065 illa
674 3035 893 3068 Theodosiani
918 3037 1014 3069 Codi-

137 3080 204 3115 cis,
233 3078 285 3109 illa
310 3076 431 3117 Legum
458 3075 649 3107 Collationis
675 3085 745 3114 quae
770 3076 885 3110 Licinii
909 3077 1016 3110 Rufini

137 3120 275 3159 dicitur,
297 3118 350 3151 illa
366 3117 516 3160 Ulpiani,
540 3116 648 3157 Pauli,
673 3117 703 3149 ὅ(
720 3116 791 3158 Gaii
809 3118 1015 3160 Fragmenta,

891 3197 1046 3233 FIN

271 96 436 133 GnnARm
462 92 599 128 Noom
624 91 860 126 DrssEm-mo
886 89 1052 124 SECUNDA
1076 97 1124 124 Dr.
1148 88 1271 125 Causts
1298 88 1501 125 Commi-m
1528 89 1856 136 Jumsennnnnnffi.

1052 185 1112 215 ne,
1128 178 1203 217 quid
1220 178 1261 210 de
1279 177 1403 210 Graecis
1422 178 1654 220 interpretibus
1670 179 1803 221 addam,
1820 190 1926 224 reper-

1051 226 1084 248 ta
1101 218 1132 249 ἂ
1147 220 1209 251 luci
1224 219 1366 252 restituta
1382 219 1463 252 sunt.

1095 259 1158 305 Sed
1174 261 1302 301 nescio,
1317 261 1589 302 quemadmodum
1607 262 1646 293 ad
1657 261 1726 292 haec
1742 262 1866 304 delapsa
1881 265 1928 298 est

1053 308 1158 332 oratio
1181 312 1270 341 mea,
1294 303 1338 335 ob
1360 312 1396 335 ea
1413 302 1551 336 fortaflis
1568 304 1690 344 ingrata
1706 303 1801 335 vobis
1818 305 1848 336 ἃ.
1863 306 1928 337 ina·-

1053 342 1112 386 niS.
1149 342 1224 374 Huc
1240 352 1346 376 tamen
1363 345 1522 385 pertinet,
1546 344 1572 376 A
1584 345 1627 376 A:
1650 352 1685 376 ut
1702 353 1862 386 corruptae
1877 347 1930 387 Ju-

1053 385 1271 422 risprudentiae
1289 385 1397 418 causas
1413 387 1618 427 intelligatis3
1642 386 1672 418 &
1693 387 1835 418 remedia
1859 389 1929 428 qui>-

1053 424 1112 455 bus
1137 424 1335 472 restituatur,
1359 437 1425 460 non
1450 427 1509 460 alia
1528 427 1609 467 ess'e,
1632 436 1726 468 quam
1743 428 1859 468 quibus
1881 429 1928 461 in-

1056 473 1152 496 venta
1176 468 1254 499 olim
1275 476 1372 509 atque
1394 470 1432 500 ad
1449 469 1534 501 illam
1549 470 1802 511 magnitudinem
1820 470 1932 503 evesta

1055 506 1116 538 est:
1133 507 1295 548 postremo
1313 519 1383 550 quae
1401 520 1441 542 ex
1456 511 1517 543 illis
1533 511 1654 552 reliqua
1668 510 1749 542 fecit
1765 511 1860 552 longa
1875 521 1931 544 ve-

1056 547 1172 587 tustas,
1195 551 1338 582 universa
1361 553 1531 593 diligenter
1556 551 1727 591 servanda,
1750 552 1781 584 &
1808 562 1882 585 cum
1898 553 1933 584 li·-

1055 597 1127 629 cet,
1151 590 1330 624 adhibenda
1351 592 1430 624 ess'e:
1454 594 1523 624 haec
1547 595 1606 626 arti
1630 595 1837 635 dignitatem,
1862 594 1932 626 haec

1056 633 1120 678 ejus
1140 632 1323 679 *cultoribus
1346 634 1559 668 eruditionem
1587 635 1616 667 δε
1640 637 1774 677 gloriam
1795 637 1935 676 addere,

1055 672 1252 706 existimetis.

1099 714 1208 757 Quare
1225 716 1329 756 agite,
1345 716 1452 748 studiis
1463 718 1575 749 devoti
1590 717 1730 758 Juvenes
1747 717 1934 760 generosi&

1057 757 1202 795 nobiles,
1226 757 1285 798 (ad
1309 767 1366 788 vos
1385 759 1469 790 enim
1487 768 1539 790 me
1555 759 1735 801 converto)
1759 761 1861 801 agite,
1885 761 1932 792 in-

1057 807 1168 839 quam,
1193 799 1222 829 6<
1247 807 1389 830 veterem
1408 800 1491 831 illam
1509 809 1545 831 ac
1566 802 1684 841 regiam
1702 809 1811 833 tenete
1828 804 1931 834 viam:

1057 849 1150 880 quam
1170 840 1247 871 olim
1269 839 1414 879 Antistii,
1433 840 1564 880 Julinni,
1581 842 1772 883 Pomponii,
1787 843 1934 884 Papinia-

1056 883 1103 919 ni,
1122 880 1270 922 Ulpiani,
1288 881 1375 912 Pauli
1387 905 1396 920 ,
1414 890 1593 923 caeteraque
1609 884 1787 923 prudentiae
1803 884 1934 924 lumina,

1055 933 1158 963 nuper
1178 923 1310 961 Alciati,
1329 923 1455 961 tineosi,
1482 923 1642 964 Duareni,
1666 925 1838 963 Hotmam',
1863 925 1934 958 Do-

1056 966 1151 1003 nelli‚
1176 963 1319 1000 Gifanii,
1342 963 1564 1004 Gotbofredi‚
1583 965 1612 997 ὅτ
1628 974 1664 997 ut
1684 967 1790 998 omnia
1808 968 1932 1007 dicam,

1057 1006 1177 1047 Cujacii
1190 1006 1313 1046 ingreffi
1326 1005 1404 1037 sunt.
1429 1007 1516 1047 quod
1535 1006 1556 1038 fi
1573 1007 1829 1050 enim'exeinplis
1842 1017 1936 1040 uten-

1057 1048 1132 1079 dum
1150 1047 1213 1080 est:
1239 1048 1352 1088 quibus
1369 1056 1438 1079 utar
1457 1047 1583 1088 potius,
1607 1057 1702 1089 quam
1725 1050 1774 1081 his
1798 1058 1936 1091 quorum

1054 1090 1175 1128 virtus,
1194 1090 1354 1130 ingenium
1367 1112 1376 1128 ,
1393 1097 1489 1129 atque
1504 1089 1692 1122 immortalis
1709 1089 1794 1123 fama
1804 1100 1937 1124 ornnem

1052 1131 1113 1170 jam
1130 1140 1194 1162 non
1212 1131 1337 1162 laudem
1353 1130 1738 1170 exliaufit‚sedinvidiam
1753 1131 1936 1173 superavit?

1057 1173 1145 1212 quod
1161 1172 1182 1204 fi
1198 1173 1365 1211 mavultis,
1389 1182 1424 1203 ea
1441 1172 1502 1204 hac
1519 1175 1584 1211 peti
1601 1183 1641 1205 ex
1659 1174 1723 1205 vita
1743 1183 1815 1215 quae
1830 1175 1935 1207 civilis

1058 1215 1086 1245 ἃ
1103 1213 1271 1255 negotiosa
1289 1214 1488 1255 appellatur-3
1512 1214 1601 1246 foret
1616 1215 1693 1247 mihi
1709 1224 1824 1257 magna
1839 1217 1936 1257 copia

1057 1257 1153 1287 etiam
1172 1255 1371 1287 memorandi
1388 1265 1445 1286 eos
1463 1264 1600 1296 quorum
1616 1256 1760 1288 doetrina
1771 1266 1808 1288 ac
1824 1257 1935 1289 studiis

1057 1297 1109 1328 vel
1126 1297 1177 1328 illa
1197 1297 1364 1328 nobilitata
1381 1304 1477 1337 atque
1500 1297 1651 1329 illustrata
1673 1297 1728 1329 est.
1752 1298 1803 1330 sed
1826 1298 1936 1330 abute-

1058 1348 1108 1370 rer
1125 1338 1277 1378 patientia
1300 1337 1427 1370 illustris
1452 1339 1631 1370 concionis.
1662 1348 1726 1371 non
1752 1339 1875 1381 possum
1893 1347 1937 1372 ta-

1057 1389 1130 1411 men
1146 1403 1156 1418 ,
1180 1380 1256 1420 quin
1279 1379 1372 1411 vobis
1395 1380 1530 1421 allegem
1555 1380 1696 1422 Viglium
1719 1379 1934 1413 Zuichemum

1058 1421 1210 1453 Aitanum
1225 1443 1234 1460 ,
1273 1420 1477 1460 joachimum
1508 1420 1702 1462 Hopperum
1719 1446 1729 1462 ,
1769 1422 1935 1456 Elbertum

1058 1462 1259 1501 Leoninum,
1274 1461 1448 1504 Hugonem
1459 1461 1632 1503 Gr0tium,
1647 1464 1863 1496 &Antonium
1879 1464 1937 1496 Fa*-

1058 1504 1170 1535 brum:
1196 1512 1332 1545 quorum
1348 1504 1369 1535 fi
1389 1513 1517 1544 veram,
1538 1505 1568 1536 ἃ
1587 1514 1653 1536 non
1670 1504 1810 1536 fucatam
1829 1506 1936 1537 erudi-

1060 1546 1202 1584 tionem,
1228 1545 1249 1576 fi
1266 1545 1296 1576 in
1315 1545 1509 1584 Academia,
1531 1546 1562 1577 in
1581 1545 1688 1585 Foro,
1711 1546 1741 1578 in
1759 1546 1938 1586 Republica

1059 1587 1273 1628 principatum
1297 1586 1516 1619 intellexistis:
1539 1586 1583 1618 sat
1607 1586 1693 1627 scio,
1716 1588 1860 1621 ridebitis
1878 1598 1936 1620 eos

1060 1628 1112 1668 qui
1129 1637 1201 1659 curn
1219 1635 1350 1666 vetere,
1374 1637 1514 1669 cumque
1529 1637 1565 1659 ea
1581 1637 1652 1669 quae
1667 1629 1833 1669 superiore
1845 1638 1936 1669 arvo,

1059 1670 1089 1701 ἃ
1109 1669 1198 1709 hujus
1216 1669 1307 1700 initio
1323 1670 1444 1711 viguit,
1469 1669 1656 1710 praesentem
1674 1679 1711 1702 ac
1727 1671 1937 1712 languentem

1058 1711 1342 1751 jurisprudentiam
1353 1711 1604 1752 comparabunt3
1627 1718 1681 1743 aut
1698 1714 1817 1752 magnis
1834 1713 1939 1745 homi·

1059 1753 1151 1784 nibus
1164 1753 1324 1784 modicam
1343 1752 1423 1792 Juris
1438 1753 1681 1795 intelligentiam
1699 1753 1938 1793 suffecisse-‚ex-

1059 1794 1233 1826 cellentem
1258 1793 1418 1833 nocuisse,
1442 1802 1495 1825 aut
1511 1794 1675 1826 molestam
1694 1794 1803 1835 fuisse,
1827 1799 1937 1837 'prote-

1058 1836 1189 1868 stantur.
1221 1834 1272 1867 sed
1293 1836 1384 1875 juvet
1407 1836 1599 1875 imperitiam
1623 1844 1823 1877 praetextus:
1847 1846 1936 1869 num-

1061 1886 1154 1915 quam
1178 1877 1242 1908 hoc
1264 1877 1425 1908 obtinebit
1442 1887 1592 1919 regnum:
1617 1885 1652 1909 ut
1667 1887 1738 1919 quae
1761 1877 1937 1910 excusanda

1060 1918 1195 1958 feccrit,
1213 1918 1378 1950 laudabilia
1393 1918 1500 1950 faciat.
1521 1920 1656 1960 proinde
1673 1921 1777 1959 agite,
1792 1920 1812 1951 fi
1829 1921 1886 1951 viri
1903 1929 1936 1950 e·

1061 1960 1130 1999 stis3
1154 1961 1183 1992 &
1208 1961 1237 1991 in
1264 1960 1345 1991 lianc
1370 1960 1547 1992 incumbite
1573 1962 1681 1992 Artem
1701 1970 1761 2001 qua
1778 1961 1935 2001 praeclaris

1060 2003 1196 2043 ingeniis
1223 2002 1345 2041 semper
1370 2002 1477 2038 licuit,
1504 2002 1531 2032 ἀ
1554 2001 1659 2032 adhuc
1682 2002 1776 2040 licet,
1800 2003 1838 2033 ad
1858 2011 1937 2039 prae-

1060 2043 1166 2074 stantis
1190 2042 1329 2074 fortunae
1352 2043 1473 2074 cultum
1498 2043 1664 2082 adspirare.
1695 2044 1781 2084 agite
1803 2044 1832 2074 &
1850 2042 1939 2075 festi-

1060 2093 1150 2116 nate:
1174 2094 1238 2114 non
1263 2092 1298 2115 ut
1322 2083 1458 2115 Civilem
1478 2084 1650 2115 Scientiam
1670 2083 1769 2116 frenis
1784 2085 1937 2124 impedia-

1060 2126 1120 2163 tis,
1143 2125 1193 2157 sed
1219 2133 1253 2156 ut
1271 2126 1373 2157 multo
1396 2125 1450 2156 usu
1472 2132 1568 2166 atque
1593 2125 1748 2157 indefesso
1773 2126 1882 2158 labore
1900 2134 1938 2157 ac

1060 2167 1162 2199 studio
1187 2167 1278 2198 vobis
1302 2168 1496 2208 comparetis
1521 2168 1685 2199 materiem
1710 2167 1820 2199 eximii
1839 2169 1938 2199 deco-

1059 2210 1117 2247 ris;
1134 2208 1220 2240 simul
1238 2207 1279 2239 lic
1297 2209 1371 2239 vitae
1393 2209 1603 2246 brevitatem,
1626 2207 1647 2239 fi
1663 2218 1735 2248 quae
1754 2209 1937 2249 sapientiam

1060 2259 1113 2281 aut
1132 2250 1349 2281 eruditionem
1368 2249 1627 2281 circumscribere
1647 2250 1792 2289 videtur,
1809 2251 1936 2291 longam

1058 2300 1096 2322 ac
1112 2292 1292 2322 diuturnam
1310 2290 1444 2323 faciatis.
1467 2300 1562 2330 atque
1585 2300 1648 2332 ego
1667 2300 1738 2323 curn
1758 2302 1816 2324 vos
1830 2316 1839 2331 ,
1863 2300 1937 2324 cum

1060 2333 1142 2364 hanc
1169 2332 1292 2364 Urbem
1317 2333 1450 2374 cogito:
1473 2342 1584 2373 inagna
1602 2333 1679 2364 mihi
1699 2333 1742 2364 est
1761 2333 1830 2374 spes
1847 2333 1936 2373 hujus

1060 2382 1179 2414 togata:
1196 2374 1325 2405 militiae.
1351 2375 1427 2414 quid
1447 2375 1531 2405 enim
1552 2383 1615 2405 non
1632 2376 1754 2415 poterit
1770 2376 1822 2407 illa
1837 2383 1933 2413 aetas,

1059 2424 1156 2456 atque
1175 2419 1200 2446 is
1214 2417 1304 2455 rigor·
1323 2415 1445 2453 vester,
1463 2415 1634 2455 praescrtim
1650 2416 1818 2457 insignibus
1834 2417 1865 2448 in
1877 2414 1937 2447 Fo-

1061 2467 1098 2489 ro
1123 2459 1150 2488 ὅ(
1176 2459 1206 2488 in
1234 2457 1407 2497 Republica
1435 2466 1499 2488 non
1529 2458 1630 2488 modo
1656 2458 1809 2498 praemiis,
1833 2458 1882 2489 sed
1905 2457 1936 2488 &

1062 2499 1217 2539 exemplis
1235 2499 1248 2530 ἒ)
1271 2498 1349 2538 quid
1369 2508 1466 2538 porro
1484 2499 1531 2529 his
1551 2497 1694 2539 Collegis
1712 2500 1809 2537 meis,
1829 2498 1936 2530 vestris

1061 2540 1092 2571 in
1118 2540 1290 2570 Academia
1319 2540 1472 2577 ducibus,
1499 2549 1592 2579 quam
1615 2541 1847 2580 eruditisfimis,
1874 2548 1937 2571 tam

1062 2581 1251 2613 clarissimis:
1275 2581 1389 2620 quibus
1414 2590 1535 2612 certum
1559 2581 1620 2621 cst,
1647 2583 1738 2614 vobis
1755 2583 1815 2613 iter
1830 2581 1869 2613 ad
1885 2590 1937 2611 ve-

1062 2632 1126 2654 ram
1148 2623 1299 2653 virtutem
1317 2632 1354 2653 ac
1379 2622 1561 2663 sapientiam
1580 2623 1720 2662 aperire,
1745 2623 1774 2654 &
1793 2630 1937 2663 apertum

1062 2664 1222 2702 indicare3
1247 2673 1284 2694 ae
1309 2664 1397 2694 velut
1416 2664 1515 2704 justos
1540 2665 1657 2695 milites
1684 2665 1833 2696 omnibus
1851 2673 1938 2695 orna-

1062 2713 1112 2737 tos
1138 2706 1231 2737 armis
1257 2706 1289 2736 in
1313 2705 1411 2737 castra
1428 2729 1437 2744 ,
1477 2705 1518 2737 fic
1549 2715 1606 2738 vos
1631 2707 1779 2738 omnibus
1801 2713 1937 2738 armatos

1062 2746 1198 2778 scientiis
1220 2747 1258 2778 ad
1283 2746 1400 2778 Forum
1424 2754 1521 2788 atque
1543 2748 1581 2779 ad
1606 2747 1847 2789 Rempublicam
1867 2747 1937 2779 mit-

1063 2796 1141 2820 tere.
1166 2787 1252 2819 Inter
1267 2797 1349 2827 quos
1365 2788 1384 2820 si
1404 2790 1455 2820 vel
1475 2798 1543 2820 mea
1563 2798 1723 2829 quaeretur
1738 2797 1850 2829 opera:
1875 2789 1937 2827 ple-

1061 2831 1168 2869 risque
1186 2830 1316 2870 ingenio
1340 2838 1393 2861 aut
1410 2831 1592 2862 eruditione
1618 2831 1812 2862 concedam:
1835 2839 1852 2860 a
1869 2829 1936 2860 nul·

1061 2872 1094 2903 lo
1117 2871 1264 2902 industria
1281 2879 1333 2902 aut
1354 2870 1457 2903 studio
1477 2872 1676 2912 vosjuvandi
1695 2871 1873 2911 superabor.
1898 2878 1935 2900 ac

1060 2912 1080 2944 fi
1097 2911 1162 2943 hoc
1178 2922 1251 2943 meo
1271 2912 1417 2952 auspicali
1439 2913 1490 2944 die
1505 2912 1620 2944 futurae
1643 2914 1764 2944 militiae
1779 2911 1936 2943 conditio-

1060 2963 1134 2985 nem
1152 2954 1330 2994 intelligere
1347 2954 1529 2994 postulatis:
1556 2964 1621 2985 non
1639 2955 1787 2991 mollem,
1806 2959 1866 2997 nef
1881 2952 1934 2981 de-

1060 2996 1185 3027 licatam
1204 2995 1404 3036 exspestate:
1429 2997 1537 3036 potius
1555 2996 1706 3036 exemplo
1723 2993 1863 3033 Septimii
1881 2991 1934 3022 Se-

1060 3037 1150 3076 veri,
1174 3038 1340 3069 morientis
1357 3039 1507 3077 quidem,
1532 3036 1584 3068 sed
1601 3035 1754 3068 fortiffirni
1770 3033 1799 3063 ἀ
1816 3031 1934 3063 strenu-

1058 3078 1396 3152 ἓπὸῃῇἓῃῶεῧιῑεοήε,
1414 3079 1480 3111 hoc
1496 3078 1588 3111 vobis
1603 3077 1721 3118 signum
1739 3074 1841 3111 dabo,
1858 3072 1935 3105 LA·

1185 3129 1193 3142 ἢ

1089 3202 1101 3234 ¹
1143 3202 1173 3233 S·
1739 3236 1929 3269 GERAR-
