2036 3495
177 134 245 179 3¹8
671 123 704 158 G
736 132 758 156 ι
787 131 811 156 x
845 130 866 156 A
891 131 914 157 11
947 131 970 157 n
1003 131 1016 157 1

187 219 287 251 debet
310 217 339 248 &
362 215 502 256 pignoris
527 210 782 253 persecutionem
806 209 968 250 praestare:
991 208 1057 249 ejus

185 268 316 300 quoque
343 248 430 296 quod
459 253 567 293 possea
590 252 739 291 accepit:
768 261 839 282 nam
865 251 1056 282 beneficium

184 299 360 331 venditoris
383 293 508 333 prodest
534 293 669 333 emptori
694 294 712 322 l.
730 296 759 323 6.
784 294 811 323 h.
829 299 849 323 t.
888 291 942 323 Nil
960 301 1056 331 egero

184 349 301 382 praeter
320 335 532 376 propofitum,
551 343 702 376 praeterea
717 343 869 371 monenn
888 336 971 371 quod
989 342 1053 363 non

182 380 290 423 potest
304 385 432 416 emptor
448 376 582 407 actionis
600 385 667 406 eam
680 398 689 413 ‚
713 374 767 406 nisi
784 385 800 405 a
817 375 985 405 venditore
1001 382 1053 404 cu-

183 424 230 464 jus
254 419 393 460 personae
418 417 569 452 inhaeret,
600 416 732 454 celiam,
763 417 909 446 adver-lus
933 415 1054 446 debito-

184 471 250 495 rem
263 459 490 499 exercerejure
509 458 606 488 civili.
623 457 739 488 dicitur
757 466 860 488 autem
878 456 1056 487 cediassio:

181 511 254 534 cum
275 500 421 532 venditor
439 499 520 530 hanc
538 501 676 537 emptori
697 499 842 535 mandat,
865 498 904 528 ab
921 507 960 528 eo
980 506 1054 528 tam-

183 551 276 584 quam
299 551 316 572 a
343 549 551 581 procuratore
581 540 792 571 exercendam
822 539 851 569 in
883 548 948 569 rem
973 539 1055 578 ejus:

182 583 307 615 undeis
326 590 512 621 procurator
536 581 567 611 in
589 590 654 612 rem
671 580 753 610 suam
776 580 960 619 appellatur.
1003 578 1055 610 Sic

181 627 213 657 in
230 623 406 655 actionibus
426 621 563 654 directis.
589 622 664 660 quid
691 621 721 652 in
746 620 899 652 utilibus?
924 621 978 651 has
997 629 1053 659 po-

182 665 243 697 test
268 672 393 705 emptor
418 663 547 704 proprio
574 661 705 693 nomine
732 661 794 692 fine
812 661 949 692 cessione
968 662 1052 692 ultro

180 706 353 739 instituere.
399 704 472 736 Non
507 703 570 734 hoc
600 703 736 734 debetur
765 703 822 741 juri
848 702 960 740 civili,
994 711 1054 732 nec

180 746 385 787 disputationi
402 745 620 782 Prudentum3
644 743 694 774 sed
713 743 878 782 Rescripio
897 742 935 774 D.
956 743 999 774 Pii
1017 743 1056 773 sic

180 788 424 825 constituentis,
448 785 625 816 hereditate
642 784 681 815 ab
698 784 817 815 herede
835 786 960 815 vendita
973 784 989 814 l.
1009 787 1054 815 16.

178 830 224 862 D.
242 831 274 860 de
288 829 389 867 patris.
415 828 497 858 idem
522 825 660 865 placuit,
692 825 815 857 afflone
839 826 968 857 vendita
986 826 1005 856 l.
1023 830 1051 857 8.

182 871 216 902 C.
233 871 261 901 h.
280 876 301 900 t.
326 877 378 900 aut
397 870 499 908 legata
525 868 544 897 t.
567 871 612 900 18.
633 866 665 897 C.
692 868 724 896 de
743 867 828 907 legat.
855 868 995 906 itemque
1021 869 1051 896 in

180 911 285 952 specie
304 911 322 940 l.
344 919 368 941 1.
392 909 418 950 §.
441 918 477 948 13
507 908 553 938 D.
573 912 605 938 cle
620 913 676 938 tut.
694 907 730 942 &²
748 914 804 938 rat.
826 906 906 947 distr.
952 907 985 938 ln
1012 907 1052 938 so-

182 952 298 983 cietate
323 960 400 982 vero
425 949 567 981 omnium
592 949 748 980 bonorum
774 949 803 979 in
825 958 885 988 qua
901 947 1054 992 item-{int

181 994 330 1032 nomina,
352 991 449 1024 fimile
473 999 538 1022 non
563 991 700 1030 reperio.
724 997 838 1021 contra
863 989 955 1022 video
974 998 1005 1020 in
1029 989 1050 1021 l.

1081 120 1342 156 Noonr
1399 121 1610 159 Coun.

1102 218 1129 241 1.
1147 207 1175 250 §.
1199 217 1224 239 1.
1242 209 1262 240 l.
1287 219 1315 242 2.
1335 210 1372 245 ὅ*
1387 221 1415 251 3.
1434 210 1475 242 D.
1493 211 1551 242 Pro
1567 211 1639 247 socio
1655 210 1696 242 fic
1714 211 1796 244 dici:
1821 211 1857 244 In
1879 213 1965 248 socie-

1099 256 1156 280 tate
1172 252 1299 282 omnium
1320 253 1456 282 bonorum
1482 262 1572 283 omne»
1591 254 1705 293 quictem
1728 263 1770 284 res
1785 263 1846 294 qnae
1863 255 1966 292 coe'unq

1099 298 1171 321 tium
1186 296 1271 328 sunt,
1295 294 1429 323 continuo
1454 300 1715 325 εοηιηιαηισαηιιινΔ
1743 297 1811 335 quini
1828 294 1963 336 lirethe-

1098 332 1207 362 cialiter
1230 336 1346 364 traditio
1364 344 1418 364 non
1437 336 1628 371 inter-veniat,
1652 336 1742 365 tacita
1767 345 1859 366 tamen
1877 338 1969 374 crediq

1098 378 1146 403 tur
1169 374 1350 406 intervenire.
1382 385 1414 406 ea
1434 385 1499 406 vero
1525 386 1585 417 qiiae
1611 379 1639 406 i'n
1663 377 1822 407 inminibus
1855 383 1961 417 erunt,

1097 421 1213 444 'tranent
1239 416 1270 445 in
1291 417 1339 451 lito
1356 414 1459 456 static,
1474 418 1529 456 seit
1555 416 1677 448 ustiones
1694 418 1815 447 invicem
1829 419 1963 458 proestare

1098 456 1205 485 debent.
1250 454 1357 486 Video
1384 460 1478 489 etiam
1511 459 1594 490 idem
1619 467 1634 488 a
1658 458 1778 497 juliano
1803 459 1903 489 notari
1933 468 1964 491 in

1099 495 1224 534 peculio
1247 495 1266 525 l.
1292 501 1334 527 16.
1357 498 1401 528 D.
1424 501 1456 528 tie
1469 500 1563 539 pecul.
1608 499 1681 530 Sine
1705 500 1821 536 dubio,
1845 498 1972 539 quzain,

1098 536 1145 567 liis
1166 536 1328 576 speciebus
1344 538 1461 570 defecit
1482 539 1674 571 Constitutio
1696 550 1761 579 quae
1781 541 1810 570 in
1829 539 1966 580 superio-

1098 579 1183 608 ribus
1210 578 1301 608 utiles
1332 579 1472 610 miriones
1507 582 1640 612 induxit.
1683 583 1818 621 ideoque
1847 584 1883 612 ad
1909 581 1967 613 has

1098 619 1260 658 porrigere
1279 619 1344 658 ejus
1363 621 1423 650 vim
1443 621 1502 651 line
1520 623 1706 653 auctoritate
1732 622 1895 662 i>rmcipali
1913 632 1967 653 au-

1098 663 1126 689 ia
1144 669 1206 690 11011
1232 659 1292 689 fuit
1308 659 1602 698 jurisconsultorum
1623 666 1829 694 verecundia:
1855 673 1967 704 repug-
2012 670 2034 699 J

1098 709 1193 731 nante
1210 702 1277 740 jure
1295 703 1422 732 tammo.
1470 700 1512 732 Ut
1531 710 1564 732 ut
1580 705 1656 741 erit,
1676 706 1762 744 quod
1781 706 1819 736 de
1838 706 1979 735 utilzlius‘

1095 741 1272 772 actionibus
1301 741 1392 779 dixi,
1423 751 1558 782 primum
1584 745 1701 780 placuit
1733 745 1761 776 in
1790 746 1969 777 aelionibus

1095 781 1330 822 personalibus:
1363 784 1477 814 deinde
1502 784 1681 822 porreflum
1709 787 1745 817 ad
1768 787 1906 817 institues
1932 787 1965 818 iu

1096 833 1181 854 rem:
1203 824 1299 862 idque
1323 824 1402 855 certi
1419 827 1445 855 <St
1463 825 1631 856 indubitati
1652 826 1725 866 juris
1751 827 1830 864 esse,
1854 837 1894 858 aii
1914 827 1967 866 Ju-

1096 864 1244 896 stinianus
1269 865 1287 895 l.
1316 865 1368 895 ult.
1394 866 1424 896 C.
1450 866 1476 895 b.
1504 872 1523 897 t.
1572 866 1650 898 Hanc
1671 867 1711 898 sic
1732 869 1898 899 obtinuere
1925 869 1964 900 ad

1096 905 1312 945 Principatum
1334 905 1409 946 lmp.
1430 907 1594 939 Anastasn:
1618 909 1668 947 qui
1690 910 1720 939 in
1747 911 1907 940 nominum
1933 919 1964 940 a-

1096 946 1302 987 ctionumque
1328 949 1511 979 venditione
1535 950 1649 988 aliquid
1669 951 1803 981 mutavit
1822 950 1840 981 l.
1858 959 1906 981 22.
1930 949 1964 982 C.

1095 989 1243 1020 Mandati'
1258 988 1309 1020 cui
1328 989 1472 1021 addenda
1487 989 1620 1038 sequens
1636 989 1795 1031 justiniani
1816 991 1834 1022 l.
1850 1001 1901 1032 23.

897 1074 1238 1109 T1Tutus
1290 1072 1338 1110 V.

477 1149 526 1188 De
551 1149 747 1197 refii'ni'enda
765 1149 950 1192 venditione,
980 1146 1021 1187 ὅ)
1039 1147 1154 1194 quando
1178 1147 1247 1182 licet
1265 1150 1304 1183 cib
1320 1152 1469 1196 emptione
1491 1149 1647 1198 discedere.

177 1241 386 1320 Postquam
404 1239 448 1273 est
469 1239 586 1271 dictum
603 1239 643 1270 de
659 1240 809 1280 emptoris
825 1239 854 1270 ὃς
871 1238 1048 1269 venditoris

265 1282 437 1319 consensu,
460 1283 536 1312 item
556 1281 595 1311 de
614 1290 718 1311 merce
736 1281 766 1311 ὅ(
790 1282 913 1319 pretio,
935 1281 1048 1320 quibus

180 1323 354 1366 emptionis
370 1324 398 1354 ὅ(
416 1323 610 1354 venditionis
630 1321 732 1352 forma
750 1331 786 1351 ac
803 1320 966 1352 substantia
985 1330 1049 1361 per-

177 1365 301 1398 fiCitur:
326 1375 404 1406 age,
428 1363 577 1405 perfessae
594 1361 726 1393 effectus
747 1363 950 1402 subjiciamus.
988 1362 1051 1394 Pri·
1072 1395 1077 1400 .

177 1418 249 1441 mus
267 1406 331 1445 est,
356 1408 441 1446 quod
467 1403 589 1442 emptio
615 1404 645 1434 &
672 1403 834 1441 venditio,
859 1412 970 1435 mutuo
989 1412 1050 1434 em-

177 1449 280 1490 ptoris
307 1448 335 1479 61
363 1446 535 1477 venditoris
563 1444 714 1475 consensu
739 1444 899 1483 perfetta,
923 1446 1050 1475 alterius

178 1489 384 1533 poenitentia,
407 1487 509 1518 alte-ro
526 1485 649 1522 invito,
673 1484 805 1516 rescindi
833 1487 955 1525 nequit.
997 1484 1048 1517 Li-

179 1539 267 1563 ceret
285 1528 415 1567 defungi
433 1526 571 1567 generali
590 1526 711 1566 regula:
737 1535 805 1566 quae
836 1528 952 1563 dictat,
977 1536 1052 1558 con-

179 1572 295 1605 tractus
319 1569 357 1599 ab
374 1569 467 1599 initio
491 1566 552 1598 esse
577 1566 747 1605 libertatis,
773 1567 881 1606 postea
908 1567 975 1599 fieri
1000 1577 1049 1599 ne—

179 1613 329 1645 ceffitatis
345 1611 363 1651 l.
381 1620 410 1650 5.
429 1609 462 1640 C.
480 1610 513 1639 de
531 1607 611 1647 oblig.
640 1607 676 1642 ὅ)
693 1607 746 1638 a&
774 1607 824 1639 sed
847 1610 931 1640 malo
950 1608 1050 1643 adfer·

178 1664 232 1691 re,
256 1653 340 1692 quod
355 1651 395 1682 de
412 1650 574 1690 emptione
600 1649 629 1679 ἃ
662 1650 848 1680 venditione
865 1650 1050 1682 nominatim

178 1695 221 1729 fic
239 1694 377 1725 scribunt
397 1691 614 1722 Diocletianus
637 1690 665 1721 Gt
693 1690 903 1722 Maximianus
934 1692 952 1722 l.
972 1701 1000 1731 3.
1019 1691 1051 1721 C.

181 1738 215 1768 de
243 1735 369 1775 rescind.
389 1734 473 1764 vend.
508 1732 559 1763 De
582 1731 732 1762 common
757 1733 930 1763 venditionis
947 1732 982 1766 δέ)
998 1742 1051 1762 em-

179 1778 266 1810 tionis
285 1776 354 1817 jure
374 1772 519 1814 perfeeto,
550 1772 688 1803 alterutro
714 1774 806 1804 invito
824 1797 832 1810 ,
863 1774 939 1804 nullo
962 1774 1053 1804 recedi

180 1825 302 1858 tempore
323 1818 394 1847 bona
417 1815 492 1855 fides
513 1815 637 1854 patitur.
687 1813 728 1844 Et
754 1815 873 1845 addunt
891 1838 898 1852 ,
932 1815 996 1845 Mc
1018 1823 1054 1845 ex

179 1859 312 1900 rescripto
329 1855 430 1895 naslro.
475 1855 575 1894 ltem,
600 1853 667 1896 Quo
679 1855 746 1895 jure
759 1854 864 1895 fiscum
879 1866 912 1885 no
941 1865 1004 1886 rum
1020 1865 1052 1885 u-

180 1901 286 1940 tisaepe
300 1897 485 1940 constitutum
500 1894 548 1937 est.
596 1895 754 1928 Nimirum
767 1920 775 1935 ,
800 1899 871 1937 quia
890 1897 1052 1934 Princeps,

179 1942 236 1975 etsi
251 1941 374 1981 legibus
392 1938 509 1970 solutus
525 1960 534 1976 ‚
559 1945 662 1969 tamen
684 1938 805 1978 legibus
823 1937 952 1976 vivens,
977 1939 1052 1969 alte-

179 1985 206 2017 ri
228 1984 274 2023 jus
298 1982 383 2013 suum
409 1979 534 2012 auferre
558 1989 621 2010 non
648 1978 763 2018 potest.
810 1978 856 2010 Sit
879 1981 972 2020 ‘gitur
992 1988 1054 2010 ern-

178 2023 301 2067 ptionis
319 2022 466 2064 perfectae
488 2022 609 2052 exitus:
633 2030 673 2051 ne
697 2019 822 2052 alterius
848 2021 1055 2060 poenitentia,

181 2067 284 2098 altero
302 2062 426 2101 invito,
449 2061 652 2093 rescindatur.
678 2061 806 2101 utique,
832 2063 884 2092 ubi
903 2062 993 2092 nullae
1013 2063 1056 2092 in-

182 2114 391 2140 tervenerunt
417 2104 530 2135 ari-bae:
554 2104 620 2134 imo
647 2103 698 2134 vel
724 2102 770 2133 his
794 2103 884 2133 datis.
909 2112 980 2134 nam
1007 2112 1054 2133 ea-

182 2158 251 2182 rum
275 2148 362 2179 datio
386 2145 583 2185 emptionem
607 2152 777 2183 numquam
808 2143 971 2184 infringit:
994 2153 1055 2175 rna-

181 2191 228 2231 gis
245 2188 424 2220 confirmat.
450 2186 558 2217 itane?
581 2195 649 2216 rem
671 2193 830 2225 putemus.
855 2184 875 2216 fi
901 2195 961 2216 non
981 2185 1055 2216 licet

182 2229 294 2267 alteri,
318 2229 418 2260 altero
448 2228 571 2264 invito,
596 2226 780 2257 renunciare
811 2227 967 2264 emptioni
994 2226 1055 2257 sine

183 2271 282 2304 arrhis
305 2268 492 2302 contraCtae:
517 2277 582 2307 quo
601 2268 700 2299 modo
719 2267 828 2298 licebit
845 2269 884 2298 ab
906 2277 941 2299 ea
958 2268 1056 2305 abire,

185 2312 284 2345 arrhis
313 2310 418 2344 datis?
450 2319 513 2340 non
537 2308 582 2340 est
607 2309 689 2340 enim
717 2309 815 2339 arrhae
842 2310 928 2340 datio
952 2308 1056 2339 solutae

184 2354 356 2395 emptionis
372 2359 590 2392 argumentum
606 2358 659 2381 aut
675 2350 771 2381 causa.
796 2358 906 2381 contra
925 2350 1058 2380 habetur

183 2405 244 2436 pro
259 2402 447 2435 argumento
463 2391 625 2432 pcrfectae.
651 2400 711 2421 nec
739 2390 786 2423 fas
804 2391 865 2428 est,
891 2401 949 2431 pro
968 2390 1057 2421 causa

184 2436 399 2468 rescindendae
428 2434 598 2472 emptionis
623 2433 763 2464 adbiberi
782 2434 923 2470 arrham,
948 2442 1008 2471 qua
1025 2442 1055 2463 e-

184 2477 232 2518 ius
255 2476 410 2516 perfectio
426 2476 586 2515 probatur.
614 2475 741 2514 quando
760 2472 804 2504 est
822 2474 971 2512 perfeetae
990 2483 1054 2505 em·

184 2519 302 2560 ptionis
318 2521 440 2555 exitus,
465 2525 499 2547 ut
517 2516 633 2546 invitos
654 2523 770 2545 teneat.
794 2514 839 2545 Sit
857 2514 898 2545 ita
913 2515 983 2555 jure
1002 2525 1055 2545 ve-

187 2567 276 2591 tere:
299 2566 330 2589 at
347 2568 434 2588 novo
460 2558 550 2588 aliter
573 2556 677 2587 statuit
701 2555 890 2596 Justinianus
913 2563 959 2596 pr.
980 2554 1053 2595 Inst.

188 2602 222 2633 de
237 2605 320 2639 empt.
347 2598 382 2632 δέ)
405 2600 489 2630 vend.
514 2599 614 2638 pulani
640 2597 817 2635 confessus,
841 2598 938 2629 arrhis
957 2597 1056 2628 subse-

188 2642 288 2677 cutis,
311 2638 374 2670 five
392 2639 422 2670 in
442 2639 581 2679 scriptis,
607 2639 667 2670 sive
692 2639 754 2670 siue
782 2638 922 2679 scriptis,
947 2639 1055 2669 vendi-

188 2690 237 2715 tio
254 2680 412 2712 celebrata
426 2680 487 2717 est,
511 2689 691 2721 emptorem
711 2680 839 2719 quidem
864 2679 917 2719 qui
936 2678 1057 2717 recusat

188 2722 360 2762 adimplere
378 2722 573 2754 contractum
585 2746 594 2761 ,
607 2723 740 2761 perdere
759 2721 846 2760 quod
863 2721 1055 2759 dedit3ve'n-

188 2766 327 2798 ditorem
350 2770 428 2792 vero
450 2762 576 2800 duplum
603 2763 767 2794 restituere
784 2763 956 2802 compelli;
980 2763 1056 2793 licet

188 2807 282 2846 super
306 2802 402 2835 arrhis
426 2803 503 2832 nihil
533 2804 707 2843 expressum
736 2803 790 2835 est.
848 2803 914 2835 Dat
943 2804 1056 2844 igitur,

190 2854 325 2890 propter
352 2843 455 2875 arrhas
479 2844 583 2880 datas,
609 2846 806 2882 poenitentiae
831 2845 964 2883 locum3
995 2853 1058 2876 non

186 2890 289 2922 modo
305 2887 324 2918 11
343 2883 460 2925 aliquid
476 2883 578 2916 adbuc
595 2885 670 2916 desit
689 2887 842 2926 emptioni
867 2886 988 2926 scriptae
1006 2893 1059 2916 aut

190 2940 256 2963 non
275 2928 415 2968 scriptae:
438 2925 488 2956 sed
503 2925 617 2961 etiam,
640 2925 660 2955 si
678 2928 729 2958 illa
743 2929 805 2967 jam
823 2928 1002 2964 celebrata,
1027 2926 1058 2957 id

193 2972 259 3008 est,
288 2967 374 3000 omni
399 2967 495 2998 modo
518 2964 659 3010 perfecta
684 2967 712 2997 δι
741 2968 883 3000 absoluta
909 2968 954 3000 sit.
995 2966 1058 2998 Ve-

191 3021 262 3045 rum
284 3011 470 3046 videamus;
500 3016 547 3051 ne.
570 3005 757 3052 Justinianus
788 3010 965 3041 distinxerit
995 3018 1058 3040 em-

192 3055 336 3094 ptionem
360 3050 463 3081 adhuc
487 3047 662 3093 faciendam
681 3056 696 3076 a
712 3057 772 3092 iarn
789 3050 882 3081 faeta.
907 3053 937 3082 in
956 3050 1058 3091 poste-

193 3095 278 3125 riore
295 3093 398 3131 specie
413 3091 473 3127 ait,
497 3090 527 3120 ie
550 3088 699 3119 intactum
717 3088 870 3127 reliquiffe
885 3092 932 3130 jus
950 3099 1058 3122 vetus:

191 3133 223 3167 in
247 3133 348 3174 priore
365 3131 482 3171 aliquid
499 3129 572 3162 novi
587 3127 749 3161 induxiss'e.
794 3129 837 3159 Ita
854 3132 912 3161 est:
937 3134 1058 3171 vetuit,

182 3175 390 3214 ,emptionem
414 3173 560 3212 scriptam
587 3171 736 3209 deinceps
763 3169 828 3200 solo
852 3171 959 3210 perfici
988 3183 1059 3204 con-

196 3216 283 3249 sensu
298 3216 338 3248 de
354 3224 388 3247 re
407 3213 437 3246 δι
451 3214 576 3255 pretio:
597 3211 662 3247 imo
673 3211 774 3255 juffit,
797 3211 981 3248 consensum
1000 3222 1062 3254 quo

1092 1237 1213 1277 emptio
1231 1239 1445 1276 contrahitur,
1472 1241 1599 1272 demum
1619 1239 1778 1281 scriptur-te
1793 1237 1964 1271 absolutio-

1092 1289 1132 1310 ne
1159 1279 1288 1318 perfici:
1320 1282 1350 1311 ot
1376 1280 1609 1320 consequenter
1631 1284 1850 1314 conventione
1873 1287 1910 1311 dc
1927 1290 1963 1312 re

1094 1322 1122 1351 <St
1150 1327 1252 1359 pretio
1277 1322 1374 1362 magis
1404 1320 1471 1352 fieri
1498 1324 1677 1362 pactionem
1709 1326 1748 1354 de
1772 1324 1908 1354 emendo
1931 1322 1965 1353 ὅτ,

1094 1361 1292 1398 vendende,
1325 1372 1416 1402 quam
1443 1366 1641 1401 emptionem
1673 1365 1700 1395 ὅ(
1729 1365 1960 1394 venditionem.

1096 1403 1199 1441 Atque
1220 1410 1252 1433 ut
1278 1403 1342 1433 boc
1365 1405 1394 1434 111
1412 1405 1626 1444 emptionibus
1644 1405 1763 1442 scriptis
1780 1404 1961 1443 constituit;

1094 1443 1133 1475 sic
1153 1443 1252 1483 justit,
1277 1443 1359 1474 idem
1385 1445 1414 1474 in
1440 1454 1502 1476 non
1522 1445 1640 1485 scriptis
1665 1446 1832 1477 observari.
1881 1445 1963 1476 1³1·ae-

1095 1492 1179 1515 terea
1207 1485 1236 1514 in
1264 1485 1310 1516 his
1338 1485 1492 1524 permisit,
1516 1487 1665 1525 quamdiu
1690 1489 1728 1518 de
1755 1497 1786 1517 re
1810 1486 1838 1517 &
1857 1485 1963 1525 pretio

1095 1535 1158 1556 non
1177 1527 1307 1556 omnino
1322 1527 1494 1564 convenit,
1518 1528 1571 1566 (ut
1596 1526 1664 1558 sunt
1693 1529 1770 1559 tales
1787 1527 1870 1557 casus
1890 1529 1921 1557 in
1939 1527 1962 1558 l.

1094 1577 1142 1607 35.
1159 1565 1187 1607 §.
1204 1576 1231 1606 5.
1260 1566 1300 1596 J).
1320 1567 1353 1596 de
1374 1568 1499 1597 contrab.
1514 1568 1619 1607 empt.)
1641 1568 1745 1598 arrhas
1764 1568 1826 1598 dari
1844 1576 1914 1597 eum
1931 1568 1963 1598 in

1094 1608 1210 1645 finem,
1235 1617 1274 1638 ne
1299 1608 1365 1638 tale
1379 1608 1528 1646 placitum
1547 1610 1586 1639 de
1605 1609 1742 1639 emendo
1764 1616 1886 1638 temere
1910 1617 1963 1638 ne-

1095 1648 1246 1689 gligatur,
1273 1648 1336 1679 hoc
1364 1656 1541 1688 praetextu,
1566 1652 1651 1688 quod
1666 1659 1706 1681 ex
1726 1649 1817 1689 paeto
1835 1657 1897 1679 non
1917 1657 1967 1679 na-

1096 1690 1189 1721 scitur
1213 1690 1307 1721 attio.
1352 1689 1457 1730 Egisse
1480 1691 1544 1721 hoc
1568 1692 1597 1721 in
1622 1692 1640 1721 d
1669 1698 1713 1731 pr.
1736 1688 1805 1728 list.
1824 1691 1849 1719 d.
1872 1696 1881 1720 t
1923 1689 1968 1725 lu-

1096 1731 1281 1769 stmianum,
1306 1730 1434 1762 suadent
1451 1732 1624 1771 complura.
1649 1731 1787 1763 Primum
1805 1730 1845 1762 esi
1860 1731 1968 1770 3quod

1096 1774 1121 1803 is
1145 1773 1239 1809 dicit,
1265 1772 1293 1803 se
1325 1772 1354 1802 in
1379 1774 1542 1813 emptione
1569 1783 1632 1804 11011
1650 1773 1762 1813 scripta
1786 1772 1860 1803 nihil
1879 1782 1969 1803 inno-

1098 1813 1191 1844 vasse.
1206 1814 1346 1844 Alterum
1359 1813 1403 1844 est
1414 1837 1423 1851 ‚
1436 1815 1521 1853 quod
1533 1823 1596 1845 non
1609 1813 1752 1853 scriptam
1770 1814 1969 1853 emptionem

1098 1861 1259 1894 comparat
1282 1863 1354 1886 cum
1379 1855 1510 1895 scripta,
1533 1856 1584 1887 sed
1605 1855 1807 1895 imperfecta:
1831 1863 1863 1885 ut
1887 1863 1966 1885 vero

1096 1904 1168 1935 apta
1192 1895 1226 1926 sit
1245 1896 1312 1926 haze
1327 1896 1546 1935 comparatio,
1570 1897 1662 1928 etiam
1683 1897 1885 1938 intelligenda
1902 1905 1969 1928 non.

1098 1938 1210 1976 lcripta
1236 1937 1280 1968 est
1313 1939 1353 1968 de
1376 1937 1446 1968 casu
1479 1948 1542 1977 quo
1565 1939 1706 1969 nondum
1741 1938 1785 1968 est
1815 1937 1969 1978 perftcta.

1099 1977 1226 2017 Insuper
1252 1977 1347 2016 facit,
1373 1979 1460 2015 quod
1490 1981 1516 2010 cl.
1535 1987 1582 2019 pr.
1609 1979 1652 2010 est
1678 1979 1867 2019 descriptum
1884 1988 1923 2009 cx
1948 1979 1969 2009 l.

1102 2029 1138 2059 17
1174 2020 1203 2050 C.
1224 2020 1321 2059 defici.
1341 2018 1473 2060 instrum.
1498 2019 1637 2059 ideoque
1662 2019 1682 2051 fi
1701 2021 1775 2061 quid
1800 2019 1834 2051 fit
1854 2019 1970 2050 alicubi

1099 2059 1250 2098 obscure,
1274 2069 1326 2091 aut
1343 2062 1413 2102 neg}
1428 2069 1539 2102 genter
1563 2061 1735 2101 lcriptum;
1759 2060 1886 2092 rationis
1905 2059 1969 2098 est,

1099 2102 1277 2133 difficultati
1303 2102 1458 2134 subveniri
1482 2102 1655 2133 collatione
1678 2102 1743 2142 (1.1.
1769 2112 1814 2142 17.
1842 2111 1910 2141 quac
1935 2101 1971 2132 sit

1099 2144 1229 2175 clarior:
1253 2142 1329 2174 sicut
1354 2143 1416 2174 huc
1441 2142 1505 2183 ipse
1523 2143 1552 2174 se
1575 2145 1707 2175 remittit
1726 2143 1912 2183 justinianus
1938 2143 1970 2173 in

1098 2187 1126 2215 d.
1146 2191 1193 2224 pr.
1220 2184 1275 2215 llle
1295 2192 1382 2215 certe
1401 2194 1430 2215 111
1449 2186 1475 2215 d.
1492 2185 1510 2215 l.
1534 2194 1578 2225 17.
1604 2194 1664 2215 non
1691 2186 1788 2215 utitur
1807 2183 1969 2224 praetcrito

1100 2234 1266 2264 tempore,
1291 2225 1341 2256 sed
1367 2225 1498 2256 futuro:
1521 2235 1584 2257 non
1602 2226 1684 2257 enim
1708 2225 1801 2264 dicit,
1824 2235 1883 2256 ven
1898 2225 1969 2256 litio

1100 2268 1257 2304 celebrata,
1282 2266 1333 2297 sed
1352 2268 1492 2306 facienda
1518 2266 1647 2307 emptio.
1672 2266 1811 2298 similiter
1835 2276 1898 2297 nou
1925 2267 1969 2297 di·

1101 2310 1165 2346 cit,
1189 2310 1241 2349 qui
1269 2309 1418 2345 vendicta,
1445 2307 1515 2347 sed,
1531 2310 1589 2355 qui
1612 2309 1733 2339 vendere
1753 2308 1897 2348 pollicitus
1915 2305 1965 2347 eft.
1998 2326 2000 2328 v
2026 2315 2027 2318 ’

1101 2349 1176 2380 item
1196 2359 1261 2380 non
1287 2349 1384 2388 dicit,
1408 2351 1459 2390 qui
1483 2357 1568 2388 emit,
1593 2349 1662 2388 sed,
1687 2350 1737 2390 qiii
1760 2358 1847 2379 emere
1864 2348 1968 2387 pactus

1100 2388 1146 2431 est.
1170 2389 1339 2422 manifesto
1365 2399 1572 2431 argumento,
1596 2390 1646 2421 illa
1672 2401 1711 2421 ne
1735 2391 1764 2421 in
1792 2388 1967 2420 Institutio-

1100 2433 1189 2463 nibus
1208 2431 1334 2471 quidem
1352 2440 1503 2472 oportere
1522 2433 1552 2463 in
1572 2433 1733 2472 praeterito
1751 2439 1896 2470 tempore
1920 2432 1967 2461 in-

1100 2472 1219 2513 telligi:
1255 2472 1307 2504 sed
1330 2473 1497 2503 celebratam
1527 2473 1721 2512 emptionem
1755 2471 1804 2502 vel
1839 2472 1881 2502 lbi
1908 2481 1966 2511 pro

1099 2514 1293 2545 celebrandam
1310 2514 1427 2554 accipi:
1451 2524 1515 2545 non
1534 2513 1676 2544 inusitata
1700 2521 1880 2551 temporum
1899 2523 1966 2543 mu-

1099 2557 1239 2593 tatione,
1263 2554 1358 2585 etiam
1379 2555 1452 2586 alibi
1475 2564 1491 2584 a
1517 2564 1568 2586 me
1592 2553 1813 2585 anitiiadversa.
1868 2553 1966 2586 Poslit

1099 2606 1230 2637 quoque
1254 2595 1350 2634 istud,
1373 2595 1442 2626 Sive
1473 2597 1504 2625 in
1520 2596 1662 2635 scriptis,
1687 2593 1751 2632 sive
1768 2594 1831 2633 fine
1846 2596 1965 2636 scriptis

1097 2641 1223 2668 venditio
1241 2638 1377 2667 celebrata
1393 2634 1450 2675 est,
1474 2636 1504 2667 in
1523 2637 1610 2676 d.pr.
1630 2636 1669 2667 sic
1691 2636 1859 2674 explicari,
1883 2635 1968 2676 quafi

1098 2678 1152 2715 sit,
1184 2678 1213 2709 Si
1241 2677 1343 2708 actum
1369 2677 1432 2716 est3
1465 2685 1498 2708 ut
1523 2678 1668 2709 venditio
1695 2678 1745 2708 vel
1771 2679 1799 2708 in
1827 2679 1967 2717 scriptis,

1100 2721 1151 2751 vel
1183 2719 1245 2751 fine
1286 2717 1404 2759 scriptis
1436 2718 1625 2750 celebretur.
1664 2719 1827 2758 quomodo
1856 2719 1967 2759 saepius
2020 2751 2021 2755 ,

1100 2762 1181 2801 apud
1198 2760 1372 2798 Auctores,
1397 2768 1468 2791 cum
1493 2759 1636 2798 nostros,
1662 2768 1727 2791 tum
1754 2759 1846 2798 alios,
1870 2760 1968 2791 verba

1099 2811 1164 2833 non
1185 2800 1352 2837 effe-(tum,
1379 2799 1428 2831 sed
1447 2809 1617 2840 conatum,
1641 2802 1818 2841 indigitant.
1847 2800 1967 2833 Verum

1100 2842 1164 2874 hoc
1182 2843 1303 2874 ollendi
1320 2842 1366 2872 lib.
1386 2851 1412 2872 2.
1433 2842 1575 2873 Probabit.
1594 2852 1619 2873 c.
1636 2846 1664 2873 6.
1683 2852 1711 2873 n.
1729 2852 1757 2883 3.
1782 2841 1817 2876 {5⁹
1834 2852 1857 2873 c.
1880 2852 1925 2874 11.

1145 2885 1374 2920 Abi-umpamus
1399 2884 1462 2914 hoc
1499 2882 1585 2915 filum
1603 2907 1612 2921 ‚
1644 2884 1671 2913 ἀ
1704 2892 1900 2915 revertamur
1929 2883 1968 2915 ad

1098 2926 1172 2967 juris
1194 2925 1342 2965 regulam.
1368 2934 1407 2955 ex
1424 2935 1459 2955 ea
1476 2934 1536 2956 non
1557 2924 1659 2964 potest
1678 2925 1805 2965 quidem
1832 2924 1968 2964 perfecta

1101 2975 1267 3006 utriusque
1287 2965 1437 2996 consensu
1455 2968 1598 3006 emptio,
1617 2967 1706 2997 unius
1725 2966 1854 2997 dissensu
1869 2964 1969 2995 dissol-

1101 3009 1148 3040 vi:
1172 3008 1222 3039 sed
1241 3016 1308 3037 eam
1324 3007 1483 3038 contrario
1501 3008 1661 3046 utriusque
1678 3007 1828 3038 consensu
1845 3005 1968 3043 resolvi,

1102 3049 1178 3081 nihil
1196 3047 1344 3088 impedit:
1362 3050 1452 3079 nimis
1472 3057 1570 3085 noro,
1591 3049 1838 3088 unumquodque
1853 3047 1971 3078 eodem

1103 3090 1225 3122 dissolvi
1246 3092 1346 3120 modo
1365 3099 1428 3127 quo
1446 3091 1615 3130 colliga'ur
1631 3089 1640 3119 l
1670 3100 1718 3129 35.
1735 3090 1778 3118 D.
1793 3089 1825 3117 de
1840 3088 1969 3128 reg.jur.

1102 3141 1163 3164 nec
1190 3131 1271 3162 male
1295 3134 1377 3170 apud
1402 3130 1528 3162 Paulum
1557 3131 1690 3170 Julianus
1714 3129 1733 3159 l.
1750 3138 1777 3167 3.
1806 3126 1846 3158 D.
1872 3130 1904 3158 de
1927 3138 1971 3158 re-

1094 3175 1191 3214 scind.
1208 3173 1295 3203 vend.
1323 3181 1438 3211 negat,
1463 3173 1577 3203 deinde
1601 3181 1638 3202 ex
1664 3177 1773 3208 empto
1793 3169 1839 3209 agi
1864 3169 1970 3214 posse:

1103 3214 1165 3249 hac
1183 3222 1306 3255 optima
1330 3222 1452 3249 ratione
1468 3236 1479 3254 ‚
1509 3213 1596 3254 quod
1621 3213 1714 3243 bonae
1737 3209 1810 3242 fidei
1832 3211 1973 3283 judicic?

1882 3260 1940 3292 qua
1956 3259 1974 3282 e
