2052 3487
246 202 316 236 dum
332 200 382 243 fit.
435 193 644 244 Ulpianus&
664 195 875 235 Trvpboninus
889 194 1015 240 expofitz'

245 252 271 285 d.
300 252 319 284 l.
344 261 397 283 10.
426 249 466 283 D.
496 247 530 280 de
542 246 670 291 justitia
695 241 829 289 &jura
850 243 868 276 Ι.
890 253 944 287 31.
968 244 1012 278 D.

247 297 393 344 Depositi.
417 298 477 338 l.4.
496 293 524 341 §.
545 306 572 328 1.
595 294 634 327 D.
660 293 802 326 Familiae
822 291 1012 336 erciscundae.

246 349 265 382 Ι.
289 356 341 380 12.
369 343 396 391 §.
421 355 471 378 11.
493 345 534 377 D.
563 342 709 375 Mandati
729 341 779 374 vel
796 348 913 374 contra.
967 349 1013 383 47

149 396 209 432 ΙΙΙ.
245 395 431 430 Nlarcianus
447 391 623 425 emendatus
641 390 659 424 Ι.
679 399 710 431 5,
729 390 773 424 D.
791 388 827 422 de
847 390 1016 423 interdictis

247 440 288 482 ἐξ
303 442 445 486 re'egatis
462 437 502 478 δέ)
520 440 694 484 deportatis.
966 443 1013 480 48

150 492 212 528 IV.
249 492 383 524 creditor
408 500 449 522 an
476 485 516 526 ἐξ
540 487 655 532 quando
681 487 726 521 rei
748 486 855 520 debitce
870 484 934 530 fur
958 494 1013 520 aut

240 539 344 586 prcedo
354 536 425 582 stt?
451 537 469 570 l.
489 546 520 577 9.
542 537 571 569 C.
591 537 625 570 de
642 535 824 580 adquirenda
843 533 1013 581 pqffeffione

243 587 434 629 emacularet,
470 582 510 624 ἐξ
530 584 660 630 Virgilii
678 585 799 629 elegans
819 584 899 617 locus
917 585 1013 617 addu-

245 638 320 670 fftus.
968 641 1015 673 49

169 686 216 721 V.
241 683 373 734 Quando
391 680 432 722 E?
445 683 495 717 ubi
512 683 542 716 in
561 681 778 715 criminalibus
794 679 891 723 causis
906 680 941 714 de
943 679 1013 726 ser-

238 736 286 769 vis
303 732 447 777 adversus
463 732 596 766 dominos
613 731 762 764 habeatur
770 729 900 776 qucellio.
930 730 1014 764 Pars

238 784 333 829 prior.
362 783 379 815 l.
406 792 417 815 s
460 781 490 814 C.
516 780 550 813 de
570 778 781 826 quaestionibus
809 779 968 813 vindicata
991 789 1013 812 a

243 830 352 865 menda
371 828 412 868 δὲ’
434 827 577 875 exposita.
965 837 1012 869 5ο

147 879 210 917 VI.
247 891 277 914 1.
304 878 439 926 Quando
471 880 502 911 in
533 876 630 923 caufis
653 877 837 923 pecuniariis
862 883 1013 910 tormenta

235 926 402 975 servorum
434 925 580 972 adversus
611 928 743 961 dominos
775 924 1012 960 adhibeantur?
1040 965 1042 979 Ι

242 977 365 1011 Earum
384 987 450 1009 cum
471 977 650 1009 criminibus
667 974 864 1019 comparatio.
887 974 1012 1008 Senten·
1041 982 1042 986 ’

243 1027 290 1060 tia
305 1022 346 1063 5?
372 1025 455 1058 lenio
470 1025 642 1072 posterioris
664 1027 765 1070 partis
788 1024 816 1057 d.
835 1024 855 1057 l.
877 1034 906 1059 1.
928 1023 957 1056 C.
979 1022 1014 1057 de

240 1072 462 1120 qzuestionibus.
493 1083 523 1106 2.
545 1071 586 1111 ἐξ
608 1084 638 1118 3.
668 1073 784 1107 Ibidem
804 1073 917 1117 inopia
935 1081 1013 1115 pro-

241 1124 417 1158 bationum
441 1122 511 1167 quid
521 1121 585 1166 fit.
616 1134 654 1156 ex
678 1121 805 1166 Apulejo
824 1128 913 1166 atque
935 1120 1013 1154 Ovi-

241 1173 289 1206 clio
300 1169 507 1217 fingulariter
530 1171 777 1213 deruanslrocmn.
832 1170 949 1215 Cujacii
966 1182 1011 1204 re-

230 1222 316 1268 jecta
340 1221 521 1255 emendatio.
576 1220 705 1253 Leonini
727 1222 800 1253 'item
827 1219 1013 1264 Robcrtique

231 1268 402 1316 sententia.
460 1268 621 1302 Dese-&us
639 1267 876 1311 prob-duonum
895 1268 1011 1312 quando

232 1317 306 1364 fit?
334 1316 481 1366 Quando
502 1318 596 1352 aliter
614 1317 740 1351 veritas
766 1316 928 1359 inveniri,
957 1323 1013 1350 aut

239 1367 338 1401 aliter
364 1365 542 1401 illuminari
571 1377 641 1402 non
666 1364 784 1410 poffic,
821 1376 923 1411 quarn
951 1376 1013 1409 per

240 1415 436 1451 tormenta?
463 1416 628 1462 Scrupulus
653 1425 691 1449 ex
714 1414 914 1459 compluribus
938 1414 1012 1448 locis

414 109 670 148 ELENCHUS
696 107 918 145 CAPITUM
946 102 1278 143 PROBABILIUM
1305 104 1441 153 JURIS
1460 105 1648 146 CIVILIS.

1154 201 1321 240 exemptus.
1369 206 1404 240 4.
1433 195 1687 242 Jusjurandum,
1706 198 1791 245 quod
1794 197 1920 246 supple-

1154 243 1265 276 corium
1288 244 1379 289 vulgo
1406 253 1533 288 vocant,
1561 247 1678 291 quando
1705 259 1724 282 a
1744 247 1921 292 Judicede-

1145 288 1235 335 ferri
1241 289 1342 337 soleat
1353 293 1370 326 ,9
1387 293 1555 340 illustrata
1572 295 1589 329 l.
1605 306 1637 340 3.
1659 296 1690 330 C.
1701 296 1736 330 de
1753 297 1840 331 rebus
1856 308 1923 330 cre-

1156 339 1230 373 ditis
1249 337 1515 387 &jurejurando
1537 345 1611 378 item
1625 345 1644 379 l,
1659 355 1699 386 31
1728 345 1770 379 D.
1790 346 1825 380 de
1834 346 1923 391 jure-

1148 389 1292 433 jurando.
1321 390 1477 434 Francisci
1494 392 1635 428 Duareni
1652 391 1845 440 &Hugonis
1856 394 1922 428 Do-

1156 437 1228 470 nelli
1247 438 1374 472 laudata
1391 451 1426 473 ac
1434 438 1569 485 firmata
1579 441 1744 485 sententia.
1873 453 1892 485 5
1903 452 1920 476 Ι

1058 484 1138 520 VII.
1159 485 1308 530 Ulpianus
1324 489 1500 522 emendatus
1517 490 1536 523 l.
1553 500 1595 523 10
1622 491 1664 526 D.
1682 491 1717 526 de
1733 489 1787 538 usu
1806 487 1847 529 &²
1865 491 1921 525 ba-

1154 535 1321 577 bitatione‚
1347 536 1528 582 transposita
1547 540 1654 574 vocula
1673 548 1800 575 tamen.
1875 548 1923 581 52

1058 581 1155 618 VIII.
1166 583 1316 618 Mendum
1327 586 1486 629 sublatum
1502 598 1540 621 ex
1553 587 1682 633 Ulpiani
1696 589 1715 624 l.
1728 599 1760 632 5.
1779 587 1808 636 §
1821 599 1852 633 3.
1876 589 1922 625 D.

1158 630 1414 678 Usufructuarius
1431 636 1678 680 quemadmodum
1695 646 1815 672 caveat.
1874 647 1895 679 5
1900 647 1920 682 3

1058 678 1117 716 ΙΧ.
1157 684 1208 715 An
1226 682 1340 717 eirena
1357 685 1543 728 negotiorum
1559 685 1714 732 gestorum
1732 688 1809 721 auio
1826 686 1922 719 domi-

1151 740 1187 763 no
1204 730 1290 764 detur
1307 730 1450 777 adversus
1467 733 1637 778 prceilonem
1649 734 1667 767 ?
1703 735 1771 769 huic
1790 737 1861 769 item
1880 745 1923 768 an

1154 781 1311 814 contraria
1328 779 1473 826 adversus
1486 781 1570 815 illum
1587 783 1761 828 competat?
1788 783 1889 817 Labes
1905 794 1923 817 e

1151 827 1219 904 143.
1235 826 1264 874 §.
1285 839 1317 873 3.
1335 829 1379 864 D.
1398 830 1433 863 de
1449 832 1582 876 negotiis
1597 832 1695 879 gellis
1716 830 1836 879 detersa
1854 829 1924 876 stn-

1154 888 1171 904 ff
1908 897 1912 901 ,

1080 922 1122 958 Χ.
1148 885 1378 960 ἳῖἷὲαῖᾗζῖαῑεῑ
1392 927 1430 961 ao
1443 927 1575 973 Ulpiano
1597 930 1628 964 in
1647 930 1666 965 l.
1686 939 1715 964 1.
1732 928 1762 977 ς.
1782 938 1814 971 7.
1833 890 1924 963 1).ἷῖ

1153 972 1296 1008 AEdilitio
1320 976 1412 1010 edic‘Zo
1431 1002 1440 1018 ‚
1469 978 1542 1010 item
1570 979 1601 1010 in
1627 979 1647 1012 l.
1668 988 1701 1020 5.
1719 977 1747 1025 ᾖ.
1773 988 1802 1013 Ι.
1827 978 1869 1012 D.
1888 978 1925 1011 cle

1145 1024 1217 1068 jure
1233 1024 1417 1058 deliberandi
1438 1050 1447 1065 ‚
1483 1022 1525 1063 ὅ)
1547 1037 1566 1059 a
1585 1024 1774 1073 Tryphonino
1792 1027 1824 1061 in
1850 1026 1872 1061 Ι.
1887 1036 1926 1068 9.

1154 1072 1197 1106 D.
1227 1073 1263 1106 de
1278 1073 1367 1106 rebus
1383 1073 1492 1107 dubiis.
1876 1083 1926 1117 54

1056 1119 1112 1155 XI.
1153 1120 1328 1154 Intellefflis
1353 1122 1372 1156 l.
1393 1125 1450 1165 78.
1475 1119 1505 1169 §.
1525 1122 1582 1159 ult.
1602 1123 1647 1159 D.
1666 1123 1701 1159 de
1719 1122 1928 1158 contrahenda

1151 1170 1308 1214 emptione.
1876 1180 1925 1214 55

1056 1217 1131 1252 XII.
1155 1217 1326 1252 Fictionum
1353 1219 1384 1252 in
1399 1219 1473 1264 jure
1501 1216 1596 1264 ufits,
1624 1217 1665 1259 δέ’
1694 1221 1835 1266 exempla
1866 1231 1924 1255 non

1153 1268 1340 1303 inconcinna.
1393 1269 1432 1301 In
1449 1268 1495 1301 bis
1511 1268 1583 1312 quid
1599 1267 1741 1304 servitus
1759 1279 1867 1315 poenae
1887 1281 1924 1303 a-

1150 1316 1214 1360 pud
1230 1316 1346 1363 nostros
1357 1344 1365 1358 ‚
1384 1314 1424 1355 δέ)
1442 1328 1496 1350 cur
1512 1329 1546 1351 ea
1562 1317 1691 1353 inventa
1697 1316 1743 1363 fit
1753 1346 1762 1362 ‚
1776 1319 1923 1354 hactenus

1152 1365 1283 1399 nondum
1300 1365 1417 1399 tradita
1425 1366 1598 1412 sententia.
1871 1367 1922 1409 56

729 1509 950 1545 LIBRI
1010 1509 1338 1560 QUARTI.

188 1610 214 1646 I.
246 1620 273 1643 r.
296 1608 347 1643 An
365 1609 430 1654 quis
446 1606 533 1655 pofflt
542 1607 703 1652 (edificium
715 1617 769 1642 aut
781 1609 949 1654 quidaliud
959 1617 1011 1654 po·

241 1669 312 1692 nere
328 1656 503 1704 influmine
519 1659 635 1703 publico
647 1685 654 1696 ,
673 1655 713 1696 &³
730 1656 1013 1702 quemadmodum?

243 1707 325 1741 Item
353 1707 423 1752 quid
447 1707 531 1753 juris
548 1704 591 1750 stt
619 1707 651 1739 in
676 1707 757 1740 mari
787 1713 843 1740 aiit
878 1707 977 1740 littore
995 1705 1013 1739 ,9

242 1766 275 1791 2.
302 1756 440 1791 Sccevola
463 1756 615 1790 cori-caus
637 1755 657 1790 l.
683 1755 737 1790 ult.
757 1755 799 1791 D.
823 1753 1012 1801 deflumini-

239 1805 305 1839 bus.
961 1806 1009 1845 53

167 1854 210 1889 II.
239 1853 441 1900 Imperatores
460 1879 468 1894 ,
507 1852 602 1886 Carus
620 1877 630 1894 ‚
667 1852 797 1886 Carinus
826 1850 866 1890 ἐξ
891 1851 1011 1885 Nume-

1153 1608 1252 1643 datur.
1288 1610 1319 1643 6.
1352 1606 1504 1642 Tentatur
1517 1609 1582 1655 ejcts
1599 1609 1801 1655 interpunctio
1817 1610 1848 1644 in
1869 1609 1925 1644 Ti-

1153 1659 1215 1691 tulo
1245 1668 1273 1691 1.
1313 1657 1489 1691 Collationis
1507 1657 1629 1703 Legum
1651 1658 1865 1704 Mosaicaium
1881 1655 1923 1697 ἐξ

1154 1706 1377 1742 Romanarum.
1426 1714 1457 1749 7.
1485 1706 1602 1740 Eadem
1615 1715 1690 1752 pars
1704 1707 1850 1752 posterior
1868 1719 1923 1741 ex-

1146 1757 1289 1801 ponitur:
1307 1754 1420 1800 fisnul,
1444 1755 1517 1799 quid
1534 1756 1620 1800 juris
1630 1753 1696 1799 sit,
1713 1754 1745 1799 fi
1762 1756 1845 1789 bomo
1864 1756 1924 1790 im.

1148 1810 1221 1849 potu
1237 1806 1267 1837 in
1288 1806 1359 1838 rixa
1367 1802 1530 1848 fortuita,
1557 1810 1613 1838 aut
1624 1812 1681 1849 per
1698 1805 1858 1849 lasciviam
1875 1814 1924 1838 oc-

1152 1850 1293 1896 cifusstt.
1789 1856 1844 1894 64.
1875 1854 1923 1895 65

238 1903 346 1937 rianus
363 1929 372 1944 ‚
402 1902 578 1942 emendati,
605 1903 754 1945 expuntta
773 1902 862 1935 litera
884 1901 914 1934 in
934 1900 953 1932 l.
977 1902 1011 1935 6.
1054 1898 1316 1950 VIH.Quadam
1349 1911 1414 1945 quae
1445 1901 1546 1946 priori
1566 1899 1730 1945 sententiae
1762 1900 1923 1947 adversari

243 1952 274 1986 C.
302 1952 337 1985 de
362 1952 457 1993 pactis
475 1952 555 1984 inter
574 1958 737 1995 emptorem
761 1948 802 1988 δέ)
823 1950 1010 1984 venditorem

243 1998 418 2045 compofitis.
966 1999 1013 2031 60

168 2049 225 2085 ΙΙΙ.
248 2049 401 2094 Ulpianus
421 2048 593 2082 emendatus
613 2049 629 2082 Ι,
648 2057 697 2092 13.
714 2045 742 2093 ᾗ.
760 2055 787 2080 1.
810 2047 851 2082 D.
864 2047 1011 2092 depigne-

243 2099 351 2133 ratitia
379 2099 494 2131 actione
512 2098 561 2131 vel
576 2105 703 2136 contras,
733 2094 774 2134 ἐξ
789 2097 946 2130 contraria
962 2106 1011 2129 cu-

233 2147 362 2194 jusdam
373 2146 526 2191 sententia
543 2145 691 2192 proposita
708 2143 749 2183 ὅς’*
763 2143 915 2190 refutata.
949 2143 1012 2178 Ex·

242 2194 334 2240 pofitn
353 2196 372 2230 Ι.
397 2205 447 2235 19.
475 2195 504 2228 C.
520 2195 553 2228 de
569 2196 746 2240 pignoribus
762 2192 805 2232 ἐξ
822 2193 1010 2239 hypothecis,

241 2243 283 2284 δὲ)
308 2244 326 2278 Ι.
349 2247 379 2281 3.
412 2244 442 2277 C.
459 2244 493 2277 de
517 2244 720 2289 pignoratitia
746 2244 871 2277 actione.
964 2249 1009 2275 60

246 2292 346 2338 Celsus
372 2304 410 2327 cx
437 2293 607 2338 conjettura
626 2292 803 2326 emendatus
816 2292 918 2337 priore
935 2300 1009 2337 par-

242 2350 271 2378 te
305 2343 323 2377 l.
359 2342 415 2377 ult.
455 2342 495 2374 D.
530 2341 564 2374 (le
597 2342 780 2374 condictione
813 2339 903 2384 causa
936 2340 1011 2376 data

242 2390 334 2435 causa
360 2402 418 2425 non
442 2388 577 2434 sequuta.
964 2392 1007 2423 62

169 2440 216 2477 V.
247 2452 277 2474 1.
306 2439 405 2486 Celsus
424 2439 597 2481 declaratus
619 2446 706 2483 parte
725 2438 825 2472 altera
851 2438 870 2472 Ι.
889 2439 943 2473 ult.
966 2438 1009 2472 D.

241 2489 276 2524 de
290 2489 471 2523 condictione
491 2486 584 2533 caufiz
603 2488 676 2521 data
693 2485 783 2532 causa
802 2487 1009 2533 nonftquuta.

243 2549 274 2573 2.
305 2535 345 2577 ὅ)
373 2537 471 2572 Paulo
495 2537 513 2569 Ι-
533 2545 565 2578 5.
594 2535 622 2583 §.
649 2547 680 2572 Ι.
708 2537 752 2571 D.
780 2537 815 2571 de
827 2537 994 2583 praescripti

244 2587 346 2623 verbis
363 2585 549 2620 conciliatus.
966 2585 1013 2628 64

247 2635 378 2671 Lacuna
402 2633 520 2677 expleta
547 2635 630 2681 apud
652 2634 784 2669 Paulum
809 2635 829 2670 I.
850 2643 883 2678 7.
907 2634 950 2669 D.
979 2635 1013 2669 de

242 2686 363 2720 nautico
378 2682 509 2729 femore.
965 2687 1012 2726 64

147 2729 400 2770 V11.1.‘'Poena
433 2731 509 2775 legis
534 2731 679 2766 Corneliae
704 2732 740 2765 de
763 2730 882 2774 ficariis
904 2733 1014 2777 puniri

238 2777 532 2823 latrocinimn‚stve
550 2782 739 2814 homicidum
762 2781 823 2815 dolo
852 2782 932 2815 malo
949 2780 1010 2827 fa-

239 2835 345 2867 teum:
386 2839 415 2863 2.
444 2828 515 2861 Mn
534 2829 564 2862 id
576 2829 653 2874 quod
666 2831 696 2863 iiz
715 2831 785 2862 rixa
801 2828 943 2874 fortuita
960 2837 1010 2864 at-

244 2893 299 2926 que
316 2875 481 2924 improvisa
495 2876 731 2923 contigitsubito
749 2879 872 2924 impetu.
903 2888 932 2922 3.
947 2880 1010 2914 Va-

242 2931 300 2964 ria·
324 2928 463 2963 lectiones
488 2926 506 2960 l.
534 2937 563 2961 1.
599 2926 627 2973 §.
649 2936 679 2970 3.
724 2927 775 2960 Ad
806 2927 904 2973 legem
940 2928 1010 2962 Cor-

243 2979 355 3013 neliam
381 2973 560 3021 deficariis.
611 2987 646 3020 4.
665 2975 882 3019 Interpretatio
896 2978 1010 3021 prioris

238 3029 344 3074 partis
360 3025 493 3074 ejusdem
509 3024 573 3060 loci.
603 3036 635 3069 5.
653 3025 734 3059 Pars
746 3023 893 3070 posterior
911 3037 1010 3060 emen-

144 2294 209 2330 IV.

149 2634 210 2672 VI.

1151 1952 1295 1983 videmur
1311 1976 1320 1990 ‚
1354 1950 1475 1985 ratione
1502 1946 1543 1988 Εὖ)
1570 1949 1715 1985 Weterum
1741 1952 1923 1985 auctoritate

1155 1997 1367 2043 z'r4fi1·iizantur·.
1509 2029 1511 2031 ,
1874 2002 1920 2042 67

1056 2047 1116 2082 IX.
1158 2047 1310 2092 Ulpianus
1328 2046 1515 2082 emendatus.
1535 2045 1597 2080 Tit.
1618 2057 1648 2082 Ι.
1670 2047 1844 2082 Collationis
1859 2047 1924 2082 Le·

1151 2107 1226 2140 gum
1247 2093 1457 2139 Mrffaicarum
1476 2092 1516 2133 ἐξ
1534 2095 1755 2130 Romanarum.
1873 2098 1919 2138 69

1079 2144 1121 2179 X.
1155 2142 1363 2189 Confirmatur
1388 2145 1557 2178 emendatio
1575 2170 1583 2185 ,
1616 2156 1680 2189 quse
1709 2151 1826 2179 tentata
1846 2144 1921 2189 fuit

1159 2194 1234 2228 libro
1243 2191 1376 2237 secundo
1391 2194 1488 2238 capite
1505 2193 1611 2226 ottavo
1626 2195 1657 2228 in
1676 2194 1840 2228 Marciano
1852 2195 1870 2226 l.
1883 2204 1918 2236 5.

1150 2252 1197 2288 pr.
1226 2243 1267 2276 D.
1298 2241 1420 2290 Quibus
1440 2242 1533 2276 modis
1556 2242 1670 2287 pignus
1688 2244 1738 2277 vel
1758 2243 1922 2289 hypotheca

1142 2289 1288 2335 solvitur.
1874 2300 1920 2334 70

1078 2340 1137 2375 XI.
1158 2351 1188 2374 1.
1219 2337 1321 2384 Gloffiz
1342 2346 1483 2384 exempta
1503 2351 1541 2374 ex
1565 2340 1643 2384 Gajo
1667 2340 1686 2374 l.
1706 2349 1738 2385 7.
1764 2339 1792 2387 §.
1815 2349 1846 2374 2.
1874 2341 1918 2374 D.

1151 2389 1274 2439 Quibus
1291 2388 1383 2422 modis
1397 2390 1508 2434 pignus
1526 2389 1576 2423 vcl
1599 2389 1761 2433 hypotheca
1769 2387 1918 2435 solvitur.

1152 2449 1184 2472 2.
1213 2438 1398 2471 Marcianus
1424 2436 1574 2484 expositus
1600 2438 1619 2473 l.
1638 2440 1668 2475 8.
1697 2436 1726 2484 ᾗ.
1745 2448 1777 2473 2.
1800 2440 1843 2473 D.
1871 2449 1920 2472 eo-

1151 2487 1217 2522 dem
1244 2486 1343 2521 titulo.
1873 2497 1920 2531 70

1056 2534 1132 2572 XII.
1155 2547 1183 2570 1.
1199 2535 1248 2570 De
1263 2534 1408 2569 mandato
1426 2532 1467 2574 ἐξ
1483 2536 1548 2582 ejus
1565 2536 1691 2579 origine.
1714 2544 1742 2569 2.
1759 2532 1800 2574 ἐξ
1819 2545 1849 2580 3.
1878 2536 1921 2570 Id

1152 2584 1398 2630 quemadmodum
1420 2596 1440 2618 a
1462 2586 1665 2619 commendato
1687 2581 1727 2623 ὃ)
1753 2597 1773 2617 a
1800 2583 1921 2629 confilio

1153 2633 1349 2673 discernatur.
1395 2644 1429 2677 4.
1458 2634 1528 2667 Non
1544 2632 1600 2678 effe
1620 2633 1833 2678 obligatorium
1852 2645 1919 2666 con—

1145 2682 1251 2729 filium
1268 2709 1276 2723 ‚
1305 2680 1338 2726 fi
1367 2683 1423 2715 tibi
1429 2679 1609 2727 specialiter
1618 2680 1770 2726 suadeam
1790 2682 1822 2713 id
1842 2681 1921 2726 quod

1153 2744 1210 2765 non
1219 2729 1332 2777 fuiffi’s
1341 2729 1491 2776 facturus
1507 2757 1516 2773 ‚
1555 2729 1612 2774 rufi
1635 2742 1688 2776 ego
1708 2730 1765 2763 tibi
1780 2730 1919 2764 hortator

1139 2780 1281 2826 fitillem.
1322 2789 1355 2822 5.
1385 2780 1576 2814 Mandatum
1595 2780 1652 2813 tibi
1669 2786 1723 2812 tua
1736 2780 1845 2824 gratia
1861 2777 1919 2823 ff

1151 2828 1325 2874 consilium,
1353 2841 1411 2864 non
1430 2829 1625 2863 mandatum:
1659 2839 1751 2872 neque
1774 2829 1806 2860 in
1824 2840 1856 2861 eo
1872 2831 1921 2861 in-

1152 2876 1273 2923 teresse,
1301 2885 1404 2912 utrum
1429 2878 1590 2912 mandator
1607 2878 1638 2911 in
1651 2875 1847 2923 sefiffcipiat
1866 2887 1919 2910 ne·

1148 2929 1228 2972 gotiz'
1243 2927 1409 2971 periculum
1421 2953 1430 2969 ,
1452 2939 1493 2961 an
1508 2925 1733 2971 nonsuscipiat.
1764 2927 1796 2959 6.
1811 2925 1919 2959 Lectio

1152 2973 1363 3021 &sententia
1386 2977 1407 3013 l.
1427 2977 1458 3011 6.
1476 2974 1506 3023 §.
1523 2986 1558 3019 4.
1575 2973 1617 3016 f?
1632 2985 1667 3019 5.
1694 2975 1739 3011 D.
1766 2973 1918 3010 Mandati

1153 3026 1202 3059 vel
1217 3031 1332 3059 contra.
1870 3029 1914 3066 71

1826 3259 1921 3297 GE-
