2052 3487
423 134 457 170 D
473 145 494 169 a
543 134 897 181 Junismcno'na

58 226 122 259 lata
150 225 269 258 civium
302 224 518 257 Romanorum
543 223 671 263 capita,
701 224 850 263 pecunias
875 232 916 254 ex

60 268 169 299 aerario
192 274 382 307 acceperant
401 287 410 303 ,
442 273 632 304 quamquam
657 274 814 305 exceptos
836 264 915 296 Cor-

57 310 147 341 neliis
165 308 311 350 Legibus.
354 307 422 347 Jam
442 314 476 336 ut
495 306 633 344 Praetor‚
657 306 698 337 fic
709 306 813 346 judex
830 316 915 347 quae-

60 350 187 388 stionis,
212 348 337 390 praefuit
349 348 497 388 Judicum
513 345 733 379 sortitionibus
752 347 781 378 ὅ(
798 347 914 378 subsor-

62 392 238 423 titionibus.
277 389 329 421 De
346 390 487 422 Praetoi·e
505 397 593 419 certe
609 387 761 419 Asconius
773 412 782 427 ,
795 389 915 420 Prooem.

58 433 115 464 ast.
138 435 169 463 in
192 432 278 463 Verr.
297 437 329 471 p.
345 440 394 471 47.
418 430 497 461 item
517 430 638 461 Seneca
660 432 687 462 d.
711 431 763 461 loc.
797 430 859 462 Sed
885 431 914 461 ἀ

59 474 142 515 apud
160 472 336 512 Virgilium.

136 514 277 558 Qitesitor
298 511 399 544 Minos
419 520 524 542 urnam
539 517 640 543 movet.
664 531 717 537 ——
737 532 791 536 —

55 556 105 588 Ad
120 555 263 596 Judicem
282 562 358 584 vero
377 554 557 593 quaestionis
584 553 699 594 spectat
723 555 800 586 illud
818 553 913 586 Asco-

56 599 102 630 nii
118 600 148 628 in
171 598 255 628 Orat.
272 594 400 625 Ciceron.
418 595 451 623 de
462 601 584 633 praeczir.
600 598 662 626 urb.
684 604 714 636 p.
729 606 796 633 109.
816 596 911 630 Ouin-

56 645 105 670 ιω
131 638 250 669 Curtius
266 636 361 677 judex
385 634 546 676 questionis
565 638 792 678 subsortiebatur
814 628 852 668 ‘in'
873 638 911 668 lo-

55 689 120 712 cum
137 678 301 720 rejectorum
323 678 458 716 improbos
474 678 597 718 jndices.
641 678 805 710 Postremo
825 678 910 710 Prae-

55 729 107 753 tor
130 729 201 751 cum
226 719 272 750 his
290 719 455 759 judicibus
474 719 525 756 qui
547 720 575 749 ei
596 719 679 751 sorte
703 721 885 760 obtigerant
899 742 909 758 ‚

53 771 113 804 pro
146 761 289 792 tribunali
317 758 425 791 sedens
448 759 690 801 cognoscebat,
728 763 757 792 ὅ(
779 761 908 792 interlo-

55 803 228 844 quebatur.
260 801 290 832 &
315 803 443 832 tandem
469 803 687 834 decernebat:
710 810 745 832 ut
768 802 909 842 pluribus

53 844 187 886 probavi
209 843 256 874 lib.
277 852 303 874 1.
328 851 388 883 cop.
404 853 434 881 4.
461 843 547 875 Idem
568 845 597 874 in
617 851 772 882 utroque,
796 844 827 873 id
845 842 908 880 est,

55 885 85 918 ἃ
102 885 241 916 Praetore
258 907 267 922 ‚
301 884 329 915 ἃ
349 884 459 923 Judice
481 885 681 924 quaestionis,
714 884 908 924 conjunffim

52 927 171 959 evincit
186 926 322 957 formula
344 926 436 966 Legis
455 925 615 957 Corneliae
634 927 673 957 de
693 925 805 957 ficariis
822 949 831 964 ‚
854 934 908 955 cu-

51 970 100 1009 jus
117 969 187 999 haec
205 967 300 998 verba
324 966 424 998 statim
443 968 540 1007 poiui.
590 967 634 997 Ut
653 969 677 997 is
694 967 823 1006 Praetor,
846 966 906 1006 Jn-

54 1012 145 1041 (lexve
161 1007 339 1051 qncestionis,
369 1009 418 1038 cui
426 1013 504 1048 sorte
530 1009 675 1039 obvenerit
693 1006 805 1049 quaestio
828 1009 860 1038 de
868 1005 908 1044 fi-

58 1053 163 1089 coriis,
186 1056 294 1091 quaerat
310 1059 374 1080 cuin
390 1049 433 1079 his
448 1049 610 1091 jndicibus,
637 1050 687 1090 qni
709 1059 745 1080 ex
759 1049 907 1089 legesorte

54 1094 227 1124 obvenerint.
270 1090 359 1132 Quid
385 1100 461 1130 ergo
477 1091 493 1122 ἱ)
516 1097 664 1130 apparet,
696 1099 766 1130 quae
787 1088 905 1130 Quaesi-

56 1134 134 1164 toris
151 1140 257 1173 partes
278 1133 387 1170 fuere,
400 1141 450 1163 eas
466 1131 582 1171 Judicis
599 1130 779 1171 quaestionis
797 1129 905 1169 fuisse,

56 1174 86 1205 ὃς
109 1180 249 1212 >contra;
282 1173 417 1212 denique
441 1172 526 1203 hunc
552 1172 696 1212 Judicem
720 1181 782 1202 non
809 1172 903 1202 alium

55 1215 145 1247 fuisse
160 1239 169 1254 ‚
198 1223 290 1255 quarn
315 1214 538 1245 mandatarium
555 1215 630 1244 meri
655 1213 798 1253 imperii3
821 1219 906 1244 eum-

56 1266 117 1297 que
134 1258 214 1288 adeo
234 1256 318 1285 vices
334 1253 498 1292 Praetoris,
521 1254 571 1285 vel
595 1252 748 1293 absentis,
780 1254 830 1285 vel
854 1254 905 1284 ali-

53 1306 123 1337 ter,
155 1306 196 1328 ex
220 1295 315 1336 Legis
342 1293 488 1335 permiss'u
519 1293 717 1327 sustinuiffe:
755 1295 903 1328 eumdem

750 1406 963 1443 CAPUT

940 1084 1092 1127 saicarmn
1116 1089 1151 1122 &³
1176 1089 1373 1119 Romanarum
1397 1088 1453 1119 Τιέ.
1476 1101 1499 1122 1.

947 143 998 170 ΕΤ
1027 134 1223 170 Invenio.
1278 134 1368 170 Lm.
1396 126 1445 172 ΙῘ.
1755 136 1825 180 1οᾶ

960 229 1077 263 porro,
1101 223 1120 256 fi
1139 223 1342 256 conferretur
1358 227 1430 256 cum
1455 224 1502 256 liis
1519 222 1570 265 qul
1588 227 1642 255 aut
1666 223 1820 268 Qiiaefitm

959 266 1004 303 ri,
1030 274 1082 296 aut
1101 265 1155 305 ipfi
1173 289 1182 302 ‚
1215 267 1245 296 in
1270 265 1409 297 Consilio
1435 267 1585 304 aderant,
1615 264 1820 307 Magistratus

959 305 989 336 &
1006 306 1191 347 Quaesitoris
1210 308 1425 347 appellatione
1443 307 1579 338 veniss'e:
1602 305 1624 338 si
1645 317 1722 338 vero
1746 316 1819 340 cum

958 345 1136 389 Quaesitore
1154 357 1409 388 compararetur,
1434 349 1530 390 magis
1545 346 1723 380 distinctum
1747 348 1777 379 ἀ
1800 358 1817 379 a

960 390 1145 431 Quaelitoris
1169 391 1198 420 ὅ(
1221 399 1237 419 a
1257 390 1458 429 Magistratus
1483 390 1697 430 appellatione
1724 389 1816 421 fuiss'e

958 435 985 461 ct.
1011 432 1029 461 l.
1053 440 1077 462 1.
1098 439 1144 471 pr.
1165 430 1201 464 ὅ)
1218 429 1244 470 §.
1260 439 1285 461 1.
1310 431 1351 461 1).
1377 432 1405 462 d.
1422 437 1443 461 ι.
1467 430 1605 462 Proinde
1617 430 1816 471 consequens

959 471 1019 503 ess‘e
1036 495 1045 510 ,
1083 481 1116 503 ut
1145 473 1248 502 verbis
1276 471 1338 503 istis
1362 472 1382 504 l.
1402 481 1427 504 1.
1453 471 1493 503 D.
1516 473 1548 502 cle
1573 470 1662 511 [fficio
1686 473 1747 514 ejus
1767 473 1816 503 cui

957 515 1096 544 mandata
1119 512 1157 553 est
1179 512 1343 554 jzirisdie‘i‘io
1362 536 1372 551 ‚
1406 512 1512 556 (Quod
1537 514 1594 553 lege
1615 513 1704 553 Julia
1728 516 1761 544 de
1782 515 1815 544 vi

957 556 1126 585 nominatim
1152 561 1295 592 cavetur,
1331 559 1364 583 ut
1388 554 1413 584 is
1440 556 1489 584 cui
1506 556 1635 595 obtigerit
1659 556 1813 593 exercitio,

949 595 1032 636 poffil
1059 606 1118 626 eam
1134 619 1142 633 ‚
1166 594 1195 632 fi
1210 594 1432 636 proficiscatur,
1456 597 1617 634 mandare)
1641 605 1703 626 non
1727 596 1814 627 reike

954 637 1064 668 inferii
1086 638 1247 675 videatur,
1273 636 1354 675 quasi
1373 636 1506 676 speciale
1530 637 1565 667 sit
1591 646 1627 666 ea
1653 638 1682 667 iii
1702 635 1811 678 Lege,

954 680 1041 719 quod
1060 688 1178 710 merum
1195 678 1362 717 imperium
1388 678 1525 708 mandari
1543 677 1714 717 potest3ut
1734 678 1821 709 mul-⁴

954 720 976 750 ti
1002 720 1203 750 existimant:
1235 720 1286 749 sed
1314 718 1395 758 quasi
1423 718 1503 750 solus
1529 718 1676 750 absentiae
1701 718 1810 758 casus,

953 770 1016 790 non
1032 761 1125 791 etiam
1144 761 1193 790 alii
1213 770 1249 791 ea
1271 761 1300 790 in
1321 759 1405 800 Lege
1426 761 1632 801 excipiantur.
1676 759 1738 791 Sed
1756 762 1812 791 mi-

953 801 984 831 hi
1004 809 1125 832 certum
1150 801 1213 837 est,
1247 810 1317 831 cuin
1341 800 1408 831 Lex
1432 802 1550 841 publici
1563 801 1671 842 judicii
1690 801 1810 843 Quasli-

953 843 1012 872 toi·i
1030 843 1118 873 addit
1140 842 1284 881 jndicem
1310 841 1489 882 quaestionis
1507 864 1517 882 ‚
1548 851 1613 876 tum
1639 851 1708 873 eam
1731 843 1810 874 meri

952 883 1075 922 imperii
1100 884 1333 914 mandationem
1358 884 1569 923 permittere:
1604 884 1730 915 solitum
1756 894 1809 914 ve-

952 934 988 955 ro
1013 924 1097 954 hunc
1122 924 1264 963 judicem
1290 924 1458 965 Quaefflori
1485 927 1555 958 addi
1579 927 1611 957 in
1637 925 1809 965 compluri-

950 965 1007 996 bus
1027 963 1163 1006 Legibus
1182 989 1190 1004 ‚
1222 967 1317 996 docet
1339 965 1490 1006 Ulpianus
1514 969 1534 999 l.
1555 976 1579 999 1.
1601 975 1645 1008 pr.
1672 966 1708 1000 &²
1731 966 1759 1007 ἓ.
1781 975 1807 999 r.

949 1006 991 1036 D.
1017 1007 1066 1036 Aci
1090 1008 1175 1048 legem
1200 1007 1358 1037 Corneliam
1383 1009 1416 1037 cle
1433 1007 1565 1044 ficmiis:
1595 1010 1744 1047 idemque
1766 1008 1808 1040 de

949 1046 1036 1086 Lege
1058 1047 1204 1078 Cornelia
1232 1047 1396 1078 attestatur
1422 1049 1576 1082 Collazione
1601 1051 1711 1090 Legum
1741 1049 1805 1081 Mo-

1547 1089 1672 1122 Tamen
1692 1090 1809 1131 quibus

949 1129 1084 1168 cafibus,
1110 1130 1287 1170 quibusque
1308 1128 1466 1169 Legibus,
1491 1132 1660 1174 Quaefitori
1681 1133 1809 1164 additus

949 1169 985 1202 sit
1002 1172 1027 1202 is
1051 1170 1152 1210 Judex
1168 1194 1177 1209 ‚
1210 1170 1307 1201 hodie
1333 1170 1394 1201 dici
1413 1180 1524 1212 nequit
1538 1197 1547 1212 ‚
1580 1180 1712 1214 propter·
1729 1173 1809 1214 inju-

949 1213 1023 1243 riam
1042 1219 1244 1253 temporum,
1269 1212 1383 1251 quibus
1405 1213 1590 1256 consumpta
1618 1214 1685 1246 sunt
1706 1214 1806 1254 plera-

948 1262 1010 1294 que
1033 1253 1186 1285 Veterum
1209 1261 1427 1285 monumenta.

1021 1400 1108 1443 VI.

54 1503 213 1540 Vicarizim
237 1503 321 1537 urbis
345 1503 449 1539 Romae
474 1514 512 1537 ex
539 1502 686 1538 Codicilli‘s
711 1502 866 1550 Principis
892 1515 1008 1540 ineram
1044 1505 1201 1549 imperinm
1235 1502 1395 1549 excrcznſje
1412 1531 1421 1547 ,
1461 1505 1624 1540 mandante
1658 1504 1813 1551 Prcefecl‘a

125 1554 233 1587 urbis:
269 1553 435 1600 cognovjſje
462 1550 503 1591 Εὖ)
527 1564 594 1587 cain
620 1552 782 1595 Fraefet‘io.

834 1553 884 1587 An
918 1551 1085 1597 Prcefec‘liis
1120 1555 1203 1587 urbis
1227 1555 1357 1599 potnerit
1383 1565 1499 1588 meram
1538 1556 1696 1600 imperium
1723 1567 1809 1588 man-

124 1602 195 1635 dare
220 1602 276 1635 alii
293 1627 303 1642 ,
339 1612 429 1647 qnam
455 1601 578 1637 Vicari'o
596 1601 613 1634 ἲ
647 1599 687 1640 &³
714 1602 805 1647 qaid,
822 1600 855 1646 st
880 1614 937 1637 non
963 1601 1031 1647 &stt
1060 1602 1224 1645 Vicarius,
1251 1610 1342 1647 atque
1366 1602 1426 1649 ipse
1452 1604 1550 1637 morbo
1576 1604 1716 1638 diuturno
1741 1605 1808 1649 *im-

119 1650 272 1697 pediretur
281 1649 299 1682 ἓ

51 1746 161 1819 Satis
179 1745 242 1777 dixi
262 1745 302 1776 de
325 1744 413 1785 Lege
429 1745 547 1786 publici
570 1745 690 1786 judicii.
717 1745 841 1778 transeo
867 1747 906 1779 ad

127 1786 279 1827 Principis
296 1785 581 1818 Constitutionem:
606 1797 667 1828 qua
685 1787 841 1820 Praefecto
857 1799 906 1819 iir-

52 1827 120 1866 bis,
143 1828 195 1867 qui
216 1837 255 1858 ex
272 1827 424 1868 Principis
440 1828 643 1860 conceffione
669 1837 790 1861 merum
808 1831 907 1870 impe-

51 1871 131 1900 rium
150 1869 293 1900 exercuit
309 1868 388 1900 intra
412 1869 521 1900 nibem
543 1869 573 1900 δε
592 1869 798 1901 centesimum
815 1872 854 1901 ab
872 1879 908 1901 ea

52 1909 190 1949 lapidem
214 1910 232 1941 l.
253 1919 278 1941 1.
303 1917 350 1950 pr.
376 1908 411 1944 ὣς
442 1909 470 1951 §.
486 1920 514 1950 ‘l-
542 1910 584 1941 D.
608 1912 640 1941 cle
662 1910 751 1951 officio
776 1910 910 1950 Proefefiffi

53 1953 145 1988 urbi,
176 1951 296 1982 additus
321 1951 383 1981 suit
409 1950 551 1983 Vicarius
580 1951 689 1983 urbis:
719 1960 754 1983 ut
776 1952 909 1993 pulchre

57 1992 258 2024 Caffiociorus
281 1992 377 2023 docet
397 1992 472 2023 loco
499 2001 592 2033 quem
616 1991 746 2033 apposui
769 1995 859 2034 capite
880 2002 905 2024 1.

54 2034 142 2072 hujus
158 2033 232 2064 libri.
275 2033 322 2064 Ad
340 2032 440 2073 quid?
469 2041 503 2064 ut
526 2034 558 2065 id
583 2041 750 2065 exerceret
767 2057 776 2072 ,
804 2034 909 2065 absen-

54 2083 86 2105 te
102 2098 111 2113 ‚
136 2075 185 2106 vel
203 2075 371 2106 mandante
392 2073 550 2106 Praefecto
569 2076 664 2107 urbis.
707 2074 779 2106 Nec
803 2083 907 2106 tamen

53 2116 186 2156 ignoro,
210 2117 304 2146 etiam
323 2125 394 2146 cum
411 2115 563 2147 Praefeeio
581 2116 775 2157 cognoviffe.
799 2125 909 2148 vei-um

55 2165 122 2188 tum
146 2156 290 2188 PraefeCki
314 2157 479 2197 imperium
510 2156 572 2188 fuit
589 2181 598 2196 ‚
630 2157 773 2190 Vicarius
803 2167 909 2188 antem

57 2207 116 2238 pro
132 2199 256 2239 privato
277 2198 400 2230 habitus
419 2221 427 2235 ‚
452 2198 579 2230 auctore
602 2199 769 2231 Ambrosio
786 2223 795 2238 ‚
828 2200 909 2230 Com-

57 2245 144 2270 ment.
174 2240 205 2270 in
234 2238 310 2279 epzfl,
346 2240 434 2270 Pauli
464 2241 501 2270 ad
533 2240 676 2281 Coloffens.
702 2251 726 2271 c.
746 2251 774 2272 2.
798 2240 840 2272 fic
863 2240 910 2271 lo-

62 2288 198 2321 quente.-
230 2281 385 2321 Numquid
401 2281 503 2321 aliquis
520 2283 610 2312 vicem
625 2283 732 2313 domini
749 2291 836 2322 agens
855 2282 911 2322 ipso

54 2322 191 2362 praelenie
211 2322 374 2353 dominatur
389 2321 405 2353 ’ἒ
437 2322 469 2352 Si
492 2322 695 2359 Proefeeiornnz
713 2322 824 2354 Vicarii
841 2330 913 2363 prae·

52 2363 184 2403 sentibus
208 2364 247 2392 eis
268 2364 480 2403 privatisnnt,
511 2371 618 2405 quanio
636 2365 821 2404 rnagisservi
839 2371 911 2404 proe-

60 2406 136 2441 lente
157 2405 267 2434 domino
295 2406 380 2434 etiam
404 2403 457 2444 ipfi
479 2405 510 2434 in
534 2406 658 2447 obsequio
676 2407 773 2436 debent
794 2405 914 2436 videri?

60 2443 159 2485 Igitur
175 2444 316 2476 Vicarius
334 2445 417 2476 urbis
443 2446 473 2476 in
497 2446 592 2479 caufis
613 2450 691 2479 meri
718 2447 839 2487 imperii
862 2455 915 2477 co·

60 2487 174 2526 gnovit
202 2486 330 2518 absente
356 2485 512 2518 Praefecto
543 2489 639 2523 urbi,
675 2497 727 2519 aut
757 2497 846 2519 certe
874 2497 914 2518 eo

61 2527 230 2559 mandante
248 2550 258 2566 ,
294 2529 386 2558 etiam
415 2537 487 2559 cuni
512 2538 577 2560 eo:
608 2530 739 2561 alterum
766 2531 849 2560 enim
875 2538 916 2559 ex

63 2568 230 2600 Ammiano
253 2569 443 2600 Marcellino
472 2570 684 2611 intelligitur,
722 2571 854 2603 alterum
876 2579 915 2600 ex

62 2609 239 2641 Ambrosio.
280 2609 308 2641 E
331 2620 364 2641 re
382 2611 455 2647 erit,
482 2614 645 2652 utritisque
662 2613 759 2643 vei-ba
778 2620 917 2652 appone·

64 2658 107 2680 re.
149 2651 253 2682 Verba
277 2652 431 2682 Ammiani
448 2661 488 2683 ex
506 2652 552 2683 lib.
568 2658 604 2687 28
634 2661 695 2694 cap.
710 2663 735 2685 1.
760 2652 827 2694 Posi
845 2653 918 2683 lianc

67 2688 205 2730 gestorum
213 2693 315 2730 seriem
333 2693 490 2733 Hymetius
507 2695 544 2724 aci
561 2696 694 2735 oppidani
708 2694 812 2725 [instas
833 2694 917 2724 Ocri-

71 2731 165 2761 ctilum
181 2755 189 2769 ‚
225 2735 384 2767 audiendas
409 2736 443 2765 ab
467 2735 596 2774 Ampelio
631 2737 696 2766 urbi
719 2734 858 2775 Prcefecio
882 2733 918 2767 ὅ)

69 2769 234 2803 Maximino
254 2774 390 2813 Vz’carz'o,
412 2774 611 2818 confestimque
622 2778 782 2817 perdendus
794 2800 803 2814 ‚
822 2781 855 2806 ut
872 2782 920 2815 αρ-

68 2813 187 2851 parebat
206 2835 215 2849 ‚
246 2816 312 2850 data
325 2814 379 2854 fibi
404 2819 481 2856 copia
500 2817 603 2848 restim
627 2818 809 2858 Imperatoris
829 2815 922 2855 praesi-

72 2853 152 2882 diurn
176 2854 337 2892 appellavit.
382 2856 461 2888 Haec
486 2858 661 2890 Ammiani:
686 2857 841 2889 Ambrosii
871 2858 921 2888 illa

71 2892 142 2940 sunt
160 2903 196 2927 ex
217 2894 344 2926 Sermone
361 2905 409 2933 90.
433 2900 465 2928 (Ie
476 2898 600 2939 paffione
620 2902 704 2931 benite
723 2901 846 2941 Agnetis
863 2901 920 2929 er-

70 2936 159 2974 ginis.
204 2934 359 2974 Proefeftus
379 2939 511 2979 (ui-bis,
542 2941 799 2981 Sympbronius)
820 2941 922 2970 videns

73 2980 158 3006 tanta
181 2976 323 3007 mii-aonia
345 2977 495 3018 obstupuit.
538 2982 593 3012 Sed
614 2984 725 3013 veritus
743 2982 923 3022 proscriptio-

71 3026 134 3047 nem
151 3039 161 3054 ‚
191 3015 215 3053 si
240 3022 339 3049 contra
366 3021 529 3059 templorum
554 3023 706 3062 Pontifices
728 3028 849 3065 ageret,
888 3020 924 3055 δέ)

71 3057 187 3104 signem
211 3064 310 3088 conii-a
325 3058 411 3098 suam
424 3063 597 3099 sententiam
619 3065 777 3104 defensaret
798 3086 806 3100 ‚
839 3062 925 3094 Vica-

56 3108 148 3129 .ηιιηι
172 3100 386 3136 adsediti'onem
405 3102 503 3141 populi
523 3103 647 3144 judicem
665 3106 839 3146 dereliquit,
873 3106 928 3144 iple

72 3146 168 3170 autem
184 3137 272 3179 tristis
289 3140 410 3185 absceffit
421 3165 429 3178 ,
454 3146 526 3183 quod
551 3153 611 3175 eam
626 3155 683 3176 non
698 3149 790 3185 potnit
807 3144 868 3185 posi
885 3155 927 3176 re-

62 3180 268 3221 siirretiionem
281 3181 342 3219 filii
356 3184 403 3222 sui
418 3183 544 3215 liberare.
590 3185 671 3217 Tunc
689 3187 826 3218 Vicarius
836 3186 930 3227 Aspa-

63 3221 251 3294 fiu÷⁷²0mil⁷²⁶³
266 3221 350 3264 jzeffit
367 3225 398 3255 in
418 3225 565 3267 conspeiiu
587 3229 713 3260 omnium
729 3231 822 3270 ignem
839 3229 931 3269 copio-

131 3273 182 3296 om.
226 3286 233 3294 .

941 1747 1012 1828 Jsqiim
1035 1747 1174 1783 accendi,
1207 1745 1242 1780 {ff
1275 1748 1305 1778 in
1329 1747 1451 1777 inediam
1474 1756 1533 1778 eam
1553 1749 1684 1788 praecepit
1700 1746 1811 1789 jaffari

971 1798 1104 1819 ammam.

1151 1787 1191 1818 Et
1214 1787 1294 1827 post.
1341 1787 1423 1818 Tunc
1448 1788 1585 1829 Aspafins
1612 1791 1690 1820 arins
1714 1789 1813 1820 Roma

951 1829 1091 1861 Vicarius
1105 1829 1206 1869 populi
1220 1829 1384 1865 seditionem
1396 1839 1452 1860 non
1463 1832 1565 1868 ferens
1582 1832 1612 1861 in
1627 1836 1735 1872 guttur
1749 1832 1812 1872 ejus

948 1871 1079 1911 gladium
1101 1870 1191 1910 mergi
1201 1872 1342 1910 praecepit.

990 1911 1087 1951 igitur
1103 1919 1175 1941 cum
1195 1911 1404 1952 delegandum
1423 1920 1439 1941 a
1467 1910 1624 1944 Praefefto
1649 1912 1733 1944 urbis
1748 1911 1816 1943 fui&

951 1961 1073 1983 merum
1091 1952 1258 1991 imperium
1271 1976 1280 1989 ‚
1312 1951 1463 1991 Princeps
1481 1953 1526 1984 illi
1545 1954 1705 1985 Vicarium
1724 1954 1811 1984 urbis

952 1991 1205 2031 demonstravit;
1238 1993 1288 2023 alii
1307 2002 1385 2024 vero
1410 1994 1472 2024 hoc
1497 1995 1634 2026 mandari
1658 2004 1722 2025 non
1740 2004 1812 2035 per-

952 2033 1050 2065 mifit:
1074 2042 1358 2074 argumentumque
1377 2035 1403 2065 ei
1423 2036 1484 2073 rei,
1508 2036 1595 2075 quod
1610 2035 1812 2067 Caffiodoms

952 2076 979 2106 cl.
1004 2075 1052 2106 loc.
1078 2084 1151 2106 cum
1169 2075 1329 2115 distinguit
1353 2075 1513 2107 Vicarium
1541 2086 1556 2107 a
1576 2077 1671 2108 Vices
1690 2077 1812 2117 agentia

952 2117 1031 2151 bus,·
1057 2116 1154 2154 dicit,
1184 2117 1266 2147 inter
1290 2117 1347 2147 alia
1374 2118 1437 2148 lioc
1460 2117 1520 2148 effe
1540 2118 1569 2148 in
1589 2117 1718 2149 Vicario
1734 2124 1815 2158 prae·¹

953 2158 1079 2196 cipuum
1097 2180 1106 2195 ,
1143 2159 1229 2196 quod
1253 2159 1281 2189 ci
1307 2158 1336 2189 in
1360 2158 1618 2199 inscriptionibus
1645 2159 1813 2191 hominurn

953 2200 1018 2230 vita
1041 2200 1268 2236 committitur,
1294 2208 1366 2230 cuin
1385 2200 1482 2231 Vices
1506 2201 1671 2241 agentibus
1688 2210 1723 2232 ea
1747 2210 1814 2231 non

953 2241 1184 2271 committatur.
1230 2239 1322 2279 Hoc,
1346 2240 1365 2272 fi
1389 2241 1531 2272 Vicarius
1556 2241 1632 2273 ess'et
1655 2240 1815 2273 Praefecto*

954 2282 1048 2313 urbis.
1081 2280 1187 2323 Quid,
1208 2281 1228 2312 fi
1249 2283 1277 2312 ei
1297 2282 1397 2314 nullus
1412 2282 1514 2314 esset?
1535 2293 1598 2314 non
1616 2282 1813 2324 potuitPrae-

954 2322 1056 2354 fectus
1071 2323 1121 2353 alii
1140 2324 1287 2353 mandare
1304 2333 1423 2355 merum
1444 2324 1610 2363 imperium
1627 2335 1636 2363 3
1660 2334 1724 2356 non
1744 2333 1814 2354 mo-

957 2366 999 2395 do
1016 2364 1038 2395 fi
1056 2364 1176 2404 integi-a
1193 2372 1334 2395 uteretur
1352 2365 1533 2396 valetudine
1545 2376 1554 2403 3
1566 2364 1616 2396 sed
1636 2375 1675 2396 ne
1692 2364 1712 2396 fi
1730 2373 1818 2396 mori

956 2405 1000 2435 bo
1023 2405 1150 2444 quidem
1168 2428 1177 2440 ‚
1209 2406 1352 2444 quamvis
1385 2406 1560 2444 diuturno,
1593 2406 1816 2446 impediretur.

958 2446 1046 2487 Quid
1072 2455 1149 2486 crgo
1165 2445 1180 2476 .9
1213 2447 1322 2477 debuit
1349 2455 1364 2476 a
1389 2446 1535 2487 Principe
1560 2447 1624 2487 peti
1649 2447 1816 2486 Vicariusq

958 2495 1011 2518 aut
1034 2496 1121 2518 certe
1145 2487 1196 2525 qui
1215 2486 1425 2527 cognosceret
1448 2497 1505 2527 pro
1525 2487 1693 2520 PraefeClzo.
1718 2489 1817 2528 idque

959 2529 1117 2560 interdum
1141 2522 1257 2559 facium
1285 2527 1376 2558 fuisse
1400 2529 1438 2559 ab
1456 2528 1637 2561 accusatore
1655 2537 1711 2571 per
1725 2530 1818 2562 libel-

959 2570 1042 2607 lum,
1065 2569 1196 2609 intelligi
1216 2592 1225 2607 ,
1255 2579 1285 2599 ni
1304 2569 1397 2600 fallor
1416 2592 1427 2608 ‚
1454 2567 1558 2609 potest
1579 2580 1619 2602 ex
1644 2580 1704 2608 eo,
1727 2570 1817 2611 quod

960 2610 1142 2642 Ammianus
1158 2617 1260 2640 narrat
1275 2611 1302 2641 al.
1321 2617 1382 2651 cap.
1402 2619 1426 2641 1.
1451 2613 1498 2642 lib.
1516 2616 1564 2645 28.
1591 2612 1758 2644 Chilonem
1776 2620 1817 2643 ex

961 2652 1091 2683 Vicario
1115 2652 1143 2682 ὅ(
1170 2652 1335 2691 conjugem
1369 2651 1544 2684 Maximam
1576 2653 1703 2693 questos
1733 2654 1818 2693 apud

961 2692 1130 2734 Olybrium
1159 2692 1242 2724 urbis
1268 2692 1478 2732 Praefestnm,
1510 2694 1605 2726 vitam
1621 2694 1703 2727 suam
1723 2704 1818 2726 vene·

962 2737 1009 2765 nis
1026 2735 1159 2774 petitam
1178 2733 1258 2771 effe,
1282 2743 1376 2773 atquc
1401 2735 1578 2774 impeti-affe
1596 2759 1605 2775 ‚
1637 2744 1671 2767 ut
1686 2737 1718 2767 hi
1738 2744 1820 2776 quos

963 2775 1125 2814 suspeoati
1146 2774 1263 2812 essent,
1288 2775 1375 2806 illico
1398 2777 1681 2817 compingerentur
1698 2778 1728 2808 in
1754 2777 1821 2807 viii-

963 2817 1061 2847 cula:
1102 2815 1154 2847 sed
1186 2818 1319 2857 negotio
1353 2817 1536 2857 tepescente
1568 2819 1611 2850 ob
1638 2819 1820 2849 diuturnum

964 2857 1111 2889 morbum
1137 2866 1202 2897 quo
1230 2858 1395 2889 tenebatur
1421 2857 1573 2900 Olybrius
1590 2883 1599 2899 ‚
1631 2869 1687 2891 cos
1709 2858 1821 2889 libello

964 2898 1108 2938 petivisse
1131 2898 1267 2934 oblato,
1306 2907 1341 2930 ut
1373 2909 1409 2930 ea
1441 2901 1585 2941 cognitio
1616 2900 1819 2937 Maximino,-

964 2939 1120 2971 Praefedsto
1144 2949 1279 2971 annonae
1295 2964 1304 2978 ‚
1335 2942 1537 2972 mandaretur
1553 2965 1562 2979 ‚
1599 2942 1694 2981 idque
1719 2940 1821 2970 studio

963 2981 1135 3012 celei-itatis
1163 2981 1344 3013 concess'um
1378 2982 1439 3013 effe
1465 2993 1481 3013 a
1508 2983 1664 3021 Principe.
1717 2980 1824 3012 Verba

967 3023 1122 3054 Ammiani
1141 3045 1149 3059 ,
1181 3022 1203 3054 fi
1220 3024 1289 3062 quis
1306 3022 1480 3061 desideret,
1512 3022 1659 3062 apposui:
1682 3030 1717 3052 ea
1739 3021 1820 3054 sunt.

970 3064 1048 3094 Chilo
1066 3073 1102 3094 ex
1120 3063 1240 3095 Vicario
1267 3063 1303 3098 ὅ)
1328 3065 1436 3105 conjux
1454 3066 1514 3105 ejas
1538 3063 1676 3094 lliaxima
1691 3064 1822 3102 nomine,-

969 3103 1059 3146 quesli
1075 3106 1151 3145 apud
1165 3105 1318 3145 Olybriunz
1335 3114 1366 3136 ea
1382 3103 1540 3145 tempestate
1557 3103 1827 3145 urliiPraeseeiun15

969 3148 1119 3187 vitamque
1131 3152 1215 3184 suam
1238 3147 1356 3177 venenis
1368 3148 1488 3186 petitam
1507 3144 1712 3184 (ilseveranies‚
1736 3146 1823 3186 impe-

970 3195 1088 3218 trarunt
1106 3211 1115 3226 ,
1149 3194 1182 3218 uc
1207 3188 1236 3218 hi
1260 3197 1328 3228 qnos
1355 3185 1507 3226 saspefiazi
1523 3186 1598 3225 sicnt
1614 3209 1622 3224 ‚
1652 3186 1726 3216 illico
1747 3189 1825 3228 r'apzi

971 3231 1218 3271 compingerentur
1235 3230 1266 3260 in
1280 3227 1418 3297 vincgla,
1441 3229 1614 3268 organarius
1630 3227 1762 3267 Sericus,
1785 3228 1825 3299 J&

1346 3279 1347 3282 ¹
1768 3277 1826 3300 Ara
