2036 3495
344 87 410 124 An
436 87 527 122 L1ri.
555 81 687 121 XXIV.
715 81 814 119 T1T.
843 81 867 119 Ι.
896 81 946 121 De
962 83 1172 119 donationibus
1196 86 1276 122 inter
1293 88 1396 124 virum
1414 86 1608 131 &uxor-ezri.

82 189 140 212 nus
154 179 172 210 Ζ.
187 187 218 220 3.
238 176 285 209 D.
303 176 331 208 h.
349 181 369 207 t.
391 182 502 218 putat,
524 174 737 220 donationem
757 173 865 205 valere
889 171 956 204 sub-

87 217 132 253 tili
147 221 217 261 iure
230 241 241 258 ‚
264 216 349 258 quasi
367 227 431 249 non
450 217 486 249 fit
507 215 587 248 fasta
609 216 691 247 inter
709 224 809 246 virum
828 215 857 246 ἃ
881 224 956 246 uxo-

83 270 167 294 rein:
190 262 272 292 inter
290 268 369 300 quos
387 258 544 290 Oratione
567 256 765 302 prohibetur.
798 254 886 303 ‘Nec
911 264 952 287 ta·

80 312 155 334 men
171 302 304 343 opinor,
323 299 388 332 hoc
402 301 441 331 ab
458 298 597 340 Ulpiano
613 297 755 344 ‹ie-omni
774 297 837 342 dici
856 305 954 343 impe-

82 346 226 377 dimento
241 351 248 373 :
270 350 342 373 nain
361 340 484 373 incestis
501 349 537 372 ac
551 338 681 385 nesariis
698 346 813 384 nuptiis
825 362 834 376 ‚
857 348 898 384 aii
916 347 950 369 ir·

81 385 141 416 rita
166 383 203 416 sit
220 382 373 422 donatio,
398 381 542 414 dubitare
574 388 628 411 vix
656 387 778 424 potuit:
810 387 862 420 qui
885 388 950 410 non

81 425 260 463 ignoravit,
283 422 463 464 hujusmodi
480 420 603 461 nuptias
623 420 762 467 dissolyi,
782 420 818 465 .&
836 422 938 470 depoi·

80 461 203 499 tatione
214 489 223 504 ‚
234 467 442 505 omniumque
460 464 619 494 bonorum
636 463 951 508 publicationecoer-

78 509 155 540 ceri.
198 507 295 548 Igitur
312 511 440 546 oportet
460 512 531 535 eum
555 503 657 541 accipi
682 503 952 548 tie-impedimen·

78 558 111 580 to
129 546 317 581 matrimonii
353 545 415 577 uod
432 544 499 577 solo
517 544 640 576 constet
651 545 736 576 civili
749 545 829 584 jure.
845 553 950 590 exem·

77 590 165 630 plum
181 589 294 621 sithoc
310 556 456 626 Ulpiann
478 586 499 618 si
523 586 688 618 Senatoris
714 584 775 616 filia
798 586 950 631 libertino

76 638 188 663 contra
208 628 522 661 senatusconsultum
546 627 685 668 nupserit
702 649 711 664 ,
748 626 799 658 vel
823 635 949 667 provin·

76 672 162 704 cialis
177 670 292 703 mulier
307 671 335 702 ei
353 670 407 710 qui
428 669 471 701 ibi
494 678 616 708 meret,
639 675 751 700 conti-a
778 667 949 712 Mandat-a:

76 722 149 745 nam
168 719 255 751 tum,
278 712 401 752 inquit,
421 710 540 742 valebit
553 710 709 755 donatio,
734 710 806 749 quia
829 717 949 749 nuptiae

74 763 140 786 non
155 752 234 785 sunt.
276 752 376 784 Vides
391 752 465 792 iuris
483 751 692 783 subtilitatem.
718 750 768 782 sed
791 760 885 791 quam
901 760 947 781 re·

74 795 158 827 futat
183 793 358 834 Ulpianus,
386 800 574 834 argumento
597 792 694 824 duCto
725 792 764 823 ab
795 791 946 836 absurdo,

100 837 164 868 uod
180 836 226 867 est
242 835 367 877 plurimi
386 835 415 866 in
431 836 499 875 Jure
528 833 597 866 usus
610 833 755 865 adversus
772 839 945 863 vanitatem

89 875 254 910 ubtilitatis
272 885 382 918 parum
402 875 501 907 utilis:
523 884 558 907 ut
580 876 610 907 in
634 875 653 906 l.
671 878 723 915 36.
745 874 773 915 §.
792 883 820 919 3τ
845 873 886 904 I)
911 875 945 903 de

72 920 152 960 petit.
174 918 264 949 hei-ed.
288 918 307 949 l.
336 927 379 958 13.
404 917 444 948 D.
466 918 500 947 de
521 917 617 955 παπαί.
641 916 696 948 aa.
728 915 758 946 &
782 916 865 946 alibi.
910 913 945 945 In

75 959 237 1001 praesentia
261 966 350 990 certe
369 957 540 999 Ulpianus,
571 956 644 997 Fas,
668 959 791 997 inquit,
813 964 870 987 non
887 952 946 1003 esp,

78 1011 124 1032 eas
147 1001 311 1032 donationes
326 1006 406 1031 ratas
420 998 492 1039 effe,
515 1009 550 1031 ne
566 1000 664 1030 melior
680 997 720 1037 fit
735 1007 832 1029 eorum
848 998 944 1028 condz-

76 1045 115 1073 zz'o
134 1043 186 1084 qui
201 1041 256 1073 deli
275 1047 389 1073 uerum.
419 1041 470 1072 Sic
491 1040 651 1082 Ulpianus.
682 1040 783 1086 addo:
808 1038 942 1070 Alexan-

78 1086 134 1115 der
152 1085 171 1114 l.
192 1093 220 1123 7.
246 1051 280 1113 g
298 1084 325 1114 b.
342 1090 362 1113 ι.
396 1081 500 1113 Verba
518 1081 699 1114 Alexandri.
731 1080 764 1110 Sz
785 1088 821 1110 ex
837 1080 944 1127 polan·

79 1131 136 1156 zare
153 1125 247 1165 patris
266 1125 310 1154 tui
320 1123 383 1163 filio
401 1125 503 1155 tutoris
518 1129 612 1163 nupta
635 1132 683 1161 es,
705 1121 818 1168 collata.
831 1130 863 1151 in
885 1130 932 1169 tna

77 1168 166 1196 ritum
180 1166 294 1196 donatio
311 1165 366 1206 ἱρῇ)
376 1165 444 1205 jure
460 1165 546 1195 irrita
562 1163 610 1205 eft.
626 1165 679 1204 sad
686 1162 714 1201 fi
730 1169 945 1210 inatrziizomuin

73 1208 141 1248 jure
155 1215 212 1237 non
226 1206 322 1237 valuit
334 1229 342 1244 ,
365 1207 429 1236 licet
447 1208 504 1246 ipso
513 1206 583 1248 jure
596 1206 708 1236 donatio
725 1209 865 1238 tenuerim
876 1211 945 1250 quta

79 1255 174 1278 tamen
196 1248 317 1288 indigna
342 1250 460 1286 persona
482 1247 544 1288 ejus
561 1247 645 1286 ficit,
677 1246 729 1287 qui
750 1254 802 1276 nec
822 1249 946 1292 viz-antin-

74 1286 164 1328 potest}
181 1289 257 1324 dici3
280 1289 364 1320 utiles
385 1287 509 1319 ustiones
521 1291 612 1329 super
632 1288 799 1318 revocandis
820 1286 865 1316 hzs
893 1285 945 1316 ztbz

74 1334 245 1369 competunt.

118 1368 277 1410 Superiori
296 1367 459 1408 quaestioni
482 1368 584 1400 affinis
607 1368 650 1400 est
668 1368 819 1413 sequens3
842 1376 878 1398 an
899 1365 944 1397 0-

77 1410 176 1449 ratio,
199 1409 405 1442 donationem
422 1408 595 1448 prohibens
613 1411 695 1441 inter
711 1418 812 1441 virum
830 1410 945 1440 &uxo-

74 1460 161 1489 rem,
186 1451 268 1482 inter
290 1451 491 1482 concubinos
515 1459 642 1491 quoque
672 1451 847 1497 obtineat?
878 1457 946 1496 erat

75 1492 250 1526 dubitatio:
273 1492 359 1531 quod
375 1491 607 1523 concubinatus
627 1494 861 1523 matrimonium
880 1500 946 1523 imi-

78 1541 182 1572 tatur-3
206 1541 265 1563 nec
284 1531 329 1562 est
343 1533 465 1572 legibus
482 1531 617 1564 vetitus:
639 1533 704 1564 imo
722 1542 777 1572 per
794 1533 879 1573 leges
894 1541 942 1563 ac-

77 1573 164 1614 cepit
187 1582 317 1607 nomen.
360 1573 421 1605 Sed
439 1573 557 1613 placuit
574 1572 643 1605 stari
668 1574 749 1604 intra
775 1572 945 1619 angustiam

76 1616 270 1653 verborum,
293 1613 350 1645 viri
369 1615 398 1645 &
415 1616 534 1646 uxoris.
578 1615 783 1654 Papinianum
801 1614 946 1646 auditfic

78 1655 184 1687 scribit
205 1656 225 1686 l.
245 1662 294 1695 31.
318 1654 359 1687 D.
387 1657 419 1686 cle
444 1657 540 1687 donat.
572 1655 749 1687 Donationes
767 1656 800 1686 in
816 1657 946 1700 concubi-

77 1707 133 1728 nas
145 1689 262 1727 collata}
286 1705 344 1727 non
362 1695 437 1737 poffe
459 1698 588 1728 revocari
615 1698 758 1728 convenit.
804 1696 946 1737 Papinia-

76 1745 134 1770 nus
159 1738 303 1776 indicat,
334 1736 426 1769 fuitie
447 1739 478 1769 in
511 1737 585 1769 Fori
610 1738 822 1783 disputatione
844 1736 947 1779 quaess-

77 1785 165 1818 turn,
187 1788 224 1810 an
240 1779 433 1810 donationes
450 1779 479 1810 in
505 1779 699 1811 concubinas
723 1780 866 1818 collatae,
892 1788 949 1819 per

79 1819 266 1852 Orationem
282 1821 425 1852 valerent
437 1831 445 1852 ι
457 1819 508 1852 sed
523 1830 585 1852 uno
601 1830 658 1861 ore
673 1819 863 1862 respondiffe
872 1820 947 1866 Pru-

77 1861 214 1899 dentes,
238 1861 361 1894 valere:
385 1869 485 1902 puto,
507 1863 595 1902 quod
619 1861 733 1894 Oratio
756 1863 862 1895 locuta
885 1860 948 1893 suit

78 1904 119 1935 de
134 1902 304 1934 uxoribus:
329 1903 368 1934 de
387 1903 578 1935 concubinis
594 1913 655 1934 non
674 1902 748 1934 fuit.
777 1904 876 1936 Addit
895 1903 947 1934 Pa-

77 1944 244 1984 pinianus,
268 1943 335 1975 Nec
344 1943 373 1981 fi
397 1945 612 1975 matrimonium
628 1946 703 1975 inter
722 1946 828 1976 eosdem
852 1942 946 1989 postea

71 1986 170 2025 fuerit
185 1983 363 2016 contradam
374 2009 383 2024 ,
407 1987 444 2016 ad
459 1986 577 2016 irritum
593 1987 723 2017 recidere.
766 1985 945 2024 Videlicet,

77 2027 149 2067 quia
164 2025 278 2057 sufficit
293 2048 302 2064 ‚
325 2027 532 2058 donationem
549 2050 558 2065 ,
582 2037 645 2066 quo
664 2034 810 2067 tempore
828 2026 944 2065 fiebat,

77 2077 141 2099 non
171 2076 188 2098 a
215 2066 286 2098 viro
309 2067 372 2099 effe
395 2068 545 2099 collatam
570 2069 600 2099 in
625 2077 776 2100 uxorem:
801 2069 829 2099 ἃ
847 2068 946 2100 multa

77 2107 258 2146 subsistunt,
280 2109 333 2140 etsi
353 2109 493 2140 incidant
509 2108 538 2140 in
562 2109 685 2148 casum,
706 2111 788 2141 unde
807 2118 872 2141 non
894 2118 947 2148 po·

78 2156 206 2181 tuerunt
221 2149 373 2189 incipere.
400 2149 497 2190 Igitur
518 2150 537 2182 fi
559 2160 627 2190 quae
643 2152 711 2182 talis
727 2151 845 2182 incidat
862 2157 946 2191 quae-

76 2190 154 2229 stio;
178 2199 274 2222 unum
292 2192 444 2231 perpendi
465 2190 572 2222 suadet
597 2191 803 2231 Papinianus,
826 2202 866 2223 tm
888 2201 947 2222 ma-

76 2232 172 2264 ritalir
189 2232 276 2263 honor
292 2231 329 2266 &²
352 2232 465 2273 offet'tio
490 2234 600 2272 pridem
621 2233 808 2278 praecefforit':
833 2234 862 2264 id
881 2232 946 2272 est,

73 2283 112 2305 an
128 2273 361 2304 concubinatus
378 2275 497 2313 pridem
517 2274 552 2304 fit
569 2275 601 2305 in
618 2277 854 2306 matrimonium
871 2283 947 2305 cou-

73 2314 198 2347 versus:
222 2321 274 2345 aut
290 2316 391 2355 palam
416 2314 570 2346 contectis
594 2316 707 2347 tabulis
732 2315 944 2360 nuptialibus,

75 2356 95 2387 si
112 2356 239 2396 quidem
263 2356 399 2395 impares
417 2355 474 2387 sint
493 2356 649 2396 personae:
666 2365 718 2387 aut
736 2358 832 2388 etiam
851 2364 946 2388 tacite

76 2396 218 2436 personis
242 2398 448 2438 comparatis,
474 2398 504 2428 dt
523 2398 594 2428 vitae
617 2398 846 2438 conjunctione
870 2406 946 2429 con-

76 2436 223 2469 fideraca:
262 2440 390 2478 quando
414 2438 582 2470 consensus
614 2448 680 2478 quo
707 2440 945 2471 matrimonium

78 2479 159 2508 inter
173 2487 260 2517 pares
278 2478 532 2519 perficitur,non
550 2480 653 2512 minus
671 2480 768 2511 tacite
785 2479 839 2519 fit,
852 2489 946 2522 quarn

76 2518 198 2557 palam,
221 2521 249 2551 dt
265 2521 378 2552 tabulae
392 2521 550 2561 nuptiales
573 2523 611 2553 ad
630 2522 848 2561 probationem
875 2531 946 2561 pro-

78 2558 208 2597 ficiunt,
231 2561 270 2591 ad
293 2561 490 2594 substantiam
518 2562 708 2594 matrimonii
733 2573 799 2595 non
828 2563 945 2595 deiide·

77 2607 196 2631 rantur.
236 2599 288 2631 Sic
311 2601 505 2643 Papinianus.
529 2602 557 2635 ὅ(
588 2605 615 2635 ei
641 2603 763 2636 assensit
792 2604 944 2650 Ulpianus

76 2640 98 2671 l.
114 2650 143 2681 3.
166 2640 194 2682 §.
215 2649 242 2671 1.
267 2640 308 2678 D.
325 2642 353 2673 h.
377 2650 398 2674 t.
422 2644 632 2683 confirmans,
657 2645 698 2677 D.
725 2646 879 2678 Severum
904 2645 944 2677 le-

78 2681 217 2712 cundum
236 2681 305 2712 haec
320 2682 499 2724 rescripsisse
517 2687 546 2717 in
567 2686 677 2718 liberta
697 2686 802 2720 Pontii
825 2688 944 2719 Paulini

78 2721 241 2754 Senatoris
257 2731 263 2754 :
287 2724 370 2763 quod
387 2734 450 2756 non
466 2735 531 2757 erat
548 2726 716 2759 affectione
730 2731 840 2761 uxoris
855 2729 943 2760 habi·

78 2771 110 2794 ta
127 2787 136 2797 .
160 2763 211 2794 sed
227 2766 323 2803 magis
340 2767 534 2798 concubinae.
577 2769 673 2801 Plane
691 2771 870 2802 Antoninus
886 2770 904 2801 t,
916 2779 944 2801 2.

79 2804 114 2835 C.
137 2805 164 2834 h.
190 2810 212 2835 t.
235 2814 252 2835 a
282 2806 462 2838 concubina
491 2810 611 2850 excipit
635 2811 769 2843 militum
794 2810 946 2842 focarias:

78 2854 221 2886 negans,
252 2845 446 2885 disciplinam
478 2858 560 2888 pati,
592 2851 659 2883 suos
683 2853 798 2884 milites
823 2853 861 2884 ab
886 2852 945 2884 illis

78 2886 204 2927 spoliari
222 2885 300 2918 fietis
318 2887 491 2921 blanditiis.
532 2890 691 2925 Focariam
709 2903 813 2926 autem
838 2894 943 2925 Adria—

77 2937 137 2960 nus
159 2926 333 2959 Turnebus
360 2929 406 2961 lz'b.
431 2934 459 2965 8.
482 2931 604 2968 Advers.
628 2945 652 2965 c.
668 2944 695 2971 9.
718 2937 946 2977 interpretatur

77 2978 149 3010 qua:
171 2969 278 3001 focum
296 2971 395 3010 colit,
419 2972 449 3002 δι
466 2972 510 3004 est
526 2975 682 3007 culinaria.

114 3010 268 3043 Prohibet
283 3011 377 3052 igitur
394 3011 529 3052 Oratio,
554 3025 707 3054 quatenus
730 3018 768 3049 ad
787 3018 882 3048 verba
901 3025 942 3049 at-

77 3052 178 3091 tinet,
205 3053 414 3085 donationem
437 3056 519 3085 intcr
539 3059 636 3088 virum
665 3059 694 3089 dt
721 3068 869 3090 uxorem:
895 3059 946 3091 led

77 3093 199 3134 longius
215 3095 274 3125 ivit
290 3093 528 3135 interpretatio:
551 3099 631 3137 quasi
651 3098 814 3131 Orationis
838 3108 946 3132 mente

75 3134 168 3165 etiam
185 3135 223 3167 ad
241 3135 301 3167 hos
316 3137 368 3174 qui
388 3137 417 3167 in
436 3137 574 3177 ejusdem
593 3141 750 3178 potestate
774 3141 839 3171 sunt
855 3167 860 3176 ,
878 3151 944 3183 per-

75 3175 228 3216 tingente.
251 3177 285 3210 id
302 3176 381 3210 vidit
400 3179 550 3219 Ulpianus
573 3182 601 3214 d.
617 3181 637 3214 l.
657 3192 686 3223 3.
709 3181 739 3223 §.
759 3192 789 3217 2.
810 3182 852 3219 fic
874 3183 943 3217 scti-

1804 102 1873 146 39'9

1002 171 1099 204 bens:
1123 173 1186 219 Qgii
1200 175 1232 205 in
1254 176 1380 217 ejusdem
1391 177 1613 254 potestateg‘unt
1627 183 1819 222 prohihentur
1833 186 1877 224 fi*-

1000 215 1029 244 hz'
1047 216 1162 246 donare.
1189 216 1218 247 <Sc
1242 226 1302 256 pro
1328 222 1480 260 exemplo
1505 221 1536 253 su
1559 222 1646 263 jicit:
1669 231 1702 255 ut
1717 232 1794 265 puta
1804 227 1875 266 sm·

1000 260 1042 285 ter
1057 257 1174 294 mariti,
1196 259 1247 297 qui
1263 256 1302 298 esb
1319 261 1349 291 z'n
1357 261 1453 299 soceri
1463 262 1614 303 potestate.
1659 264 1759 299 Causa
1777 268 1874 300 inter=

998 298 1185 334 pretationis
1204 298 1272 342 haec
1288 301 1430 333 videtur:
1452 307 1541 344 quod
1556 306 1611 346 qui
1626 305 1657 338 in
1672 307 1800 340 alterius
1819 318 1877 350 po-

997 336 1196 375 testatecst,
1218 340 1301 371 ideiii
1328 341 1464 375 liabetur
1484 345 1548 378 ilii:
1571 355 1610 378 ac
1652 349 1762 382 roinde
1788 348 1810 382 fi
1833 350 1877 383 ale

996 378 1055 408 teri
1072 379 1263 418 donaretur,
1285 390 1359 413 cum
1376 384 1575 424 prohibitum
1600 397 1618 419 e
1646 397 1678 421 et
1700 390 1808 422 donari
1832 390 1879 423 al-

997 420 1074 450 teri:
1091 419 1167 451 nihil
1186 421 1317 460 quidem
1335 422 1427 455 fieret
1445 434 1556 459 contra
1571 430 1667 461 verba
1685 429 1874 472 Orationis;

995 459 1047 490 sed
1070 458 1154 491 fraus
1174 462 1266 494 fieret
1282 463 1350 505 ejus
1371 465 1553 501 sententiae:
1577 470 1757 506 donationis
1780 473 1874 505 lucro

995 508 1049 532 aut
1081 503 1275 542 commodo,
1305 507 1394 544 quod
1424 507 1557 541 nolebat
1587 509 1727 552 Oratio,
1758 514 1874 556 utique

995 550 1191 581 perventuro
1213 545 1250 576 ad
1267 545 1422 588 alterum,
1444 557 1498 581 aut
1520 550 1574 591 qui
1595 552 1677 585 idem
1702 555 1872 588 eihabea-

993 590 1054 615 tur.
1086 582 1239 624 Ulpianus
1257 586 1285 628 §.
1303 597 1334 626 4.
1357 590 1463 630 addit;
1488 593 1577 632 quod
1592 593 1764 628 secundum
1784 596 1873 637 haec-2

993 622 1013 655 si
1037 633 1137 668 mater
1163 627 1357 673 donenfilio
1387 633 1438 668 qui
1466 632 1497 663 in
1521 635 1618 673 patris
1634 635 1790 676 potestate
1812 638 1872 678 fit,

993 666 1108 697 nullius
1127 676 1283 700 momenti
1302 671 1363 702 erit
1379 673 1533 706 donatio:
1558 675 1586 707 ἃ
1602 675 1685 708 hanc
1702 678 1808 717 adjicit
1824 689 1872 711 ra-

992 706 1133 753 tionem,
1171 711 1258 756 quod
1283 713 1361 752 patri
1387 714 1555 753 quaeritur:
1594 717 1648 749 nisi
1671 717 1692 750 fi
1711 718 1742 750 in
1770 719 1869 753 castra

991 754 1078 779 eunti
1096 750 1238 783 dederit:
1263 760 1330 796 tum
1349 755 1455 794 enini,
1477 757 1605 797 inquit,
1630 758 1757 791 videtur
1783 761 1869 794 vale*-

991 798 1023 819 re
1043 790 1197 836 donatio:
1220 802 1293 833 quia
1312 793 1379 827 filio
1397 798 1547 836 quaeritur
1562 821 1571 838 ,
1594 800 1625 832 &
1641 800 1688 832 est
1704 800 1867 835 castrensis

989 831 1117 870 peculii.
1159 831 1283 865 Eadem
1300 835 1423 869 ratione
1439 838 1504 878 ait,
1528 840 1558 871 &
1578 840 1598 872 si
1619 840 1722 881 filius,
1737 843 1789 875 vel
1806 843 1869 884 pri-

988 872 1121 911 vignus,
1145 874 1195 904 vel
1212 875 1316 915 quivis
1335 878 1431 917 alius,
1454 881 1603 919 potestati
1627 881 1802 922 sub‘ectus,
1826 885 1867 917 de

989 913 1132 959 casti-eiiii
1157 913 1211 946 suo
1238 917 1363 958 peculio
1381 922 1530 960 donavit,
1568 933 1632 955 non
1657 934 1674 955 e
1703 934 1721 956 e
1745 925 1868 960 irritam

989 954 1209 987 donationem.
1252 956 1355 991 Porro
1378 961 1568 1000 prohibetur
1599 965 1629 996 ἃ
1654 965 1789 998 uxori&
1807 976 1866 1000 nu-

986 996 1032 1026 rui
1050 997 1170 1028 donare
1187 997 1284 1030 etiam
1302 1000 1327 1031 is
1343 1003 1398 1042 qui
1415 1002 1460 1034 est
1476 1003 1506 1034 in
1525 1005 1624 1037 soceri
1649 1007 1808 1047 potestate
1833 1008 1864 1051 §.

985 1046 1015 1077 5.
1035 1037 1063 1067 d.
1081 1036 1100 1068 l.
1125 1048 1156 1077 4.
1202 1038 1288 1085 Haec'
1302 1050 1318 1072 a
1336 1051 1426 1083 parte
1448 1044 1563 1078 inariti.
1588 1047 1628 1078 ab
1654 1049 1762 1081 uxoris
1783 1059 1865 1082 vero

986 1086 1125 1109 nui-usve
1150 1087 1237 1119 parte
1264 1090 1324 1122 ait,
1354 1085 1551 1125 prohibitum
1576 1087 1639 1120 effe
1663 1089 1774 1122 donari
1792 1092 1865 1124 viro

986 1119 1039 1150 vel
1053 1128 1184 1160 genero.
1197 1121 1261 1152 hoc
1277 1124 1345 1163 plus
1363 1127 1450 1158 addit
1466 1127 1495 1169 §.
1508 1131 1634 1169 5.quod
1651 1130 1672 1162 fi
1696 1131 1794 1164 fuerit
1808 1133 1866 1165 do-

987 1168 1096 1192 natum
1115 1161 1233 1208 hisqui
1250 1164 1320 1196 sunt
1338 1165 1368 1197 in
1385 1177 1496 1200 eorum
1516 1170 1695 1212 potestate,
1710 1173 1763 1205 vel
1781 1183 1864 1214 quo-

987 1209 1056 1232 rum
1080 1202 1150 1247 sunt
1172 1212 1202 1235 in
1227 1207 1407 1247 potestate;
1438 1219 1503 1241 non
1528 1212 1648 1244 valebit
1671 1214 1818 1254 donati0,
1842 1215 1863 1249 fi

987 1242 1088 1289 modo
1105 1253 1151 1275 Vir
1172 1244 1202 1276 ἃ
1217 1245 1308 1279 socer
1329 1248 1397 1281 sunt
1414 1250 1444 1282 in
1463 1251 1605 1291 ejusdem
1621 1255 1862 1295 potestate,vel

988 1293 1037 1329 vir
1056 1293 1086 1316 in
1103 1283 1215 1317 soceri.
1238 1296 1408 1331 caeterum,
1439 1291 1502 1323 fiin
1520 1293 1577 1324 alia
1593 1293 1711 1326 familia
1729 1297 1774 1328 est
1797 1307 1862 1329 ma-

987 1333 1086 1364 ritus,
1118 1335 1225 1368 neque
1247 1328 1379 1368 socero,
1402 1342 1511 1372 neque
1532 1334 1564 1365 ei
1586 1336 1638 1376 qui
1663 1336 1708 1368 est
1737 1338 1768 1369 in
1795 1340 1863 1379 eius

988 1366 1146 1411 potestate
1162 1392 1171 1406 ‚
1196 1378 1301 1409 neque
1319 1373 1346 1404 ei
1365 1373 1395 1404 in
1420 1374 1507 1415 cujus
1534 1375 1598 1415 est,
1621 1377 1797 1412 donatione
1820 1382 1867 1412 in-

989 1408 1157 1440 tei-dietum
1175 1410 1219 1441 est
1235 1411 1263 1452 ἓ.
1277 1416 1306 1444 6.
1349 1414 1502 1446 Similiter
1525 1416 1625 1449 socrui
1642 1428 1659 1450 a
1682 1429 1762 1452 nuru
1779 1444 1788 1458 ‚
1813 1422 1865 1454 vel

989 1456 1121 1488 contra,
1144 1451 1252 1482 donari
1271 1462 1335 1485 non
1352 1455 1397 1486 est
1414 1456 1633 1498 prohibitum,
1658 1462 1730 1500 quia
1750 1463 1800 1493 hic
1815 1463 1864 1503 jus

989 1490 1155 1529 potestatis
1178 1502 1242 1523 non
1262 1497 1397 1527 vertitur
1425 1498 1452 1528 (l.
1479 1498 1497 1528 l.
1520 1508 1549 1539 3.
1574 1499 1602 1540 §.
1623 1509 1651 1540 7.
1698 1502 1865 1536 Prohibita

989 1532 1085 1572 igitur
1101 1531 1146 1578 eil
1165 1533 1299 1566 donatio
1316 1537 1399 1569 inter
1416 1540 1515 1570 virum
1533 1540 1562 1571 ἀ
1580 1550 1731 1582 uxorem3
1756 1543 1775 1575 si
1794 1549 1883 1577 ver-'

990 1572 1028 1603 ba
1049 1571 1212 1606 Orationis
1227 1576 1421 1615 speClamus:
1446 1580 1486 1611 sin
1514 1589 1677 1623 inentem3
1702 1587 1797 1617 etiam
1820 1587 1866 1619 in·

987 1621 1036 1645 ter
1051 1624 1106 1646 eos
1124 1616 1175 1654 qui
1195 1616 1225 1647 in
1255 1618 1392 1657 ejusdem
1418 1620 1573 1660 potestate
1595 1623 1675 1657 sunt.
1719 1624 1864 1662 Verbum

988 1662 1096 1686 autern
1120 1657 1284 1700 potestatis
1309 1657 1463 1701 Ulpianus
1481 1663 1510 1694 tl.
1531 1663 1551 1694 l.
1568 1672 1596 1704 3.
1619 1664 1647 1707 §.
1670 1675 1701 1707 3.
1725 1676 1792 1700 non
1817 1668 1867 1701 so-

989 1695 1054 1728 lum
1070 1697 1109 1728 ad
1127 1698 1245 1730 liberos
1261 1700 1340 1732 trahi
1359 1701 1421 1742 ait,
1438 1712 1549 1736 verum
1567 1706 1661 1739 etiam
1677 1708 1717 1739 ad
1735 1707 1865 1744 servos:

991 1746 1065 1782 nani
1080 1740 1179 1780 magis
1196 1739 1323 1779 esse,ut
1338 1741 1370 1775 hi
1388 1744 1442 1784 qui
1460 1744 1567 1786 aliquo
1582 1747 1649 1787 jure
1661 1748 1787 1790 subjecti
1796 1750 1867 1784 sunt

991 1786 1121 1820 marito,
1146 1782 1266 1813 donare
1283 1792 1346 1815 noti
1363 1785 1489 1825 poffint.
1513 1787 1589 1819 Plus
1606 1789 1790 1823 observavit
1807 1790 1866 1825 Ul-

988 1820 1099 1860 pianus
1128 1822 1148 1852 l.
1165 1833 1194 1863 3.
1219 1823 1246 1865 ᾗ.
1264 1832 1293 1860 9·
1326 1826 1374 1870 D.
1400 1826 1426 1858 h.
1457 1832 1478 1858 t.
1510 1829 1615 1861 vei-bis
1641 1830 1866 1872 sequentibus:

989 1860 1061 1893 Non
1085 1868 1201 1895 tantum
1221 1868 1316 1897 autem
1328 1869 1426 1908 perse
1451 1871 1577 1902 maritus
1591 1870 1629 1906 &³
1651 1882 1727 1904 uxor
1748 1880 1867 1909 coeterae-

988 1911 1042 1943 que
1054 1906 1176 1944 persone
1191 1907 1259 1937 dare
1275 1915 1331 1939 non
1343 1909 1472 1950 poffunt.
1516 1910 1569 1943 Sic
1587 1921 1676 1945 extat
1690 1913 1865 1949 Florentiae

988 1949 1019 1975 et
1042 1946 1123 1991 apud
1146 1945 1367 1992 Haloandruin
1390 1961 1399 1983 ε
1434 1950 1486 1983 sed
1509 1952 1628 1994 aliquid
1650 1953 1738 1988 deest
1764 1958 1866 1997 pleno

988 1985 1104 2018 sensui:
1135 1989 1223 2027 quod
1249 1999 1279 2021 in
1304 1991 1369 2023 aliis
1394 1991 1589 2027 editionibus
1612 1997 1655 2027 ita
1682 1997 1863 2039 suppletur:

989 2025 1061 2057 Non
1079 2033 1194 2073 tantum
1208 2036 1303 2062 autem
1313 2039 1367 2072 per
1374 2034 1410 2073 Je
1434 2037 1556 2067 maritus
1578 2036 1615 2071 ὅ)
1631 2048 1724 2078 uxor,
1748 2046 1866 2072 caeterae-

988 2077 1043 2108 que
1061 2074 1182 2114 personae
1196 2072 1264 2102 dare
1287 2082 1344 2105 non
1356 2075 1491 2116 poffum,
1506 2078 1560 2118 sed
1580 2088 1630 2109 nec
1640 2087 1694 2119 per
1717 2079 1865 2121 interposi*

989 2116 1050 2140 tam
1060 2115 1219 2154 personam.
1244 2113 1327 2145 Sane
1342 2125 1405 2148 non
1430 2119 1522 2150 male.
1547 2128 1607 2150 nec
1625 2127 1729 2152 tamen
1747 2121 1862 2162 ausim,

989 2159 1121 2195 omn-ino
1143 2156 1455 2194 negare‚ietti0nem
1472 2158 1722 2195 Haloandrinam
1740 2162 1769 2194 <St
1787 2162 1862 2196 Flo·

988 2200 1143 2238 rentinam
1167 2195 1229 2226 effe
1254 2196 1344 2237 ipsius
1364 2198 1509 2240 Ulpiani:
1540 2201 1624 2233 bene
1639 2211 1774 2243 gnarus,
1805 2205 1862 2237 hu-

987 2235 1123 2273 jusmodi
1148 2236 1341 2280 ¹locutiones
1364 2247 1399 2272 ut
1428 2250 1462 2272 ut
1484 2241 1629 2274 absurdas
1646 2266 1656 2282 ‚
1690 2240 1861 2279 Veteribus

989 2283 1054 2305 non
1070 2275 1131 2307 effe
1147 2277 1292 2311 insolitas.
1318 2281 1427 2313 notavi
1444 2283 1520 2314 tales
1536 2282 1672 2326 lib.fing.
1696 2286 1748 2317 Ad
1763 2286 1861 2319 Eam,

989 2315 1037 2346 De
1046 2316 1142 2357 paffls
1159 2318 1195 2353 &2⁹
1213 2321 1467 2356 transabiioniivus.
1492 2334 1515 2355 c.
1535 2335 1582 2355 22.
1607 2325 1681 2359 item
1699 2325 1786 2369 supra
1805 2328 1861 2361 sub

989 2355 1121 2398 Titulo,
1147 2359 1193 2389 De
1208 2363 1382 2402 minoribus,
1407 2365 1436 2395 ἀ
1461 2364 1507 2395 De
1529 2368 1592 2397 ritu
1614 2369 1803 2409 nuptiarum,
1829 2370 1861 2403 δι

990 2398 1075 2430 alibi.
1123 2400 1291 2441 Quidquid
1314 2403 1378 2442 est,
1401 2406 1541 2445 constat,
1565 2407 1710 2442 maritum
1734 2411 1763 2443 ἀ
1782 2421 1861 2443 uxo·

988 2443 1056 2472 rem
1071 2448 1265 2482 caeterasque
1283 2444 1430 2484 personas
1447 2456 1553 2487 neque
1570 2458 1627 2490 per
1641 2450 1671 2482 se
1691 2451 1783 2492 dare,
1800 2462 1861 2485 nec

989 2489 1046 2522 per
1063 2482 1276 2522 interpositam
1295 2485 1470 2525 personam.
1494 2490 1521 2520 ἃ
1540 2490 1609 2522 sunt
1625 2494 1772 2534 exempla
1795 2495 1861 2536 pul-

989 2522 1066 2554 chra
1084 2532 1120 2554 ac
1137 2526 1219 2555 clara
1238 2526 1307 2558 satis
1323 2527 1354 2558 in
1372 2529 1400 2560 cl.
1417 2529 1437 2560 l.
1456 2539 1485 2570 3.
1509 2530 1537 2572 §.
1557 2541 1602 2563 12.
1620 2532 1657 2568 &⁹
1677 2543 1724 2576 13·
1748 2545 1809 2567 nec
1824 2546 1860 2567 o-

990 2573 1049 2605 pus
1088 2566 1361 2606 interpretatione.
1406 2573 1512 2610 potius
1534 2575 1726 2613 generaliter
1747 2583 1860 2608 tenen-

987 2606 1082 2651 dum,
1105 2607 1198 2646 (cuin
1217 2608 1354 2649 Ulpiano
1371 2611 1389 2641 l.
1405 2622 1434 2652 5.
1458 2612 1486 2654 §.
1507 2620 1534 2644 2.
1547 2614 1588 2647 D.
1605 2615 1631 2648 b.
1649 2617 1693 2658 t.)
1715 2619 1801 2657 quod
1818 2617 1863 2649 ino

988 2653 1036 2678 ter
1052 2648 1155 2688 ipsos,
1185 2657 1239 2680 aut
1263 2653 1316 2690 qui
1337 2652 1376 2683 ad
1400 2663 1455 2685 eos
1481 2655 1664 2696 pertinent,
1694 2667 1747 2690 aut
1765 2659 1861 2690 inter·

987 2687 1102 2729 positas
1135 2690 1284 2731 personas
1309 2692 1491 2727 donationis
1519 2698 1607 2729 causa
1631 2708 1764 2740 agatur,
1793 2708 1859 2731 non

989 2730 1108 2761 valere.
1132 2732 1220 2771 quod
1238 2733 1257 2763 si
1274 2733 1402 2767 aliarum
1420 2737 1611 2770 extrinsecus
1635 2748 1737 2770 rerum
1757 2739 1860 2779 perso-

990 2780 1142 2803 narumve
1174 2773 1262 2804 causa
1287 2777 1460 2808 commixta
1490 2777 1553 2818 fit3
1583 2779 1603 2811 fi
1633 2781 1762 2818 separari
1793 2789 1859 2813 non

989 2812 1113 2852 potest,
1137 2823 1198 2845 nec
1213 2816 1420 2850 donationem
1438 2818 1629 2860 impediri:fi
1647 2820 1776 2860 separari
1786 2831 1860 2862 pos-

989 2854 1042 2926 sitl,
1064 2862 1179 2887 caetera
1201 2857 1334 2898 valere3
1362 2859 1394 2891 id
1417 2862 1503 2901 quod
1526 2863 1674 2893 donatum
1700 2860 1735 2892 fit
1751 2884 1761 2900 ,
1792 2871 1859 2895 non

986 2904 1023 2926 va
1039 2905 1101 2927 ere.
1722 2932 1723 2935 ,
1768 2933 1771 2936 .

1030 2935 1113 2969 Paris
1130 2937 1230 2970 fuerit
1244 2940 1410 2981 utilitatis,
1433 2943 1623 2980 admonere,
1639 2943 1725 2982 quod
1742 2943 1858 2978 Oratio

990 2977 1031 3009 de
1046 2977 1113 3011 viro
1131 2980 1161 3011 <St
1179 2990 1279 3013 uxore
1294 2984 1430 3024 loquens
1443 3008 1452 3022 ,
1477 2983 1596 3014 credita
1611 2982 1672 3014 fuit
1692 2984 1750 3017 hac
1766 2985 1858 3018 fuiffe

990 3028 1119 3052 mente:
1143 3030 1176 3052 ut
1201 3022 1284 3055 inter
1307 3035 1365 3056 eos
1389 3025 1573 3065 prohiberet
1592 3024 1781 3058 donationes
1805 3029 1859 3060 de·

989 3070 1073 3093 mum
1091 3061 1121 3094 in
1139 3063 1241 3096 casum
1258 3066 1427 3098 constantis
1444 3065 1697 3098 matrimoniizat
1712 3071 1743 3100 in
1752 3069 1857 3102 casum

990 3102 1082 3135 soluti
1106 3113 1171 3137 non
1192 3106 1385 3145 prohiberet.
1413 3114 1482 3137 nam
1503 3107 1607 3147 priore
1629 3107 1700 3139 casu
1717 3109 1785 3142 sunt
1811 3113 1860 3143 vir

989 3144 1019 3175 &
1038 3155 1136 3186 uxor,
1167 3148 1250 3180 inter
1277 3156 1355 3187 quos
1374 3155 1455 3191 opus
1480 3145 1541 3178 fuit
1565 3149 1767 3189 providentia
1791 3161 1860 3193 pro-

988 3186 1096 3221 hibitae
1109 3187 1308 3223 donationis:
1322 3186 1499 3228 posteriore
1514 3198 1580 3224 non
1599 3189 1669 3223 sunt
1683 3202 1695 3233 ;
1717 3194 1860 3232 ideoque

1782 3243 1858 3267 cen-
