2036 3495
980 82 1247 123 Noon’r
1304 84 1521 122 COMM-

506 188 896 242 LIBER
999 188 1593 254 QUARTUS,

844 299 1193 334 Tirutus
1252 300 1279 335 1.

784 376 835 412 De
853 376 884 409 in
903 376 1060 421 integrum
1078 372 1325 421 restitutionibus.

134 102 201 140 ,82
570 91 603 127 G
634 99 655 125 ε
686 100 710 125 R
740 99 762 125 A
793 99 815 123 R
846 97 870 123 n
904 98 917 122 ι

158 463 528 512 aggizstfflffimuoa
555 465 637 497 liber
660 464 726 505 egit
752 464 792 495 de
810 463 953 505 personis
970 463 1035 503 qui-

159 513 199 552 κθ
331 510 369 548 >23
393 509 452 539 bus
473 507 670 547 permittitur
685 508 715 537 in
736 506 805 546 iure
829 505 986 546 postulare
1006 513 1034 535 a·

157 555 200 596 ‚⁸33
329 551 369 594 {gi-3
393 551 456 591 pud
495 549 681 580 Praetorem..
722 547 855 588 sequens
892 553 1035 586 exponet:

333 597 370 635 ἧς
392 590 520 629 causas,
544 599 585 621 ex
609 590 722 628 quibu-s
748 588 978 629 postulationes
1004 596 1034 617 a·

142 639 369 680 ,53253253
392 635 456 674 pud
477 631 648 662 Praetorem
661 629 726 661 fieri
739 630 853 661 solent.
865 628 963 669 prima
981 637 1034 659 oc-

161 699 164 702 »
253 671 275 679 ''
389 675 487 706 currit
505 673 535 704 in
558 679 715 713 integrum
738 670 912 703 restitutio:
936 679 1033 710 quam

158 715 280 748 indicat
305 714 434 748 Titulus
458 714 511 747 De
536 713 567 745 in
593 712 751 753 integrum
768 711 1033 744 restitutionibus.

159 756 323 789 Definitut
347 767 452 790 autem
478 766 495 787 a
514 754 686 786 Valeriano
710 754 740 786 ὃς
763 753 915 785 Gallieno
938 754 969 784 in
992 755 1035 784 in-

158 807 284 840 tegrum
317 799 474 831 restitutio
492 821 501 835 ,
539 795 653 829 amiss'ae
676 795 774 827 causae
805 794 1034 834 redintegratio

142 841 182 871 .l.
207 851 234 872 2.
258 841 289 872 C.
318 840 352 872 In
371 842 448 883 quib.
468 839 547 879 caus.
572 839 603 869 in
622 839 725 879 integr.
743 835 832 878 restit.
859 835 956 877 neceff.
979 845 1036 866 non

162 880 213 923 est.
245 882 359 915 Paulus
385 883 433 913 tib.
464 890 490 913 1.
518 880 647 911 Sentent.
668 883 713 910 tit.
731 889 759 920 7.
788 878 952 918 aliquanto
971 878 1035 918 ple-

146 923 248 961 .nius,
273 923 388 966 integri
409 923 585 960 restitutiO,
608 921 730 960 inquit,
755 919 800 952 est
818 920 1036 960 redintegran-

161 967 210 997 ‹1ae
234 966 278 996 rei
298 967 346 996 vel
371 964 470 997 causae
489 963 582 995 actio.
627 962 824 994 Paulusrem
843 960 1037 1002 distinguita

159 1006 251 1038 causa
269 1006 334 1038 hoc
349 1006 437 1039 sensu
453 1004 663 1047 quemnobis
687 1003 815 1035 tradidit
831 1002 966 1034 Isidorus
986 1002 1037 1032 lib.

160 1058 190 1089 5.
217 1048 335 1090 Origin.
355 1059 370 1080 c
397 1059 446 1091 25.
467 1047 572 1081 verbis
598 1045 811 1090 sequentibus.
857 1043 970 1084 Inregrz·
993 1052 1035 1074 re·

156 1089 276 1131 stitutio
293 1088 333 1131 εΙῖ
355 1097 445 1131 cazisae
470 1089 517 1121 vel
534 1089 574 1120 rei
585 1089 741 1129 reparatio.
765 1087 1038 1126 causaredimegrcz-

163 1137 214 1163 tur
236 1141 299 1172 quae
321 1133 354 1163 vi
374 1127 521 1173 potestatis
551 1129 664 1170 expiem
686 1138 743 1159 non
766 1127 813 1168 est.
850 1136 894 1157 res
917 1127 1037 1157 redince-

161 1179 286 1213 oratur,
310 1183 371 1215 quae
387 1177 420 1205 vi
433 1169 580 1213 potestatis
595 1171 692 1202 ablata
709 1176 795 1210 utque
811 1174 923 1200 extorta
939 1165 987 1207 est.
1014 1166 1037 1198 1-

157 1198 280 1246 iidorus
304 1222 400 1246 vocat
424 1224 510 1252 rem,
532 1223 602 1254 quae
623 1211 769 1252 promissa
794 1211 821 1242 δι
841 1209 953 1254 tradita
972 1208 1036 1240 est:

161 1256 283 1287 causam
294 1279 303 1294 ‚
318 1265 386 1296 quae
404 1255 448 1287 est
465 1263 587 1286 tantum
604 1253 749 1294 promissa
761 1275 770 1290 ,
785 1260 849 1282 non
863 1258 956 1282 etiam
976 1258 1036 1281 tra-

162 1297 236 1328 dita,
263 1296 417 1338 Ulpianus
434 1297 453 1328 1.
470 1306 496 1333 9»
518 1295 547 1337 §.
565 1305 591 1336 3.
612 1294 654 1326 D.
674 1294 760 1337 Quod
777 1298 843 1324 met.
861 1292 936 1325 caufi
962 1291 1037 1322 alte·

163 1348 228 1370 ram
246 1339 324 1370 dicit
347 1348 413 1371 rem
441 1337 635 1378 perfeetum:
658 1337 788 1367 alteram
805 1332 1036 1373 imperfectam.

161 1380 277 1411 Adhuc
303 1381 385 1420 urit,
409 1390 473 1419 quo
498 1380 592 1418 patto
616 1381 647 1409 in
669 1378 827 1417 integrum
845 1373 1002 1406 restitutio
1020 1383 1036 1405 a

161 1420 261 1453 Paulo
279 1422 403 1453 dicatur
422 1421 520 1452 aetio:
544 1429 616 1450 cum
636 1417 699 1457 ipse
720 1420 749 1448 in
768 1417 786 1447 l.
805 1427 853 1453 24.
871 1415 899 1457 §.
915 1415 969 1446 ult.
993 1415 1036 1446 D.

162 1463 196 1493 de
220 1464 377 1494 minoribus
393 1463 433 1493 fic
455 1461 584 1491 scribat:
613 1460 663 1490 Ex
678 1461 728 1489 hoc
746 1457 847 1489 Edzeto
869 1457 951 1487 nulla
974 1463 1035 1496 pro-

158 1506 226 1545 pria
236 1504 308 1535 actio
326 1504 477 1535 velcaziiz'o
492 1501 700 1541 proficiscitur:
715 1506 806 1530 totum
820 1499 895 1529 enim
906 1498 956 1529 hoc
968 1505 1036 1538 pen-

161 1547 208 1577 det
225 1555 261 1576 ex
279 1545 418 1576 Praetorici
434 1544 604 1584 cognitione.
630 1541 692 1573 Sed
708 1541 770 1582 jam
787 1540 956 1580 aliquoties
970 1548 1038 1571 mo-

160 1590 214 1619 nui
233 1587 262 1617 in
281 1585 492 1624 superioribus
504 1584 656 1622 ‚actionis
673 1592 791 1614 nomen
807 1581 977 1622 aliquando
987 1590 1039 1612 ati-

161 1627 251 1669 guste
276 1626 399 1668 accipi,
421 1627 593 1665 aliquando
620 1625 684 1656 late
709 1633 766 1664 pro
791 1631 992 1663 quacumque
1009 1631 1040 1652 a·

162 1669 276 1700 ctionis
296 1668 401 1710 specie
419 1668 437 1699 l.
455 1672 518 1707 ¹?8-
539 1666 567 1709 §.
589 1676 614 1697 2.
634 1666 674 1697 D.
693 1668 726 1696 de
743 1667 818 1696 verb.
828 1663 934 1706 fignif.
951 1670 1040 1703 pute·

160 1719 229 1743 mus
248 1710 361 1751 igitur,
378 1708 407 1741 in
426 1710 585 1750 integrum
602 1706 835 1739 restitutionem
852 1716 868 1737 a
884 1705 981 1737 Paulo
998 1705 1039 1736 la-

160 1752 244 1783 tiore
262 1751 491 1792 significatione
509 1750 570 1781 dici
591 1749 768 1781 actionem:
783 1747 846 1779 five
862 1746 917 1779 fiat
933 1746 1004 1777 data
1021 1755 1038 1777 a

160 1793 304 1827 Praetore
329 1793 455 1824 actione
483 1791 513 1822 δι
537 1790 668 1831 Judice,
692 1789 755 1821 five
770 1788 873 1830 ipsius
889 1788 1039 1821 Praetoris

160 1837 353 1877 cognitione
372 1835 401 1866 ὅ(
419 1836 565 1866 decreto,
608 1833 672 1865 Sed
688 1831 753 1863 hoc
776 1840 817 1862 ex
833 1829 1040 1872 sequentibus

159 1886 177 1908 a
228 1877 337 1907 arebit.

179 1886 280 1950 p{giiii
294 1941 302 1956 ‚
321 1918 394 1958 quid
409 1917 439 1948 iri
455 1915 572 1948 Titulo
588 1914 679 1946 sonet
695 1915 725 1947 in
742 1914 901 1954 integrum
918 1912 1040 1945 restitu-

160 1960 222 1999 tio,
234 1969 331 2000 porro
347 1960 410 1999 ejus
420 1958 523 1990 caulas
534 1966 670 1998 quaeram
679 1980 688 1995 ‚
699 1956 881 1997 aequitatem
892 1954 1041 1986 summam

159 2003 360 2033 indicaturas.
406 1999 504 2041 Igitur
520 2000 562 2030 ait
580 1998 733 2038 Ulpianus
753 1998 771 2028 ί.
795 2006 818 2029 ι.
839 1996 865 2027 b.
886 2002 905 2027 ι’.
927 1997 1041 2028 utilita-

162 2050 230 2074 tem
248 2042 338 2083 hujus
358 2041 461 2073 Tituli
480 2051 545 2072 non
561 2049 656 2081 egei-e
674 2039 973 2070 commendatione:
997 2039 1041 2078 ip-

162 2084 229 2115 sum
255 2085 338 2114 enim
365 2084 394 2114 se
418 2083 595 2114 ostendere.
620 2081 649 2112 ὅς
676 2080 848 2121 praefatur:
871 2080 958 2120 quod
986 2079 1040 2110 iub

162 2125 229 2157 hoc
251 2124 367 2156 Titulo
385 2123 578 2164 plurifariam
607 2122 728 2154 Prae'tor
746 2122 889 2152 subvenit
906 2121 1041 2152 homini-

162 2168 223 2198 bus
247 2165 327 2206 Juris
352 2165 524 2197 subtilitate
549 2165 599 2195 vel
623 2163 711 2204 lapsis
730 2164 780 2194 vel
796 2162 1040 2201 circumscriptis

162 2207 312 2240 adversus
327 2211 512 2247 aequitatem
523 2205 717 2237 naturalem(
731 2205 890 2236 Nimirum
900 2204 1040 2244 Julianus

162 2248 267 2282 causas
284 2259 396 2281 omnes
420 2249 449 2279 in
476 2248 632 2288 integrum
649 2246 857 2278 restitutionis
875 2247 905 2276 in
923 2245 1038 2276 Edicto

161 2291 326 2331 Perpetuo
352 2289 415 2321 fuit
438 2290 491 2321 sub
515 2299 580 2321 uno
598 2289 787 2328 complexus
802 2286 927 2319 Titulo.
952 2295 1040 2318 erant

164 2332 248 2364 enim
275 2332 386 2363 brevia
411 2330 515 2363 Euitti
540 2330 661 2371 capita:
685 2328 741 2361 etfi
759 2339 808 2361 res
831 2331 862 2360 in
880 2329 1038 2360 infinitum

164 2375 242 2405 abiit
260 2373 526 2413 interpretatione
552 2371 766 2403 Prudentum:
791 2379 895 2410 eoque
914 2369 1040 2401 necesse

165 2416 211 2446 eis
226 2415 308 2453 fuit,
330 2416 361 2446 in
382 2415 484 2455 plures
500 2412 632 2445 Titulos
649 2413 811 2450 dividere,
828 2421 897 2450 quae
915 2419 990 2442 ante
1007 2420 1040 2442 u-

164 2465 209 2486 no
229 2456 494 2487 continebantur:
521 2455 609 2494 quod
626 2454 655 2485 &
674 2454 705 2485 in
724 2453 892 2485 Pandettis
909 2453 1039 2484 fastum.

164 2495 316 2528 Debetur
335 2498 432 2538 igitur
448 2496 597 2535 Titulus,
617 2495 664 2526 De
681 2497 712 2526 in
728 2497 872 2536 integrum
887 2492 1039 2535 restitutio-

164 2539 270 2574 nibus,
292 2538 407 2570 Edicto
431 2538 602 2579 Perpetuo.
624 2546 662 2567 ac
679 2537 802 2577 putavit
824 2534 999 2576 UlpianuS,
1024 2544 1041 2566 e

167 2589 201 2611 re
217 2578 297 2617 esse,
315 2580 421 2620 (quod
439 2580 466 2610 δι
483 2579 563 2610 fecit
580 2579 662 2610 libro
678 2576 877 2609 xi1.Titulo
897 2586 920 2609 1.
938 2576 985 2607 De
998 2585 1038 2607 re-

169 2622 222 2651 bus
238 2622 371 2660 creditis)
392 2629 559 2659 antequam
577 2620 616 2651 ad
632 2619 747 2659 fingula
768 2619 891 2650 veniret
909 2618 1040 2659 Capita,

165 2661 312 2702 quaedam
328 2662 366 2692 ad
377 2660 521 2692 Titulum
534 2661 725 2703 generaliter
734 2659 868 2701 praefari.
886 2669 956 2700 quae
967 2668 1040 2700 qua·

165 2704 207 2736 lia
223 2702 361 2740 fuerint,
378 2702 527 2742 pleraque
544 2707 739 2744 ignoramus:
756 2711 828 2733 cum
847 2711 887 2732 ex
906 2701 953 2732 his
977 2709 1041 2732 tan-

167 2752 235 2776 tum
254 2743 424 2775 habeamus
439 2744 502 2782 ejus
519 2744 538 2775 l.
557 2754 581 2775 1.
600 2743 636 2778 ὅ)
650 2745 707 2774 l.6.
725 2743 753 2776 b.
769 2749 790 2774 t.
810 2744 912 2773 dicam
928 2742 1040 2783 igitur,

165 2786 256 2826 quod
273 2794 313 2816 ex
332 2794 372 2816 eo
392 2784 498 2814 &aliis
517 2785 601 2815 licet.
627 2784 658 2815 ln
674 2786 703 2816 d.
720 2785 739 2816 l.
753 2794 779 2815 1.
804 2784 848 2814 ait
866 2783 1040 2824 Ulpianus,

166 2827 333 2858 aPraetore
350 2825 549 2865 inintegrum
564 2825 795 2857 restitutionem
813 2826 969 2866 indulgeri
989 2825 1040 2856 vel

165 2869 257 2909 lapsis
275 2869 324 2898 vei
336 2866 580 2904 circumscriptis
594 2874 700 2905 metu,
716 2868 909 2905 calliditate,
926 2874 1038 2904 aetate,

167 2909 325 2941 absentia:
344 2908 495 2947 additque
514 2906 626 2937 Paulus
644 2906 673 2938 in
693 2908 713 2938 l.
733 2918 760 2939 2.
779 2908 869 2949 (qnae
887 2908 932 2939 est
949 2917 989 2938 ex
1008 2909 1036 2938 d.

166 2953 214 2983 tit.
236 2961 263 2992 7.
281 2951 330 2981 lib.
353 2958 379 2981 x.
397 2948 547 2988 Sentent.)
574 2947 667 2979 status
689 2951 922 2987 mutationem,
947 2949 976 2980 ἃ
991 2950 1038 2988 iu·

166 2992 248 3025 stum
259 2999 410 3022 eri-orem.
428 2997 561 3028 uterque
573 2997 685 3019 omnes
701 2990 804 3021 causas
821 2990 967 3031 exposuit
984 2990 1038 3021 lib.

167 3034 340 3066 11.&x11.
366 3032 416 3064 Ad
434 3030 598 3061 Edictum:
618 3036 651 3059 ut
668 3030 852 3069 intelligitur
871 3041 911 3062 ex
928 3030 1039 3063 Inscri-

165 3075 330 3116 ptionibus
346 3074 451 3114 legum
468 3071 559 3112 hujus
573 3070 652 3102 libri.
677 3078 798 3101 tantum
818 3072 848 3102 in
867 3082 907 3102 eo
922 3072 1040 3104 deside-

165 3125 252 3149 ratur
264 3115 361 3155 justus
378 3124 484 3145 error:
508 3122 548 3144 ex
566 3121 606 3143 eo
623 3110 787 3142 transsatus
806 3121 821 3141 a
835 3111 1039 3145 Triboniano

165 3159 205 3189 ad
224 3158 336 3187 librum
350 3163 466 3187 xxvil.
483 3153 538 3185 sub
548 3151 679 3190 TituIO,
697 3151 783 3194 Q‘Od
796 3152 870 3190 falso
886 3158 978 3183 tutore
987 3164 1038 3184 au-

166 3198 242 3231 ἃονε
254 3195 365 3240 gestum
379 3197 429 3237 effe
444 3198 571 3229 dicetur:
594 3193 648 3227 sub
662 3193 773 3235 quoin
789 3192 808 3225 l.
829 3201 854 3225 1.
873 3191 901 3232 ὃ.
920 3194 1031 3229 1.&6.

1079 469 1189 508 extant
1209 463 1311 495 Ediffl
1335 464 1450 502 verba,
1473 465 1503 496 dc
1519 462 1555 496 fit
1570 464 1602 496 in
1621 463 1668 497 liis
1679 462 1810 496 *mentio
1827 460 1949 495 restitu-

1080 505 1178 536 tionis
1190 506 1220 535 in
1238 507 1397 546 integrum
1415 515 1548 546 propter
1565 506 1788 548 ignorantiam.
1811 505 1906 535 etiam
1918 504 1952 536 li·

1079 553 1207 584 quet.ex
1217 545 1479 586 Inscriptionibus
1497 549 1618 589 legum,
1630 548 1676 578 »ibi
1695 545 1950 587 Ulpiani⁴&·Pan-

1074 586 1099 616 ,ii
1119 585 1170 616 lib.
1189 595 1258 630 ³5¹¹·
1285 588 1334 618 Aci
1350 587 1499 620 Edictum
1516 589 1761 630 praeferentibus
1773 611 1782 623 .,
1807 596 1879 618 eum
1896 585 1952 618 T-i·

1079 627 1179 658 tulum
1194 637 1224 658 in
1244 627 1358 659 Edicto
1372 629 1537 669 Perpetuo
1555 630 1645 662 fuiffe
1662 631 1751 671 hujus
1762 627 1865 660 Tituli
1882 637 1952 668 par·

1079 676 1155 700 tem.
1180 678 1369 709 quamquam
1385 693 1394 707 ,
1420 680 1534 709 praeter
1555 673 1619 703 hoc
1642 671 1826 711 exemplum
1851 669 1895 700 est
1920 670 1952 701 in

1078 709 1107 751 §.
1131 720 1180 755 33.
1209 709 1281 748 lnst.
1307 712 1340 741 cie
1364 710 1522 743 ustionibus
1538 714 1643 745 adhuc
1667 714 1752 744 aliud
1769 711 1952 750 exemplum

1079 761 1108 782 in
1133 759 1290 791 integrum
1318 750 1523 785 restitutionis
1536 755 1587 785 ob
1603 763 1757 786 errore-m.
1782 753 1870 794 quod
1887 761 1952 792 quo

1079 792 1214 823 referam
1226 816 1234 829 ‚
1252 792 1378 825 nescio:
1392 793 1448 825 nisi
1460 797 1528 835 quis
1537 797 1635 834 velit,
1649 797 1813 837 pertinere
1823 795 1860 826 ad
1873 794 1955 824 clau-

1079 834 1174 865 sulam
1190 858 1199 871 ,
1219 834 1290 864 laem
1301 833 1331 869 fi
1348 843 1410 875 quae
1426 835 1484 866 alia
1498 838 1568 867 mihi
1580 836 1664 879 justa
1681 837 1768 877 causa
1781 836 1832 877 effe
1847 836 1955 866 videbi-

1080 882 1240 916 tursquae
1260 874 1395 909 clausula
1411 875 1455 907 est
1474 876 1574 908 Euitti
1591 879 1647 910 sub
1663 878 1778 910 Titulo
1796 887 1846 909 v1.
1864 877 1957 917 hujus

1079 917 1160 949 libri.
1206 917 1269 948 Sed
1281 918 1328 948 *de
1344 916 1409 948 hoc
1429 918 1609 950 deliberent
1625 919 1804 960 peritiores.

1123 958 1270 1003 Vidimus
1290 957 1395 990 causas
1408 962 1635 1000 vpermittendae
1651 962 1850 1002 inintegrum
1872 959 1958 992 resti·

1080 1000 1222 1032 tutionis.
1249 1000 1413 1032 videamus
1430 999 1577 1034 formam.
1600 1005 1648 1033 de:
1663 1002 1722 1034 hac
1739 1005 1781 1034 ita
1802 1001 1958 1035 Modesti-

1076 1050 1138 1073 nus
1149 1041 1176 1074 [ἰ.
1192 1051 1221 1083 3.
1237 1042 1266 1072 h.
1277 1048 1299 1072 t.
1328 1042 1435 1073 Omnes
1450 1043 1482 1073 in
1499 1040 1649 1086 integrum
1663 1043 1855 1084 restitutiones
1870 1044 1959 1075 causer

1081 1084 1201 1123 cognita·
1213 1093 1231 1114 a
1248 1083 1373 1114 Praetore
1387 1085 1610 1125 promittzmtwr.
1659 1086 1835 1118 Modestini
1853 1084 1956 1116 sensus

1082 1124 1146 1171 est,
1170 1127 1259 1171 quod
1276 1124 1398 1157 Praetor
1415 1126 1541 1164 voluit,
1564 1136 1677 1159 omnes
1694 1128 1724 1158 in
1739 1128 1896 1169 integrum
1913 1135 1958 1158 re-

1079 1165 1341 1198 stitutionesase
1358 1168 1444 1206 p'eti3
1459 1168 1573 1203 nullam
1589 1179 1607 1199 a
1623 1168 1809 1210 Magistratu
1827 1167 1959 1200 munici⁴

1080 1208 1153 1248 pali.
1177 1217 1249 1239 nam
1265 1209 1319 1248 (ut
1338 1208 1449 1252 Paulus
1463 1211 1506 1240 ait
1523 1211 1541 1241 l.
1562 1220 1629 1251 105.
1652 1209 1684 1241 D
1715 1211 1747 1240 de
1766 1211 1856 1251 regul.
1870 1209 1958 1251 juri)

1081 1249 1274 1294 ubicumque
1291 1250 1387 1279 caulae
1405 1252 1550 1291 cognitio
1567 1253 1629 1288 est,
1646 1252 1689 1283 ibi
1705 1252 1827 1284 Praecor
1838 1250 1959 1282 deside·-

1081 1299 1177 1321 ratur.
1202 1293 1233 1321 id
1249 1289 1313 1328 est,
1338 1291 1394 1329 (ut
1409 1291 1455 1322 lib.
1477 1301 1502 1323 1.
1523 1292 1687 1335 Dejzm’sd.
1707 1293 1743 1327 ὅ)
1762 1294 1829 1334 imp.
1856 1292 1960 1324 osten-

1082 1332 1132 1372 di)
1158 1331 1199 1362 ibi
1220 1340 1284 1377 non
1303 1331 1415 1374 sufficit
1433 1332 1634 1373 Magistratus
1649 1334 1857 1374 municipalis.
1878 1333 1958 1365 scili-

1080 1381 1151 1410 cet,
1176 1381 1247 1412 quia
1264 1373 1409 1412 cognitio
1424 1373 1468 1405 est
1488 1377 1578 1405 mixti
1596 1376 1739 1415 imperii,
1758 1376 1786 1406 &
1804 1384 1958 1406 exercen-

1080 1415 1118 1445 da
1136 1423 1196 1459 pro
1212 1414 1376 1446 tribunali:
1393 1415 1481 1452 quod
1498 1415 1541 1447 est
1557 1416 1728 1456 Praetoris,-
1751 1416 1958 1456 Magistratus

1080 1456 1279 1495 municipalis
1296 1465 1360 1486 non
1379 1455 1433 1487 est.
1459 1458 1608 1495 atqueita
1624 1457 1738 1489 Paulus
1754 1459 1772 1489 l.
1791 1461 1830 1489 26
1855 1465 1902 1498 pr.
1917 1456 1955 1492 ὦ)

1080 1496 1108 1537 §.
1127 1506 1152 1528 1.
1174 1496 1214 1527 J).
1238 1496 1289 1527 Asl
1303 1498 1467 1537 municipali.
1494 1498 1571 1530 Inde
1588 1499 1766 1531 dubitatum
1782 1498 1843 1530 fuit
1859 1499 1899 1529 ab
1915 1497 1960 1529 E·-

1081 1538 1273 1569 ruditiffimis
1292 1537 1520 1578 lutei-precibus
1533 1550 1540 1570 :
1555 1541 1575 1571 fi
1593 1541 1713 1572 Pr-aetor
1724 1541 1854 1572 mandet
1867 1540 1959 1579 juris·

1082 1579 1274 1610 dictionem:
1298 1588 1335 1609 an
1363 1579 1392 1610 in
1417 1581 1645 1613 mandatarium
1670 1581 1804 1612 transeat
1828 1583 1859 1612 in
1877 1582 1959 1612 inte-

1081 1629 1172 1661 grum
1196 1619 1382 1652 restitutio?
1404 1620 1541 1660 jacobus
1568 1622 1714 1663 Cujacius
1739 1623 1777 1653 ad
1804 1623 1824 1653 l.
1843 1632 1871 1663 3.
1887 1621 1915 1653 h.
1934 1626 1959 1654 t.

1080 1669 1190 1703 putat,
1208 1671 1276 1692 eam
1290 1661 1419 1702 quidem
1435 1662 1561 1694 transire
1579 1673 1619 1695 ex
1638 1663 1741 1696 Edicti
1760 1664 1900 1703 partibus
1917 1671 1962 1697 ex

1082 1703 1195 1743 quibus
1213 1712 1349 1743 propriae
1372 1703 1486 1735 dantur
1502 1704 1663 1738 actiones:
1687 1713 1719 1737 at
1739 1715 1779 1737 ex
1798 1705 1891 1737 tertia
1917 1703 1960 1736 E-

1081 1744 1154 1776 disti
1167 1752 1255 1784 parte
1265 1754 1305 1776 cx
1315 1753 1376 1785 qua
1389 1746 1566 1777 minoribus
1579 1745 1781 1786 subvenitur,
1792 1756 1858 1778 non
1876 1753 1961 1779 tran·

1081 1786 1229 1833 sire-'Sed
1246 1785 1323 1818 mihi
1340 1796 1404 1818 non
1423 1787 1528 1827 placet
1544 1787 1664 1829 CuJ'acii
1680 1788 1852 1820 sententia:
1867 1797 1961 1830 repu-

1083 1836 1162 1860 tanti
1180 1851 1190 1867 ‚
1214 1837 1327 1859 omnes
1352 1828 1383 1859 in
1408 1828 1565 1870 integrum
1585 1829 1803 1862 restitutiones
1825 1830 1960 1862 Praetori

1083 1878 1272 1911 competere
1294 1870 1361 1910 jure
1383 1870 1610 1911 Magistratus:
1635 1872 1706 1903 talia
1732 1881 1811 1903 vero
1836 1872 1877 1903 ab
1901 1871 1959 1903 illo

1083 1910 1173 1952 poffe
1196 1911 1354 1949 mandari,
1380 1912 1408 1953 ὅς
1426 1914 1572 1944 mandata
1586 1912 1807 1953 jurisdictione
1824 1914 1856 1945 in
1873 1922 1961 1944 man-

1084 1954 1237 1985 datarium
1264 1953 1390 1984 tranfire
1406 1976 1416 1991 ,
1446 1953 1501 1985 suo
1527 1955 1602 1985 loco
1628 1955 1876 1986 demonstratum
1900 1953 1958 1987 est.

1084 1995 1184 2036 Atqui
1209 1996 1341 2027 minoris
1359 1994 1516 2026 restitutio
1534 1995 1716 2027 Praetoriam
1737 1996 1958 2037 cognitionem

1085 2037 1248 2069 desiderat·
1295 2036 1342 2068 Sit
1359 2037 1417 2067 ita:
1441 2035 1493 2068 sed
1510 2036 1535 2067 is
1553 2038 1603 2068 cui
1621 2037 1766 2068 mandata
1781 2037 1959 2077 jurisdictio

1086 2078 1148 2116 est,
1167 2078 1339 2109 Praetorem
1351 2077 1570 2118 repraesentat:
1586 2077 1724 2119 fungens
1741 2079 1811 2109 vice
1822 2080 1887 2118 ejus
1903 2078 1959 2119 qui

1085 2121 1267 2155 mandavit,
1285 2129 1348 2150 non
1367 2119 1426 2149 sua.
1450 2117 1521 2150 Nec
1540 2118 1604 2150 hoc
1619 2120 1755 2151 mutavit
1771 2118 1963 2159 justinianus

1085 2161 1104 2192 l.
1122 2161 1174 2192 ult.
1197 2161 1229 2191 C.
1252 2160 1312 2191 Ubi
1328 2160 1364 2194 ὅθ
1379 2162 1459 2200 apud
1473 2170 1556 2202 quem
1572 2162 1604 2191 in
1621 2162 1724 2203 integr.
1742 2159 1808 2201 rest.

1127 2203 1291 2234 Promittit
1309 2204 1402 2243 igitur
1413 2203 1551 2240 Praetor,
1568 2211 1680 2234 omnes
1698 2203 1898 2243 iniiitegt’um
1910 2211 1957 2234 re-

1082 2243 1262 2276 stitutiones
1274 2243 1361 2274 causa
1372 2244 1514 2283 cognita.
1532 2242 1641 2284 estque
1652 2244 1726 2275 hinc
1735 2244 1960 2285 consequens;·v

1081 2295 1122 2317 ne
1139 2286 1230 2316 aliter
1246 2285 1480 2326 indulgeantur,
1497 2294 1591 2326 quam
1609 2295 1666 2326 pro
1685 2285 1851 2325 tribunali,
1868 2285 1960 2317 &ad-

1081 2336 1201 2358 vocato
1219 2326 1413 2357 adversario:
1429 2335 1520 2357 certo
1533 2327 1621 2367 jure,
1638 2327 1726 2368 quod
1743 2335 1959 2367 quaecumque

1083 2369 1180 2399 causae
1205 2369 1426 2410 cognitionem
1453 2367 1648 2407 defiderant,
1669 2377 1706 2399 ea
1723 2377 1778 2408 per
1795 2367 1960 2407 libellum,

1082 2410 1113 2442 id
1131 2409 1193 2448 est,
1218 2411 1258 2441 de
1275 2409 1368 2449 plano
1380 2433 1387 2446 ,
1405 2417 1502 2448 atque
1518 2409 1648 2440 absente
1665 2407 1843 2440 adversario
1855 2432 1864 2447 ‚
1888 2408 1958 2440 fieri

1082 2459 1259 2492 nequeunt.
1283 2450 1345 2481 fuit
1364 2451 1428 2481 hoc
1446 2450 1585 2481 Praetore
1601 2451 1750 2491 dignum,
1773 2449 1793 2481 fi
1812 2450 1959 2482 audimus
2013 2459 2016 2464 ·

1083 2492 1324 2530 Modestinuni,
1349 2494 1377 2523 d.
1395 2492 1413 2523 l.
1431 2501 1459 2532 3.
1480 2491 1611 2528 Scilicet,
1635 2498 1668 2522 ut
1686 2490 1835 2533 justitiam
1858 2500 1960 2523 earum

1084 2535 1237 2570 causarum
1262 2535 1427 2572 examinet,
1448 2543 1487 2563 an
1509 2542 1583 2563 verae
1592 2531 1669 2571 fint,
1693 2542 1819 2574 quarum
1844 2533 1962 2564 nomine

1083 2574 1354 2616 fingulisfitbvenit.
1380 2574 1431 2605 Sic
1444 2573 1563 2605 habent
1579 2583 1691 2605 omnes
1703 2574 1872 2607 editiones.
1895 2573 1959 2606 Sed

1086 2615 1267 2648 Gulielmus
1285 2615 1458 2647 Fornerius
1473 2615 1560 2646 lib.2.
1580 2614 1679 2646 Selebi.
1696 2625 1718 2646 c.
1734 2624 1779 2652 24.
1799 2615 1897 2656 legit,
1920 2614 1959 2650 ὃ

1082 2668 1121 2689 cm
1136 2667 1210 2689 verae
1222 2656 1294 2695 sint.
1311 2658 1478 2696 quomodo
1489 2658 1584 2688 etiam
1597 2657 1729 2697 conjicit
1747 2656 1780 2688 P.
1799 2656 1902 2688 Faber
1916 2656 1957 2688 ad

1080 2700 1100 2730 l.
1116 2703 1181 2740 183.
1194 2698 1234 2730 D.
1247 2700 1280 2729 de
1289 2699 1414 2739 reg.jur.
1445 2697 1522 2729 Mea
1539 2697 1886 2737 sententia‚abundant
1903 2707 1961 2738 po-

1083 2740 1212 2772 steriora
1223 2740 1318 2771 verba
1329 2762 1337 2777 ‚
1353 2749 1392 2770 an
1407 2748 1483 2770 verae
1495 2737 1574 2779 fine,
1590 2740 1673 2771 idem
1691 2740 1850 2778 sonantia,
1867 2739 1957 2780 quod

1084 2782 1188 2822 priora
1199 2805 1207 2819 ,
1225 2781 1268 2812 Ut
1271 2780 1419 2823 justitiarii
1428 2790 1526 2811 earum
1537 2779 1688 2822 causarum
1702 2783 1867 2813 examinet.-
1881 2789 1955 2813 nam

1081 2833 1184 2854 verum
1201 2822 1263 2861 est,
1285 2832 1417 2864 aequurm
1438 2830 1471 2852 ut
1489 2821 1579 2862 saepe.
1604 2832 1666 2854 nec
1683 2822 1728 2854 est
1746 2821 1882 2854 insolens
1899 2831 1956 2854 no-

1082 2864 1150 2896 stris
1162 2887 1172 2902 ,
1195 2864 1242 2896 bis
1258 2865 1342 2895 idem
1362 2865 1480 2895 dicere.
1505 2864 1644 2895 indicavi
1662 2864 1694 2896 id
1710 2865 1833 2904 aliquot
1849 2873 1956 2895 exem-

1083 2905 1142 2946 plis
1158 2906 1203 2937 lib.
1222 2915 1251 2946 3.
1272 2906 1415 2937 Probabil.
1433 2915 1457 2936 c.
1480 2914 1526 2937 10.
1551 2904 1624 2937 Nec
1644 2914 1695 2936 me
1713 2905 1815 2946 fugit,
1838 2905 1957 2936 Praeto-

1083 2956 1149 2978 rem
1167 2948 1198 2978 in
1218 2948 1378 2978 minorum
1403 2946 1606 2978 restitutione
1624 2956 1714 2987 aeque
1732 2947 1772 2978 de
1787 2945 1894 2984 facto,
1917 2953 1955 2976 ac

1083 2989 1123 3019 de
1136 2988 1204 3028 jure
1225 2987 1431 3029 cognoscere.
1476 2987 1538 3018 Sed
1557 2997 1621 3019 nori
1639 2989 1744 3020 minus
1761 2987 1843 3024 scio,
1866 2985 1954 3026 quod

1084 3030 1127 3060 ob
1144 3037 1262 3061 metum
1277 3054 1286 3068 ,
1305 3031 1429 3068 dolum,
1441 3028 1632 3067 absentiam,
1649 3031 1746 3069 petita
1756 3028 1955 3067 inintegrum

1082 3069 1303 3110 restitutione,
1329 3070 1450 3101 Praetor
1466 3069 1632 3110 cognoscit
1653 3072 1692 3101 de
1707 3068 1819 3108 iustitia
1834 3065 1953 3112 causae3

1078 3112 1176 3152 judex
1192 3112 1231 3143 ab
1250 3123 1290 3143 eo
1308 3113 1398 3144 datus
1416 3112 1457 3143 de
1472 3111 1578 3148 facto,
1602 3119 1636 3142 ut
1660 3109 1764 3150 paffim
1781 3106 1867 3145 fieri,
1891 3107 1949 3139 du-

1081 3154 1157 3185 dum
1183 3153 1396 3185 demonstravi
1414 3153 1462 3183 lib.
1486 3161 1511 3184 1.
1536 3152 1584 3183 De-
1601 3151 1708 3194 jurisd.
1735 3148 1773 3182 &³
1795 3150 1860 3188 imp.
1881 3158 1906 3179 c.
1925 3153 1958 3183 8,

1080 3202 1175 3236 atque
1193 3194 1252 3228 hac
1270 3196 1393 3228 ratione
1405 3193 1548 3226 assentiar
1559 3193 1685 3234 quidem
1695 3189 1864 3231 Radulpho
1875 3188 1952 3262 Fgg-
