2036 3495
1766 91 1838 132 269

156 200 514 256 LIBER
597 197 1130 250 DECJMUS
1215 202 1750 281 QUINTUS

725 332 1162 369 T1rutus.1.

830 412 881 448 De
902 412 1028 458 peculio.

45 506 407 556 ἐξιξῇρὲθωηκυε
431 503 450 533 l.
474 511 499 533 r.
528 502 554 532 h.
580 507 602 532 t.
633 501 844 539 ordinarium,
869 502 914 547 in-

46 557 84 588 ςς,
181 558 217 587 ,ψ
240 545 332 584 quit,
372 544 491 575 Praetor
520 543 687 575 arbitratus
719 544 790 581 est,
828 551 914 583 prius

62 584 85 600 ‘ss
123 579 152 610 U
179 580 202 618 ἦ,
239 594 294 617 eos
337 585 517 616 contractus
571 594 737 625 exponere
782 593 912 622 eorum,

44 607 86 658 ἕ
179 606 215 649 ἧ
236 627 288 666 qui
317 626 423 657 alienae
469 626 615 666 potestati
663 625 788 666 subjecti
826 626 913 663 sunt,

44 647 213 698 ξὸἣςῗῖἴῆ
234 669 285 705 qui
311 667 340 697 in
358 668 488 699 solidum
513 668 657 699 tribuunt
675 670 849 699 actionem:
872 666 913 697 lic

45 710 160 743 deinde
180 711 216 740 ad
236 709 297 739 huc
319 708 424 748 (forte
446 711 632 750 legendum,
655 712 692 740 uri
722 711 818 747 hunc)
842 717 909 746 per-

44 754 171 788 venire,
193 751 245 781 ubi
271 753 309 780 de
334 750 460 787 peculio
483 754 574 782 datur
593 752 684 782 actio.
730 750 781 780 Est
805 758 911 780 autem

43 793 159 833 triplex
181 792 244 823 hoc
263 791 426 823 Ethstum:
452 801 503 823 aut
529 793 612 822 enim
630 796 669 823 de
690 792 834 838 peculio,
857 798 911 820 aut

39 835 80 868 de
101 833 132 864 in
150 843 215 864 rem
241 833 350 871 verso,
374 841 426 864 aut
451 835 534 873 quod
555 834 650 875 jussu,
676 833 749 864 hinc
765 841 865 862 oritur
888 840 916 862 a-

44 876 117 908 ctio.
162 874 262 905 Prima
281 884 420 905 occurrit
438 876 476 905 de
497 876 623 914 peculio
642 875 734 906 aetio.
771 872 843 918 Effe
857 882 910 903 au-

44 925 110 948 tem
129 917 286 956 peculium
307 917 442 952 dietum,
467 916 549 956 quasi
575 916 712 956 pusillam
731 924 911 956 pecuniam,

43 958 106 990 sive
124 958 347 997 patrimonium
375 957 533 997 pusillum,
559 958 775 1002 Llpianustait
794 957 812 986 l.
829 967 857 996 5.
883 956 910 995 §.

21 1032 23 1035 ,
46 1009 74 1040 3.
91 1000 115 1030 h.
138 1006 159 1029 ι.
184 999 263 1029 satta
281 1021 291 1037 ‚
323 1008 352 1030 ut
382 1001 523 1038 videtur,
548 1006 788 1038 comparatione
816 1006 909 1037 pecu-

44 1050 104 1072 niae
130 1048 183 1070 aut
205 1041 383 1080 patrimonii
412 1039 463 1071 filii
484 1040 602 1071 survive
623 1049 694 1071 cum
712 1049 751 1071 eo
769 1040 855 1078 quod
875 1038 912 1083 fit

44 1081 141 1122 patris
158 1089 209 1112 aut
228 1081 345 1112 domini
384 1082 519 1121 alioquin
541 1081 627 1121 poll'e
645 1083 693 1112 vel
713 1081 789 1112 serui
809 1081 837 1110 <St
857 1079 912 1110 filii

42 1122 203 1164 peculium
227 1123 309 1153 bene
332 1132 476 1162 magnum
498 1124 524 1153 ἀ
551 1124 739 1163 opulentum
763 1120 844 1159 esse,
870 1123 912 1152 in-

46 1165 199 1204 telligitur
221 1173 260 1194 ex
283 1165 300 1195 l.
319 1175 345 1203 7.
364 1164 394 1206 §.
413 1176 441 1202 4.
473 1165 585 1205 &seqq
621 1167 647 1194 ci.
667 1171 687 1194 ι.
716 1163 743 1205 §.
759 1174 789 1204 5.
812 1162 911 1202 infin.

46 1203 120 1246 1⁷⁷ft·
166 1205 251 1247 Quid
274 1215 338 1236 cum
363 1217 390 1235 eo
413 1207 463 1246 qui
484 1207 513 1236 in
530 1208 612 1236 alren.
628 1203 725 1246 potest.
744 1206 776 1244 ἐς
794 1203 839 1235 est
857 1213 912 1235 ex-

46 1248 187 1284 emplum
215 1247 296 1286 apud
327 1247 511 1278 Suetonium
544 1247 653 1277 Tiberio
684 1257 707 1277 c.
737 1255 781 1285 ¹5·
835 1244 912 1276 Non

45 1298 149 1320 minus
165 1288 240 1318 utile
258 1287 300 1318 eil
318 1287 404 1318 sciri:
426 1289 512 1328 quod
529 1287 731 1329 Theophilus
749 1287 776 1328 §v
792 1296 820 1325 4.
836 1284 913 1332 Just.

46 1331 103 1359 eod.
128 1332 172 1359 ziz.
198 1330 355 1368 peculium
383 1329 434 1359 filii
458 1337 510 1359 aut
537 1329 634 1367 servi,
663 1338 735 1360 cum
763 1335 912 1367 patrimo—

44 1372 132 1401 nium
160 1377 297 1407 ‹nt-itur,
330 1372 554 1410 interpretatur
585 1371 726 1401 naturale
761 1369 910 1408 patrimo-

44 1413 147 1443 nium:
168 1411 332 1450 videlicet,
348 1411 418 1450 quia
434 1411 577 1442 exactum
596 1413 633 1441 ad
648 1412 696 1451 jus
717 1410 828 1448 civile,
847 1419 911 1440 non

45 1453 90 1484 est
106 1455 182 1483 lerxi
201 1462 251 1482 aut
271 1451 324 1483 filii
344 1454 577 1491 patrimonium.
602 1453 701 1484 solum
726 1452 841 1484 dicitur
860 1460 912 1497 pa-

44 1496 226 1525 trimoniuin
249 1494 345 1534 patris
363 1502 414 1524 aut
432 1494 568 1524 domini:
592 1493 641 1524 cui
659 1494 728 1534 jure
747 1492 911 1534 potestatis

44 1541 107 1566 tam
126 1534 222 1570 filjuS,
247 1545 336 1574 quam
355 1535 457 1566 servus
474 1535 611 1574 adquirit
628 1536 744 1566 omnia.
782 1533 828 1564 Ita
846 1543 910 1565 non

45 1577 129 1608 mule
147 1575 332 1614 justinianus
348 1576 377 1617 §.
399 1585 445 1607 10.
470 1575 538 1615 Inst.
555 1577 587 1606 de
609 1575 711 1607 astion.
737 1576 832 1614 dicit,
858 1585 908 1614 pe-

47 1619 165 1647 culium
191 1615 252 1646 ess‘e
276 1617 364 1647 velut
389 1618 609 1656 patrimonium
642 1616 778 1648 filiorum
795 1640 804 1655 ‚
836 1617 910 1648 filia·

46 1666 196 1696 rumque,
222 1659 297 1688 item
321 1657 490 1690 servorum.
539 1658 600 1689 Sed
623 1658 841 1689 definitionem
868 1657 910 1689 vi-

49 1700 188 1730 deamus.
211 1699 370 1737 peculium
391 1698 524 1730 Tubero
549 1702 631 1737 apud
656 1700 821 1737 tribianum
839 1702 864 1730 d.
889 1700 908 1730 l.

45 1750 75 1780 5.
95 1739 121 1781 §.
138 1749 166 1777 4.
193 1739 232 1769 sic
249 1739 378 1771 dtfinit:
404 1742 489 1780 quod
513 1741 612 1771 servus
631 1742 748 1772 domini
768 1740 911 1782 permissu

45 1779 220 1818 separatum
245 1790 261 1811 a
285 1781 458 1812 rationibus
485 1782 652 1813 dominicis
677 1783 790 1821 habet,
815 1784 910 1813 dedu-

49 1821 101 1852 &0
117 1821 189 1852 inde
206 1821 224 1852 fi
247 1823 320 1861 quid
340 1825 468 1854 domino
484 1824 627 1855 debetur.
675 1822 748 1855 Nec
763 1824 825 1854 alio
842 1834 909 1864 per-

46 1864 93 1902 git
110 1862 310 1894 Florentinus
334 1864 352 1894 l.
368 1874 407 1904 539
440 1867 467 1895 (l.
491 1870 511 1895 t.
534 1865 660 1903 dicens,
686 1866 713 1896 &
742 1875 780 1897 ex
800 1875 838 1896 eo
860 1874 912 1905 pe·

46 1903 163 1935 culium
185 1903 369 1943 consistere,
395 1907 478 1945 quod
497 1908 689 1945 parcimonia
706 1907 754 1938 sua
771 1908 839 1948 quis
858 1916 911 1947 pa·

44 1953 147 1981 ravit,
171 1946 220 1976 vel
239 1944 347 1977 officio
373 1956 522 1978 meruerit
546 1957 562 1977 a
583 1948 727 1987 quolibet
744 1947 797 1979 fibi
815 1949 910 1979 dona·

44 1986 91 2023 ri,
121 1986 216 2025 idque
242 1988 327 2018 velut
354 1988 512 2027 proprium
542 1990 765 2029 patrimonium
789 1990 910 2021 servum

42 2026 130 2058 suum
149 2027 266 2058 habere
292 2027 360 2067 quis
385 2030 531 2061 volucrit.
578 2029 775 2063 Florentinus
793 2031 911 2070 innuit,

45 2066 155 2099 solitos
171 2069 341 2107 antiquitus<
362 2071 528 2109 dominos,
552 2073 635 2102 addo
651 2080 754 2112 patres
771 2082 911 2113 quoque,

46 2114 196 2140 aeut-nuae
221 2111 375 2142 industriae
403 2112 669 2153 parcimoniaeque
692 2115 807 2155 gratia,
839 2123 910 2145 curn

46 2148 162 2188 servis,
188 2158 251 2181 tum
276 2152 380 2183 liberis
406 2155 547 2192 quaedam
573 2157 759 2195 permittere
783 2155 912 2187 admini-

47 2190 169 2222 stranda
187 2193 336 2230 exemplo
365 2195 476 2234 &jure
494 2199 628 2234 quodam
653 2196 851 2236 patrimonii:
876 2204 911 2227 ut

47 2239 153 2263 tamen
181 2232 250 2263 haec
273 2235 392 2265 domini
419 2244 470 2265 aut
493 2238 588 2276 patris
615 2247 648 2268 re
668 2247 738 2268 vera
755 2238 908 2269 existima·

45 2282 155 2304 rentur
211 2275 270 2304 Seu
299 2283 332 2306 ut
350 2278 387 2306 ad
408 2275 614 2309 Tuberonem
632 2278 774 2310 veniam:
798 2288 867 2310 cum
885 2279 909 2310 is

44 2314 205 2351 peculium
225 2315 364 2356 uixifl'et,
386 2319 471 2355 quod
490 2318 595 2349 servus
610 2329 625 2349 a
644 2319 763 2351 domini
783 2321 909 2351 rationi·

44 2354 101 2387 bus
127 2357 192 2395 ejus
220 2356 363 2396 permill'u
386 2358 557 2398 separatum
577 2360 687 2398 habet,
712 2370 788 2391 mox
805 2361 909 2400 quaefi-

45 2403 111 2426 tuin
131 2397 208 2434 fuit,
232 2408 269 2428 an
296 2399 361 2429 liaec
380 2399 524 2431 definitio
548 2402 640 2432 etiam
666 2402 703 2432 ad
722 2401 910 2434 vicariorum

43 2440 168 2481 peculia
193 2440 389 2478 pertineret?
424 2442 452 2472 ἃ
476 2442 603 2481 quidem
629 2444 756 2483 negavit
782 2442 910 2475 Labeo:

44 2480 97 2509 1ed
114 2489 139 2509 ei
161 2480 269 2510 resttit
287 2481 394 2513 celliis
413 2483 429 2512 l.
446 2486 474 2514 6.
491 2484 516 2513 h.
535 2489 555 2514 t.
579 2484 762 2522 arbitratus,
786 2494 824 2515 eo
843 2484 910 2525 ipso

46 2521 134 2562 quod
149 2524 293 2552 dominus
312 2523 401 2553 servo
426 2523 589 2556 constituit
614 2526 793 2564 peculium,
817 2527 909 2557 etiam

45 2561 164 2590 vicario
182 2562 380 2595 constituiil‘e.
404 2565 477 2595 inde
501 2566 657 2604 obtinuit,
683 2566 736 2596 sub
761 2566 838 2597 servi
858 2577 909 2607 pe-

47 2600 133 2630 culio
151 2610 244 2632 etiam
263 2603 450 2637 vicariorum
477 2606 552 2637 servi
572 2607 729 2647 peculium
755 2608 910 2640 contineri

46 2640 66 2670 l.
88 2650 132 2681 17.
149 2641 193 2685 &⁴
209 2643 277 2673 alibi
292 2646 318 2674 d.
334 2651 353 2675 t.
378 2645 597 2686 Superioribus
615 2650 793 2680 addendum
806 2651 910 2688 :quod

45 2681 99 2712 ubi
126 2689 204 2714 uixit
226 2681 379 2723 Tubero,
413 2690 572 2727 peculium
598 2690 678 2728 esse,
703 2692 788 2729 quod
813 2690 910 2722 habet

42 2722 171 2768 servus,
195 2733 253 2764 pro
269 2728 415 2766 exemplo
439 2732 657 2769 accipiendum
676 2731 734 2762 est:
756 2741 827 2762 cum
845 2742 908 2763 tion

44 2772 148 2795 minus
167 2764 299 2796 filiorum
324 2765 535 2808 filiarumque„
560 2782 651 2808 quam
675 2773 854 2811 servorum,
877 2773 907 2804 in

43 2805 203 2845 potestate
219 2807 417 2840 existentium
440 2813 594 2848 peculium
613 2814 689 2848 effe,
715 2824 753 2844 ex
774 2814 906 2854 superio.

45 2846 133 2877 ribus
161 2848 359 2887 intelligatur.
413 2850 611 2893 Quamquam
638 2856 765 2886 interest
783 2879 791 2894 ‚
824 2856 910 2894 quod

43 2886 124 2917 servi
150 2889 307 2926 peculium
339 2889 458 2931 semper
484 2893 542 2924 fuit
565 2897 769 2933 uniusmodi4
801 2906 911 2937 utputa

47 2935 153 2959 totum
172 2929 349 2967 profectum
367 2942 405 2963 ex
425 2943 456 2963 re
474 2934 502 2964 ἃ
515 2935 908 2968 1't.bstanuadomini:cum

46 2968 240 3001 filiifamilias
258 2973 436 3011 peculium,
462 2975 513 3005 etti
534 2977 571 3006 ab
591 2977 679 3009 initio
697 2988 826 3018 quoquc
845 2987 908 3009 tan-

45 3017 113 3041 tum
140 3009 234 3043 fuerit
261 3014 496 3053 profecturum,
521 3025 624 3049 tamen
650 3020 806 3060 progrell'u
833 3029 895 3050 tem

45 3052 134 3096 poris
156 3052 272 3084 faCtum
298 3054 331 3085 fit
355 3057 566 3095 quadruplex:
588 3059 704 3092 scilicet
722 3085 729 3098 ,
755 3061 905 3101 profecti-

47 3095 392 3137 t1um‚·advcntitiuw,
418 3097 590 3135 castrense,
614 3102 642 3133 &
666 3101 746 3140 quasi
774 3102 903 3133 castren-

45 3132 88 3164 se.
114 3132 334 3167 Differentiam
355 3138 559 3179 firgulorum,
587 3144 733 3174 omnibus
752 3144 834 3173 ultro
854 3153 906 3174 no·

44 3179 128 3216 tam,
151 3185 192 3210 ex
204 3177 344 3219 profefl‘o
361 3179 414 3212 hic
430 3189 598 3223 repetere,
621 3184 818 3225 supervacuae
838 3185 906 3218 fue-

957 499 996 531 rit
1014 499 1203 541 diligentiae:
1227 511 1263 532 ac
1287 500 1466 541 suffecerit,
1491 503 1619 544 dixiss‘e,
1642 503 1835 537 filiifamilias

957 543 1117 581 peculium
1136 542 1357 582 profectitium
1383 544 1482 577 solum
1508 546 1546 576 ad
1567 546 1648 577 hanc
1671 547 1834 578 actionem

957 584 997 613 de
1019 584 1146 622 peculio
1166 587 1344 623 pertinere:
1367 594 1484 618 caetera
1503 595 1566 618 non
1588 588 1757 627 pertinere.
1778 587 1834 619 Est

958 625 1053 665 igitur
1072 623 1241 657 Tuberoni
1266 628 1447 667 peculium,
1473 629 1559 667 quod
1588 631 1693 659 lei-vus
1708 638 1724 659 a
1741 631 1835 659 ratio-

957 665 1050 696 nibus
1077 667 1246 698 dominicrs
1273 667 1447 708 separatum
1466 669 1582 701 habet:
1606 677 1638 700 at
1653 679 1716 700 non
1735 669 1835 709 quali-

957 714 1004 737 ter
1031 708 1182 747 qualiter,
1208 718 1248 739 ne
1273 718 1363 749 puta:
1386 711 1439 742 led
1464 711 1585 742 domini
1610 710 1766 749 permilsu.
1791 711 1834 742 fic

956 758 1040 780 cuim
1073 748 1194 781 definit.
1228 751 1257 781 ὅ(
1282 751 1309 782 ei
1336 754 1571 784 convenienter
1593 751 1791 792 Pomponius
1814 753 1836 783 l.

960 800 989 826 12.
1007 791 1032 819 h.
1052 796 1072 820 ι.
1099 792 1159 829 ait,
1179 793 1294 831 peculii
1312 793 1374 824 effe
1392 804 1456 825 non
1476 795 1506 824 id
1525 794 1615 834 cujus
1631 794 1735 824 servus
1753 795 1836 824 leor-

960 832 1024 861 lum
1042 840 1056 861 a
1074 834 1207 863 domino
1228 833 1382 866 rationem
1408 835 1570 866 habuerit:
1594 835 1645 866 sed
1670 836 1757 875 quod
1775 835 1833 865 do-

960 876 1063 902 minus
1097 872 1160 911 ipse
1194 874 1383 913 separaverit
1403 899 1412 914 ,
1443 877 1526 908 suum
1555 886 1572 907 a
1597 875 1677 907 servi
1708 876 1834 907 ratione

955 914 1143 945 disterneus.
1168 924 1231 945 non
1257 915 1408 949 absurde:
1433 927 1503 949 nam
1533 927 1604 950 cum
1632 917 1711 949 servi
1737 926 1837 959 pecu-

955 954 1030 985 lium
1059 963 1161 986 totum
1187 957 1333 987 adimere
1358 959 1409 990 vel
1440 968 1555 1000 augere
1577 982 1585 997 ‚
1615 959 1666 990 vel
1691 960 1836 990 minuere

956 995 1101 1028 dominus
1122 997 1234 1036 poffit3
1260 1000 1575 1031 animadvertendum
1594 1000 1656 1038 est,
1673 1010 1738 1032 non
1756 1001 1836 1040 quid

956 1036 1060 1068 servus
1079 1060 1088 1076 ,
1119 1038 1169 1068 sed
1197 1040 1270 1077 quid
1297 1041 1446 1072 dominus
1478 1041 1691 1073 constituendi
1717 1041 1835 1073 servilis

958 1079 1071 1118 peculii
1103 1081 1201 1119 gratia
1228 1080 1351 1112 fecerit.
1405 1082 1447 1113 Et
1471 1084 1563 1114 valde
1596 1084 1713 1123 probo,
1744 1083 1835 1123 quod

957 1129 986 1150 in
1014 1119 1040 1161 §.
1057 1130 1086 1159 5.
1131 1119 1180 1151 Ex
1206 1121 1270 1160 his,
1298 1124 1400 1163 inquit
1418 1147 1427 1162 ‚
1459 1133 1618 1164 apparet,
1648 1134 1713 1156 non
1743 1124 1835 1165 quod

958 1160 1064 1192 servus
1090 1161 1257 1202 ignorante
1274 1164 1408 1196 domino
1427 1165 1593 1204 habuerit,
1617 1167 1731 1206 peculii
1752 1165 1834 1205 esse,

958 1201 1008 1232 sed
1033 1207 1120 1242 quod
1144 1205 1296 1237 volente:
1320 1206 1461 1247 alioquin
1483 1208 1512 1238 δι
1535 1210 1623 1246 quod
1641 1207 1833 1246 subripuerit

957 1242 1062 1276 servus
1082 1243 1233 1284 domino,
1256 1245 1324 1277 fieri
1344 1249 1480 1286 peculii:
1504 1249 1592 1288 quod
1618 1258 1683 1281 non
1711 1248 1756 1280 est
1779 1258 1834 1279 ve-

957 1294 1037 1316 rum.
1086 1285 1183 1326 igitur
1208 1287 1312 1327 placet
1341 1289 1440 1321 Paulo
1462 1289 1482 1320 l.
1511 1294 1538 1323 8.
1565 1290 1592 1320 h.
1618 1295 1640 1320 t.
1664 1290 1833 1322 dominum

957 1335 1021 1357 non
1040 1326 1160 1366 statim,
1183 1330 1270 1368 quod
1295 1339 1335 1361 ex
1363 1340 1396 1361 re
1420 1330 1471 1361 sua
1496 1331 1611 1371 peculii
1630 1330 1690 1362 effe
1710 1332 1836 1370 voluit,

956 1368 1115 1407 peculium
1140 1369 1265 1401 feciffe:
1290 1370 1341 1402 sed
1366 1371 1386 1403 fi
1406 1372 1554 1409 tradidit,
1579 1381 1632 1403 aut
1654 1382 1727 1404 cum
1747 1374 1831 1413 apud

956 1419 1027 1439 eum
1044 1410 1184 1449 (servum
1203 1411 1362 1453 designat)
1378 1412 1473 1451 effer,
1491 1423 1549 1453 pro
1567 1415 1683 1446 tradito
1703 1414 1832 1446 habuit:

956 1451 1131 1482 desiderare
1161 1454 1244 1483 enim
1269 1463 1334 1485 rem
1360 1456 1534 1486 naturalem
1553 1456 1727 1487 dationem.
1752 1465 1833 1487 con-

954 1498 1000 1522 tra
1026 1500 1150 1532 autem,
1174 1493 1261 1525 fimul
1284 1503 1380 1535 atque
1409 1497 1531 1534 noluit,
1564 1496 1724 1537 peculium
1751 1497 1833 1529 servi

955 1533 1035 1572 elle,
1059 1535 1200 1566 definere
1221 1536 1380 1576 peculium
1397 1536 1469 1568 effe.
1508 1537 1561 1568 Sic
1581 1539 1641 1568 ille.
1674 1537 1746 1569 Nec
1763 1547 1833 1569 mu-

954 1582 1017 1612 tat,
1041 1578 1126 1614 quod
1151 1577 1180 1607 in
1197 1577 1214 1606 l2
1236 1586 1262 1617 7.
1280 1577 1308 1618 §.
1329 1588 1356 1609 2.
1377 1579 1405 1609 d.
1428 1584 1448 1608 ι.
1473 1579 1515 1608 ait
1542 1577 1716 1619 Ulpianus,
1741 1579 1832 1611 Scire

955 1625 1018 1646 non
1043 1618 1152 1656 utique
1174 1617 1309 1658 singulas
1332 1629 1380 1651 res
1405 1620 1524 1651 debere
1553 1619 1717 1652 dominum
1736 1644 1746 1660 ‚
1777 1619 1833 1653 sed

954 1660 1175 1698 παχυμερέςεραν,
1197 1658 1229 1690 id
1253 1660 1316 1697 est,
1343 1661 1496 1702 pinguius.
1523 1660 1597 1692 Non
1617 1662 1681 1693 hoc
1699 1664 1831 1695 demum

955 1702 1122 1739 procedit,
1157 1699 1332 1732 constituto
1357 1702 1493 1742 peculio.
1524 1712 1564 1733 ex
1590 1712 1655 1743 quo
1683 1711 1832 1744 tempore

956 1741 1049 1771 etiarn
1069 1742 1227 1781 ignoranti
1246 1744 1388 1782 adquiri,
1414 1743 1601 1782 Papinianus
1624 1745 1667 1775 ait
1685 1745 1703 1775 l.
1719 1754 1768 1783 44.
1787 1744 1832 1777 D.

954 1783 987 1812 de
1003 1785 1059 1823 cuiq
1081 1782 1187 1822 pnffeff.
1215 1784 1382 1823 praefatus,
1407 1785 1551 1816 utilitatis
1576 1785 1664 1816 causa
1687 1786 1755 1825 jure
1771 1785 1830 1818 fin-

953 1824 1051 1864 gulari
1069 1823 1131 1854 else
1148 1833 1331 1865 receptum,
1355 1836 1394 1857 ne
1418 1834 1611 1868 cogerentur
1633 1827 1754 1858 domini
1771 1835 1830 1867 pet

953 1873 1116 1895 momenta
1140 1864 1259 1905 species
1284 1868 1314 1898 &
1338 1867 1443 1899 causas
1468 1868 1664 1908 peculiorum
1691 1868 1831 1907 inquire-

953 1914 997 1937 re.
1041 1906 1117 1938 Vult
1143 1906 1237 1947 igitur
1260 1907 1444 1940 Tuberonis
1471 1909 1636 1948 definitio,
1668 1910 1720 1950 (ut
1745 1910 1830 1942 hane

955 1949 1083 1979 tandem
1110 1949 1327 1990 ablolvamus)
1352 1951 1381 1981 in
1405 1951 1535 1990 peculio
1555 1952 1652 1982 videri
1671 1951 1829 1992 quidquid

956 1988 1060 2020 servus
1078 1991 1199 2021 domini
1223 1991 1368 2031 permissu
1393 1992 1489 2023 habet
1513 1992 1686 2033 separatum
1704 1994 1742 2023 ab
1761 1994 1829 2033 ejus

956 2031 1145 2063 rationibus:
1170 2041 1233 2063 non
1259 2034 1469 2072 omnimod03
1494 2033 1567 2072 sed,
1590 2043 1624 2065 ut
1641 2035 1702 2072 ait,
1728 2035 1829 2066 dedu-

956 2073 1009 2103 Cto
1027 2073 1121 2112 inde,
1145 2072 1164 2104 fi
1181 2074 1255 2114 quid
1271 2076 1403 2106 domino
1423 2075 1569 2106 debetur.
1616 2075 1651 2106 Id
1678 2085 1755 2106 vero
1772 2076 1830 2107 de-

956 2113 1056 2145 bitum
1072 2116 1182 2155 accipe
1201 2116 1383 2147 naturaliter
1399 2117 1418 2147 l.
1440 2125 1473 2148 11
1509 2116 1537 2157 §.
1561 2126 1588 2148 2.
1612 2117 1640 2147 h.
1660 2123 1682 2147 ε.
1703 2118 1773 2157 J'ure
1792 2127 1827 2148 e-

956 2155 1018 2186 nim
1036 2156 1122 2187 civrli
1143 2165 1204 2187 nec
1221 2157 1325 2188 servus
1341 2157 1493 2196 domino,
1518 2168 1578 2189 nec
1602 2158 1749 2189 dominus
1767 2158 1827 2190 ser-

955 2206 996 2227 vo
1013 2197 1131 2236 debet3
1153 2198 1205 2229 sed
1228 2207 1299 2230 cum
1318 2208 1358 2230 eo
1378 2199 1478 2230 verbo
1502 2199 1659 2231 abutimur
1674 2222 1683 2237 ‚
1706 2199 1828 2232 factum

954 2239 1050 2278 magis
1070 2239 1339 2277 demonstramus,
1364 2250 1457 2280 quam
1476 2242 1513 2271 ad
1539 2241 1587 2280 jus
1605 2240 1717 2279 civile,
1740 2240 1825 2272 refe-

954 2278 1051 2310 rimus
1069 2280 1298 2320 obligationem
1323 2282 1342 2312 Ζ,
1362 2290 1411 2321 4¹·
1426 2283 1454 2312 h.
1470 2288 1490 2312 t.
1517 2281 1633 2319 Porro,
1659 2290 1715 2313 cur
1738 2291 1827 2315 com-

953 2323 1054 2361 putari
1075 2322 1189 2352 debeat
1207 2323 1365 2362 peculium
1386 2324 1482 2360 fervi,
1506 2324 1643 2354 deducto
1661 2324 1747 2363 quod
1770 2324 1827 2355 do-

954 2362 1042 2393 mino
1069 2363 1231 2402 debetur,
1266 2362 1419 2404 Ulpianus
1447 2364 1456 2394 l
1489 2373 1516 2400 9.
1542 2363 1570 2406 §.
1588 2373 1615 2396 2.
1642 2366 1669 2395 d.
1696 2371 1717 2396 ε.
1742 2365 1826 2396 hanc

955 2404 1007 2434 dat
1022 2406 1197 2434 rationem:
1221 2404 1292 2443 quia
1310 2405 1456 2435 dominus
1476 2405 1678 2445 praevenisse,
1703 2406 1825 2438 &curn

953 2444 1043 2475 servo
1062 2444 1156 2485 egisse
1171 2445 1321 2476 creditur.
1363 2447 1479 2478 Pedius
1502 2446 1530 2488 §.
1547 2458 1575 2486 4.
1601 2457 1676 2479 mox
1695 2446 1827 2486 sequen-

954 2492 985 2516 te
1007 2485 1098 2523 ideo,
1123 2487 1225 2527 inquit
1241 2510 1250 2524 ,
1284 2488 1371 2526 quod
1394 2487 1526 2518 domino
1553 2489 1603 2520 vel
1628 2490 1705 2528 patri
1728 2489 1828 2520 debe-

954 2534 1023 2565 tur,
1049 2531 1150 2558 minus
1174 2530 1204 2558 in
1232 2528 1358 2567 peculio
1391 2528 1474 2560 effe:
1507 2534 1655 2570 quoniam
1683 2539 1749 2562 non
1776 2530 1823 2562 cst

954 2567 1136 2606 verisimile,
1160 2578 1216 2599 eos
1240 2571 1421 2601 concedere
1449 2570 1538 2602 servo
1563 2579 1615 2602 aut
1634 2571 1699 2602 filio
1720 2571 1750 2603 in
1769 2581 1824 2612 pe-

953 2610 1039 2640 culio
1057 2610 1174 2641 habere
1192 2613 1278 2649 quoi
1296 2610 1348 2642 fibi
1369 2611 1512 2643 debetur.

996 2650 1148 2686 Exposita
1168 2651 1282 2692 peculii
1303 2650 1507 2692 definitione,
1530 2653 1642 2693 aliquis
1660 2654 1822 2695 exspectet

953 2691 1148 2723 divifioncm.
1192 2692 1253 2724 Sed
1277 2693 1306 2724 iu
1325 2693 1456 2733 persona
1474 2694 1551 2726 servi
1570 2697 1653 2727 nulla
1671 2703 1822 2731 umquam

953 2732 1106 2773 suittejus
1128 2733 1254 2772 peculio
1272 2745 1312 2766 ex
1330 2745 1363 2766 re
1381 2735 1499 2767 domini
1517 2736 1638 2777 semper
1657 2735 1822 2777 profecto.

953 2784 1077 2814 unaque
1104 2775 1171 2805 lizec
1195 2774 1297 2806 forma
1323 2775 1398 2808 olim
1430 2779 1525 2809 etiam
1550 2777 1610 2809 fuit
1635 2778 1663 2808 in
1690 2777 1821 2817 persona

953 2815 1156 2846 filiifamilias:
1179 2815 1232 2847 etsi
1257 2817 1346 2858 hujus
1373 2819 1530 2858 peculium
1556 2819 1668 2850 deinde
1686 2817 1821 2858 quadru-

956 2858 1028 2895 plex
1047 2856 1108 2887 else
1131 2857 1280 2897 coeperit:
1305 2869 1420 2899 nempe
1442 2860 1676 2901 profectitium,
1703 2860 1821 2888 adven-

954 2897 1075 2933 titium,
1101 2898 1270 2936 castrense,
1295 2900 1324 2932 ἀ
1345 2900 1428 2940 quali
1451 2901 1619 2933 castrense:
1648 2907 1680 2930 ut
1696 2905 1820 2930 notum.

956 2940 1016 2969 Seu
1036 2942 1117 2978 quod
1135 2942 1171 2971 aa
1193 2940 1334 2972 Edictum
1352 2942 1483 2980 attinet,
1509 2944 1548 2972 de
1567 2941 1627 2971 solo
1644 2940 1688 2969 est
1709 2938 1819 2978 profe-

953 2979 1039 3011 stitio
1074 2989 1129 3021 age
1149 2981 1240 3022 igitur
1258 2992 1341 3014 nunc
1383 2985 1456 3023 quid
1475 2985 1512 3014 de
1528 2992 1567 3012 eo
1585 2980 1720 3011 edixerit
1737 2980 1820 3011 Prae-

952 3028 1018 3057 tor,
1042 3021 1279 3055 confideremus.
1304 3023 1454 3065 Ulpianus
1471 3026 1490 3053 l.
1510 3033 1532 3054 1.
1551 3022 1569 3063 §
1597 3032 1623 3053 2.
1645 3023 1672 3052 h.
1691 3027 1710 3051 t.
1735 3021 1820 3053 hanc

952 3064 1054 3102 prodit
1071 3072 1209 3100 partem:
1234 3065 1319 3109 Quart
1346 3076 1409 3096 cum
1431 3074 1460 3094 eo
1489 3065 1538 3104 qui
1554 3073 1584 3092 m
1603 3064 1724 3094 alterius
1738 3070 1818 3109 poze-

943 3103 1019 3144 stute
1036 3104 1118 3145 effer,
1141 3108 1285 3148 negotium
1306 3106 1417 3148 gestum
1439 3106 1502 3134 eric.
1550 3103 1668 3136 Verum
1687 3112 1721 3135 ut
1736 3111 1819 3136 inte-

949 3153 1056 3186 gretur
1078 3146 1244 3185 Edictum,
1270 3148 1411 3178 addenda
1434 3146 1500 3176 sunt
1522 3146 1702 3185 sequentia.-
1731 3147 1764 3177 de
1786 3155 1817 3177 eo

947 3188 1084 3260 adveZslus
1102 3198 1167 3222 eum
1198 3190 1231 3221 in
1248 3189 1333 3230 cujus
1345 3185 1484 3229 potestate
1500 3186 1551 3228 effe
1566 3187 1696 3229 dicetur,
1717 3193 1820 3230 quate-

1079 3239 1100 3271 3
1761 3234 1818 3259 nus*
