2036 3495
295 85 362 122 An
386 85 476 123 Lm.
502 83 630 122 Xxlv.
659 82 759 121 Τιτ.
792 83 857 121 111.
883 83 985 120 Soluto
998 86 1191 130 matrimonio
1207 87 1259 122 dos
1274 87 1522 133 quemadmodum
1541 95 1708 136 repetatiir.

108 174 231 216 petitio.
272 172 339 207 Hic
357 183 434 207 vero
449 174 567 213 refert,
591 180 694 205 utrum
718 173 929 219 profectitia,
947 181 986 204 an

109 215 285 250 adventitia
309 216 368 248 dos
383 215 437 248 fit:
460 223 609 258 praeterea
625 222 729 259 utrum
739 222 986 261 ⁴matrimonium

109 257 249 289 solvatur
265 265 370 290 morte
385 256 542 296 mulieris,
565 265 603 288 an
628 255 779 287 divortio.
805 264 948 299 primum.
964 258 984 286 ii

110 298 346 331 matrimonium
375 299 515 331 mulieris
533 304 638 329 morte
663 295 822 343 solvatur:
845 296 985 336 placuit,

109 341 219 372 dotem
240 338 451 381 profectitiam
465 363 475 379 ‚
497 338 551 371 etsi
569 338 609 369 de
626 347 667 369 eo
685 337 760 368 nihil
782 339 815 368 lit
837 345 980 368 conven-

111 388 177 413 tum
189 404 198 419 ,
223 379 289 422 ipso
302 381 370 421 iure
391 381 430 412 ad
446 387 565 421 patrem
582 388 600 409 a
614 388 678 419 quo
695 377 840 425 profecta
859 377 981 415 est‚re-

107 424 208 453 verti:
230 421 348 461 quintis
370 423 400 454 in
418 421 552 462 singulos
568 419 685 452 liberos
701 429 731 450 in
748 421 908 451 inlinitum
935 427 981 449 re-

108 462 191 496 liciis
215 472 313 508 penes
331 465 441 495 virum.
481 461 533 493 Sic
557 459 712 508 Ulpianus
735 462 762 491 d.
779 462 825 492 iit.
843 464 874 491 6.
899 459 978 506 §.¹4

109 504 140 536 &
156 512 296 545 optime,
319 511 353 535 ut
369 504 508 541 videtur,
533 502 712 542 Pomponio
727 502 747 533 l.
766 505 796 533 6.
817 502 864 532 D.
883 507 916 531 ae
926 509 978 542 yu-

107 545 279 576 redoiium:
300 542 453 584 praefato,
477 544 545 584 jure
556 543 618 575 effe
637 545 716 583 patri
735 541 978 585 succursum,ut

108 585 172 617 filia
192 584 294 617 amiss‘a
310 584 409 616 solatii
426 585 498 616 loco
515 586 644 617 cederet
661 608 670 622 ,
692 584 713 616 fi
737 584 926 629 redderetur
948 590 977 612 ei

108 627 168 658 dos
191 627 231 658 ab
247 626 311 666 ipso
326 625 485 666 profecta:
508 635 547 658 ne
571 626 602 658 &
622 625 694 657 filiae
718 623 851 663 amillcc,
875 623 905 654 &
923 632 978 663 pe-

108 669 211 699 cuniae
227 667 374 699 damnum
393 666 533 699 sentiret.
575 667 696 706 Aliquis
716 666 781 697 hoc
797 665 977 709 concedat,

104 707 235 741 muliere
251 709 282 740 in
304 716 398 749 patris
415 708 572 750 potestate
587 708 760 739 existente:
785 716 850 752 non
878 712 954 737 itern
967 727 975 742 ‚

105 749 127 782 fi
143 748 239 780 fuerit
264 750 471 790 emancipata.
495 750 524 781 ἀ
548 749 790 781 fundamentum
815 757 864 785 ei,
888 748 976 787 quod

104 790 282 832 Apollonio
296 791 421 823 cuidam
440 791 481 822 fic
498 790 650 831 rescripfit
665 789 843 836 Alexander
858 788 877 818 Ι.
893 798 923 826 4.
942 787 974 817 C.

106 833 134 864 b.
152 838 174 863 t.
198 830 261 863 Dos
274 841 293 863 a
303 838 386 872 patre
398 831 545 873 profesta,
560 831 588 870 fi
605 833 636 863 in
661 832 840 863 matrimomo
860 827 974 868 deceffe-

107 876 148 905 rit
162 873 263 904 mulier
274 872 489 914 filiafamilias,
512 875 549 905 ad
560 879 672 914 patrem
688 873 779 919 redire
794 871 882 902 dehet.
911 868 975 900 bed

107 924 170 955 ego
190 913 265 945 huic
283 914 336 955 qui
350 913 393 946 fic
409 915 532 946 censeat
546 937 556 951 ,
580 924 644 946 non
665 913 912 957 assentiorzcurn
930 919 973 941 ra·

108 947 156 987 tio
174 964 295 995 patrem
313 955 494 988 consolandi
511 955 708 987 restitutione
720 955 802 986 dotis
819 960 881 983 tarn
894 950 975 997 justa

108 997 144 1028 iit
161 996 263 1028 amiffa
280 996 343 1028 filia
362 997 719 1037 emancipata,quamin
736 993 894 1040 potesta-te
911 1002 974 1023 exr-

108 1038 222 1070 stente.
265 1037 327 1069 Sed
349 1037 619 1080 generalissermo
644 1046 715 1069 cuin
743 1036 884 1076 Ulpiani,
908 1041 974 1065 tuni

108 1078 276 1119 Pomponii
299 1080 346 1111 dd.
362 1079 428 1111 loce.
453 1079 533 1111 hanc
549 1079 780 1110 distinetionem
796 1085 859 1108 non
877 1084 973 1116 agno-

108 1119 183 1151 scit:
205 1120 271 1152 imo
288 1120 369 1152 hanc
384 1120 501 1152 refutat
517 1121 669 1160 Ulpianus
686 1120 705 1150 l.
716 1130 745 1160 5.
768 1117 810 1149 D.
827 1120 859 1148 de
868 1118 974 1147 divort.

110 1161 148 1196 δ’
170 1164 265 1202 repud.
288 1161 479 1202 Pomponius
501 1162 520 1193 l.
542 1171 587 1193 io.
614 1161 653 1193 D.
671 1162 698 1192 b.
717 1168 738 1191 t.
763 1159 792 1190 ἀ
817 1157 973 1190 Paulusi.

112 1212 161 1244 71·
183 1203 222 1234 D.
237 1205 270 1234 tle
292 1203 375 1234 evist.
417 1202 489 1235 Nec
511 1202 617 1234 resistit
639 1204 667 1233 d.
688 1202 705 1232 l.
726 1211 755 1239 4.
781 1199 975 1247 Alexander:

111 1252 185 1285 quia
212 1245 243 1276 in
273 1254 309 1276 ea
336 1253 400 1275 non
425 1243 587 1275 constituit
610 1243 756 1284 generale
777 1251 825 1286 Jus
842 1264 852 1278 ‚
881 1239 976 1285 facile

111 1284 309 1317 admissurum
326 1294 342 1315 a
357 1286 517 1316 contrario
533 1291 770 1326 argumentum:
803 1282 854 1313 led
873 1281 976 1326 relci-i-

112 1326 158 1358 bit
175 1329 213 1357 ad
230 1326 344 1357 factum
362 1327 392 1357 in
408 1335 474 1365 quo
491 1326 602 1357 mulier
617 1324 857 1368 proponebatur
871 1331 978 1369 ruina-

66 1397 70 1401 .
110 1368 262 1398 trimonio
286 1374 410 1397 mortua
433 1366 494 1397 effe
511 1366 727 1398 filiafamilias:
758 1364 839 1395 idem
870 1366 977 1409 rescri-

108 1415 245 1448 pturus,
279 1406 300 1439 fi
324 1416 396 1438 eum
426 1407 596 1439 Consultor
617 1410 657 1439 de
687 1406 750 1438 filia
778 1412 978 1451 emancipata

108 1447 252 1489 rogasset.
277 1448 458 1490 hujusmodi
475 1457 551 1479 vero
567 1447 636 1479 casu
654 1457 718 1480 non
737 1444 798 1492 esle
815 1455 977 1486 argumen-

109 1498 144 1520 to
162 1499 178 1520 a
196 1491 354 1520 contrario
370 1490 496 1527 locum,
515 1489 576 1529 jam
595 1489 703 1528 saepius
729 1489 976 1533 animadvcriuin

111 1529 166 1560 est.
191 1531 288 1569 idque
305 1531 356 1561 vel
380 1539 421 1561 eo
445 1531 642 1561 monendum
664 1529 740 1561 fuit:
763 1537 798 1559 ut
821 1529 975 1574 liqueret,

110 1579 176 1601 non
195 1569 256 1602 esse
272 1579 353 1611 opus
368 1572 593 1602 emendatione
611 1571 743 1602 Antonii
756 1569 906 1614 Goveani
933 1567 976 1601 V.

109 1610 170 1642 CL.
195 1611 242 1642 lib.
262 1621 289 1642 2.
306 1610 380 1643 Var.
397 1611 460 1643 lea.
479 1621 501 1643 c.
523 1622 552 1650 4.
578 1611 798 1650 existimantis,
821 1611 953 1641 verbum
966 1632 976 1647 ,

104 1651 319 1693 filiafamilias,
333 1653 364 1683 in
380 1654 407 1684 d.
425 1652 444 1683 l.
463 1664 492 1691 4.
516 1661 574 1692 pro
593 1653 698 1693 spurio
715 1651 776 1683 effe
793 1659 976 1697 expungen-

109 1694 196 1724 dum.
239 1693 300 1724 Sed
317 1702 464 1734 apparet,
487 1694 571 1734 quod
591 1694 677 1732 dixi,
699 1694 831 1738 muliere
856 1701 886 1723 in
913 1701 975 1723 ma-

111 1733 262 1765 trimonio
280 1742 423 1771 mortua,
448 1737 557 1766 dotem
570 1734 781 1775 profectitiam
795 1734 836 1780 ad
855 1740 975 1779 patrem

108 1776 225 1806 reverti
250 1774 312 1806 fine
335 1775 534 1813 discrimine,
565 1781 669 1807 utrum
693 1775 729 1807 fit
758 1773 975 1819 filiafamilias,

110 1824 149 1846 an
167 1817 376 1855 emancipata.
421 1816 484 1848 Nisi
500 1817 587 1848 forte
611 1818 699 1848 aliter
714 1822 919 1847 convenerit:
943 1822 976 1845 ut

109 1857 178 1887 sunt
201 1857 278 1888 tales
299 1857 385 1888 casus
408 1857 427 1889 l.
449 1861 498 1889 26.
516 1857 551 1892 ὃ
574 1858 593 1889 l.
623 1867 669 1889 12.
695 1858 736 1889 D.
763 1858 796 1887 de
817 1855 895 1896 poa.
919 1857 975 1886 dot.

109 1897 167 1937 ipsi
186 1907 247 1928 non
266 1897 329 1929 fine
346 1899 492 1930 ratione:
517 1907 587 1929 narn
607 1908 678 1930 cum
696 1900 726 1929 in
745 1898 901 1942 honorem
924 1906 976 1936 pa-

112 1940 187 1977 tris,
205 1939 232 1969 dt
250 1948 308 1979 pro
323 1938 433 1971 solatio
451 1940 517 1980 ejus
538 1940 715 1979 placeat,ei
735 1939 850 1970 restitui
867 1938 975 1984 dotem

105 1979 342 2020 profectitiam:
367 1980 441 2018 quid
459 1981 488 2012 ni
508 1982 691 2019 renunciet,
714 1979 735 2012 si
756 1981 852 2018 velit,
870 1979 974 2026 fayori

105 2029 167 2059 pro
191 2020 220 2051 se
241 2021 420 2052 introducto
442 2030 531 2062 pater
546 2022 563 2054 ἱ)
594 2021 754 2062 Superiori
786 2029 972 2060 exceptioni

104 2062 189 2092 addo
207 2062 389 2102 sequentem
406 2063 487 2102 apud
506 2062 706 2095 Marcianum
722 2063 741 2094 l.
759 2067 785 2096 8.
805 2062 833 2103 §.
851 2063 904 2092 ult.
931 2061 973 2092 D.

107 2104 144 2133 de
158 2104 234 2133 oonis
251 2105 380 2135 damnat.
405 2105 435 2135 in
450 2103 497 2135 his
513 2104 635 2136 verbis:
661 2104 694 2135 Si
705 2109 788 2144 pater
802 2106 853 2145 qui
866 2101 972 2148 pro-fi-

109 2144 151 2174 lia
180 2145 270 2175 dotem
292 2146 394 2184 dedit,
423 2147 601 2177 damnetur:
629 2146 701 2176 nibil
729 2146 858 2184 competit
885 2146 971 2184 fisco,

108 2184 217 2223 etiamst
234 2187 266 2216 in
283 2187 463 2217 matrimonio
473 2184 569 2227 postea
581 2186 648 2226 fllia
663 2186 814 2226 dectfferz't.
837 2195 891 2227 quo
907 2185 977 2224 casu

109 2226 182 2256 arias
198 2230 245 2256 clos
256 2226 423 2266 profeffltia
447 2229 548 2258 rediret
566 2230 604 2258 ad
622 2234 744 2267 patrem.
767 2229 891 2270 manebit
912 2235 977 2272 ergo

102 2274 190 2307 penes
214 2268 321 2299 virum.
360 2267 430 2305 Nili
444 2269 550 2307 (quod
569 2278 609 2300 ex
627 2267 802 2300 Callistrato
818 2268 977 2308 subjicitur

107 2308 126 2338 i.
143 2309 192 2347 9.)
197 2309 350 2348 probetur,
369 2315 482 2349 patrem
499 2315 574 2341 metu
590 2309 832 2341 condemnationis
847 2310 878 2340 in
889 2309 975 2354 frati·

106 2350 168 2379 dem
181 2348 328 2389 fisrifiii'is
343 2350 521 2392 prospexiffe.
567 2351 696 2381 Mortua
713 2351 806 2390 igitur
824 2350 855 2381 in
872 2358 976 2381 matri-

105 2399 218 2422 monio
235 2392 385 2429 muliere,
409 2394 468 2423 dos
490 2391 672 2431 profectitia
694 2393 732 2422 ad
749 2400 869 2436 patrem
885 2400 976 2437 aquo

106 2431 251 2469 profecta
267 2432 331 2469 est,
355 2433 542 2464 revertitur:
567 2434 676 2473 utique
693 2432 786 2464 nullis
809 2433 915 2464 liberis
933 2441 978 2463 re-

108 2471 196 2503 lictis.
230 2475 295 2504 imo
319 2473 349 2505 &
374 2473 420 2505 his
445 2473 670 2514 superstitibus.
701 2474 745 2505 nil
769 2474 853 2505 enirn
876 2480 977 2505 mutat

110 2511 276 2550 Ulpianus:
298 2514 353 2546 nifi
371 2515 455 2555 quod
478 2515 573 2553 dicit,
599 2523 663 2547 turn
681 2516 807 2555 quintas
823 2515 854 2546 in
878 2514 976 2559 singu-

112 2551 161 2583 los
185 2552 301 2586 liberos
332 2556 361 2586 in
385 2555 543 2587 infinitum
573 2556 708 2596 relinqui
732 2565 831 2596 penes
864 2564 977 2587 virum.

111 2592 200 2624 Scio:
225 2593 402 2628 dissentiunt
419 2597 527 2628 multi:
553 2597 713 2634 arbitrati,
737 2598 845 2629 dotem
871 2596 977 2636 profe·

110 2633 228 2666 &itiam
246 2635 351 2666 liberis
368 2638 581 2678 superstitibus
597 2640 680 2679 apud
703 2638 850 2670 maritum
873 2647 975 2669 mane-

111 2683 155 2706 re.
180 2675 210 2706 &
225 2684 358 2708 movent
377 2688 432 2709 eos
447 2680 564 2710 multa:
588 2679 722 2720 primum
748 2680 835 2720 quod
861 2678 977 2711 Paulus

110 2715 132 2746 1.
150 2724 196 2756 17.
221 2715 262 2747 D.
289 2718 322 2747 de
346 2716 492 2750 Senatusc.
510 2721 629 2752 Maced.
653 2720 714 2759 ait,
745 2722 825 2760 patri
852 2729 977 2752 mortua

111 2757 144 2787 in
161 2758 364 2789 matrimonio
387 2760 511 2799 puella,
535 2761 619 2794 dotis
642 2762 871 2802 repetitionem
898 2761 973 2793 dari.

112 2799 248 2837 puellam
265 2804 369 2830 autem
389 2801 545 2832 Antonius
560 2801 659 2835 Faber
682 2805 729 2833 tib.
753 2812 776 2833 ι.
799 2802 924 2844 conjeci.
948 2812 974 2834 c.

114 2842 162 2870 16.
186 2838 411 2877 interpretatur
427 2842 588 2874 mulierem
605 2853 674 2884 quae
690 2844 792 2875 nullos
816 2845 915 2874 edidit
939 2844 973 2875 li-

112 2879 220 2912 beros.
265 2879 422 2912 Temere:
446 2883 547 2921 puella
564 2883 606 2916 est
623 2893 723 2916 aetatis
740 2893 875 2916 nornen:
898 2884 975 2916 sicut

110 2929 201 2960 puer.
225 2930 287 2953 nec
310 2922 364 2953 abs
387 2932 420 2954 re
443 2922 556 2962 fuerit,
587 2926 722 2965 puellam
745 2935 762 2957 a
786 2926 884 2957 Paulo
912 2926 973 2956 dici

109 2962 252 3002 relpectu
272 2963 424 3002 temporis
440 2965 508 2996 initi
530 2967 717 2998 matrimonii
742 2976 807 3006 quo
829 2975 975 3006 tempore

109 3003 224 3035 mulier
246 3012 312 3035 erat
331 3005 443 3043 puella.
467 3009 607 3045 quamvis
625 3018 683 3039 nec
701 3008 975 3047 insolitum,puel-

107 3043 170 3076 lain
185 3045 334 3085 appellari
362 3047 525 3078 mulierem
548 3049 727 3088 gravidam,
752 3049 781 3079 <St
804 3050 974 3088 parturien-

109 3090 194 3123 tem,
217 3087 310 3117 etiam
327 3094 458 3118 matrem
475 3086 587 3120 factam
643 3089 704 3121 Res
721 3097 824 3120 certa:
848 3091 876 3120 dt
895 3090 973 3121 suffi-

111 3126 156 3157 cit
171 3126 234 3157 hoc
255 3129 280 3159 A
310 3126 406 3159 Gellii
423 3129 470 3159 tib.
496 3138 538 3160 12.
565 3130 653 3162 Noti.
681 3131 776 3161 Aiiic.
800 3141 822 3161 c.
854 3139 879 3163 1.
906 3132 973 3161 Per-

109 3167 341 3241 cunzqzaeuanlt,
362 3179 450 3211 quam
463 3171 610 3204 diutinum
621 3173 806 3214 puerperium
828 3170 865 3207 δ’
885 3182 973 3218 quam

175 3217 227 3241 om.
289 3230 297 3240 ι

1823 94 1892 139 4Ϊί

1028 174 1159 214 laboriosi
1180 175 1270 207 nixas
1285 175 1425 217 surffent,
1444 177 1626 220 puellamque
1648 179 1784 221 defeffam
1804 181 1898 213 Iahon

1030 226 1064 247 ac
1078 217 1183 257 vigilia
1196 220 1333 256 somnum
1348 226 1445 258 capere
1472 219 1624 252 intellexit.
1667 221 1711 252 Et
1734 221 1819 262 post:
1842 224 1899 254 Sea

1028 267 1093 288 cum
1109 263 1200 289 mater
1211 257 1313 298 puellae
1320 261 1499 299 parcendum
1514 260 1564 301 effe
1579 262 1606 292 ei
1620 263 1723 296 diceret
1733 285 1743 302 ,
1766 264 1899 295 adhiben-

1027 299 1130 339 dasque
1149 305 1237 339 puero
1257 303 1397 331 nutrices.
1443 301 1506 332 Sed
1537 303 1616 334 levis
1641 303 1711 335 haec
1743 304 1896 345 objectio,

1024 338 1149 378 majoris
1171 339 1341 372 moliminis
1358 339 1403 374 est
1427 341 1560 381 sequens
1582 353 1624 375 ex
1643 343 1741 377 Paulo
1758 345 1777 377 l.
1803 350 1855 386 56.
1878 346 1899 387 §

1027 389 1053 411 1.
1079 379 1121 410 D.
1141 381 1174 411 de
1182 381 1248 421 jur.
1265 382 1322 411 doc.
1348 380 1396 411 Ibi
1411 383 1460 412 dos
1475 383 1526 422 effe
1545 386 1642 422 dehet,
1665 388 1715 417 ubi
1729 395 1814 418 onera
1835 397 1899 418 ma·

1023 422 1152 452 trimonii
1166 425 1251 458 sunt.
1275 429 1306 452 at
1330 421 1420 453 liberi
1446 421 1514 454 sunt
1537 434 1634 457 onera
1657 427 1848 460 matrimonii
1877 429 1897 459 t.

1023 462 1073 500 4'6.
1098 461 1140 492 D.
1162 461 1263 493 Famil.
1279 462 1375 501 ercisc.
1399 464 1428 494 ἂ
1445 466 1648 498 matrimonio
1663 475 1769 500 morte
1785 469 1895 502 mulie-

1022 504 1064 534 ris
1086 502 1188 534 soluto
1205 511 1336 535 manent
1358 505 1442 544 apud
1466 507 1624 539 maritum.
1667 509 1778 542 Debet
1799 511 1896 551 igitur

1022 544 1080 576 dos
1110 552 1238 575 manere
1263 544 1345 585 apud
1370 547 1534 585 maritum,
1564 550 1647 589 apud
1672 558 1767 592 quem
1791 553 1898 583 matri-

1021 586 1132 616 monio
1169 592 1276 617 morte
1314 587 1455 618 mulieris
1485 586 1586 620 soluto
1620 599 1751 624 manent
1787 593 1894 625 liberi.

1021 626 1109 669 Quid
1134 625 1295 658 dicimus?
1318 626 1401 658 hanc
1423 628 1640 670 objectionem
1664 631 1783 665 habere
1804 634 1896 666 colo-

1020 676 1086 699 rem
1104 667 1270 707 adjuvandi
1294 668 1438 701 maritum
1454 691 1464 708 ,
1486 671 1692 704 matrimonio
1716 673 1823 706 liberis
1848 675 1894 707 su·

1019 708 1199 750 pe'rstitibus
1224 715 1329 740 morte
1347 711 1453 743 uxoris
1469 711 1583 744 soluto.
1606 712 1658 745 sed
1682 715 1808 755 privato
1831 719 1896 749 rna-

1020 750 1070 780 riti
1089 752 1266 781 commodo
1283 751 1443 790 praelatam
1460 752 1564 793 aliquo
1580 758 1681 786 modo
1697 755 1760 788 esse
1776 756 1895 789 utilita-

1019 798 1092 829 tem·
1111 791 1284 831 publicam:
1314 794 1439 824 credito
1471 794 1617 827 interess'e
1640 797 1847 838 reipublicae,
1877 808 1895 831 a

1019 841 1108 871 patre
1118 831 1222 864 dotari
1238 832 1331 863 filiam
1344 842 1407 872 quo
1425 834 1549 867 facilius
1565 835 1706 869 inveniat
1720 839 1824 871 virum
1836 863 1846 878 ,
1862 840 1894 871 <Sc

1019 873 1145 904 civibus
1162 881 1278 913 augeat
1294 875 1524 914 rempublicam
1540 878 1561 910 l.
1582 887 1607 910 1.
1625 878 1668 910 D.
1686 880 1714 910 h.
1731 885 1754 911 t.
1770 881 1809 913 ad
1827 881 1893 912 hoc

1018 922 1123 944 autern
1140 912 1367 953 procliviorem
1385 915 1456 946 fore
1472 925 1593 955 patrem
1617 921 1724 952 dotem
1748 930 1784 953 ea
1809 921 1897 954 mor-

1018 962 1071 985 tua
1093 963 1296 995 recepturum
1314 979 1323 994 ,
1356 965 1498 996 quamvis
1528 958 1742 1001 superstitibus
1774 961 1893 996 liberis.

1019 996 1223 1029 Accedebat:
1248 998 1333 1037 quod
1357 1007 1420 1029 non
1441 998 1495 1039 soli
1516 999 1603 1033 liberi
1627 1002 1795 1036 constante
1826 1014 1893 1037 ma-

1019 1038 1171 1069 trimonio
1188 1046 1278 1069 erant
1296 1038 1487 1071 matrimonii
1509 1051 1622 1075 onera:
1646 1044 1699 1075 sed
1715 1053 1796 1077 uxor
1813 1055 1894 1086 quo·

1018 1087 1092 1117 que.
1134 1077 1210 1110 Hoc
1235 1078 1319 1110 sensu
1338 1080 1450 1113 Paulus
1474 1083 1501 1113 d.
1519 1083 1538 1113 l.
1561 1087 1610 1121 46.
1634 1084 1675 1117 D.
1701 1084 1777 1118 Fam.
1798 1088 1893 1127 ercisc-

1018 1119 1139 1150 Mortuo
1153 1125 1238 1160 patre
1253 1122 1381 1161 quadam
1400 1121 1479 1162 filios
1491 1125 1679 1165 sequuntur,
1702 1127 1789 1159 eriam
1810 1135 1893 1159 ante-

1018 1159 1192 1202 quamfianc
1207 1161 1337 1192 heredes:
1360 1170 1393 1193 ut
1419 1166 1650 1205 matrimonium,
1675 1175 1709 1198 ur
1735 1169 1834 1208 liberi,
1857 1172 1892 1200 ut

1019 1201 1118 1232 tutela.
1142 1203 1236 1243 igitur
1252 1202 1289 1236 ὅ)
1308 1205 1399 1234 dotem
1411 1207 1562 1246 pracipere
1579 1209 1656 1239 debet
1671 1209 1721 1249 qui
1735 1219 1807 1241 onus
1831 1221 1893 1241 ma-

1019 1244 1148 1274 trimonii
1161 1241 1223 1283 post
1247 1250 1366 1275 mortem
1379 1248 1477 1286 pratris
1496 1246 1629 1288 sustinet.
1675 1250 1789 1282 Paulus
1812 1261 1893 1283 onus

1021 1285 1215 1316 matrimonii
1230 1285 1403 1317 constantis
1419 1296 1514 1318 vocat
1531 1288 1679 1321 alimenta
1696 1300 1760 1323 non
1779 1292 1895 1324 libero-

1022 1335 1090 1356 rum
1110 1333 1250 1364 tantum,
1273 1325 1326 1358 sed
1343 1328 1449 1360 uxoris
1467 1337 1621 1369 quoque:
1646 1340 1716 1362 nam
1733 1332 1815 1364 hanc
1831 1344 1895 1365 ma-

1021 1365 1162 1398 trimonii
1185 1367 1402 1407 appellatione
1428 1370 1586 1411 designat:
1606 1374 1680 1411 'pari
1705 1373 1809 1405 forma
1831 1381 1894 1415 qua

1021 1408 1104 1447 apud
1123 1407 1254 1439 Florum
1275 1408 1305 1440 ὅ(
1327 1409 1479 1448 ‚lustinum
1509 1414 1709 1445 matrimonia
1734 1424 1792 1455 pro
1814 1425 1893 1447 uxo-

1020 1450 1106 1480 ribus
1122 1448 1389 1488 dici,coinmode
1408 1451 1452 1482 est
1471 1461 1485 1482 a
1507 1451 1728 1486 Freinshemio
1746 1457 1894 1488 observa-

1021 1497 1087 1520 tuin
1106 1490 1204 1520 lna'i'ce
1219 1491 1256 1521 ad
1272 1489 1398 1522 morum.
1412 1493 1462 1523 cui
1480 1502 1538 1533 pro
1559 1497 1688 1526 cumulo
1705 1498 1816 1529 addam
1829 1498 1893 1529 hoc

1019 1528 1157 1571 Minucii
1175 1529 1288 1563 Felicis
1307 1531 1431 1564 Oeiavz'o
1448 1543 1471 1564 c.
1489 1543 1539 1575 31-
1556 1536 1600 1567 Ar
1618 1546 1668 1568 nos
1682 1539 1819 1577 pudorem
1833 1549 1901 1570 nori⁴

1011 1572 1112 1612 facie,
1135 1573 1181 1609 led
1197 1579 1288 1603 mente
1299 1571 1491 1613 praestamus,
1514 1577 1601 1608 unitis
1624 1579 1804 1611 matrimonii
1826 1583 1895 1611 vin-

1018 1613 1081 1643 culo
1095 1612 1214 1644 libenter
1228 1614 1405 1646 inhaeremes.
1451 1615 1601 1649 Dicamus
1621 1619 1734 1660 igi-tur,
1758 1629 1894 1661 propter

1017 1653 1209 1685 matrimonii
1235 1664 1330 1686 onera
1350 1665 1420 1694 quae
1443 1666 1483 1688 eo
1502 1659 1666 1691 constante
1689 1664 1773 1700 apud
1798 1662 1892 1694 mari-

1018 1702 1084 1726 tum
1103 1694 1172 1726 sunt
1192 1694 1224 1727 in
1241 1696 1394 1736 solidum,
1416 1700 1499 1738 apud
1523 1709 1595 1732 eum
1612 1700 1674 1732 ess'e
1695 1703 1807 1735 dotem
1823 1703 1894 1735 soli-

1017 1736 1108 1767 dam:
1132 1736 1183 1767 sed
1206 1747 1247 1768 eo
1265 1737 1388 1777 soluto,
1412 1740 1484 1778 quia
1501 1741 1566 1781 ejus
1584 1742 1645 1773 effe
1663 1742 1753 1776 desiit
1769 1753 1848 1776 onus
1864 1754 1896 1776 a·

1018 1777 1120 1808 lenda:
1139 1777 1264 1817 uxoris,
1288 1781 1433 1819 quamvis
1450 1780 1541 1813 liberi
1558 1783 1662 1815 adhuc
1687 1784 1745 1816 sint
1769 1788 1836 1826 ejus
1857 1795 1894 1817 o-

1019 1817 1106 1856 neri,
1130 1818 1240 1858 utique
1255 1821 1338 1860 apud
1358 1830 1431 1853 eum
1449 1830 1513 1854 non
1530 1823 1593 1855 effe
1611 1824 1707 1856 solida
1730 1828 1895 1859 matrimo-

1018 1860 1059 1889 nii
1078 1868 1193 1898 onera;
1210 1860 1347 1901 ideoque
1363 1871 1424 1893 nec
1445 1862 1572 1896 solidam
1590 1866 1698 1897 dotem
1715 1867 1797 1907 apud
1815 1877 1891 1901 eum

1019 1898 1098 1931 effe:
1121 1900 1172 1931 sed
1188 1901 1485 1944 sufficere,quintas
1502 1904 1580 1938 effe:
1605 1912 1639 1938 ut
1656 1907 1744 1947 supra
1759 1908 1892 1941 dictum.

1019 1940 1136 1972 Praeter
1162 1942 1337 1981 superiores
1354 1943 1558 1979 difficultates
1578 1955 1730 1980 movetur
1748 1949 1778 1981 δε
1799 1950 1893 1983 tertia

1019 1990 1059 2012 ex
1076 1981 1140 2013 hoc
1156 1982 1314 2023 Papiniani
1339 1985 1357 2016 l.
1373 1995 1422 2023 40.
1442 1986 1483 2018 D.
1503 1988 1531 2018 h.
1549 1994 1570 2019 t.
1594 1988 1661 2029 Post
1678 1992 1769 2021 dotem
1792 1992 1893 2023 datam

1017 2021 1053 2056 ὅ)
1082 2026 1199 2063 nuptias
1222 2025 1385 2057 contrastas
1404 2026 1566 2068 stipulatus
1583 2029 1620 2070 esi
1644 2037 1727 2071 pater
1745 2031 1818 2071 filiae
1841 2042 1893 2063 vo-

1015 2064 1146 2102 luntate,
1167 2066 1291 2097 divortio
1301 2067 1384 2106 fabio
1399 2071 1490 2100 dotem
1507 2071 1589 2102 dari:
1613 2070 1642 2109 fi
1658 2073 1779 2104 condicio
1787 2071 1889 2113 stipu—

1014 2104 1128 2135 batiom's
1144 2107 1313 2147 implemur,
1336 2108 1372 2143 &⁹
1380 2107 1478 2149 postea
1490 2110 1558 2151 filia
1575 2111 1639 2150 fine
1656 2113 1751 2144 liberis
1773 2114 1890 2154 deceffe—

1018 2148 1079 2183 ric,
1102 2155 1159 2178 non
1180 2149 1235 2178 erit
1255 2151 1448 2190 impediendus
1459 2158 1561 2192 pater,
1586 2163 1640 2194 quo
1658 2155 1755 2185 minus
1775 2165 1813 2186 ex
1832 2154 1891 2196 sti-

1013 2186 1119 2226 pulatu
1142 2194 1232 2228 agat:
1253 2193 1326 2222 viva
1350 2199 1447 2223 atatem
1471 2193 1534 2230 filia
1551 2193 1580 2231 fi
1604 2204 1686 2235 agere
1701 2196 1787 2233 vult,
1810 2206 1893 2228 exce-

1013 2229 1112 2268 ptione
1122 2228 1348 2267 summovendos
1363 2235 1427 2263 erit.
1440 2234 1532 2265 Pater
1550 2235 1617 2275 post
1636 2237 1746 2268 dutcm
1764 2239 1890 2277 datam,

1020 2269 1050 2299 &
1072 2271 1251 2302 conti-aetas
1275 2271 1346 2304 filice
1376 2273 1520 2314 nuptias,
1551 2277 1617 2316 ejus
1641 2277 1806 2310 voluntate
1828 2280 1891 2319 (sid

1019 2309 1124 2350 paffim
1147 2311 1282 2354 legitur)
1313 2314 1476 2354 stipulatus
1501 2325 1585 2354 erat,
1619 2316 1705 2349 facto
1729 2320 1891 2360 divortio,

1019 2352 1128 2382 dotem
1147 2351 1201 2384 fibi
1219 2355 1319 2386 reddi.
1343 2355 1385 2386 ait
1403 2356 1611 2396 Papinianus,
1634 2358 1654 2390 si
1673 2359 1818 2392 conditio
1835 2362 1891 2394 sti-

1018 2392 1188 2432 pulationis
1208 2394 1337 2432 existat,
1362 2396 1393 2428 id
1411 2397 1475 2434 est,
1499 2397 1517 2429 st
1535 2399 1704 2433 divortium
1721 2401 1756 2433 fit
1780 2401 1891 2443 sequu-

1020 2441 1109 2471 tum,
1133 2443 1254 2474 patrem
1276 2437 1387 2468 dotem
1402 2438 1617 2478 exacturum,
1648 2442 1667 2473 li
1692 2443 1799 2484 postea
1828 2443 1891 2476 filia

1021 2472 1083 2518 sine
1098 2474 1203 2518 liberis
1220 2477 1255 2508 fit
1273 2487 1408 2509 mortun.
1432 2481 1568 2519 proinde
1584 2481 1603 2513 fi
1622 2482 1656 2514 fit
1673 2483 1888 2522 superstitibus

1020 2515 1126 2546 liberis
1142 2525 1285 2549 mortua:
1309 2518 1434 2551 videtur
1451 2521 1648 2561 consequens
1667 2524 1748 2563 csse,
1773 2535 1807 2557 ut
1822 2536 1890 2557 ces·

1020 2556 1063 2585 iet
1086 2556 1170 2589 dotis
1187 2559 1323 2590 exactio.
1366 2561 1410 2591 Ut
1435 2563 1611 2595 extricetur
1629 2566 1817 2605 difficultas,
1842 2576 1890 2598 re-

1019 2598 1198 2630 cedendum
1229 2600 1273 2631 est
1304 2611 1321 2631 a
1351 2610 1481 2643 recepta
1508 2603 1664 2645 lectione,
1702 2608 1903 2639 auctoritate.

1021 2636 1354 2679 Gi·aecorum‚Bafilic.
1372 2643 1419 2675 lib.
1437 2649 1486 2678 28.
1497 2646 1543 2676 tit.
1563 2650 1592 2680 8.
1609 2647 1779 2680 secundum
1791 2657 1886 2686 quam
1906 2652 1910 2657 '

1018 2679 1155 2718 jacobus
1174 2681 1320 2722 Cujacius
1336 2683 1382 2714 lib.
1401 2695 1430 2724 4.
1449 2685 1601 2723 observat.
1619 2699 1643 2720 c.
1662 2699 1709 2720 21.
1733 2689 1774 2718 ita
1793 2688 1886 2729 legit:

1010 2720 1172 2760 stipulatus
1189 2723 1228 2763 est
1247 2730 1334 2764 pater
1348 2724 1413 2761 fine
1435 2726 1506 2764 filiae
1528 2729 1688 2760 voluntate.
1731 2728 1796 2760 Nifi
1816 2729 1886 2768 quis

1017 2763 1124 2793 malit:
1140 2761 1300 2804 stipulatus
1315 2764 1355 2805 est
1373 2773 1458 2806 pater
1476 2774 1580 2807 praeter
1595 2769 1665 2809 filice
1687 2770 1887 2800 voluntatem.-

1017 2805 1185 2840 quomodo
1203 2807 1350 2846 reperisse
1368 2808 1398 2839 se
1422 2807 1452 2840 in
1478 2809 1560 2840 libro
1584 2809 1812 2849 manuscripto,
1836 2819 1888 2842 re-

1016 2843 1080 2874 fert
1097 2843 1280 2879 Ludovicus
1298 2847 1484 2881 Charondas
1501 2851 1575 2882 Not.
1599 2851 1721 2889 margin.
1751 2850 1825 2894 'Sed
1850 2860 1886 2883 u·

1018 2893 1128 2925 traque
1142 2888 1247 2925 placet
1263 2889 1377 2928 lectio,
1388 2890 1466 2922 ficut
1482 2892 1604 2929 utrique
1620 2898 1773 2921 convenit
1789 2900 1888 2931 peric-³

1019 2935 1079 2966 que
1102 2929 1182 2959 ratio
1204 2929 1280 2969 Juris
1306 2931 1385 2962 cei-ti
1410 2931 1621 2962 demonstrata
1643 2931 1683 2961 ab
1706 2930 1846 2971 Ulpiano
1862 2934 1885 2964 l.

1019 2977 1066 3003 29·
1086 2967 1124 3000 D.
1147 2971 1174 3000 d.
1191 2975 1213 3001 t.
1256 2970 1332 3003 Inde
1355 2971 1472 3004 sensus:
1501 2972 1532 3002 Si
1565 2980 1654 3010 pater
1678 2971 1748 3011 post
1773 2973 1887 3006 dotem

1018 3009 1121 3041 datam
1138 3011 1167 3042 ἃ
1186 3013 1310 3053 nuptias
1327 3013 1470 3053 sequutus
1487 3011 1549 3042 fine
1567 3012 1635 3042 iilia:
1654 3012 1820 3046 voluntate
1843 3023 1887 3047 ex

1017 3048 1182 3083 intervallo
1197 3052 1358 3095 stipulatus
1376 3053 1419 3083 est
1431 3076 1439 3089 ‚
1450 3053 1587 3082 divortio
1605 3052 1689 3084 fatto
1706 3053 1816 3087 dotem
1832 3056 1888 3086 da-

1016 3089 1056 3122 ri:
1079 3100 1140 3124 non
1153 3093 1222 3133 J'ure
1239 3105 1309 3126 earn
1325 3094 1485 3132 stipulatus
1507 3092 1550 3123 est
1574 3094 1601 3123 d.
1622 3094 1641 3124 l.
1667 3103 1714 3130 29·
1745 3097 1888 3137 ideoque·

1016 3142 1079 3164 non
1097 3135 1202 3173 potest
1217 3145 1258 3166 ex
1273 3144 1309 3166 ea
1327 3131 1527 3172 stipulatione
1546 3143 1639 3173 agere
1656 3136 1728 3165 viva
1751 3136 1832 3176 filia3
1854 3138 1887 3168 dt

1013 3173 1035 3207 ii
1054 3176 1122 3208 vult
1147 3185 1259 3218 agere,
1283 3173 1526 3245 sumpiyendus
1550 3174 1595 3207 est
1619 3178 1830 3218 exceptione,
1854 3177 1888 3251 S}

1373 3218 1415 3254 js
1439 3224 1457 3246 2
1818 3227 1874 3250 noi
