2052 3487
810 77 1115 114 GERARDI
1164 74 1394 114 Noonr

941 184 1154 240 CAPur
1204 203 1254 240 11.

361 303 513 350 Julianus
540 302 560 337 l.
583 311 639 337 20.
665 300 709 336 D.
735 301 771 335 de
796 302 915 348 legibus
939 313 979 336 esc
1003 301 1165 337 Plutarcho
1192 302 1391 350 illustratus:
1420 298 1469 340 ’ἐξ
1493 301 1622 337 collatus
1644 285 1725 336 aliur
1751 302 1827 337 Plu-

683 351 784 385 tarchi
808 350 890 385 locas
915 362 983 386 cum
1007 351 1028 386 l.
1049 360 1080 394 3,
1109 348 1152 390 ὅ)
1175 352 1248 388 Ι.’6.
1275 353 1318 388 D.
1345 351 1379 385 de
1401 351 1508 396 poenis.

296 456 361 493 uod
379 455 520 496 Julianus
545 455 632 486 l.²20.
658 452 702 485 D.
726 454 759 485 de
781 454 793 484 l
828 454 891 485 ibus
912 453 975 492 ait,
1005 452 1080 485 Non

206 457 435 549 Qvo-mnium
450 496 513 538 quie
527 507 546 526 α
561 496 716 536 nuzjorihm
740 462 1009 536 constituta-lunt,
1031 504 1079 526 ra-

310 541 348 570 tio
364 539 444 570 reddi
455 535 565 578 potest,
589 536 782 568 veriffimum
804 536 868 576 est3
892 537 1043 576 idemque
1062 545 1079 566 a

205 578 380 611 Plutarcho
404 580 627 616 observatum,
659 578 689 609 ἃ
715 578 874 618 exemplis
894 578 1019 618 aliquot
1042 577 1079 608 il-

205 619 380 652 lustratum.
426 621 533 653 Vei-ba
560 627 666 651 autem
693 619 883 659 Plutarchi,
912 620 985 659 quia
1012 627 1078 650 non

205 663 336 694 memini
354 662 393 693 ab
410 663 478 693 aliis
500 661 634 700 adduci,
658 660 800 702 apposui.
827 670 863 692 ea
888 661 986 692 verba
1011 659 1081 691 sunt

206 713 245 734 ex
267 703 336 735 libro
355 727 364 741 ,
394 703 443 735 De
465 703 509 734 his
534 704 583 744 qui
591 704 657 741 sero
671 712 689 733 a
712 703 829 733 numine
842 702 1030 743 puniuntur,
1049 707 1081 742 p.

205 754 278 785 550.
318 744 370 776 Eae
392 745 463 786 leges
488 753 549 785 quae
570 745 604 774 ab
632 744 794 775 hominibus
815 749 967 784 ponuntur
983 766 993 781 ,
1025 752 1082 773 non

159 805 165 810 ‹
206 788 314 827 ubique
331 787 435 817 haberit
449 786 589 817 rationem
606 794 703 816 eorum
718 795 780 826 quse
791 785 1023 826 priecipiuntur,
1046 783 1082 814 il-

205 826 333 868 lustrem.
358 828 412 858 imo
434 828 564 868 quoedam
589 827 728 857 videntur
752 828 864 858 omnino
890 825 1024 857 ridicula.
1047 832 1082 856 ut

207 869 284 909 quod
301 868 502 900 Lacedaemone
517 868 628 908 Ephori
635 865 795 909 statimalr
816 869 889 899 inito
908 864 1082 909 magistratu

206 911 340 949 edicunt,
365 919 400 941 ne
414 911 477 951 quis
495 908 646 950 mystacem
660 910 739 941 alat:
758 908 795 944 ὅ)
811 914 845 940 ut
860 909 968 950 legibus
983 910 1082 940 obtem·

205 957 330 990 pererit,
360 960 396 982 ne
418 950 485 991 ipsis
500 951 564 990 fint
586 949 716 991 difficiles
741 951 903 991 oiservatu.
955 949 1084 981 Romani

207 1002 278 1034 quos
293 993 325 1023 in
345 993 500 1024 libertatem
515 993 800 1030 vindicant,·eorum
817 993 977 1033 corporibus
986 988 1082 1032 stipu-

206 1036 266 1065 lam
285 1041 398 1066 tenuem
413 1035 562 1075 injiciunt.
586 1033 623 1069 ὅ)
638 1036 688 1065 ubi
704 1031 906 1073 testamentum
929 1034 1081 1071 condunt,

206 1075 261 1108 alii
274 1075 449 1114 scribuntur
464 1077 596 1114 heredes,
619 1076 672 1107 alii
685 1077 818 1107 vendunt
841 1077 923 1106 bona.
948 1074 1024 1116 quod
1038 1075 1084 1105 vi-

205 1118 291 1148 detur
306 1117 432 1149 alienum
444 1127 466 1148 a
482 1119 604 1151 ratione.
628 1116 828 1157 alieniffimum
850 1116 924 1147 illud
949 1116 1060 1147 Solonis
1073 1138 1083 1154 ,

209 1159 261 1201 qui
277 1159 308 1189 in
317 1159 459 1197 seditione
480 1160 577 1190 neutri
590 1158 624 1198 ste
645 1161 726 1199 parti
740 1159 945 1200 adjungentem
961 1157 1083 1197 ignomi-

210 1200 263 1231 nia
277 1202 401 1231 notavit.
421 1198 458 1234 ἐπ”
471 1200 560 1239 plane
573 1200 667 1231 multa
687 1200 780 1241 legum
796 1200 920 1240 absurda
936 1198 987 1239 effe
1004 1199 1083 1229 dixe-

208 1243 268 1278 rit,
292 1243 344 1282 qui
360 1240 489 1272 auctoris
510 1249 630 1272 mentem
650 1240 687 1276 ὅ)
702 1243 817 1280 causam
827 1241 1007 1282 scriptorum
1021 1238 1085 1278 fin-

207 1282 335 1325 gulotim
350 1292 408 1314 non
429 1284 604 1323 cognoverit.

223 1335 233 1343 ι’
251 1322 287 1355 ln
315 1325 432 1356 eodem
460 1324 622 1356 Plutarchi
646 1323 758 1355 libello
786 1323 818 1355 ἀ
845 1323 911 1354 hoc
933 1322 1021 1363 quod
1042 1321 1084 1353 se·

210 1365 318 1406 quitur
334 1388 345 1404 ,
368 1365 500 1406 dignum
517 1365 638 1397 credidi
657 1365 745 1405 quod
761 1373 948 1396 annotarem
965 1365 996 1395 in
1015 1373 1084 1404 gra-

209 1407 285 1438 tiam
297 1406 517 1439 Studiosorum
526 1406 608 1446 juris
614 1413 683 1447 pag.
696 1416 767 1446 552.
794 1406 900 1446 Legem
910 1404 1090 1446 AEgyptiam

209 1456 304 1479 nonne
326 1446 399 1479 reite
423 1449 561 1479 videntur
606 1448 704 1478 uidam
727 1444 1085 1487 Groecorumdescripfiffe

211 1499 276 1530 quae
284 1489 368 1530 jubet
378 1489 554 1531 gravidam,
581 1498 592 1520 ι
607 1489 706 1519 mortis
719 1489 811 1525 fuerit
826 1490 965 1519 damnata
975 1510 984 1526 ,
999 1487 1083 1527 affer-

210 1530 298 1569 vari,
320 1530 408 1560 donec
417 1529 543 1570 pariat?
570 1529 663 1561 Plane
678 1528 818 1570 offensum
833 1527 872 1570 est
887 1530 922 1560 ab
937 1530 983 1560 iis.
1009 1529 1085 1560 Tum

209 1579 269 1612 ego.
294 1570 378 1614 Quid
388 1569 419 1609 fi
429 1577 585 1612 pregnans
601 1570 706 1611 aliquis
724 1580 783 1602 non
792 1568 853 1610 fit,
868 1571 923 1610 sed
935 1569 1085 1611 progreffu

207 1616 338 1649 temporis
359 1611 498 1644 actionem
523 1618 577 1644 aut
606 1610 755 1650 confilium
776 1621 916 1643 arcanum
939 1613 971 1642 in
994 1613 1085 1642 lucem

202 1652 286 1696 poffit
300 1654 474 1696 producere,
497 1659 552 1687 out
573 1653 678 1686 occulti
705 1653 832 1695 alicujus
852 1653 922 1685 mali
939 1653 1085 1685 indicium

1121 453 1250 494 deferre,
1272 454 1321 486 vel
1331 453 1476 493 salutaris
1501 451 1601 484 αιιὲἶον
1613 452 1683 494 fieri
1699 453 1815 492 consilii
1822 477 1833 493 ‚
1866 459 1918 486 aut
1938 463 2008 494 rte-5¹

1121 494 1230 535 ceffarii
1247 500 1318 535 ujus
1333 496 1469 526 inventor
1479 493 1497 525 ‚9
1519 504 1613 525 nonne
1628 495 1733 527 rectius
1741 497 1822 534 facit
1837 497 1888 537 qui
1903 496 2008 540 112⁴!ssle

1112 537 1255 578 supplicio
1278 547 1341 568 eam
1362 536 1518 567 utilitatem
1543 538 1688 576 operitur,
1711 547 1798 578 quam
1813 537 1866 578 qui
1878 537 1989 570 mature*

1122 588 1188 610 eum
1204 577 1390 619 interficiat?
1412 577 1482 608 mihi
1497 578 1611 618 quidem
1622 576 1667 615 sic
1681 579 1809 610 videtur.
1833 578 1912 609 Haec
1923 577 1993 610 Plu·
2051 611 2052 614 ,

1123 619 1262 651 tarchus.
1307 618 1395 661 Quid
1411 618 1507 649 nostri
1519 619 1536 650 ἱ)
1560 620 1734 658 probarunt
1757 620 1844 660 quod
1860 622 1900 650 de
1915 629 1994 660 prae-

1123 669 1242 702 girante
1269 662 1403 692 muliere
1435 658 1621 692 Plutarchi&
1647 662 1754 700 dixit3
1787 662 1830 692 ita
1863 661 1993 694 volente

1125 702 1265 734 utilitate
1288 701 1471 733 innocentis
1498 710 1623 741 partus:
1647 711 1681 734 ut
1705 711 1836 743 apparet
1861 711 1900 732 ex
1924 703 1991 744 l.'3.

1124 743 1168 775 D.
1192 744 1225 774 de
1242 744 1346 784 poenis.
1369 743 1399 773 in
1417 744 1540 774 caeteris
1557 751 1662 775 autem
1689 743 1825 782 casibus,
1850 743 1906 775 etfi
1928 744 1993 784 ple-

1124 785 1216 825 rique
1247 785 1394 815 variarint
1414 808 1424 822 ‚
1462 794 1527 816 non
1557 793 1664 817 tamen
1695 785 1906 817 differendum
1931 784 1993 817 effe

1125 826 1264 858 damnati
1285 825 1493 866 supplicium,
1517 827 1622 857 verius
1645 826 1724 865 effe,
1751 826 1905 867 Ulpianus
1929 828 1993 858 exi-

1124 867 1262 899 stimavit
1277 867 1325 898 lib.
1343 877 1371 903 9.
1396 866 1442 897 De
1463 865 1552 907 officio
1570 867 1764 907 Procom‘icli13
1786 878 1824 899 ex
1841 877 1906 906 quo
1924 878 1994 899 ver-

1125 909 1166 940 ba
1183 909 1253 940 liaec
1271 908 1340 940 sunt
1362 908 1380 938 l.
1390 912 1427 939 -6.
1444 908 1493 940 VD.
1512 913 1544 939 cle
1562 910 1666 949 poenis.
1710 910 1743 940 Si
1765 910 1935 950 quorsom,
1957 919 1993 940 ne

1115 951 1260 990 supplicio
1288 949 1449 990 adficiatur
1466 973 1476 989 ,
1507 952 1585 980 {licat
1601 954 1634 989 se
1660 951 1756 981 babere
1772 953 1846 993 quod
1863 951 1994 992 Principi

1125 992 1234 1030 referat
1247 991 1353 1028 salutis
1371 990 1461 1031 ’ἱρήια
1483 992 1589 1031 causa:
1605 1001 1651 1023 aa
1675 994 1875 1024 remittendum
1900 991 1934 1026 fit
1955 993 2008 1023 ad·

1125 1043 1189 1064 eum
1205 1055 1215 1071 ‚
1245 1034 1403 1064 videndum
1433 1030 1471 1073 est
1487 1032 1505 1064 ,9
1533 1032 1576 1064 Et
1595 1037 1664 1070 lunt
1687 1034 1813 1075 plerique
1838 1033 1994 1071 Praesidum

1126 1081 1185 1106 tam
1201 1075 1315 1112 timidi,
1339 1079 1373 1105 ut
1397 1075 1482 1105 etiam
1500 1073 1564 1115 posi
1572 1075 1751 1114 sententiam
1773 1078 1806 1107 de
1823 1086 1851 1106 eo
1869 1075 1994 1114 dictam,

1120 1124 1237 1157 poenam
1263 1115 1425 1156 sustineam
1450 1137 1467 1153 ‚,
1490 1126 1541 1147 nec
1570 1117 1728 1158 quidquam
1758 1118 1908 1148 audeant:
1943 1117 1995 1148 alii

1125 1159 1237 1189 omnino
1253 1166 1312 1188 non
1323 1158 1486 1198 patiuntur<
1495 1159 1652 1199 quidquam
1670 1158 1726 1189 tale
1741 1159 1895 1201 allegantes
1906 1170 1913 1190 :
1923 1168 1994 1190 norr-

1127 1199 1202 1230 nulli
1216 1208 1306 1239 neque
1319 1199 1450 1239 semper,
1473 1207 1563 1240 neque
1587 1206 1796 1241 nonnunquam
1820 1201 2007 1239 renzitturzt','

1118 1242 1172 1281 Jed
1194 1241 1366 1281 inquirunt,
1389 1240 1460 1281 quid
1470 1239 1528 1278 fit,
1553 1241 1628 1282 quod
1651 1241 1774 1280 allegare
1792 1241 1924 1281 Principi
1945 1250 1994 1272 ve-

1127 1282 1181 1316 tit,
1205 1282 1332 1323 quidque
1355 1280 1472 1322 [quod]
1491 1289 1545 1322 pro
1554 1282 1652 1321 salute
1667 1283 1754 1323 zPfius
1769 1283 1870 1314 habeat
1885 1284 1995 1319 dicere;

1124 1320 1187 1364 post}
1208 1333 1270 1364 quae
1294 1329 1345 1353 aut
1360 1320 1506 1363 sustinent
1526 1330 1640 1362 poenam
1671 1330 1724 1355 aut
1754 1334 1811 1355 non
1833 1322 1993 1364 sustinent.

1128 1364 1214 1408 Quod
1229 1365 1348 1395 videtur
1365 1364 1463 1394 haltere
1478 1365 1768 1396 mecliamrationcm:
1791 1372 1938 1403 caeterum,
1961 1370 2001 1401 ηυγ

1126 1414 1188 1436 mea
1199 1405 1264 1445 fert
1282 1405 1373 1445 opinio
1383 1428 1391 1443 ,
1401 1407 1519 1444 prorsus
1533 1415 1577 1435 eos
1593 1415 1649 1436 non
1663 1406 1783 1446 aehuiffe
1793 1429 1802 1443 ,
1816 1404 2006 1447 posteaquam*

1118 1447 1208 1487 semel
1236 1444 1373 1478 'damnati
1393 1446 1469 1484 sunt
1484 1469 1494 1485 ,
1518 1448 1625 1481 ,audiri
1643 1470 1653 1486 ,
1693 1449 1835 1489 quidquid
1863 1447 1996 1489 allegent.

1127 1487 1207 1533 Quis
1228 1489 1304 1519 enim
1328 1489 1462 1528 dubitat,
1493 1487 1636 1518 eludendae
1655 1495 1746 1528 poenae
1767 1488 1854 1528 causa
1878 1492 1914 1520 ad
1938 1489 1998 1520 [κει-

1126 1539 1169 1560 eos
1187 1528 1360 1560 decurrere?
1383 1530 1528 1570 magisque
1550 1529 1601 1569 effe
1613 1532 1792 1570 puniendos,
1814 1531 1865 1571 qui
1887 1531 1998 1562 tamdiu

1125 1572 1326 1602 conticuerunt
1340 1572 1425 1612 quod
1438 1577 1489 1611 pro
1510 1570 1604 1606 fizlute
1630 1571 1777 1612 Princz'pu
1795 1572 1895 1602 habere
1904 1572 1938 1611 se
1952 1571 2000 1602 di-'

1125 1621 1186 1644 cere
1202 1611 1320 1653 justam
1335 1611 1360 1642 ἓν
1381 1620 1432 1643 nec
1448 1612 1525 1643 enim
1546 1612 1681 1645 dehebant
1702 1618 1762 1645 tam
1782 1622 1917 1655 magnam
1937 1621 1998 1646 rem

1126 1655 1239 1685 tamdiu
1262 1655 1384 1685 reticere.
1436 1686 1439 1689 ,

912 1766 1165 1801 CAPUT
1220 1763 1294 1799 111.

208 1862 332 1908 Errare
348 1856 540 1911 *dottffm'os
567 1846 653 1898 viros
669 1889 679 1905 ‚
716 1863 767 1910 qui
789 1864 952 1910 opinantur
969 1889 979 1905 ,
1008 1862 1151 1909 populum
1180 1862 1355 1898 Romanum
1383 1861 1470 1910 Lege
1491 1863 1596 1909 Regia
1618 1863 1699 1898 omni
1718 1862 1757 1910 fh
1771 1864 1844 1910 jure
1867 1861 1909 1904 E?
1930 1848 2000 1905 ητα-ζ

212 1920 218 1961 j
271 1913 392 1962 jestate
417 1912 570 1959 abdicaffe
591 1912 787 1948 inhonorem
819 1913 1002 1959 Principi53
1040 1913 1128 1958 idque
1149 1912 1189 1946 ab
1214 1912 1347 1958 Ulpiano
1372 1913 1394 1946 I.
1422 1922 1454 1948 1.
1478 1913 1522 1948 D.
1549 1913 1583 1947 de
1616 1912 1884 1961 Constitutionibus
1907 1914 2002 1948 Prinz·

280 1965 380 2015 cipum
394 1959 575 2007 fignfficari
593 1961 714 2005 verbis,
740 1961 782 1997 Ei
803 1960 841 1997 δι
864 1961 900 1997 in
923 1972 1013 1996 eum.
1067 1961 1166 1997 Verus
1189 1972 1291 1996 eorum
1316 1961 1477 1996 verborum
1489 1959 1628 2007 fienfiaes:
1662 1958 1704 2000 ἐξ
1723 1961 1841 2007 fimiles
1867 1962 2001 2008 loquendi

214 2006 218 2048 s
272 2011 391 2059 figurae
414 2009 687 2057 apud3Julianuin
713 2010 736 2045 l.
763 2021 796 2046 2.

831 2008 860 2057 §.
879 2021 912 2056 3.
941 2010 984 2045 D.
1011 2010 1045 2045 de
1061 2011 1134 2057 jure
1160 2010 1363 2045 codicillorum
1378 2037 1387 2052 ‚
1423 2007 1464 2049 δὲ*
1490 2010 1641 2056 Vellejum
1668 2010 1870 2046 Paterculum
1894 2012 1947 2046 lib.
1967 2016 2000 2047 2⁴.

270 2070 347 2108 cap.
377 2064 435 2106 83.
464 2069 567 2105 quem
583 2070 602 2095 a
626 2058 722 2105 Justo
740 2057 862 2106 Lipfi0‚
888 2059 928 2095 V.
956 2059 1022 2095 CL.
1048 2059 1204 2094 emendari
1213 2057 1283 2105 fine
1305 2056 1489 2106 necestitate.

210 2149 426 2226 Ulpianus
457 2148 478 2180 l.
509 2157 536 2180 1.
567 2147 611 2180 D.
642 2148 676 2179 de
703 2145 966 2189 constitutionibus
995 2146 1086 2179 Prin·

317 2199 343 2220 02
364 2199 423 2220 um.
449 2217 451 2220 .

252 2198 500 2275 QuodPPrincipi
514 2229 625 2269 placuit
639 2252 648 2267 ‚
673 2230 744 2271 legis
765 2230 849 2261 habet
873 2232 1019 2272 vigorem;
1041 2235 1087 2260 ut-

284 2277 352 2313 pote
370 2281 436 2302 cum
460 2270 537 2310 Lege
563 2270 657 2312 Regia
680 2281 742 2312 quae
757 2272 790 2301 de
813 2273 926 2311 imperio
941 2272 1004 2313 ejus
1026 2271 1088 2302 lata

290 2311 349 2351 est,
367 2311 492 2352 populus
509 2312 534 2342 ei
554 2311 591 2345 {5⁹
613 2314 646 2342 iri
661 2321 723 2343 eum
738 2321 818 2343 omne
824 2313 917 2352 suum
938 2314 1089 2353 imperium

290 2353 328 2388 &⁹
342 2351 507 2394 potestatem
523 2353 661 2392 conferat.
678 2353 706 2394 §.
728 2363 754 2384 1.
779 2352 980 2397 Quodcunque
996 2354 1090 2395 igitur

291 2395 453 2435 Imperator
471 2400 523 2433 per
546 2391 688 2434 epistolam
711 2393 749 2429 &²
769 2394 1003 2436 subscriptionem
1025 2392 1089 2435 sta-

292 2438 369 2474 tuit,
393 2435 440 2466 vel
456 2437 622 2476 cognoscens
638 2436 781 2474 decrevit,
806 2435 853 2467 vel
874 2439 907 2468 de
954 2437 1019 2467 lano
1042 2437 1087 2466 in·

291 2478 442 2508 terlocutus
460 2475 499 2517 esi
516 2499 525 2515 ,
557 2476 604 2508 vel
624 2476 713 2508 edicito
740 2479 872 2518 praecepz't
889 2489 898 2510 t
939 2487 1016 2519 egem
1037 2476 1088 2517 effe

294 2516 414 2589 constat.
437 2518 494 2549 haec
504 2519 580 2559 fient
596 2527 670 2559 quas
691 2518 778 2559 vulgo
797 2516 1021 2559 Constitutiones
1035 2525 1086 2558 ap-

290 2565 325 2599 pe
349 2565 410 2590 ant.

215 2597 402 2639 Numquam
420 2601 511 2639 potui
535 2599 565 2630 in
581 2601 722 2632 animum
739 2610 845 2633 meum
861 2601 1033 2639 inducere,
1053 2607 1088 2631 ut

213 2642 386 2681 probarem
403 2650 514 2672 eorum
532 2639 719 2673 sententiam
736 2643 788 2683 qui
806 2642 1006 2681 existimant,
1019 2642 1088 2673 haec

214 2681 345 2723 Ulpiani
366 2681 482 2717 verba,
504 2683 529 2712 ei
552 2680 589 2716 δὲ
612 2683 644 2714 in
667 2692 748 2721 eum,
772 2682 836 2715 ess'e
855 2684 1003 2715 formulae
1027 2692 1089 2723 qua

214 2722 285 2756 usus
302 2723 332 2754 in
353 2722 442 2763 Lege
461 2721 560 2763 Regia
583 2722 619 2754 fit
644 2726 780 2765 populus
805 2724 984 2757 Romanus:
1009 2725 1086 2756 mul·

213 2772 316 2806 toque
334 2763 437 2796 minus
453 2762 530 2794 mihi
547 2763 722 2803 persuadeo
737 2790 747 2804 ,
770 2766 810 2797 ab
836 2765 975 2806 Ulpiano
999 2765 1088 2806 figni-

214 2805 302 2838 ficari
318 2829 328 2845 ,
351 2804 440 2846 quod
457 2803 487 2835 &
505 2804 547 2849 illi
566 2803 596 2836 δί
613 2806 663 2836 alii
682 2808 826 2843 tradunt,
848 2808 1004 2848 populum
1023 2809 1086 2838 Κο-

216 2857 349 2881 manum
364 2845 454 2886 Lege
468 2844 567 2886 Regia
583 2854 679 2877 omne
695 2847 780 2879 suum
796 2849 965 2889 imperium
982 2850 1012 2881 &
1027 2857 1086 2889 po·

218 2888 366 2923 testatem
383 2887 524 2926 Principi
546 2887 729 2919 conceffisse
747 2890 807 2928 ita,
832 2899 867 2922 ut
882 2889 971 2922 omni
997 2899 1086 2930 pror-

214 2930 264 2963 sus
276 2930 346 2970 jure
364 2929 394 2961 &
411 2926 571 2975 potestate
591 2926 620 2972 se
636 2936 786 2967 exueret,
810 2940 847 2962 ac
865 2941 906 2963 ne
929 2931 1086 2963 tantillum

216 2972 348 3012 quidem
371 2977 526 3007 retineret
549 2968 732 3009 reliquum3
763 2970 814 3004 scd
843 2973 982 3004 alienato
1006 2982 1023 3004 a
1054 2972 1087 3004 se

215 3014 304 3045 omni
324 3013 393 3053 jure
407 3035 418 3051 ,
447 3010 546 3056 vellet
568 3014 666 3042 unum
691 3010 868 3053 Principem
885 3036 894 3051 ‚
925 3018 1087 3054 tamquam

214 3055 259 3086 sui
279 3054 309 3087 ὅ(
334 3054 440 3095 legum
457 3052 643 3089 dominum,
666 3050 720 3082 fibi
747 3061 806 3092 pro
832 3054 964 3086 arbitrio
985 3055 1086 3096 impe-

214 3105 303 3135 ποτε,
326 3094 422 3136 seque
440 3094 486 3126 illi
512 3092 576 3125 fine
602 3093 798 3133 exceptione
822 3103 943 3134 parere.
985 3095 1086 3128 Num·

215 3145 310 3178 quam
335 3137 421 3168 enim
446 3134 510 3167 hoc
533 3134 670 3166 facturn:
695 3133 725 3165 &
750 3142 861 3166 contra
889 3136 1005 3173 video,
1030 3147 1085 3176 po·

211 3178 324 3223 pulum
340 3179 372 3212 in
388 3177 528 3213 comitiis
545 3176 606 3217 suis
624 3178 718 3210 etiam
739 3176 810 3219 post
821 3175 942 3218 Legem
951 3176 1085 3219 Regiam

1129 2145 1222 2179 fuisse
1244 2147 1512 2188 rogatum,vquid
1537 2147 1577 2179 de
1602 2148 1714 2186 rebus,
1745 2157 1818 2181 cum
1840 2147 1976 2189 publicis
1990 2171 2002 2187 ,

1131 2196 1199 2220 tum
1222 2189 1353 2228 privatis
1371 2212 1381 2228 ,
1414 2190 1513 2221 vellet
1537 2189 1665 2229 juberet
1687 2187 1767 2221 fieri.
1787 2186 1790 2191 ⁴
1812 2189 1912 2233 Quod
1935 2191 2001 2229 quo

1129 2229 1269 2268 spectac,
1292 2230 1347 2262 nifi
1364 2231 1415 2262 vel
1433 2238 1500 2261 tum
1522 2230 1609 2261 suum
1627 2231 1751 2272 populo
1764 2232 1813 2271 jus
1828 2230 1919 2264 fuiffe
1935 2230 2001 2262 eiti‘-

1130 2269 1316 2303 stimamus‘?
1339 2271 1401 2303 Sed
1420 2273 1508 2312 quod
1527 2272 1567 2304 de
1583 2273 1720 2304 comitiis
1736 2272 1820 2312 dixi,
1843 2274 1944 2313 liquet
1958 2280 2002 2304 ex

1130 2312 1195 2351 ipsa
1213 2311 1309 2353 Legis
1327 2312 1432 2354 Regiae
1448 2313 1587 2345 formula
1600 2322 1661 2354 qua
1676 2314 1798 2346 delatus
1811 2310 2000 2354 Vespasiano

1130 2352 1194 2385 fuit
1212 2355 1417 2394 principatus.
1440 2355 1537 2386 verba
1556 2355 1640 2393 apud
1659 2352 1856 2395 Gruterum,
1880 2354 2000 2394 Corpore

1131 2394 1356 2436 Inscriptionum
1379 2402 1450 2437 pag.
1485 2405 1607 2427 ccxmi.
1645 2396 1713 2427 haec
1747 2395 1831 2429 sunt.
1881 2395 1998 2437 Utique.

1131 2445 1210 2478 quos.
1240 2435 1453 2478 magistratum.
1480 2436 1653 2478 potestatem.
1681 2438 1840 2478 imperium.
1877 2438 2000 2468 curatio-

1131 2486 1239 2509 nemve.
1277 2479 1372 2520 cujus.
1403 2479 1454 2510 rei.
1478 2484 1615 2519 petentes.
1672 2477 1806 2511 Senatui.
1836 2479 2000 2520 populoque

1127 2518 1268 2550 Romano.
1293 2521 1541 2551 commendaverit.
1561 2520 1728 2561 quibusque.
1743 2520 1996 2562 flffragationem.

1123 2565 1220 2601 suam.
1254 2561 1371 2592 dederit.
1399 2561 1567 2602 promiserit.
1590 2570 1696 2593 eorum.
1725 2562 1853 2593 comitls.
1882 2562 1996 2603 quibus-

1130 2611 1193 2641 que.
1216 2608 1310 2633 extra.
1334 2603 1468 2635 ordinem.
1492 2604 1574 2639 ratio.
1598 2603 1744 2634 habeatur.
1776 2603 1864 2635 ldem
1880 2603 1998 2634 indicat

1130 2642 1286 2682 Tacitus3
1310 2652 1382 2675 cum
1410 2644 1541 2681 comitia
1566 2643 1765 2684 Praetorum‚
1783 2644 1922 2676 arbitrio
1944 2643 1999 2675 Se-

1130 2691 1223 2715 natus
1241 2684 1349 2716 haberi
1371 2684 1482 2723 solita⁷
1504 2683 1559 2715 sub
1576 2683 1708 2717 Nerone
1732 2685 1859 2727 attingit
1880 2686 1928 2717 lib.
1950 2693 1997 2723 14.
2030 2698 2035 2702 -

1129 2724 1244 2756 Annal.
1267 2735 1291 2757 c.
1310 2729 1359 2758 28.
1383 2725 1500 2758 Plinius
1516 2735 1645 2766 quoque
1670 2728 1800 2758 comitia
1826 2727 1999 2765 Consulum

1129 2765 1184 2797 sub
1208 2765 1349 2807 Traiano
1370 2775 1527 2799 memorat
1552 2767 1730 2809 Panegyric.
1757 2764 1782 2800 c.
1804 2773 1855 2810 63.
1885 2767 1996 2808 &seq-

1124 2807 1193 2848 Jam
1211 2806 1233 2838 fi
1255 2808 1342 2848 leges
1362 2809 1530 2849 quaerimus
1547 2818 1562 2839 a
1580 2811 1701 2849 populo
1715 2809 1824 2850 jussas,
1847 2808 1996 2841 constitu-

1130 2857 1165 2879 to
1188 2847 1337 2889 Principe
1352 2873 1362 2888 ‚
1386 2851 1417 2882 in
1433 2859 1571 2890 cumque
1588 2850 1741 2883 transsatis
1763 2861 1833 2892 quae
1848 2858 1996 2889 compre-

1130 2888 1225 2921 hensa
1251 2890 1320 2922 sunt
1342 2892 1411 2932 lege
1435 2890 1549 2931 Regia:
1575 2893 1651 2931 quid
1677 2895 1779 2926 verius
1802 2891 1870 2930 est,
1901 2899 1994 2930 quam

1130 2932 1217 2971 quod
1239 2930 1329 2963 Dion
1356 2932 1463 2964 scribit
1484 2933 1534 2963 lib:
1557 2938 1608 2972 56.
1627 2940 1698 2974 pag.
1715 2938 1792 2974 σόα.
1815 2933 1914 2973 legem
1939 2930 1996 2961 Pa-

1130 2973 1212 3012 piam
1222 2972 1393 3013 Poppaeam
1412 2975 1506 3011 latam
1524 2973 1615 3005 fuiss'e
1631 2979 1670 3006 ad
1686 2975 1855 3016 populum,
1877 2970 1925 3017 M-
1937 2970 1995 3002 Pa·

1130 3014 1186 3053 pio
1199 3013 1320 3057 Mutilo
1336 3015 1365 3047 GL
1383 3015 1426 3058 Q.
1445 3015 1588 3056 Poppaeo
1609 3015 1759 3055 Secundo
1784 3011 1991 3051 Consulibus,

1127 3055 1188 3095 jam
1206 3054 1328 3088 seniore
1345 3056 1504 3098 Augusto:
1530 3064 1564 3088 ut
1581 3055 1713 3088 Tacitus
1728 3057 1770 3087 ait
1789 3052 1836 3085 tib,
1858 3062 1904 3099 ¹5·
1927 3054 1993 3084 An-

1127 3096 1187 3127 nal.
1211 3107 1234 3128 c.
1256 3108 1305 3137 25.
1350 3097 1422 3130 Nec
1444 3098 1497 3129 diu
1513 3105 1587 3129 ante
1610 3098 1728 3138 prodiit
1749 3097 1800 3127 lex
1817 3094 1898 3125 AElia
1914 3093 1993 3125 Sen-

1128 3138 1188 3168 tia:
1212 3147 1322 3180 rogata
1341 3140 1461 3180 quippe
1478 3149 1494 3170 a
1515 3139 1544 3171 S.
1561 3139 1646 3170 AElio
1666 3139 1746 3168 Cato
1772 3137 1801 3167 ἀ
1824 3135 1989 3182 (3.,8εηῑῐο

1127 3177 1296 3215 Saturnino
1314 3175 1514 3215 Consulibus.
1558 3183 1629 3221 Age
1646 3188 1721 3213 vero
1738 3177 1788 3209 lex
1806 3177 1893 3218 ,lunia
1904 3175 1991 3249 Νῖν-

1928 3246 1931 3248 ,
1962 3228 1991 3249 au
