2108 3479
554 76 720 113 VITA
774 78 821 113 V.
873 78 909 115 C.
961 78 1275 115 GERARDI
1324 78 1576 122 NOODT.

163 156 227 194 suis
246 157 345 204 Opus
367 153 467 190 etiam
488 152 654 188 eximium
680 153 908 189 HUGONIS
936 155 1109 190 GROTII
1136 156 1185 190 De
1211 156 1294 202 Jure
1318 159 1399 193 Belli
1420 170 1456 197 ac
1487 161 1580 196 Pacis
1605 159 1717 197 sedulo
1738 162 1951 210 interpretari

166 206 303 242 solebat.
354 202 405 237 Ex
429 201 501 235 aliis
522 213 657 249 quoque
682 202 753 248 ejus
776 203 941 248 Scriptis,
978 203 1037 240 etsi
1055 204 1194 248 omnia,
1220 205 1348 241 duabus
1375 207 1593 245 Orationibus
1617 211 1790 257 exceptis,
1825 214 1866 249 ad
1887 215 1947 261 Jus

165 255 275 291 Civile
287 250 423 299 proprie
439 250 606 294 spectant,
636 250 709 285 satis
733 260 845 297 patet,
875 264 974 298 quam
993 265 1060 288 non
1077 252 1307 299 perfunctorie
1324 255 1601 302 Jurisprudentiae
1625 258 1784 296 Naturali
1802 265 1945 307 operam

165 302 311 344 dederit,
338 300 418 335 dum
440 298 529 333 illius
562 299 692 346 regulas
716 299 752 335 δε
769 300 937 347 principia
962 302 1008 338 ibi
1033 301 1139 338 modo
1156 301 1276 347 tradit,
1304 304 1407 340 modo
1431 306 1607 343 discrimen
1625 307 1799 353 intereas,
1826 310 1864 347 ἃ.
1879 311 1944 348 Le-

164 363 242 399 gum
261 348 419 384 Civilium
435 346 575 393 placita,
589 347 758 383 ostendit.
1048 394 1049 397 ¹
1144 393 1148 396 ι

209 397 298 433 SUB
315 396 442 432 initium
463 396 550 430 Anni
567 395 731 432 millesimi
753 396 984 433 sexcentesimi
1004 399 1203 447 ociogesimi
1228 400 1338 445 tertii,
1366 401 1598 449 Ampliffimus
1627 403 1847 452 Magistratus
1870 408 1942 445 Ur-

160 447 208 482 bis
230 446 366 493 Trajebli
381 445 420 480 ad
438 445 578 480 Rhenum
597 444 640 480 de
656 446 783 480 Noodtio
799 458 842 482 ex
859 447 1043 483 Academia
1060 449 1162 490 Frifia
1176 450 1209 485 in
1225 450 1314 485 suam
1331 451 1517 487 adliciendo
1535 453 1722 499 cogitavit,
1753 455 1790 492 δι
1808 467 1844 492 re
1869 458 1940 505 ipsa

159 494 191 531 ei
206 494 324 530 obtulit
341 494 430 529 idem
452 504 573 527 munus
598 493 822 530 Antecefforis
844 495 1036 539 Ordinarii,
1064 508 1142 532 cum
1171 498 1265 532 lauto
1288 498 1465 545 stipendio.
1516 501 1562 536 At
1586 500 1716 538 Noster
1745 504 1887 541 minime
1907 517 1941 542 a-

160 543 244 579 nimi
269 542 409 586 dubius,
445 541 513 576 fine
534 542 598 577 ulla
624 553 720 578 mora
748 543 812 578 sese
838 544 1037 588 excusavit,
1073 545 1111 581 <Sc
1132 546 1173 581 de
1195 547 1397 582 invitatione
1428 560 1471 584 ne
1496 550 1639 585 verbum
1670 552 1807 597 quidem
1832 553 1938 598 fecit,

159 591 219 628 nisi
241 591 414 638 postquam
434 591 466 625 se
486 592 574 625 nolle
598 603 714 637 parere
731 591 955 637 fignificaffet.
1011 594 1113 643 Quod
1137 606 1239 641 quum
1267 594 1471 631 rescivissent
1497 598 1643 633 Ordines
1666 600 1794 645 Frifice,
1821 601 1941 639 libera-

159 642 233 678 liter
260 639 403 675 vicisiim
431 638 489 674 sibi
519 651 598 674 cum
618 653 660 675 eo
682 640 874 687 agendum,
902 641 1034 678 suarum
1054 644 1197 690 partium
1224 644 1339 690 suique
1362 644 1499 680 honoris
1522 645 1590 681 esse
1607 647 1790 686 duxerunt.
1842 650 1941 688 Grati

158 689 261 737 igitur
276 688 378 724 animi
402 687 612 735 significandi
636 688 766 733 cauffa,
794 689 912 735 sponte
934 690 989 726 sua
1015 691 1239 728 decreverunt
1263 693 1293 727 ei
1317 692 1477 738 stipendii
1512 704 1732 742 augmentum
1757 699 1841 745 tale,
1868 711 1940 747 quo

155 738 346 786 pensaretur
359 737 521 771 damnum
553 738 737 783 repudiatae
750 738 966 774 conditionis.
1720 787 1723 789 Α

202 786 289 822 Non
308 796 418 821 tamen
444 795 626 832 propterea
644 786 735 832 spem
758 798 895 822 omnem
916 788 1111 834 abjecerunt
1133 789 1293 823 Proceres
1318 786 1505 835 Tl'rajeaini‚
1532 801 1641 838 neque
1661 791 1861 832 destiterunt
1883 808 1938 833 ur-

153 844 253 882 gere,
278 835 389 870 donec
415 833 639 880 pervicissent.
693 835 798 881 quue
812 846 902 870 anno
921 836 1087 883 sequenti,
1116 837 1293 872 millesimo
1318 838 1562 874 sexcentesimo
1586 841 1799 889 ofiogefimo
1816 856 1939 892 quarto

154 884 298 920 feliciter
313 884 360 919 eis
384 882 543 918 succeflit.
595 883 646 917 Ita
672 883 833 926 Schedae,
860 885 979 931 quibus
1012 895 1098 919 utor.
1166 886 1202 920 In
1227 886 1266 920 iis
1294 896 1407 921 tamen
1438 886 1545 923 deesl'e
1567 900 1669 924 unam
1694 892 1938 931 invitationem

152 934 221 979 jam
245 943 316 967 tum
332 931 536 973 observavi,
565 944 667 978 quum
696 931 783 966 hanc
808 933 928 968 Vitam
950 933 1076 968 Gallice
1097 934 1292 969 scriberem:
1320 934 1459 980 ejusque
1480 935 1664 973 omiffionis
1689 940 1857 978 habebam
1878 953 1939 979 au-

152 982 283 1017 &orem
299 979 516 1016 certissimum
537 980 644 1024 ipsum
664 981 849 1023 Nooa'tium,
877 981 923 1016 sic
939 982 972 1016 in
991 982 1156 1016 Oratione
1172 981 1226 1016 sua
1246 982 1434 1029 inaugurali
1453 983 1560 1029 Frisiis
1578 985 1673 1023 simul
1692 987 1729 1025 ἃ
1754 988 1939 1038 ῊαῘεὲἶίηίς

151 1040 283 1078 gratum
303 1030 455 1064 animum
474 1028 740 1075 significantem:
769 1030 1013 1074 Imperi-civeram
1028 1031 1173 1064 nimirum
1190 1042 1210 1064 a
1227 1030 1393 1076 Republica
1409 1031 1709 1083 Frisiorumampla
1725 1036 1767 1077 ἐξ
1789 1041 1939 1087 magnifi-

150 1088 206 1115 ca:
232 1087 264 1113 ut
283 1077 338 1124 ff
351 1079 455 1124 aliqua
470 1090 538 1112 mea
555 1076 943 1123 existiinaretspeciinina:
969 1079 1112 1124 hujusque
1128 1080 1173 1113 rei
1187 1090 1254 1124 qnce
1278 1078 1422 1129 afferam
1439 1080 1632 1128 documenta,
1655 1089 1769 1131 preater
1781 1089 1940 1134 prolixam

150 1127 413 1172 mimificentiam,
438 1138 497 1172 qna
523 1138 569 1160 nie
596 1127 651 1160 hnc
674 1126 699 1160 I
706 1126 807 1161 TER
821 1126 856 1160 U
860 1127 903 1160 M
932 1128 1047 1172 publice
1070 1128 1256 1169 invitatum,
1282 1129 1390 1162 iterum
1410 1127 1591 1174 prosequuta
1616 1133 1670 1179 est.
1696 1136 1792 1171 etiam
1819 1136 1881 1173 TE
1888 1139 1940 1174 R-

151 1176 206 1211 TI
216 1177 250 1210 U
260 1177 318 1218 M,
345 1175 403 1220 nisi
418 1187 465 1210 me
486 1176 601 1209 vitium
616 1176 688 1208 coeli
695 1173 815 1221 solique
839 1175 929 1221 hujus
944 1177 1083 1221 ingenio,
1111 1178 1308 1218 animitate,
1338 1177 1493 1222 elegantia
1517 1179 1596 1214 ultro
1620 1183 1810 1229 monuiffi’m,
1833 1186 1938 1232 profi?-

149 1227 200 1271 qui
215 1225 310 1259 voluit
324 1222 391 1258 ἃς.
444 1222 541 1257 Nihil
559 1223 681 1257 clarius
703 1223 754 1258 his
775 1223 908 1260 verbis:
938 1233 1067 1259 tantum
1089 1235 1158 1259 non
1185 1224 1328 1267 docent,
1364 1236 1433 1271 quo
1453 1235 1608 1272 tempore
1633 1228 1791 1268 invitatio
1816 1235 1937 1270 omiffa

150 1272 344 1308 collocanda
359 1270 408 1306 fit.
460 1270 505 1305 At
525 1282 609 1306 vero
627 1271 743 1317 postea
758 1271 862 1307 incidi
875 1271 908 1307 in
924 1271 1042 1308 testem
1063 1272 1243 1315 idoneum,
1271 1273 1326 1320 qui
1344 1284 1386 1308 ne
1401 1273 1469 1308 hoc
1482 1275 1618 1321 quidem
1632 1289 1694 1313 nos
1715 1280 1874 1327 ignorare
1894 1282 1937 1319 fit.

149 1321 207 1357 nit.
259 1320 290 1355 Is
312 1318 362 1355 est
390 1318 556 1354 Professor
577 1318 787 1366 Timeamus,
814 1320 851 1356 δι
875 1320 1012 1368 quidem
1034 1320 1280 1357 Eruditiffimus
1306 1321 1574 1367 GRAEVIUS,
1612 1326 1689 1372 qui,
1727 1339 1764 1364 ut
1788 1329 1937 1377 solebat,

149 1371 190 1406 de
207 1369 246 1405 iis
270 1380 344 1415 quae
367 1379 455 1403 nova
473 1368 586 1410 sciret,
614 1368 660 1404 ita
686 1369 854 1404 edocebat
876 1369 1024 1405 amicum
1047 1369 1141 1405 suum
1166 1370 1332 1405 Nicolaum
1352 1369 1513 1416 Heinfium
1529 1399 1538 1415 ‚
1576 1373 1680 1419 Epist.
1710 1377 1786 1414 DC.
1813 1379 1936 1425 scripta

148 1419 203 1454 die
220 1429 277 1463 27.
301 1418 422 1452 Martii
443 1416 533 1451 Anni
566 1421 670 1455 1680.
694 1427 770 1464 pag.
800 1420 882 1461 649.
911 1419 1015 1453 Tom.
1043 1418 1103 1453 IV.
1128 1419 1262 1465 Sylloges
1287 1419 1334 1454 Cl.
1364 1420 1655 1460 BURMANNI:
1683 1423 1826 1462 Witfius
1853 1428 1939 1464 Fra.

148 1469 315 1502 nekeranus
332 1467 521 1512 provinciam
545 1471 677 1501 vacuam
702 1467 886 1502 Burmanni
900 1465 1046 1513 suscepit.
1097 1468 1157 1503 Sed
1183 1467 1358 1503 Noodtius
1385 1479 1442 1503 non
1461 1471 1563 1515 potuit
1575 1470 1771 1518 persuaderi,
1798 1483 1832 1513 ut
1836 1475 1937 1523 suam

147 1517 232 1551 nobis
248 1516 398 1550 addiceret
419 1524 562 1560 operam‚·
590 1526 608 1549 a
627 1514 737 1549 Frisiis
762 1517 864 1550 aureis
880 1517 1069 1562 compedibus
1087 1518 1208 1551 vinetus
1233 1513 1275 1555 δέ)
1298 1523 1445 1552 retentus.
1496 1518 1679 1567 Quodsane
1701 1523 1793 1559 doleo,
1846 1526 1938 1563 Nam

147 1564 250 1612 virest
266 1565 424 1611 egregius,
452 1561 493 1602 &²
509 1564 558 1608 qni
572 1562 652 1604 fiilns
668 1565 748 1598 inter
764 1564 858 1610 Juris
870 1565 1036 1609 Antistites
1049 1566 1132 1611 apud
1146 1576 1199 1600 nos
1213 1565 1390 1600 litterarum
1405 1565 1578 1612 nostrarum
1593 1578 1652 1604 non
1672 1570 1715 1618 est
1735 1573 1838 1616 rudi53
1862 1586 1938 1610 eru-

146 1614 288 1648 ditionem
303 1618 391 1647 ornat
407 1623 524 1646 morum
542 1609 583 1650 ἐξ
599 1614 718 1658 ingenii
734 1614 897 1659 elegantia.
948 1613 1023 1662 Ego
1044 1625 1128 1649 vero
1146 1624 1189 1649 eo
1213 1613 1321 1660 magis
1346 1614 1479 1660 gavisus
1505 1615 1599 1659 sum,
1626 1617 1708 1654 dum
1728 1632 1769 1657 ea
1794 1622 1860 1658 sese
1880 1622 1936 1659 of-

144 1660 248 1697 ferret
270 1660 432 1696 indicatio
449 1660 631 1705 temporis,
658 1660 822 1697 hastenus
839 1673 894 1698 rne
908 1662 1060 1706 latentis,
1087 1661 1178 1709 quod
1198 1661 1292 1696 simul
1309 1661 1389 1697 hinc
1416 1662 1630 1700 manifestum
1648 1665 1707 1711 fit,
1734 1671 1848 1717 quanti
1866 1670 1935 1708 Vir

148 1710 220 1746 talis
237 1737 246 1753 ‚
273 1709 377 1756 qualis
401 1710 560 1751 Gravius,
596 1709 716 1745 fecerit
743 1710 922 1746 Nostrum.
976 1710 1045 1760 Qui
1069 1711 1224 1759 quidem,
1252 1719 1286 1746 ut
1307 1710 1466 1755 memini,
1493 1712 1597 1749 etiam
1622 1717 1756 1761 publice
1781 1718 1934 1758 laudavit:

147 1769 224 1794 eum
243 1759 316 1803 plus
336 1758 457 1801 semel,
484 1758 641 1803 quamvis
665 1769 734 1794 non
751 1759 920 1795 succurrat
932 1759 967 1795 in
984 1771 1048 1807 qua
1063 1770 1157 1806 parte
1178 1759 1352 1795 Notarum
1372 1759 1523 1804 suarum,
1549 1762 1591 1798 ad
1614 1764 1804 1811 Ciceronem,
1832 1778 1933 1815 putot

147 1807 209 1842 Sed
229 1816 355 1852 quanto
371 1806 506 1851 majoris
523 1807 618 1852 pretii
642 1806 714 1842 sunt
736 1808 848 1843 laudes
871 1808 1026 1853 alicujus,
1053 1808 1129 1854 ipso
1154 1808 1279 1850 inscio,
1307 1809 1341 1843 in
1364 1807 1472 1843 finum
1493 1810 1594 1846 amici
1618 1811 1827 1852 familiariter
1845 1816 1934 1853 effu-

146 1856 216 1891 sae?
245 1854 400 1889 Ceterum
419 1865 460 1888 ex
480 1854 547 1887 hoc
563 1854 757 1889 testimonio
778 1867 845 1890 non
864 1865 995 1890 tantum
1012 1856 1182 1900 suppletur
1205 1855 1242 1889 ἃ
1266 1855 1323 1889 suo
1350 1856 1498 1899 tempori
1520 1857 1712 1903 adsignatur
1734 1863 1894 1900 invitatio
1910 1877 1932 1903 a

146 1915 202 1939 me
219 1901 373 1950 quaesita,
401 1902 452 1937 sed
471 1902 573 1936 etiam
593 1902 681 1948 quod
702 1901 826 1937 dicitur
843 1903 876 1936 in
894 1901 1034 1936 Schedis
1050 1903 1092 1936 de
1105 1904 1208 1937 altera
1226 1902 1318 1936 Anni
1340 1901 1508 1937 millesimi
1529 1903 1762 1945 sexcentesimi
1788 1911 1931 1961 oc'toge-

145 1952 218 1987 simi
235 1950 342 1992 tertii,
370 1950 449 1984 hinc
466 1949 500 1983 in
516 1950 664 1993 priorem
679 1949 946 1984 transferendum
966 1949 1177 1985 crediderim.
1229 1948 1285 1983 Sic
1305 1949 1382 1985 sane
1407 1949 1536 1986 facilius
1556 1952 1796 2003 intelligimus,
1824 1972 1932 2008 quare

144 1999 274 2036 Noster
295 2000 378 2034 adeo
401 1997 654 2040 intimet-anter,
681 1997 719 2033 δε
747 2009 790 2033 ne
817 1997 951 2033 monitis
979 1998 1117 2045 quidem
1145 1997 1344 2033 Academiae
1368 1998 1590 2037 Franekeranae
1619 2002 1858 2053 Curatoribus‚
1886 2011 1931 2048 de

145 2049 211 2085 hac
237 2060 303 2084 non
327 2047 504 2082 deserenda
528 2045 703 2082 consilium
732 2047 879 2093 ceperit,
907 2047 940 2081 in
965 2058 1029 2093 qua
1053 2046 1177 2082 scilicet
1202 2058 1221 2081 a
1247 2056 1317 2081 tam
1340 2047 1435 2082 brevi
1461 2057 1616 2094 tempore
1640 2052 1766 2091 docere
1790 2057 1929 2106 incepe-

146 2108 217 2133 rat:
245 2096 356 2132 mense
380 2096 519 2138 oaobri,
549 2104 584 2130 ut
604 2096 767 2139 diximus,
795 2095 885 2131 Anni
900 2095 1125 2141 praecedentis
1142 2094 1309 2131 millesimi
1332 2095 1565 2133 sexcentesimi
1589 2099 1822 2151 septuagesimi
1845 2104 1930 2145 noni

146 2147 372 2193 inauguratus.

196 2195 246 2230 Ut
268 2203 304 2228 ut
328 2193 386 2237 fit,
419 2191 493 2238 post
514 2192 635 2227 trinam
665 2193 803 2228 demum
827 2193 1063 2229 invitationem
1092 2193 1266 2240 Trajecium
1287 2192 1437 2229 adieetus
1454 2221 1464 2237 ‚
1502 2195 1702 2234 Orationem
1729 2199 1775 2237 ibi
1810 2202 1928 2242 habuit

148 2240 380 2289 Inauguralem
404 2241 507 2286 pridie
535 2241 610 2276 Idus
626 2240 787 2276 Februarii
810 2242 901 2277 Anni
924 2241 1091 2277 millesimi
1110 2241 1342 2277 sexcentesimi
1364 2241 1563 2290 oetogefimi
1585 2247 1714 2293 quarti,
1741 2250 1792 2285 De
1815 2252 1928 2301 caiffs

148 2298 292 2337 corrupta
308 2291 576 2336 Jurisprmiennae.
627 2291 664 2324 In
688 2290 744 2325 illa
767 2288 872 2325 fusius
889 2290 1050 2337 exponit,
1078 2302 1142 2337 qua
1160 2290 1234 2333 via,
1266 2301 1300 2325 ut
1311 2290 1384 2337 jam
1405 2291 1554 2329 diximus
1570 2320 1580 2337 ‚
1608 2295 1650 2329 ab
1674 2295 1775 2333 initio
1799 2299 1928 2337 studio*-

122 2372 126 2376 ,
147 2352 222 2375 rum
241 2338 423 2380 incesserit,
449 2337 485 2372 ὅ(
501 2337 693 2373 constanter
713 2339 964 2386 perrexerit,in
981 2340 1061 2385 Jure
1079 2340 1240 2374 Romano
1257 2338 1510 2383 interpretando
1532 2341 1569 2378 δι
1585 2347 1799 2390 exponendo,
1821 2350 1925 2387 Unde

149 2388 284 2435 postea,
312 2399 414 2433 quum
429 2387 541 2422 ederet
566 2388 820 2422 Connneniarium
844 2389 876 2422 in
898 2389 1031 2433 primam
1048 2396 1169 2434 partem
1191 2388 1434 2431 Pandeaarum,
1460 2388 1512 2425 his
1540 2392 1653 2427 verbis
1678 2398 1839 2434 monebat
1860 2399 1927 2436 Le·

151 2437 282 2472 tiores:
311 2437 363 2472 Sic
374 2448 444 2470 vero
468 2447 512 2469 me
532 2437 562 2469 in
592 2435 824 2481 praesentiarum
848 2435 1017 2482 composui,
1043 2446 1078 2470 ne
1096 2435 1247 2482 ingreffiis
1268 2437 1399 2482 vulgare
1422 2438 1505 2487 iter,
1530 2439 1649 2475 demum
1672 2443 1773 2479 aliena
1779 2444 1925 2493 sequerer

150 2486 304 2531 vestigia3
325 2484 378 2528 sed
398 2485 514 2529 aliquid
536 2485 692 2529 industriae
706 2486 755 2519 vel
777 2497 850 2519 meoe
876 2486 1076 2519 vindicarem.
1129 2485 1222 2519 Hunc
1237 2486 1269 2518 in
1281 2483 1379 2530 finem
1397 2486 1500 2533 adtigi
1513 2487 1659 2535 pleraque
1678 2491 1823 2529 Veterum
1843 2496 1925 2533 Fra-

146 2542 291 2576 gmenta:
316 2541 403 2578 atque
419 2532 533 2578 utfimt
547 2544 602 2566 non
623 2535 712 2566 uniar
725 2534 887 2578 temporis,
914 2544 1004 2578 neque
1018 2532 1220 2579 uniussec‘iae,
1248 2543 1341 2577 neque
1358 2536 1446 2568 unius
1458 2538 1600 2580 genvit,
1626 2540 1755 2585 amplius
1775 2544 1856 2579 nullo
1870 2555 1928 2592 po-

141 2577 207 2627 ]ita
221 2583 339 2623 ordine,
366 2582 524 2626 aliqnando
545 2579 710 2627 figitiva,
727 2580 810 2628 soepe
832 2582 981 2627 abrupta,
1009 2583 1103 2616 etiam
1126 2583 1240 2616 vitiata
1264 2589 1355 2627 atque
1378 2583 1580 2630 interpolata,
1603 2586 1716 2634 paffirn
1737 2590 1863 2637 obseura
1889 2607 1926 2631 ac

145 2632 303 2677 perplexa:
329 2632 375 2664 ita
399 2631 461 2663 illis
478 2631 568 2663 aliter
589 2637 677 2675 atque
701 2633 794 2664 aliter
812 2629 946 2675 consului
963 2641 972 2671 ;
995 2638 1085 2676 prout
1111 2629 1240 2677 historia
1263 2631 1428 2675 temporis,
1454 2640 1509 2667 aut
1524 2635 1806 2683 progrqffiisJ’un‘s,
1832 2644 1926 2678 etiam

147 2678 216 2725 usus
233 2680 340 2714 Latini
356 2679 523 2719 Sermonis,
553 2675 593 2716 ἐξ
612 2677 847 2725 Inscriptionznn
863 2679 985 2724 Legum
999 2678 1199 2724 fingularum
1214 2681 1419 2724 opportunitas
1425 2679 1580 2727 fidesque,
1599 2691 1665 2719 turn
1678 2687 1852 2733 constantia
1868 2703 1925 2727 van

149 2728 296 2763 tillatiove
312 2726 594 2771 Maniiseriptorum
617 2727 799 2762 editorunzve
821 2727 987 2768 librorum,
1015 2734 1069 2761 aut
1093 2728 1223 2772 alioquin
1242 2727 1378 2772 prudens
1400 2726 1441 2768 δέ)
1460 2728 1623 2775 neceffizria
1638 2736 1805 2772 emendatio
1830 2739 1925 2774 inter..

149 2771 322 2820 pientiam,
348 2777 377 2809 in
392 2776 555 2820 primisque
567 2773 656 2820 facti
674 2774 803 2821 species,
818 2773 994 2821 suaderent.
1046 2775 1187 2821 Idemque
1209 2783 1263 2809 aut
1282 2774 1378 2819 simile
1402 2779 1486 2812 circa
1507 2779 1732 2825 Imperatorum
1760 2784 1925 2834 Rescripm

152 2821 192 2862 ὃ)
212 2824 437 2869 Οοηβίεαιίοηες
453 2825 484 2858 in
503 2824 604 2858 Codice
620 2822 789 2867 observavi.
842 2825 927 2858 Nam
943 2824 976 2857 a'e
992 2823 1099 2859 Ediffl
1119 2823 1274 2868 Perpetui
1290 2824 1529 2871 restitutione&
1544 2829 1813 2877 interpretatione,
1837 2837 1925 2882 cujus

146 2872 326 2917 praecipuam
344 2874 434 2906 habui
449 2883 551 2906 curam
564 2900 572 2912 ‚
599 2879 762 2917 certer-aque
779 2883 868 2917 quam
887 2880 1035 2918 proeterea
1059 2874 1143 2906 tenni
1163 2874 1236 2915 via,
1260 2873 1338 2907 nibil
1361 2873 1457 2909 addo:
1482 2876 1673 2922 arbitratus,
1699 2882 1807 2915 melius
1826 2892 1922 2930 appa-

126 2912 132 2920 *
149 2919 280 2954 rituram
294 2918 383 2963 ipsius
401 2921 521 2955 lefflone
539 2922 667 2965 Operis,
695 2918 736 2960 ἐξ)
754 2922 868 2954 (litabar
884 2918 1172 2965 Diffi’rtationibus:
1198 2932 1260 2955 una
1271 2946 1283 2964 ,
1310 2921 1365 2956 De
1383 2922 1482 2958 Civili
1498 2924 1695 2970 Prudentia,
1721 2930 1840 2973 altera,
1867 2933 1923 2970 De

149 2965 265 3003 caustis
292 2977 454 3012 corruptae
474 2969 764 3014 jurisprudentiae:
790 2981 865 3016 quas
887 2970 983 3003 editas
1012 2971 1091 3004 inter
1114 2977 1222 3005 uetera
1252 2980 1321 3004 mea
1349 2971 1476 3017 Opera,
1508 2973 1556 3008 hic
1579 2982 1632 3019 pro
1655 2975 1846 3022 Praefatione
1867 2981 1922 3018 ha-

152 3017 217 3051 beri
238 3015 364 3061 postulo.
417 3015 470 3048 Sic
492 3018 556 3053 ille.

198 3063 341 3098 Novam
368 3061 604 3108 migrationem
632 3066 765 3113 sequuta
795 3064 844 3100 est
872 3077 963 3101 nova
985 3065 1180 3102 domesticae
1211 3066 1293 3101 vitae
1317 3066 1490 3111 conditio,
1526 3068 1581 3103 sed
1603 3069 1716 3117 aliquo
1741 3072 1921 3122 interjefiio

150 3121 315 3156 tempore.
368 3110 543 3146 Hactenus
566 3112 690 3149 Noster
711 3115 832 3149 coelebs
854 3115 981 3149 vixerat
999 3127 1007 3151 ε
1035 3115 1170 3161 putavit
1188 3115 1322 3150 tandem
1339 3116 1380 3150 de
1398 3116 1462 3150 tori
1479 3117 1566 3152 socia
1594 3116 1652 3153 fibi
1669 3120 1842 3168 jungenda
1860 3136 1920 3161 co.

148 3161 321 3209 giraudum
336 3158 417 3198 effe:
445 3159 531 3197 &re
543 3171 586 3197 ex
610 3173 693 3199 voto
727 3163 944 3208 succedente,
970 3163 1087 3201 faustis
1105 3165 1274 3204 ominibus
1297 3164 1412 3235 durren,
1440 3164 1495 3201 die
1519 3164 1681 3212 vigesima
1708 3169 1799 3209 sexta
1824 3174 1919 3220 Apri·-

1402 3222 1421 3258 3
1884 3224 1922 3259 lis
