2036 3495
172 134 241 170 144
587 123 619 157 G
652 130 670 156 E
704 130 726 156 R
758 131 778 155 A
811 129 833 154 n
865 128 888 152 n
923 123 936 152 1

175 213 220 245 ri:
245 213 332 252 quod
350 221 415 244 non
434 209 495 242 esse
514 218 664 249 aequum,
682 207 766 239 bene
783 206 892 238 censet
908 205 1053 246 Papinia-

177 264 234 286 nus
251 255 261 284 l
284 258 333 285 62.
349 255 393 284 D.
409 254 441 282 de
459 253 500 281 rei
517 251 723 281 vindicatione.
739 249 928 288 Scrupulum
948 255 1054 278 tamen

177 295 225 326 his
243 294 340 335 injicit
355 293 488 333 epistola
506 292 613 322 Severi
632 292 661 322 ἃ
678 289 830 322 Antonini
843 289 862 320 l.
881 298 903 320 1.
916 289 948 319 C.
963 290 996 320 de
1011 289 1055 319 bis

175 338 253 377 quib.
271 342 303 366 ut
320 336 412 375 indig.
428 333 481 372 ipsi
494 356 501 369 ‚
520 342 559 363 ne
576 334 615 363 de
632 333 698 362 aliis
715 333 816 363 dicam
828 354 837 369 ‚
854 330 986 362 molesta
998 328 1053 361 Ul-

177 377 291 417 piano:
309 384 398 406 certe
416 374 496 405 hanc
508 373 586 405 mire
603 373 692 404 torsit
709 373 726 403 l.
743 383 791 404 2ο.
810 373 839 413 §.
860 381 906 404 12.
925 373 971 403 D.
984 372 1012 402 l».
1031 377 1053 402 ti

220 418 326 449 Placet
345 415 439 457 igitur
460 414 609 453 Senatui,
624 414 761 446 instituta
782 413 941 452 petitione
961 413 1052 444 bere-

176 460 283 490 ditatis
299 460 327 488 ὅ(
350 456 497 489 adversus
517 458 608 487 bonae
626 456 699 488 fidei
720 454 923 495 possessorem
937 455 1052 494 judica-

178 510 212 532 to
225 524 233 539 ‚
246 509 318 530 eum
331 500 431 538 pretia
446 508 549 529 rerum
566 507 607 529 ex
623 498 802 529 hereditate
819 495 1033 528 distractarum
1044 517 1053 533 ,

177 551 248 582 quae
267 540 499 581 pei¹venillent‚
524 539 654 579 petitori
675 538 859 570 restituere:
876 538 905 569 ἂ
925 538 1054 576 quidem

175 582 373 620 indistincte,
389 581 522 613 siveillae
539 590 586 612 rcs
602 579 672 621 post
689 580 821 620 petitam
840 578 1054 610 hereditatem

176 632 290 657 extent
314 625 397 663 apud
422 631 602 662 emptorem
621 645 630 660 ,
655 621 718 652 sive
741 629 815 652 ante
843 618 1054 660 deperissent,

179 667 396 697 deminutaeve
420 664 538 696 effent:
562 672 635 694 nam
653 671 687 693 ut
704 672 753 693 res
772 671 817 693 eae
834 662 986 702 perierint
1002 669 1056 691 aut

177 709 350 739 deminutae
369 706 426 737 sint
444 706 528 745 apud
555 713 754 744 emptorem,
779 704 919 742 ideoque
937 712 988 733 eas
1006 711 1052 733 re-

177 750 308 781 stituere
324 758 387 779 non
416 755 550 788 cogatur
568 748 661 777 bonae
679 744 752 777 fidei
778 744 947 785 polsess'or3
970 744 1056 774 bona

177 790 241 822 fide
264 800 337 822 euin
354 800 369 820 a
393 790 510 820 damno
536 787 719 819 excusante:
745 795 850 817 tamen
877 795 919 816 ex
945 785 1055 825 pretiis

178 842 249 873 qum
266 830 495 872 pei-venissent,
512 829 759 870 locupletiorem
772 827 840 859 fieri
856 836 929 858 cum
946 826 1056 866 inJ‘uria

177 873 341 915 petitoris,
367 873 510 912 iniquum
527 871 571 902 est
588 873 613 902 d.
633 870 652 901 l.
670 869 756 911 20.§
785 877 836 901 21.

220 916 298 947 lllud
315 915 427 954 quale,
451 914 537 953 quod
553 913 596 943 ait
614 913 766 950 Senatus,
784 919 856 942 eum
873 912 968 942 debere
985 919 1054 950 pre·

178 957 220 987 tia
245 966 315 997 quae
339 954 553 995 pervenissent
574 965 594 992 ‚·
617 952 807 984 restituere?
833 951 947 983 Utrum
972 952 1056 982 enim

177 999 268 1036 vult,
292 998 353 1036 ipsa
379 996 542 1028 restituere
569 996 669 1036 pretia
694 1003 797 1025 rerum
823 993 1056 1031 distractaruim

179 1050 216 1071 an
227 1063 235 1078 ,
248 1047 342 1079 prout
354 1038 447 1079 eligat
458 1061 467 1076 ,
478 1036 642 1069 restituere
660 1036 709 1066 vel
727 1036 826 1075 pretia
844 1034 1057 1066 dillrac'tarum

179 1091 281 1112 rerum
294 1105 303 1119 ‚
322 1080 372 1111 vel
384 1081 460 1119 iplas
473 1088 521 1110 res
533 1077 691 1110 distrassas
701 1077 717 1109 ἱ)
736 1076 819 1108 Mihi
831 1076 983 1117 posterius
994 1085 1058 1106 non

179 1121 464 1163 estimprobabile:
482 1120 607 1159 &quod
625 1119 831 1156 aitscnatus,
850 1116 948 1158 pretia
964 1117 1058 1149 debe-

179 1175 212 1196 re
231 1165 413 1200 restituere,
438 1172 503 1194 non
523 1161 585 1193 ess'e
602 1160 810 1197 necessitatis,
828 1159 879 1190 sed
896 1158 1057 1190 facultatis

179 1207 209 1237 ὅ(
226 1205 361 1237 arbitrii:
378 1205 459 1236 adeo
478 1204 597 1235 debere
614 1204 713 1242 pretia
729 1199 892 1232 restituere
905 1223 914 1237 ,
931 1200 982 1231 nili
995 1209 1058 1231 ma-

179 1248 216 1279 lit
235 1257 283 1278 res
302 1245 382 1285 ipsas
402 1246 584 1277 restituere:
601 1245 786 1274 alterutrum
805 1242 899 1282 igitur
916 1241 1056 1273 restitue-

178 1299 212 1320 re
229 1289 393 1320 volentem
408 1287 514 1327 polle,
530 1286 694 1317 nolentem
713 1293 778 1315 non
800 1283 883 1323 cogi.
909 1283 973 1314 hoc
991 1293 1056 1314 mo-

180 1332 223 1362 do
240 1332 336 1361 debere
357 1331 488 1360 verbum
517 1327 626 1368 saepius
650 1326 806 1366 accipitur
822 1323 912 1355 alibi:
934 1323 965 1355 in
981 1333 1057 1364 prae-

180 1371 257 1402 senti
275 1380 380 1402 autem
399 1370 439 1402 sic
463 1368 705 1409 intelligendum
731 1366 813 1404 effe,
835 1376 883 1397 res
901 1366 1060 1406 loquitur:

179 1422 252 1445 cum
272 1411 411 1444 melioris
436 1408 632 1442 conditionis
654 1408 716 1439 else
743 1417 806 1438 non
833 1416 983 1448 oporteat
999 1417 1060 1439 ma-

180 1456 217 1486 lae
229 1479 236 1491 ,
254 1464 346 1494 quum
364 1454 477 1489 bonae,
493 1452 566 1483 fidei
586 1449 801 1490 poffell'orem.
827 1449 857 1480 id
873 1457 961 1480 certe
979 1450 1059 1481 ratio

183 1497 333 1536 prohibet
351 1495 369 1525 l.
399 1504 442 1534 13.
463 1493 504 1524 D.
528 1494 563 1522 [le
579 1491 676 1522 noxcil.
696 1490 752 1521 aci.
778 1499 839 1521 nec
855 1491 957 1521 minus
974 1491 1058 1522 beni·

179 1537 280 1578 gultis
305 1537 461 1573 Senatus,
485 1542 608 1565 tantum
636 1533 729 1563 bonae
755 1531 830 1562 fidei
851 1531 1011 1571 poffeffori
1030 1533 1061 1563 in

180 1589 214 1610 re
228 1578 306 1618 justa
324 1578 412 1608 omni
433 1578 563 1616 quidem
581 1575 683 1605 modo
710 1574 924 1612 conlulentis;
948 1573 1000 1605 sed
1018 1575 1062 1604 im

181 1622 272 1651 terim
294 1619 382 1659 quod
408 1617 528 1658 favoris
552 1625 588 1648 ae
614 1613 762 1646 beneficii
780 1614 844 1653 est,
869 1614 972 1646 invito
997 1625 1062 1646 non

179 1660 395 1692 obtrudentis.
429 1658 529 1690 Sensit
548 1659 611 1689 hoc
626 1656 755 1698 egregie
773 1656 886 1687 Paulus
903 1657 922 1687 l.
942 1666 989 1688 22.
1016 1658 1060 1687 D.

179 1704 207 1734 h.
225 1709 245 1733 t.
280 1702 309 1733 ὅ(
330 1700 474 1733 intererit
498 1701 563 1740 ejus
598 1699 694 1729 verba
720 1697 954 1736 considerasse,
989 1707 1061 1728 cum

179 1745 275 1775 etiam
294 1743 352 1774 alia
370 1743 444 1774 hinc
462 1740 692 1782 consequentia
713 1737 920 1770 demonstret.
955 1739 1060 1770 Verba

179 1786 286 1819 Pauli:
303 1785 336 1815 Si
353 1794 412 1815 rem
430 1783 466 1818 ἑὸ)
479 1783 608 1823 pretium
622 1781 724 1812 babeat
743 1780 895 1819 bonaefiaei
909 1780 1038 1821 poffeffor
1050 1804 1058 1819 ‚

178 1834 273 1868 puta,
298 1827 374 1867 quod
395 1827 521 1857 eamdem
545 1833 604 1855 rem
626 1822 742 1853 emerit:
766 1831 805 1852 an
829 1821 1058 1861 azidz'emiusstt,

175 1868 205 1908 fi
222 1869 293 1899 velit
309 1877 368 1898 rem
385 1868 472 1903 dare,
488 1872 546 1897 non
561 1863 713 1906 prelium?
728 1864 758 1893 in
770 1864 901 1903 praedone
918 1865 1038 1894 (licinius
1049 1887 1058 1902 ‚

181 1909 340 1941 elefiimiem
352 1909 402 1949 effe
412 1906 630 1939 (lehereaffloris.
650 1915 688 1936 an
705 1906 751 1935 hic
761 1906 853 1945 inagis
863 1904 992 1945 possalybr
1007 1915 1058 1935 cm-

182 1953 305 1983 dienclus
314 1949 371 1989 fit,
390 1949 419 1989 fi
433 1950 504 1981 velit
516 1958 576 1979 rem
602 1949 732 1983 tradere,
755 1946 818 1976 licei
835 1948 996 1977 deteriorem
1006 1947 1059 1987 faz-

183 1993 276 2031 ciam,
300 2002 356 2023 non
372 1993 494 2032 petitor,
508 1989 671 2030 fipretium
689 1986 840 2026 diffideret,
857 1990 931 2028 quod
948 1989 1060 2019 invere-

186 2036 315 2066 cundum
327 2033 364 2072 fit
382 2034 438 2064 tale
454 2031 640 2067 clefizieriunu
664 2039 703 2060 tm
718 2038 786 2060 vero
803 2030 872 2070 quia
888 2039 924 2060 ex
941 2039 970 2060 re
986 2031 1061 2060 here-

184 2077 293 2107 ditario
310 2076 476 2115 locuplecior
487 2072 547 2112 fit,
572 2072 608 2106 ὅ)
624 2073 672 2103 ι’ἀ,
695 2072 769 2112 quod
788 2071 910 2111 amplius
927 2071 1009 2102 habet
1027 2080 1063 2102 ex

178 2119 271 2159 pretio
289 2116 564 2156 resliizierecleheat:
579 2114 738 2145 videndum
767 2122 835 2142 nam
851 2111 920 2154 [fif]
938 2114 969 2143 in
989 2113 1060 2144 Ora·

185 2161 262 2190 tione
276 2158 351 2189 Divi
369 2157 519 2189 Hadriani
533 2158 574 2186 ita
583 2154 641 2195 efi:
658 2153 833 2194 Dispicite.
852 2154 958 2186 Patres
977 2154 1061 2186 Con·

187 2200 315 2241 scripti,
339 2199 480 2239 nunquid
498 2198 534 2230 fit
553 2198 693 2237 aequius‚
713 2194 918 2235 possessorem
936 2205 999 2227 non
1019 2195 1064 2227 fa-

188 2253 262 2274 cere
281 2243 420 2279 lucrum,
445 2240 473 2271 ἃ
492 2239 626 2280 pretium
639 2261 648 2276 ,
665 2239 751 2277 quod
770 2246 809 2267 ex
827 2237 928 2268 aliena
946 2247 979 2269 re
998 2247 1064 2278 per-

188 2285 332 2325 ceperit,
347 2282 496 2314 reddere:
515 2281 588 2321 quia
600 2278 703 2319 potest
715 2277 882 2310 existimari
894 2302 903 2317 ‚
916 2279 946 2310 in
959 2279 1065 2310 locum

188 2324 387 2358 hereditaria:
405 2324 449 2354 rei
467 2322 622 2358 venditae,
641 2319 777 2361 pretium
796 2321 861 2360 ejus
878 2319 1066 2358 succeflisse,

188 2369 218 2399 ὅ(
236 2365 478 2406 quodammodo
497 2363 595 2405 ipsum
615 2362 841 2393 hereditarium
860 2361 989 2393 factum.
1023 2362 1065 2393 O-

185 2416 279 2451 portet:
295 2410 389 2450 igitur
403 2406 575 2448 poffifforem
594 2403 630 2439 ὅ)
648 2413 706 2434 rem
720 2402 867 2443 restituere
878 2405 1012 2444 petitori,
1029 2403 1065 2438 ἐξ

209 2452 262 2482 uod
277 2460 313 2480 ex
328 2450 494 2480 venditione
514 2448 576 2489 ejus
591 2447 633 2477 rei
649 2446 778 2476 lucratus
794 2441 843 2485 est.
891 2445 1065 2477 Consilium

186 2462 315 2524 gemitui
335 2491 412 2526 fuit,
430 2490 459 2520 in
477 2489 635 2529 petitione
652 2487 837 2518 hereditatis
852 2486 995 2526 iudicato
1011 2487 1064 2518 ad-

186 2533 294 2564 versus
312 2531 515 2573 pollessoiem
533 2530 626 2561 bonae
649 2529 743 2566 fidei,
767 2537 840 2559 cum
862 2538 902 2559 eo
925 2529 1063 2560 clemen·

188 2584 238 2606 ter
254 2581 366 2612 agei-e:
392 2575 500 2613 itaque
525 2581 557 2603 re
583 2572 685 2610 aliqua
704 2579 744 2601 ex
761 2569 940 2601 hereditate
957 2570 995 2601 ab
1023 2579 1063 2601 eo

187 2615 330 2648 distracta
342 2638 350 2651 ,
365 2615 493 2645 censere
511 2623 584 2644 eum
601 2611 805 2653 possessorem
821 2619 975 2652 oportere
987 2621 1064 2642 vero

189 2657 300 2689 heredi
312 2655 474 2686 restituere
484 2656 527 2686 rei
539 2653 692 2686 distraetae
702 2654 838 2693 pretium
849 2654 936 2693 quod
946 2653 982 2684 ad
993 2662 1065 2683 eum

187 2698 389 2741 pervenerit:
415 2696 468 2727 nisi
491 2696 597 2734 malit,
622 2697 649 2726 ei
677 2704 743 2726 rem
772 2695 866 2734 ipsam
891 2693 1065 2726 restituere.

188 2741 265 2773 Hoc
281 2747 314 2770 ut
330 2747 439 2769 verum
452 2761 461 2775 ,
479 2739 520 2768 ita
537 2736 704 2768 manifeste
717 2735 866 2776 supponit
883 2736 1014 2768 Paulus:
1035 2736 1065 2766 ὅ(

187 2782 263 2814 hinc
275 2789 372 2822 porro
382 2779 493 2819 quaerit
503 2801 512 2815 ‚
528 2788 564 2809 an
581 2778 732 2819 poffess'or
744 2779 796 2818 qui
809 2787 874 2809 rem
886 2776 1063 2808 distractam

188 2825 219 2856 δε
237 2820 428 2855 deteriorem
454 2819 568 2850 sacram
586 2843 595 2857 ‚
620 2819 735 2851 deinde
752 2820 792 2850 ab
811 2827 958 2859 emptore
975 2819 1061 2850 rede-

186 2866 300 2900 merit,
316 2863 349 2894 id
364 2861 427 2900 est,
444 2860 544 2892 rursus
562 2861 691 2899 emerit,
710 2860 761 2892 sed
774 2861 835 2901 jam
853 2862 977 2892 mitiore
993 2869 1063 2901 pre-

188 2908 255 2944 tio,
280 2905 316 2936 fit
331 2903 522 2940 audiendus3
546 2902 664 2933 malens
683 2901 815 2942 petitori
838 2912 905 2933 rem
922 2900 1064 2933 restitue·

189 2958 243 2986 re,
268 2955 362 2987 quam
388 2944 543 2986 pretium,
568 2942 620 2973 nisi
637 2945 724 2983 quod
742 2943 875 2984 amplius
894 2953 933 2974 ex
951 2952 992 2974 eo
1010 2942 1063 2973 ha-

189 2991 267 3026 bet,
291 2989 318 3019 ei
338 2993 490 3027 praeterea
507 2983 633 3016 offerat.
666 2984 760 3015 Vides
781 2984 1008 3024 quaestionem‚
1033 2985 1064 3016 ὅτ,

189 3032 273 3062 hanc
291 3028 378 3069 posse
396 3037 436 3058 ex
454 3022 608 3057 sententia
627 3025 843 3056 l'aulitantum
861 3025 947 3057 usum
967 3025 1062 3056 habe-

189 3072 271 3104 rein
297 3072 389 3102 bonae
408 3068 481 3100 fidei
501 3065 689 3106 possessore:
714 3067 787 3106 quia
807 3068 872 3105 ejus
893 3068 985 3099 solius
1002 3067 1062 3098 hac

189 3114 222 3145 in
239 3120 328 3153 parte
344 3111 459 3142 electio
474 3109 529 3140 est.
551 3108 582 3140 in
601 3108 753 3147 praedone
769 3116 873 3139 autem
891 3118 956 3140 non
974 3109 1063 3139 inve-

189 3155 258 3187 nire
274 3153 376 3184 usum:
401 3152 451 3183 ubi
469 3153 500 3182 in
517 3160 558 3182 eo
574 3149 728 3186 dicimus,
745 3148 935 3179 electionem
952 3159 1015 3180 non
1033 3159 1064 3181 e-

186 3198 255 3237 Jus,
278 3194 329 3226 sed
349 3193 494 3234 petitoris
515 3191 577 3224 effe
599 3198 690 3222 certo
704 3190 781 3230 jure.
826 3188 925 3234 Igitur
949 3190 1062 3222 omiffo

188 3237 342 3280 praedone
353 3257 363 3276 ,
380 3235 494 3268 Paulus
504 3234 544 3268 de
559 3232 627 3266 solo
638 3232 779 3273 disputat
795 3230 887 3268 bonae
899 3230 973 3265 ndei
987 3239 1062 3273 pos-

1000 115 1268 155 Noonr
1327 117 1540 156 Coum.

1098 204 1229 253 seffore,
1253 207 1284 240 in
1309 218 1415 250 eoque
1439 208 1645 248 subdubitat,
1669 218 1707 241 an
1725 207 1750 241 is
1767 205 1813 241 hic
1836 209 1887 251 (id
1905 204 1969 252 estff

1097 246 1210 294 hocin
1231 249 1320 290 casu,
1345 260 1378 282 ut
1402 251 1482 293 saepe
1509 252 1603 291 alias)
1626 252 1747 292 eligens
1766 251 1889 283 tradere
1905 258 1971 291 rem

1099 289 1293 336 deteriorem
1318 291 1454 331 factam,
1478 294 1587 333 potius
1601 291 1637 324 sit
1659 293 1852 330 audiendus,
1876 289 1969 333 quam

1097 336 1236 370 petitor,
1248 335 1384 373 pretium
1401 335 1585 366 desiderans.
1603 333 1738 372 primum
1755 333 1915 373 causatur,
1929 334 1972 368 in-

1097 376 1313 417 verecundum
1324 375 1385 406 effe
1398 376 1545 416 petitoris
1562 375 1769 413 desiderium3
1788 384 1902 415 praeter
1918 373 1972 408 ob}

1096 413 1191 457 latam
1204 424 1231 444 ei
1250 425 1315 459 rem
1328 416 1424 448 etiam
1440 416 1577 458 pretium
1589 441 1597 455 ‚
1613 416 1644 448 id
1662 416 1707 448 est
1720 439 1730 455 ,
1747 418 1833 456 quod
1850 426 1887 447 eit
1906 418 1972 457 pre}

1098 462 1143 498 tro
1170 456 1402 501 amplius-apud
1426 469 1498 490 eum
1523 457 1575 497 fit,
1601 458 1794 498 postulantis.
1823 457 1936 489 deinde
1953 464 1972 491 e

1098 495 1222 540 diverso
1238 506 1399 538 cogitans,
1423 499 1625 541 poffefl'orem
1637 523 1646 537 ‚
1671 507 1826 540 quatenus
1843 508 1909 530 rem
1924 493 1972 531 re-¹

1097 538 1216 575 demit,
1233 546 1321 578 parte
1338 541 1403 580 ejus
1422 543 1510 581 quod
1527 541 1650 582 accepit
1666 565 1675 580 ,
1699 539 1759 571 effe
1776 549 1816 571 cx
1833 539 1974 573 distracta

1098 578 1329 619 redemptaque
1341 591 1374 626 re
1384 582 1569 614 hereditaria
1583 581 1827 623 locupletiorem
1843 577 1974 614 factum¹

1100 628 1192 660 putat
1210 620 1274 651 hoc
1291 630 1387 661 magis
1405 623 1578 655 convenire
1590 623 1736 655 Orationi
1749 622 1788 654 D.
1802 606 1975 664 Hadriani}

1098 660 1384 702 (quamsecutum
1409 664 1453 696 est
1478 665 1612 706 praesens
1636 664 1976 706 Senatufconsultum)

1097 711 1169 734 nam
1186 712 1254 734 eam
1267 705 1482 750 nolle-‚bonae
1499 706 1572 738 fidei
1584 706 1785 748 poffessorem
1804 706 1912 738 facere
1927 704 1977 745 lud

1099 753 1187 788 crum
1200 753 1245 788 'ex
1264 747 1448 778 venditione
1469 747 1512 779 rei
1531 747 1739 780 hereditariae«
1765 747 1938 779 confitetur
1951 747 1987 779 ἰώ

1099 793 1183 825 gitur
1199 795 1228 832 in
1246 785 1308 817 fine
1324 789 1349 817 d.
1362 788 1381 819 l.
1393 797 1441 819 22.
1457 788 1588 828 Paulus,
1605 799 1757 833 oportere
1774 785 1976 830 poffcfforem‘

1100 827 1210 871 heredi
1236 836 1349 866 praeter
1364 835 1429 861 rem
1454 830 1618 862 restituere
1643 833 1730 871 quod
1750 841 1789 862 ex
1806 830 1851 862 rei
1870 829 1976 863 vendi:

1101 877 1188 899 none
1201 869 1400 915 lucratus-est
1428 870 1563 903 incurrit
1577 873 1605 903 ἅ
1623 871 1753 913 sequens
1771 873 1853 912 apud
1870 871 1976 911 Ulpia-

1100 919 1174 941 num
1190 910 1377 955 deliberatio
1394 912 1413 944 ί.
1433 922 1482 954 23.
1501 914 1547 945 D.
1564 913 1590 945 h.
1610 920 1630 944 ι.
1656 922 1759 945 utrum
1786 915 1902 945 debeat
1921 915 1976 944 bo-

1100 960 1146 982 nae
1167 950 1240 982 fidei
1257 951 1405 992 possefl'or
1421 963 1519 986 omne
1530 953 1664 994 pretium
1682 954 1862 986 restituere:
1879 964 1915 985 an
1933 953 1975 986 ita

1100 994 1228 1023 demum
1241 1016 1249 1031 ‚
1266 993 1285 1024 si
1298 993 1332 1025 sit
1346 995 1540 1041 locupletior
1550 995 1661 1027 fastus.
1674 995 1758 1037 finge
1768 1019 1776 1034 ,
1789 995 1973 1036 perdidisse,

1100 1036 1152 1079 vel
1170 1034 1390 1076 consumpfisse
1402 1061 1411 1075 ‚
1429 1038 1479 1068 vel
1497 1037 1623 1069 donass'e
1643 1037 1776 1078 pretium
1794 1045 1974 1077 acceptum.
2028 1064 2029 1072 r

1101 1077 1177 1121 quid
1193 1077 1300 1122 placet
1310 1078 1439 1110 senatui
1458 1078 1603 1110 restitui?
1626 1079 1727 1120 pretia
1744 1089 1813 1119 quae
1829 1079 1865 1109 ad
1884 1078 1977 1110 bonae'

1100 1116 1393 1163 fidei-pollefforcm
1409 1119 1632 1161 perveniss'ent.
1675 1120 1736 1152 Sed
1757 1121 1909 1161 pervenire
1931 1120 1975 1152 est

1100 1159 1283 1204 ambiguum
1295 1161 1450 1206 yerbum,
1467 1163 1554 1202 quod
1570 1161 1675 1203 potest
1691 1161 1975 1193 soluiii·contiuere

1100 1202 1132 1231 ld
1150 1201 1237 1240 quod
1255 1210 1354 1246 prima
1371 1203 1495 1235 ratione
1513 1203 1628 1236 fuerit:
1644 1205 1739 1235 etiam
1759 1203 1863 1243 potest
1878 1204 1916 1235 ad
1931 1202 1978 1235 ef-

1101 1241 1221 1273 fectum
1240 1244 1415 1283 respicere:
1439 1252 1474 1275 ut
1493 1245 1669 1286 pervenisse
1687 1246 1814 1276 demum
1835 1243 1977 1276 videatur

1101 1284 1299 1328 quoddurat.
1323 1285 1400 1315 Utra
1418 1285 1850 1332 igitui·placetfignificatio‘?
1874 1286 1978 1331 polle-
2031 1299 2032 1309 i

1103 1334 1220 1356 riorem
1244 1325 1359 1365 probat
1386 1325 1558 1368 Ulpianus:
1582 1328 1770 1364 arbitratus,
1795 1328 1981 1368 ambiguita⁴
2031 1331 2033 1353 ι’

1105 1374 1169 1397 tem
1189 1366 1348 1406 praesentis
1367 1368 1510 1400 clausulae
1526 1369 1815 1406 Senatusconsulti‚
1834 1370 1902 1400 rolli
1921 1364 1981 1409 per'
2031 1363 2033 1369 ¹

1102 1407 1306 1448 sequentem:
1324 1408 1382 1440 Eos
1398 1416 1495 1441 autem
1510 1409 1666 1452 quijufltzs
1682 1412 1782 1449 caulas
1798 1410 1979 1450 hahm'ffiznt,

1102 1458 1191 1490 quare
1202 1450 1274 1480 bona
1290 1451 1327 1480 ad
1335 1451 1508 1491 sepertinere
1518 1451 1739 1492 existimaffem‚
1757 1462 1846 1493 usque
1862 1462 1890 1481 eo
1902 1453 1978 1482 (Iun-

1104 1497 1259 1537 zaxoibquo
1275 1492 1468 1536 locupletiores
1481 1503 1518 1524 ex
1536 1503 1566 1525 ea
1584 1493 1708 1532 refaffii
1722 1493 1816 1533 effem.
1847 1491 1979 1523 Tracta-

1105 1540 1154 1577 tus
1174 1532 1226 1563 hic
1244 1541 1300 1576 qui
1321 1542 1361 1564 ex
1385 1533 1667 1566 Senatusconsulto
1687 1544 1773 1565 venit
1793 1536 1832 1565 de
1859 1532 1980 1565 restitu-

1105 1582 1193 1604 tione
1210 1574 1302 1613 pretii
1320 1575 1450 1613 petitori
1469 1575 1614 1607 facienda
1629 1586 1644 1606 a
1665 1576 1759 1608 bonae
1771 1573 1843 1605 fidei
1865 1574 1980 1615 posses·

1107 1616 1193 1661 sore}
1210 1613 1230 1646 si
1248 1615 1335 1655 quod
1352 1616 1390 1647 ad
1407 1626 1479 1648 eum
1500 1627 1539 1648 ex
1556 1627 1588 1648 re
1607 1616 1749 1649 distracta
1767 1616 1932 1655 pervenit,
1948 1625 1978 1647 a«

1105 1657 1179 1687 licui
1204 1664 1336 1696 putetur
1361 1658 1505 1698 longior:
1530 1657 1583 1690 sed
1607 1668 1670 1690 non
1691 1658 1735 1689 est
1753 1657 1813 1688 visa
1841 1655 1982 1697 Ulpiano

1105 1698 1198 1744 longa
1208 1707 1357 1737 quaeerat
1373 1698 1557 1732 neceli'aria:
1575 1700 1662 1740 quod
1679 1700 1783 1730 adhuc
1794 1697 1896 1739 poffet
1912 1708 1976 1730 am-

1105 1741 1188 1780 big13
1206 1748 1309 1783 utrum
1327 1739 1425 1784 solum
1437 1742 1572 1772 deberet
1588 1741 1709 1772 restitui
1725 1740 1861 1782 pretium
1878 1739 1922 1771 rei
1937 1747 1979 1772 ex

1103 1781 1281 1828 hereditate
1306 1781 1478 1821 diffluum
1502 1793 1538 1814 an
1562 1783 1645 1814 aliud
1664 1791 1817 1823 praeterea
1837 1781 1979 1814 secutum

1102 1833 1166 1867 ejus
1185 1831 1401 1867 augmentum.
1427 1833 1531 1864 pone:
1554 1834 1649 1863 poena
1667 1823 1814 1865 pervenit
1837 1823 1881 1854 ob
1906 1832 1977 1862 pre-

1103 1873 1181 1895 tium
1200 1865 1316 1895 tardius
1336 1866 1491 1904 solutum,
1509 1865 1582 1906 quid
1601 1866 1698 1897 debet
1718 1864 1863 1896 restitui?
1886 1865 1981 1895 Sena-

1104 1914 1153 1950 tus
1172 1906 1211 1936 de
1228 1906 1332 1944 pretio
1352 1907 1510 1945 loquitur:
1528 1908 1567 1938 dc
1578 1917 1671 1948 poena
1688 1906 1765 1938 filet.
1788 1906 1859 1946 quia
1871 1913 1979 1938 tamen

1103 1956 1133 1978 in
1152 1955 1254 1993 totum
1266 1947 1458 1987 locupletior
1470 1947 1523 1980 ista
1542 1948 1719 1980 accestione
1734 1946 1835 1979 fastus
1846 1946 1891 1978 est
1907 1956 1980 1986 pos-

1105 1988 1212 2019 sessor:
1236 1989 1393 2028 aequitati's
1417 1988 1538 2028 fuerit,
1563 1991 1657 2021 etiam
1685 1998 1811 2030 poenam
1839 1987 1977 2026 restitui:

1104 2030 1181 2061 licet
1197 2030 1349 2069 Senatus,
1365 2039 1518 2071 quantum
1539 2032 1575 2062 ad
1594 2031 1708 2069 verba,
1731 2031 1770 2061 de
1787 2029 1854 2061 solo
1874 2029 1981 2069 pretio

1105 2072 1260 2116 loquatur.
1285 2080 1380 2109 atque
1400 2071 1463 2103 hoc
1477 2074 1631 2104 convenit
1648 2072 1790 2103 clausulae
1804 2095 1813 2110 ‚
1830 2081 1869 2102 ex
1886 2071 1982 2102 Sena-

1106 2113 1306 2144 tusconlulto
1319 2114 1412 2151 paulo
1428 2121 1501 2145 ante
1517 2114 1670 2145 atldnc'tae.
1687 2122 1747 2144 nec
1765 2114 1855 2144 timet
1872 2110 1981 2152 Ulpia?

1108 2164 1166 2186 nus
1177 2164 1218 2185 ex
1235 2163 1270 2185 ea
1286 2157 1325 2184 ad
1342 2154 1568 2187 huncmodnm
1585 2154 1772 2195 disputarel.
1784 2164 1831 2195 23.
1841 2153 1870 2195 §.
1883 2154 1944 2185 [ὁ.
1956 2154 1980 2185 tl-

1109 2196 1157 2228 liis
1174 2196 1298 2226 verbis:
1318 2196 1481 2234 Proindefi
1497 2206 1553 2228 non
1568 2196 1656 2233 solum
1670 2198 1816 2238 pretium,
1827 2196 1878 2236 sici
1892 2195 1978 2236 etiam

1108 2244 1191 2279 poenu
1203 2239 1316 2268 tardius
1330 2239 1418 2275 pretio
1426 2238 1521 2278 soluto
1535 2239 1828 2279 pervenerit‚poteric
1843 2236 1899 2267 dici
1912 2237 1981 2277 quia

1109 2279 1273 2319 locupletior
1284 2280 1314 2309 in
1334 2279 1537 2317 rozumfoftus
1553 2278 1591 2320 eft
1603 2303 1612 2318 ‚
1628 2281 1723 2311 debere
1739 2280 1852 2309 venire:
1867 2277 1931 2308 licet
1947 2277 1980 2308 de

1104 2322 1197 2362 pretio
1208 2320 1383 2359 solummodo
1397 2321 1521 2352 Senatus
1529 2320 1570 2359 fil
1586 2322 1706 2352 locutus.
1731 2320 1834 2351 Etiam
1853 2320 1883 2350 in
1901 2318 1921 2349 l.
1934 2319 1981 2359 25<

1109 2364 1199 2403 (quae
1217 2360 1262 2392 est
1276 2362 1497 2403 conjungenda
1514 2372 1587 2394 curn
1610 2364 1639 2394 d.
1657 2362 1683 2404 §.
1704 2372 1727 2393 i.
1742 2362 1761 2392 l.
1780 2372 1818 2402 23
1854 2360 1931 2392 sicut
1945 2369 1979 2390 o-

1108 2404 1162 2435 lim
1181 2404 1209 2434 ei
1228 2403 1375 2441 coirent,
1400 2403 1595 2435 monstrante
1619 2406 1783 2444 utriusque
1802 2400 1980 2441 lnscriptio-

1107 2445 1168 2486 ne)
1185 2454 1260 2475 mox
1279 2443 1319 2475 fic
1340 2445 1422 2476 idem
1441 2446 1543 2486 pergit
1562 2444 1732 2484 Ulpianus:
1758 2444 1812 2475 Sea
1831 2442 1906 2481 &fi
1922 2442 1979 2483 lege

1108 2485 1293 2526 commzfforia
1320 2487 1467 2517 vendidit.
1492 2488 1566 2518 idem
1589 2488 1642 2517 eriz
1666 2484 1815 2517 dicendum
1834 2508 1844 2523 ,
1868 2487 1979 2515 lucrum

1107 2529 1182 2570 quod
1189 2525 1280 2567 scnfic
1291 2549 1300 2565 ‚
1323 2528 1381 2568 lege
1398 2527 1583 2568 commifforia
1597 2526 1810 2568 praflaturum.
1846 2524 1920 2557 Nec
1939 2532 1980 2556 ta-

1108 2579 1180 2601 men
1192 2569 1357 2599 intercedo
1367 2592 1376 2607 ,
1394 2578 1458 2608 quo
1469 2571 1570 2600 minus
1583 2569 1695 2600 Paulus
1708 2566 1922 2599 intermedial.
1935 2574 1981 2605 24.

1110 2618 1222 2642 contra
1249 2609 1291 2642 fic
1318 2611 1482 2651 praecipiat
1506 2619 1597 2649 aeque
1615 2610 1718 2642 recte:
1744 2610 1785 2640 At
1801 2610 1851 2640 ubi
1866 2610 1898 2639 vi
1912 2608 1981 2649 deJ‘e-

1110 2652 1174 2683 &us
1187 2652 1267 2689 fuit,
1289 2660 1346 2682 non
1370 2653 1447 2682 debet
1470 2650 1614 2691 restituere
1632 2658 1748 2692 paenam
1762 2660 1798 2682 ex
1813 2660 1841 2680 eo
1857 2649 1980 2681 commis-

1105 2694 1177 2731 sam.
1195 2693 1297 2731 cedo,
1322 2702 1383 2732 qua
1401 2693 1550 2725 ratione?
1574 2693 1686 2725 Paulus
1702 2691 1762 2724 ait:
1784 2692 1859 2733 quod
1875 2700 1935 2721 eam
1948 2699 1979 2721 a-

1108 2735 1167 2766 &or
1183 2734 1285 2765 habere
1309 2744 1366 2765 non
1386 2732 1484 2775 potest.
1510 2735 1677 2773 nimirum,
1701 2734 1774 2774 quia
1789 2733 1931 2773 'injuriam
1946 2731 1978 2762 vi

1106 2777 1224 2808 illatam
1240 2774 1304 2820 ipse
1315 2775 1413 2815 passus
1425 2775 1470 2807 est
1488 2775 1580 2807 bonae
1597 2775 1673 2808 fidei
1689 2774 1854 2816 poffeffor:
1870 2773 1979 2811 heres,

1107 2818 1140 2849 id
1155 2817 1217 2855 est,
1233 2825 1371 2857 petitor,
1394 2826 1462 2849 eam
1482 2816 1582 2854 passus
1598 2827 1664 2849 non
1685 2816 1746 2848 est:
1770 2825 1876 2854 eoque
1891 2814 1929 2845 ad
1945 2813 1979 2845 il-

1108 2859 1173 2891 lum
1191 2858 1308 2900 magis,
1327 2868 1420 2899 quam
1437 2859 1475 2890 ad
1492 2859 1578 2890 hunc
1592 2859 1696 2890 redire
1715 2866 1782 2889 eani
1803 2865 1906 2897 poenae
1924 2854 1981 2886 uti·

1108 2901 1249 2937 litatem,
1277 2901 1408 2931 rationis
1424 2899 1478 2932 est.
1509 2900 1659 2940 Ejusdem
1676 2899 1784 2930 farinae
1805 2898 1868 2936 est,
1892 2895 1979 2936 quod

1107 2951 1183 2974 mox
1200 2941 1287 2972 addit
1298 2941 1429 2974 Paulus:
1445 2942 1494 2973 Sic
1502 2951 1554 2972 nec
1562 2948 1647 2982 poena
1658 2939 1773 2982 restitui
1787 2940 1863 2970 debet
1873 2961 1882 2976 ‚
1892 2945 1979 2979 quam

1106 2984 1290 3023 adversarius
1307 2984 1332 3013 ei
1343 2982 1493 3023 promzfit,
1509 2982 1539 3022 fi
1560 2985 1597 3014 ad
1620 2983 1756 3014 'udicium
1778 2990 1836 3012 non
1857 2977 1979 3010 venerit.

1107 3023 1254 3065 Opinor,
1279 3025 1351 3065 quia
1376 3034 1441 3056 nori
1468 3025 1580 3063 heres,
1603 2992 1667 3056 five
1686 3023 1823 3063 petitor,
1846 3027 1916 3050 eam
1933 3017 1981 3049 est

1107 3066 1288 3106 stipulatus,
1312 3065 1365 3097 sed
1376 3064 1527 3106 possessor
1543 3066 1638 3098 bonae
1657 3063 1750 3102 fidei3
1772 3069 1867 3099 atque
1881 3067 1981 3105 occa-

1106 3107 1193 3139 sione
1207 3108 1337 3147 quidem
1354 3106 1556 3146 hereditatis,
1572 3107 1624 3138 sed
1642 3115 1705 3137 non
1723 3113 1763 3147 ex
1779 3100 1979 3147 hereditate2

1106 3158 1160 3180 aut
1177 3156 1210 3180 re
1227 3148 1424 3180 hereditaria.
1446 3149 1527 3181 adeo
1547 3149 1640 3180 valde
1652 3145 1754 3186 probo
1771 3141 1835 3173 hoc
1852 3141 1980 3181 Ulpiani.

1107 3191 1125 3221 l.
1142 3200 1190 3221 20.
1203 3190 1232 3231 §.
1249 3201 1277 3231 3.
1299 3191 1352 3221 D:
1363 3191 1391 3221 h.
1408 3196 1429 3222 t.
1454 3187 1850 3228 Hereditas-&augmentum
1861 3183 1980 3224 recipit,

1106 3230 1144 3267 &³
1162 3232 1397 3267 deminutionem,
1441 3230 1497 3267 Sed
1520 3240 1553 3266 ea
1568 3238 1630 3271 que
1638 3225 1702 3270 post
1717 3225 1826 3263 aditam
1842 3223 1982 3295 heredgss
