2036 3495
460 143 531 178 Di:
570 142 769 177 prieris
812 151 871 176 ετ
913 140 1476 178 TRANSACTIONIBUS.

77 237 126 263 tur
143 229 264 263 Praetor
283 231 434 271 inquitate
450 229 610 270 exempli,
634 229 697 261 hoc
722 228 837 260 Edicto
854 235 949 260 caete-

76 282 110 304 xa
127 271 332 304 confirmavit
351 273 439 313 pacta
457 281 526 311 quae
545 271 609 303 fine
625 271 694 312 lege
713 269 892 315 constarent
909 279 950 302 ex

77 322 262 352 conventu3
278 318 377 355 modo
388 313 527 345 similiter
537 315 575 344 ad
586 313 760 343 tollendam
776 312 864 357 litem
881 320 952 357 per·

77 354 234 387 tinerent:
258 354 322 389 sine
346 355 464 392 dubio,
487 363 522 386 ut
544 353 702 386 actionem
719 353 799 391 luris
817 352 948 390 Civilis,

74 405 209 436 propter
224 395 318 427 fidem
337 396 437 435 pacti,
455 396 649 435 exceptione
659 393 847 426 excluderet
861 404 868 424 :
883 402 947 425 non

72 438 189 474 etiam,
205 437 249 468 uti
269 437 394 476 pactum
412 439 531 468 nudum
548 436 675 467 actione
694 442 846 466 tueretur.
870 435 946 466 alte-

74 488 144 514 τμη]
162 479 309 510 suadebat
325 478 441 509 utilitas
464 477 705 509 minuendarum
724 477 837 508 litium.
868 476 946 521 alte-

74 529 146 552 rium
161 519 356 560 impediebat
378 526 483 550 metus
500 519 722 559 augendarum.
748 518 779 548 id
798 518 945 558 intelligi-

74 568 124 592 tur
140 561 188 594 his
205 569 276 601 quoe
294 559 383 600 supra
397 560 499 591 attuli.
528 559 633 601 potest
651 567 755 590 tamen
776 558 805 589 ἀ
824 558 946 599 Regula

71 601 173 643 juris,
195 602 225 633 &
243 601 355 635 ordine
370 599 472 633 Edicti
490 601 638 642 perpetui
659 600 851 632 confirmari.
878 601 943 631 Pri-

72 653 159 676 mum
184 643 317 683 Regula.
347 641 388 673 fic
416 643 455 673 ab
471 641 611 683 Ulpiano
630 643 797 673 vocaturi.
817 651 845 681 7.
864 641 893 682 §.
910 652 941 681 5.

70 685 116 716 D.
140 686 174 715 de
193 684 298 725 pactis.
328 692 365 714 ea
388 682 508 724 Regula
524 683 656 721 definit,
680 682 804 728 paCtuni
824 685 943 713 nudum

70 734 176 767 neque
187 734 317 765 parere,
333 733 439 765 neque
458 725 573 757 tollere
591 724 770 763 actionem3
787 724 837 754 led
856 733 942 764 pare-

71 776 106 800 re
131 774 379 805 exceptionem,
402 767 431 797 d.
451 766 470 798 l.
490 776 516 806 7.
534 766 564 808 §.
581 776 610 806 4.
640 766 750 797 unde?
773 764 884 810 nifinex
900 763 942 795 E-

72 808 158 841 dicto
178 817 242 847 quo
260 807 300 838 de
317 806 449 848 agimus.
490 807 567 854 Hoc
585 817 626 838 eo
643 807 766 854 verius:
790 815 862 846 quia
881 806 943 852 liuc

71 847 854 934 {resilientis{ffsvffnilfffffiiffizazaz?
868 846 944 919 {331

72 932 118 964 fta
138 932 178 964 de
192 932 340 969 edendO,
365 932 394 963 ὅ(
414 933 455 963 de
471 932 500 963 in
516 931 564 972 jus
582 931 741 962 vocando.
772 930 942 961 indicium:

74 974 161 1013 quod
180 972 293 1005 Paulus
311 973 407 1014 lib.3.
431 973 480 1004 Ad
498 972 644 1004 Edictum
661 972 727 1013 egit
742 972 782 1002 de
797 971 944 1008 edendo,

75 1015 106 1046 ὅ(
129 1015 169 1046 de
192 1014 311 1054 pactis:
335 1014 417 1045 libro
441 1022 547 1046 autem
572 1024 591 1052 4
613 1014 653 1045 de
670 1015 699 1044 in
716 1013 764 1053 Jus
783 1012 943 1056 vocando.

72 1055 212 1088 fimiliter
232 1054 389 1096 Ulpianus
407 1055 489 1087 libro
505 1065 535 1094 4.
562 1055 610 1086 Ad
629 1053 774 1086 Edictum
789 1054 944 1092 explicuit

76 1096 186 1128 Edicta
212 1097 251 1129 de
277 1097 422 1136 edendo,
449 1098 478 1128 &
503 1099 544 1128 de
560 1096 675 1137 patris:
698 1095 780 1127 libro
799 1101 905 1139 autem
922 1103 941 1133 5

72 1137 218 1170 Edictum
236 1138 276 1169 de
294 1139 323 1168 in
345 1138 394 1177 jus
411 1138 578 1170 vocando:
602 1144 734 1177 apparet
752 1145 792 1167 ex
811 1134 942 1175 inscrip-

73 1179 215 1210 tionibus
235 1175 496 1219 Fragmentorum
514 1178 600 1210 Pauli
617 1178 647 1209 &
664 1176 792 1215 Ulpiani
812 1175 942 1222 subsin-

97 1221 154 1252 ulis
169 1219 298 1252 Titulis.
333 1219 380 1251 Sit
394 1220 445 1251 ita.
469 1220 544 1260 quid
561 1218 727 1259 sequitur?
750 1219 837 1257 quod
854 1218 941 1262 dixi,

71 1261 220 1293 hdiflum
231 1261 270 1292 de
281 1260 395 1301 pactis,
411 1260 467 1292 etsi
485 1260 656 1292 verborum
673 1258 823 1299 adspectu
840 1258 941 1288 videa-

73 1311 123 1334 tur
147 1311 239 1343 agei·e
265 1302 305 1333 de
325 1302 486 1341 quibusvis
505 1301 620 1341 pactis:
645 1309 750 1331 tamen
771 1300 836 1340 ejus
855 1308 941 1331 men-

74 1353 139 1375 tem
157 1342 388 1383 quaerentibus,
407 1350 528 1374 tantum
545 1342 583 1373 ad
603 1341 692 1382 pafla
709 1342 792 1372 nuda
809 1339 940 1386 referri:

73 1383 136 1424 ipsa
151 1393 281 1426 quoque
302 1393 366 1414 non
391 1384 468 1421 alia,
491 1392 584 1424 quam
603 1392 673 1422 quae
687 1382 779 1423 injus
797 1390 942 1414 vocatio-

77 1435 150 1459 nem
167 1425 342 1468 praevenire
356 1433 409 1457 aut
424 1424 516 1458 finire
535 1424 662 1466 poffint.

775 1523 1002 1575 CAPUT*

1803 150 1869 183 411

1034 228 1110 261 Non
1137 240 1189 262 me
1219 230 1411 268 confundit,
1435 229 1524 270 quod
1542 228 1696 270 Ulpianus
1714 229 1732 263 t.
1757 237 1780 260 i.
1801 229 1820 261 l.
1841 240 1870 265 ς,

992 269 1030 306 &⁹
1047 271 1065 302 l.
1088 280 1116 311 7.
1136 271 1179 302 D.
1206 273 1240 302 de
1258 272 1351 312 petiis
1373 272 1402 303 in
1426 271 1628 312 expositione
1654 271 1744 311 liujus
1762 271 1866 304 Edisti

991 321 1056 343 non
1081 314 1181 344 modo
1206 314 1295 353 pacta
1311 322 1474 344 conventa
1492 321 1563 353 quae
1581 317 1620 346 de
1639 321 1702 344 non
1722 314 1865 355 petendo

990 351 1078 391 sunt,
1097 354 1226 385 irati-at:
1243 354 1293 395 sed
1313 356 1408 386 etiam
1426 354 1495 389 alia.
1513 362 1567 385 aut
1582 355 1666 386 enim
1683 354 1793 390 fallor,
1811 362 1867 386 aut

991 395 1096 426 voluit
1114 393 1288 434 Ulpianus,
1306 397 1337 427 in
1355 395 1434 435 pacti
1454 394 1644 427 definitione
1660 396 1744 436 sequi
1765 395 1864 427 Vete-

990 445 1058 467 rum
1083 444 1298 476 praeceptum:
1323 438 1410 476 quus
1434 437 1579 468 meminit
1600 436 1737 476 Cicero,
1760 440 1791 469 in
1810 435 1863 468 ‘Io-

984 479 1059 518 picis
1085 476 1114 518 §.
1133 482 1171 515 6,
1196 477 1236 509 iic
1261 478 1417 510 scribens:
1443 477 1559 509 Veteres
1580 479 1773 520 praecipr'imt,
1796 489 1863 510 cum

986 519 1138 559 sumpseris
1152 528 1185 551 en.
1200 529 1262 559 quae
1270 524 1340 557 sunt
1355 521 1380 550 ez'
1395 519 1438 551 rei
1453 529 1540 560 quam
1558 519 1674 559 definire
1690 522 1761 552 velis
1772 543 1781 558 ,
1796 530 1864 551 cum

987 559 1053 590 aliis
1077 560 1257 598 communia,
1281 570 1370 599 usque
1393 569 1423 591 eo
1441 561 1602 602 persequi,
1624 561 1694 592 dum
1711 563 1863 602 proprium

986 600 1129 640 efficitur,
1152 603 1225 642 qnod
1249 602 1360 633 nuliam
1374 603 1406 632 in
1421 602 1509 633 aliam
1528 611 1586 633 rem
1602 603 1758 642 transferri
1769 602 1862 643 pofflt.

986 643 1049 673 Sed
1067 652 1129 673 non
1147 642 1250 674 fallor.
1284 642 1433 684 sequutus
1451 643 1514 674 hoc
1532 652 1729 684 praeceptum
1748 643 1862 684 Ulpia·

987 693 1065 721 nus,
1088 692 1160 715 cum
1187 684 1322 723 primum
1349 686 1378 715 in
1404 684 1423 715 l.
1446 694 1469 716 1.
1492 683 1534 716 D.
1561 686 1593 715 cle
1606 684 1699 723 petiis
1717 685 1862 724 dixisset,

986 725 1109 765 pastum
1125 733 1322 756 conventum
1339 725 1402 756 effe
1419 726 1553 758 duorum
1571 727 1620 757 vel
1638 726 1771 766 plurium
1792 729 1823 758 in
1841 727 1863 758 i-

987 771 1059 796 dem
1077 766 1228 806 placitum
1246 768 1273 796 δι
1290 765 1493 806 consensum3
1510 769 1574 798 lioc
1589 766 1652 805 cst,
1670 777 1742 798 cum
1760 767 1863 808 sump-
1905 777 1911 782 ·

987 805 1066 838 iisset
1080 816 1117 837 ea
1134 815 1204 845 quae
1221 806 1278 838 fint
1296 808 1338 839 illi
1355 817 1427 838 cum
1445 809 1569 840 caeteris
1588 809 1861 841 conventionibus

987 848 1189 879 communia:
1213 848 1329 879 deinde
1347 849 1587 881 institutaevana
1604 851 1862 882 conventionum

986 887 1151 926 divisione,
1163 889 1345 920 inchoatam
1357 891 1577 923 definitionem
1588 900 1687 931 usque
1697 893 1780 923 adeo
1790 901 1864 932 per,-

985 929 1135 970 sequutus
1153 929 1218 966 est,
1242 931 1316 961 dum
1340 930 1681 973 efficeretpropriam:
1704 942 1775 973 quae
1793 943 1862 966 non.

987 969 1090 1011 poss'et
1116 973 1145 1000 in
1171 972 1263 1001 aliam
1288 980 1354 1002 rem
1371 972 1551 1012 transferri,
1575 983 1682 1014 eoque
1699 974 1861 1006 astionem

988 1021 1094 1051 neque
1111 1019 1253 1051 pareret,
1278 1021 1382 1050 neque
1400 1013 1547 1053 tolleret,
1572 1015 1623 1047 sed
1640 1018 1677 1046 ad
1695 1017 1861 1055 exceptio-

988 1062 1061 1085 nem
1088 1062 1210 1084 tantum
1236 1052 1407 1092 prodess'et.
1438 1055 1541 1087 divisit
1565 1058 1650 1088 enim
1669 1058 1863 1089 conventio-

985 1104 1059 1125 nem
1077 1094 1107 1125 in
1125 1094 1283 1134 publicam
1301 1095 1330 1125 δι
1348 1094 1520 1135 privatam:
1537 1098 1689 1135 privatam
1706 1107 1811 1130 autem
1827 1100 1861 1131 in

986 1136 1160 1176 legitimam
1191 1136 1220 1166 ὅ(
1243 1136 1320 1175 iuris
1345 1137 1509 1175 gentium:
1534 1138 1616 1168 hanc
1633 1138 1734 1170 rursus
1755 1142 1784 1171 in
1805 1150 1862 1171 nu-

985 1177 1056 1208 dam
1078 1178 1107 1208 &
1123 1185 1189 1207 non
1207 1178 1341 1208 nudam:
1359 1177 1389 1207 id
1404 1177 1468 1215 est,
1485 1179 1515 1209 in
1533 1188 1601 1209 eam
1619 1180 1669 1210 cui
1685 1181 1776 1212 causa
1794 1181 1864 1212 sub·

985 1217 1048 1256 est,
1067 1218 1095 1249 ἀ
1113 1218 1164 1248 cui
1185 1227 1249 1249 non
1269 1216 1370 1248 subest
1386 1218 1493 1250 causa:
1516 1220 1600 1250 illam
1616 1222 1666 1251 cui
1685 1222 1773 1252 causa
1793 1222 1862 1253 sub-

986 1258 1048 1297 est,
1066 1259 1095 1290 in
1112 1259 1310 1290 contractum
1331 1258 1381 1290 vel
1400 1261 1598 1292 nominatum
1618 1262 1668 1292 vel
1684 1263 1863 1294 innomina-

986 1308 1072 1331 tum:
1089 1301 1229 1340 denique
1247 1299 1378 1331 subfistit
1394 1300 1424 1331 in
1440 1311 1476 1338 ea
1493 1311 1565 1342 quae
1581 1304 1664 1334 nuda
1678 1302 1742 1341 est,
1758 1303 1787 1335 ἃ
1805 1306 1859 1335 cui

986 1351 1052 1373 non
1071 1340 1172 1373 subest
1190 1342 1289 1373 causa.
1320 1343 1406 1372 unde
1423 1345 1584 1383 propriam
1605 1343 1685 1383 pasti
1702 1346 1860 1376 conventi

985 1382 1122 1414 formam
1141 1383 1170 1414 <it
1189 1382 1402 1423 differentiam
1422 1393 1492 1423 quae
1511 1384 1574 1416 huc
1595 1384 1730 1426 speetat,
1755 1387 1861 1428 accipi

986 1432 1129 1466 oportet.
1174 1423 1227 1456 De
1244 1423 1371 1466 singulis
1390 1423 1563 1458 videamus.

1055 1522 1150 1559 VII.

136 1615 354 1651 conventiones
370 1614 450 1650 alias
466 1614 522 1662 effi
540 1614 694 1663 publicas,
722 1615 803 1650 alias
818 1615 981 1659 privatas:
1007 1612 1048 1654 &²
1066 1614 1122 1648 has
1137 1612 1243 1660 ruistis
1259 1612 1315 1659 affe
1334 1614 1430 1660 Juris
1444 1617 1604 1661 gentium,
1631 1615 1682 1651 vel
1694 1615 1798 1662 legiti-

573 1675 650 1699 mas.
684 1675 750 1709 quoe
764 1665 919 1699 conventio
928 1662 972 1708 fic
986 1663 1110 1710 publica
1128 1670 1183 1697 aut
1197 1664 1352 1710 privata?
1767 1669 1770 1670 ’

70 1759 198 1833 Prima
216 1759 467 1791 conventionum
487 1758 598 1791 divifio
616 1759 810 1800 proponitur
826 1758 865 1790 ab
883 1757 938 1791 Ul-

136 1800 231 1841 piano
247 1800 265 1832 l.
283 1811 313 1842 5.
328 1800 371 1832 D.
389 1802 422 1831 de
433 1800 543 1841 pastis,
562 1800 610 1834 his
625 1800 740 1832 verbis.
766 1800 939 1831 conventio*

70 1850 142 1872 num
157 1847 254 1872 autem
270 1842 402 1881 tressunt
416 1842 528 1882 species.
547 1848 600 1874 aut
608 1843 683 1873 enim
696 1851 733 1873 ex
743 1841 858 1882 publica
872 1851 940 1873 cau·

59 1882 101 1922 sa
111 1881 195 1921 fiunt
206 1904 215 1921 ,
230 1888 284 1914 aut
298 1892 335 1915 ex
349 1883 479 1924 privata.
497 1882 658 1925 [privata]
675 1888 727 1914 aut
743 1884 869 1924 legitima
884 1889 939 1914 aut

65 1923 146 1965 juris
164 1925 306 1963 gentium.
334 1924 449 1964 publica
474 1926 622 1956 conventio
646 1922 685 1965 est
699 1934 762 1966 quae
771 1923 812 1964 fit
823 1930 875 1965 per
887 1930 938 1964 pa·

69 1974 145 2004 cem,
162 1965 272 2006 quoties
287 1967 362 1997 inter
374 1964 446 2008 [se]
462 1967 546 1997 duces
562 1966 626 1998 belli
642 1967 773 2007 quedam
782 1966 936 2006 paciscun-

69 2011 128 2037 tur.
170 2005 216 2037 lta
236 2005 418 2038 Florentiae.
442 2014 474 2038 at
491 2016 557 2040 non
576 2015 664 2039 caret
681 2006 886 2044 difficultate,
909 2007 939 2038 ἀ

72 2046 202 2087 quidem
225 2047 364 2089 duplice.
400 2057 461 2079 una
486 2048 551 2088 est,
572 2048 660 2090 quod
684 2046 840 2089 Ulpianus
862 2047 939 2079 facit

69 2088 190 2129 ipecies
206 2090 460 2121 conventionum
476 2096 551 2121 tres.
575 2099 648 2122 cum
664 2097 828 2122 enumeret
844 2090 937 2127 duas3

69 2129 246 2170 publicam,
263 2130 292 2162 δε
303 2131 466 2171 privatam.
482 2131 579 2163 altera
594 2130 762 2163 difficultas
771 2130 835 2169 est,
851 2131 939 2171 quod

70 2172 223 2211 privatam
249 2172 501 2204 conventionem
527 2171 701 2204 subdividit
717 2172 748 2204 in
766 2172 940 2213 legitimam

71 2212 100 2243 δι
114 2212 188 2252 juris
202 2213 362 2253 gentium:
378 2214 512 2254 perinde
527 2209 609 2255 q'uafi
623 2213 749 2255 publica
762 2214 939 2245 conventio

72 2255 111 2284 ad
132 2253 179 2293 jus
203 2253 345 2293 gentium
370 2263 434 2286 non
457 2263 547 2296 aeque
562 2255 732 2295 pertineat.
758 2262 791 2286 at
806 2254 940 2287 Isidorus

73 2295 120 2325 lib.
137 2304 165 2334 5.
187 2294 345 2336 Originum
359 2304 383 2326 c.
399 2298 428 2326 6.
447 2296 509 2335 ait,
531 2296 593 2337 Jus
605 2297 737 2338 gentium
750 2295 818 2336 effe,
826 2297 940 2335 sedium

72 2337 298 2375 occupationem,
311 2335 525 2375 aedificationem
534 2360 543 2377 ,
553 2339 756 2376 munitionem,
767 2337 838 2369 bella
848 2360 858 2376 ,
876 2344 941 2378 cap·

74 2378 225 2415 tiviiaces,
246 2377 415 2415 servitutes,
435 2375 626 2418 postliminia,
642 2379 756 2417 foedera
777 2380 875 2419 pacis,
897 2380 941 2410 iiz-

74 2418 182 2449 ducias.
206 2419 299 2458 Apud
318 2417 444 2459 Ligium
462 2428 591 2459 quoque
607 2420 654 2451 lib.
670 2429 699 2457 9.
719 2429 743 2451 c.
767 2429 813 2451 ii.
834 2420 941 2451 Ponti·

75 2467 130 2498 us,
148 2457 231 2497 Hoc,
245 2459 365 2499 inquit,
377 2460 457 2500 fide,
471 2461 521 2492 hoc
533 2461 702 2500 foederibus,
717 2461 767 2493 hoc
774 2461 941 2500 faecialibus

77 2500 239 2530 caerimoniis
260 2501 380 2542 dignum
401 2506 481 2533 erat:
503 2507 537 2533 ut
555 2507 589 2534 tu
610 2503 723 2544 quidem
738 2505 813 2544 quod
824 2501 940 2544 petisti,

75 2543 125 2578 per
135 2540 290 2580 paeiionem
311 2542 413 2573 habeas
430 2548 470 2574 tot
491 2544 567 2574 cives
583 2544 754 2580 incolumen
777 2553 825 2586 ego
840 2551 940 2584 pacem

79 2587 165 2619 quam
181 2580 249 2620 hosti
265 2583 317 2612 tibi
332 2585 499 2615 remittendo
511 2583 613 2625 patius
625 2585 711 2624 sum,
725 2594 782 2616 non
799 2584 940 2616 habeam?

79 2621 129 2666 ¹⁷9⁶.
145 2626 177 2650 iu
192 2622 232 2652 A.
249 2622 376 2662 Corneli,
392 2625 441 2656 hoc
454 2635 505 2656 vos
515 2625 645 2665 faeciales
655 2626 735 2667 juris
748 2628 880 2668 gentibus
898 2628 941 2657 cii'-

78 2659 169 2705 cztis}J
189 2660 250 2693 Sed
265 2664 444 2703 videamus,
468 2668 544 2705 quid
560 2668 692 2699 remedii
714 2669 839 2708 utrique
856 2668 940 2699 malo

79 2701 220 2746 adbiberi
236 2703 359 2748 suadeat
374 2714 421 2737 ars
436 2706 548 2738 nostra.
579 2709 704 2740 initium
723 2707 837 2740 faciam
853 2718 869 2740 a
884 2718 940 2749 po-

79 2741 221 2773 steriore.
236 2751 266 2773 in
277 2753 340 2789 quo
351 2744 504 2785 Ulpianus
512 2748 598 2780 simili
610 2750 706 2781 utitur
714 2751 836 2782 ratione
847 2758 941 2789 quam

81 2782 125 2829 cst
144 2781 290 2829 sequutus
308 2795 337 2816 in
354 2786 373 2816 l.
387 2795 412 2817 1.
430 2786 448 2827 §
475 2798 503 2832 ᾳ.
524 2788 566 2821 D.
582 2788 740 2831 dejuflitia
755 2790 880 2833 &jure
899 2792 943 2822 ait

80 2824 143 2869 ibi,
158 2833 204 2863 Jus
221 2833 316 2855 omne
331 2827 381 2858 vel
398 2829 558 2866 publicum
572 2831 622 2862 vel
638 2832 795 2871 privatum
811 2831 872 2863 ess'e
887 2843 895 2864 ε
914 2833 943 2863 ὅ(

78 2872 236 2911 privatum
252 2866 358 2906 colligi
375 2876 416 2898 ex
431 2872 599 2910 praeceptis
617 2879 752 2910 naturae,
775 2873 920 2914 gentium
933 2895 943 2911 ‚

80 2906 111 2938 ἃ
129 2906 291 2938 Civilibus:
308 2916 368 2937 nec
383 2908 508 2941 interim
523 2912 562 2942 de
577 2912 728 2951 publico,
745 2914 821 2945 licet
837 2924 877 2946 ex
894 2915 942 2945 iis-

80 2947 154 2978 dem
182 2945 399 2993 proficiscatur
425 2948 568 2983 fontibus
584 2974 594 2990 ,
622 2953 729 2992 adjicit
751 2955 942 2995 quidquam:

78 2996 178 3029 put0,
201 2989 288 3027 quod
306 2998 335 3020 in
352 2989 587 3024 institutionum
604 2992 690 3024 libris
706 3004 746 3025 ex
761 2997 876 3035 quibus
892 2997 943 3027 de-

79 3029 220 3069 sumptus
238 3029 281 3060 est
299 3030 323 3060 is
341 3030 429 3062 locus
444 3032 498 3069 (ut
515 3042 554 3064 ex
573 3032 778 3074 inscriptione
793 3036 866 3068 disci
888 3045 943 3077 po-

82 3069 160 3111 test)
182 3069 372 3111 supervacua
398 3079 466 3103 erat
481 3073 676 3114 divisiojuris
693 3076 829 3115 publici:
853 3078 942 3117 quip-

80 3121 121 3152 pe
135 3121 206 3143 cum
224 3121 286 3143 non
304 3113 387 3152 ejus,
404 3111 455 3144 sed
477 3116 606 3154 privati,
619 3115 694 3155 juris
708 3116 942 3156 expositionem
960 3117 961 3120 ’

78 3154 109 3184 in
127 3151 375 3185 Institutionibus
391 3153 444 3185 fibi
464 3155 682 3197 proposuerat.
720 3156 772 3188 Sic
790 3156 942 3200 Ulpianus

78 3195 109 3225 in
128 3195 157 3223 d.
173 3193 192 3225 1.
214 3203 238 3239 ¹:
254 3193 284 3236 §.
302 3204 330 3226 2.
376 3194 461 3237 Quid
479 3196 508 3227 in
524 3199 551 3228 cl.
571 3197 589 3228 l.
607 3197 654 3238 5?
677 3199 819 3231 eamdem
840 3202 942 3233 tenuit

76 3236 170 3308 virgi).
193 3243 326 3308 prlimuin
342 3238 577 3271 conventiones
595 3238 697 3272 divifit
709 3240 740 3273 iu
750 3240 892 3282 publicas
909 3242 939 3275 ἀ

144 3284 196 3308 Um.
237 3299 244 3308 .

981 1758 1134 1799 privatas:
1153 1757 1268 1791 deinde
1284 1760 1421 1802 privatas
1436 1760 1536 1793 rursus
1551 1761 1580 1792 in
1597 1759 1754 1801 legitimas
1769 1760 1797 1793 &
1810 1762 1857 1802 ju·

982 1801 1022 1832 ris
1038 1800 1208 1842 gentium:¹
1225 1809 1288 1833 tion
1306 1803 1393 1842 quod
1418 1802 1520 1834 nollet
1543 1802 1684 1843 publicas
1700 1801 1762 1834 effe
1777 1803 1858 1843 juris

984 1839 1151 1872 Gentium.
1174 1849 1239 1873 non
1256 1844 1352 1878 etjam
1369 1845 1457 1884 quod
1473 1852 1601 1884 negaret
1612 1866 1622 1882 ‚
1638 1853 1689 1874 eas
1708 1842 1775 1875 fieri
1791 1853 1860 1876 cer-

981 1890 1013 1913 ta
1037 1881 1153 1913 forma.
1184 1883 1269 1915 clare
1286 1886 1371 1917 enim
1390 1883 1499 1916 Livius
1515 1887 1542 1916 (ί.
1558 1885 1609 1916 loc.
1633 1884 1663 1916 in
1681 1884 1859 1918 foederibus

980 1923 1124 1955 meminit
1134 1921 1340 1965 Foecialium,
1355 1926 1385 1958 ὅτ.
1395 1925 1569 1958 foecialium
1583 1927 1856 1959 caerimoniarum:

983 1964 1035 1996 sed
1050 1965 1138 2005 quod
1157 1974 1221 1997 non
1239 1975 1385 2007 putaret,
1402 1978 1453 2000 eas
1472 1969 1633 2008 pertinere
1649 1970 1688 1999 ad
1702 1968 1858 2008 interpre-

983 2006 1138 2037 tationem
1156 2005 1279 2048 Edisti,
1296 2017 1419 2041 tantum
1437 2011 1476 2041 de
1494 2009 1623 2050 privatis
1633 2011 1856 2041 conventioni-

982 2047 1041 2078 bus
1061 2047 1226 2088 propositi.
1264 2050 1372 2090 Atque
1389 2059 1424 2082 ut
1441 2051 1471 2081 in
1489 2050 1666 2090 posteriore
1683 2059 1771 2090 parte
1788 2060 1856 2083 non

982 2090 1080 2129 culpo
1096 2087 1269 2128 Ulpianum
1283 2103 1291 2123 z
1304 2091 1347 2123 sic
1361 2091 1466 2123 habeo
1481 2091 1602 2123 caulam
1622 2100 1694 2123 eum
1709 2092 1859 2123 excusan-

982 2132 1014 2161 di
1031 2133 1061 2161 in
1079 2131 1195 2170 priore.
1227 2132 1271 2163 est
1296 2133 1380 2164 enim
1398 2143 1457 2164 una
1472 2133 1651 2164 adhibenda
1669 2134 1796 2172 cauti03
1822 2142 1858 2165 ut

982 2171 1155 2202 verborum
1165 2171 1275 2204 divisio
1286 2183 1301 2204 a
1314 2183 1417 2205 rerum
1427 2173 1581 2206 divifione
1593 2173 1764 2215 separetur.
1782 2185 1856 2207 nam

982 2211 1156 2252 Ulpianus,
1183 2211 1203 2244 fi
1230 2215 1358 2254 quidem
1385 2217 1423 2246 ad
1447 2217 1512 2256 eJ'us
1536 2215 1632 2247 verba
1651 2217 1857 2257 advertatur,

982 2262 1046 2285 tres
1061 2253 1139 2284 facit
1156 2257 1410 2288 conventionum
1428 2256 1566 2298 species,
1585 2266 1715 2297 quarum
1732 2258 1807 2290 duas
1824 2268 1857 2290 e-

982 2302 1144 2334 numerat,
1169 2295 1299 2328 alteram
1329 2297 1515 2330 subdividit:
1538 2299 1558 2330 fi
1577 2308 1655 2329 vero
1672 2301 1710 2329 aii
1727 2308 1792 2330 rem
1810 2308 1857 2331 at-

983 2336 1150 2373 tendatur,
1168 2337 1263 2368 verba
1281 2338 1387 2370 adfert
1404 2348 1559 2380 quatuor:
1577 2339 1694 2371 scilicet
1712 2349 1856 2373 conven.

984 2378 1088 2409 tiones
1104 2377 1245 2417 publicas
1257 2402 1266 2416 ,
1283 2381 1419 2419 privatas
1432 2404 1441 2419 ,
1459 2382 1629 2422 legitimas,
1646 2380 1674 2411 ἃ
1689 2380 1765 2420 juris
1780 2391 1859 2423 gen-

983 2419 1078 2450 tium:
1103 2427 1152 2450 res
1168 2428 1232 2451 non
1251 2421 1375 2461 plures,
1390 2431 1484 2460 quam
1502 2431 1582 2453 tres:
1606 2430 1700 2460 puta,
1717 2431 1858 2456 converi-

982 2461 1087 2491 tiones
1100 2460 1259 2500 publicas,
1271 2462 1427 2503 legitimas
1438 2486 1447 2501 ,
1457 2463 1567 2501 &juris
1576 2463 1730 2504 gentium.
1749 2473 1858 2504 quem-

983 2501 1155 2532 admodum
1172 2500 1194 2533 si
1214 2503 1346 2542 dixero,
1370 2513 1420 2535 res
1444 2504 1506 2535 effe
1523 2513 1575 2535 aut
1594 2506 1778 2544 corporales
1802 2515 1858 2539 aut

983 2543 1199 2582 incorporales
1211 2554 1220 2582 ;
1237 2543 1267 2575 δε
1277 2545 1463 2585 corporales
1475 2545 1576 2577 rursus
1591 2547 1788 2580 autmobiles
1801 2556 1857 2581 aut

983 2584 1183 2616 immobiles:
1199 2585 1296 2616 verba
1314 2586 1450 2625 posuero
1467 2595 1622 2627 quatuor;
1639 2597 1688 2619 res
1704 2598 1768 2620 non
1788 2590 1857 2631 plu·

983 2635 1053 2663 res,
1077 2634 1169 2665 quam
1185 2633 1269 2658 tres:
1285 2625 1423 2666 scilicet,
1438 2629 1591 2667 mobiles,
1608 2629 1809 2670 immobiles,
1826 2632 1857 2664 δε

983 2667 1218 2707 incorporales:
1242 2676 1372 2706 quarum
1397 2671 1552 2701 enarratio
1570 2668 1606 2701 fit
1624 2671 1655 2701 in
1673 2671 1692 2701 l.
1715 2681 1760 2711 15.
1778 2673 1807 2714 §.
1827 2683 1856 2705 2.

983 2706 1026 2739 D.
1051 2709 1084 2738 de
1106 2716 1135 2738 re
1143 2708 1299 2754 judicata,
1322 2710 1352 2741 ἀ
1367 2709 1387 2742 l.
1407 2719 1435 2751 7.
1457 2710 1486 2753 §.
1505 2721 1535 2751 4.
1553 2711 1595 2743 D.
1617 2713 1651 2743 de
1664 2714 1793 2753 peculio,
1819 2724 1856 2745 o-

985 2748 1070 2780 miffa
1087 2750 1299 2790 corporalium
1318 2755 1500 2786 mentione:
1518 2763 1559 2785 eo
1578 2754 1668 2793 quod
1686 2764 1735 2787 res
1753 2756 1858 2787 mobi-

986 2791 1030 2821 les
1047 2791 1076 2820 ἃ
1092 2790 1272 2822 immobiles
1289 2791 1357 2824 sunt
1373 2795 1568 2834 corporales.
1593 2794 1670 2827 Non
1685 2797 1779 2836 igitur
1793 2805 1858 2827 car-

986 2832 1090 2872 penda
1104 2831 1172 2861 haec
1183 2830 1310 2872 Ulpiani
1321 2834 1448 2866 divisio:
1465 2835 1652 2868 Conventio
1663 2836 1708 2868 est
1718 2838 1833 2878 triplex
1844 2847 1856 2875 ;

987 2873 1045 2918 alia
1062 2872 1206 2912 publica,
1230 2873 1288 2905 alia
1311 2876 1450 2916 privata3
1472 2878 1596 2918 privata
1620 2886 1726 2909 autem
1744 2878 1793 2909 vel
1810 2878 1856 2909 le-

987 2922 1116 2954 gitima,
1133 2915 1182 2946 vel
1197 2915 1272 2954 juris
1288 2917 1441 2956 gentium.
1466 2928 1527 2950 nec
1546 2919 1591 2951 est
1609 2919 1686 2950 alius
1703 2919 1792 2958 liujus
1811 2919 1858 2950 di-

987 2953 1114 2986 visionis
1138 2954 1258 2997 senl'us3
1280 2966 1372 2998 quarn
1395 2959 1415 2991 fi
1433 2960 1574 2999 diceret,
1597 2961 1853 2991 conventionem

987 2994 1049 3027 esse
1067 2996 1242 3037 triplicem,
1261 2999 1312 3031 vel
1330 3000 1509 3041 publicam,
1527 3002 1578 3033 vel
1596 3001 1784 3041 legitimam,
1802 3001 1856 3033 vel

984 3037 1058 3077 Juris
1073 3039 1234 3078 gentium:
1251 3040 1414 3082 desumpta
1433 3041 1654 3074 distributione
1671 3041 1710 3071 ab
1726 3041 1790 3081 ipsa
1808 3052 1856 3073 re-

987 3087 1054 3110 rum
1073 3077 1258 3112 differentia.
1288 3081 1367 3115 ficut
1383 3084 1467 3115 enim
1489 3092 1538 3114 res
1560 3081 1629 3113 sunt
1650 3082 1700 3112 vel
1717 3083 1855 3122 publicae

985 3120 1035 3150 vel
1047 3120 1194 3160 privatae;
1209 3122 1251 3153 fic
1266 3126 1443 3156 conventio
1459 3123 1504 3155 est
1520 3123 1571 3153 vel
1586 3122 1714 3162 publica
1727 3125 1777 3156 vel
1794 3125 1857 3165 pri-

985 3169 1073 3192 vata:
1089 3161 1147 3193 alia
1162 3164 1200 3194 ad
1217 3163 1329 3196 statum
1348 3167 1392 3196 rei
1409 3165 1561 3196 Romanae
1572 3185 1581 3201 ,
1597 3164 1656 3194 alia
1671 3164 1708 3195 ad
1723 3164 1859 3208 singulo-

982 3210 1050 3233 rum
1068 3203 1236 3236 utilitatem
1257 3205 1410 3246 spectans.
1436 3212 1496 3235 nec
1515 3203 1577 3242 est,
1601 3213 1656 3239 cur
1675 3205 1776 3238 rursus
1795 3209 1856 3247 pri-

982 3250 1053 3276 vata
1071 3245 1369 3317 iiopgnflegitimam
1382 3246 1411 3278 &
1427 3246 1503 3285 juris
1519 3248 1662 3287 gentium
1679 3245 1856 3280 subdivida-

1112 3293 1120 3307 ·<
1209 3296 1226 3318 ἐ
1786 3297 1853 3325 tur:
