2036 3495
344 71 404 106 An
430 68 518 104 Lm.
547 65 623 102 XII.
657 62 759 100 Tx'r.
789 61 853 101 IV.
881 62 932 100 De
949 65 1073 102 conclit‘z‘.
1092 64 1184 111 causa
1204 65 1268 100 dat.
1294 64 1389 111 cao-siz
1411 75 1468 102 non
1474 64 1542 113 seq.

75 182 77 185 -
97 163 237 196 Primum
265 166 397 200 oportet
421 156 537 198 aliquid
557 157 664 187 datum
682 152 754 199 effe.
784 151 924 197 scilicet,

58 205 131 245 quia
157 205 223 235 haec
248 201 424 237 condierit),
452 197 728 241 exemplo—mutui
750 202 816 240 pati
833 205 923 227 exre

57 247 190 284 tradita,
215 241 319 286 potest
337 240 475 281 spectare
493 240 531 271 ad
549 241 614 270 dati
629 243 864 283 repetitionem.
882 238 924 268 U-

57 295 141 319 trum
162 295 266 318 tamen
283 292 358 315 vere
374 283 479 314 datum
497 280 551 318 fit,
575 287 613 309 an
634 286 712 318 juris
737 286 924 316 interpreta-

56 329 143 361 tione
162 338 219 369 pro
237 327 311 358 dato
337 324 506 360 habeatur,
529 329 591 351 non
609 318 751 364 multum·
766 318 874 363 refert.
889 318 924 352 fit

57 371 167 402 thema
184 378 222 400 ex
238 368 258 398 i.
279 376 325 398 10.
344 364 383 396 D.
398 364 425 395 h.
441 369 461 394 t.
485 361 602 393 Mulier
617 361 753 391 debitori
773 361 826 390 luo
844 369 922 401 nup-

57 419 146 450 tura,
171 411 198 441 ei
217 409 246 440 in
264 409 372 439 dotem
391 402 530 445 promisit
551 400 716 442 pecuniam
734 402 772 432 ab
796 402 850 431 illo
869 403 923 432 de-

56 452 174 490 bitam3
196 458 329 489 eamque
347 445 376 478 ei
400 446 462 477 hoc
488 442 616 475 nomine
641 450 806 483 acceptam
831 441 922 474 fecit.

56 488 176 534 nuptiis
202 490 316 523 deinde
342 497 405 519 non
433 485 587 525 sequutis:
614 484 777 523 quaelitum
796 482 859 522 est,
885 492 923 516 an

56 533 180 568 mulieri
197 537 357 571 competat
372 526 533 559 condictio
551 526 594 556 ob
613 524 734 556 causam
753 526 843 556 dati?
867 534 924 565 po-

58 584 141 607 terat
159 573 311 609 dubitai·i;
334 570 404 613 quia
423 567 492 599 haec
510 567 594 598 aetio
620 568 707 604 vult,
731 566 849 606 aliquid
873 566 924 597 ‹la-

57 625 125 649 tum
143 615 202 647 css'e
221 626 229 647 :
253 613 304 644 bic
326 620 402 642 vero
418 609 493 641 nibil
510 611 628 639 datum.
653 608 695 639 ait
713 617 817 639 tamen
835 607 925 646 Javo-

56 659 169 695 lenus,
192 665 260 687 earn
286 651 409 684 mulieri
429 658 632 690 competere:
658 648 730 690 quia
749 657 863 680 utnon
883 649 925 678 in·

56 697 230 730 tervenerit
253 695 325 726 vera
353 693 382 724 ἀ
400 692 548 723 naturalis
567 690 653 722 datio
671 701 726 732 per
741 698 923 734 annumera-

56 741 176 771 tionem
192 735 351 778 pecuniae:
368 734 452 774 quasi
469 742 574 764 tamen
594 733 736 773 quaedam
753 731 924 774 interven-it

53 790 113 822 per
129 781 258 811 brevem
276 785 412 808 manum.
429 784 488 807 nec
506 774 655 811 interest,
675 782 778 805 utrum
792 780 925 812 pecunia

56 820 176 854 mulieri
194 830 208 849 a
226 819 340 851 marito
356 817 492 857 primum
510 816 608 847 soluta
626 814 660 846 fic
679 824 718 845 ex
732 814 820 844 causa
837 813 909 843 debi

56 862 98 902 ti,
123 862 152 893 &
177 862 205 892 ei
231 859 345 892 deinde
369 864 571 889 annumerata
596 866 635 887 ex
659 856 746 887 causa
763 856 862 886 dotis:
887 863 924 884 an

56 913 126 944 quae
150 903 233 942 apud
259 911 330 932 eum
354 907 419 930 erat
442 908 480 930 ex
498 898 584 928 causa
604 897 720 936 debiti,
743 897 825 936 apud
849 904 921 939 eum

52 955 110 986 per
132 941 410 983 acceptilationem
427 938 573 971 manserit
587 948 628 970 ex
644 938 732 969 causa
748 936 842 970 dotis.
880 936 922 967 Si-

54 986 137 1018 milis
162 985 247 1015 casus
273 983 317 1015 est
333 985 363 1014 in
382 982 399 1012 l.
418 991 444 1021 4.
463 982 490 1011 h.
508 987 528 1011 t.
561 978 699 1011 Debitor
725 989 741 1010 a
762 978 922 1010 creditore

56 1026 303 1067 impetravit3ut
320 1025 358 1056 ab
376 1033 415 1054 eo
435 1022 619 1053 liberaretur
633 1031 690 1062 per
708 1019 921 1061 acceptilatio-

57 1078 151 1100 nem:
169 1068 221 1098 sub
237 1067 370 1107 ealege,
384 1072 416 1094 ut
428 1073 484 1103 pro
501 1063 530 1094 se
548 1064 636 1093 daret
652 1061 922 1102 expromifforem.

56 1110 206 1141 liberatus
223 1108 342 1139 nullum
361 1107 447 1137 dedit
465 1103 737 1148 exprorniss‘orem.
762 1112 799 1134 an
816 1101 860 1134 est
877 1102 922 1146 Io-

58 1160 113 1181 cus
141 1148 334 1180 condietioni
359 1147 402 1177 ob
429 1156 493 1177 rem
513 1145 601 1177 dati?
626 1144 826 1185 sequentibus
849 1144 922 1183 juris

57 1191 263 1223 subtilitatem
284 1214 292 1226 ,
318 1188 393 1220 nihil
419 1187 463 1218 est
489 1188 617 1226 datum3
641 1187 670 1216 a&
693 1187 767 1217 ideo
792 1194 855 1229 nou
878 1183 923 1215 est

57 1231 250 1263 condietioni
270 1231 368 1262 locus.
388 1228 439 1259 sed
459 1228 596 1267 Ulpiano
613 1226 728 1265 visum,
742 1234 923 1265 aequitatem

56 1273 208 1314 praeferre
234 1271 354 1303 summo
375 1270 453 1310 juri:
479 1269 531 1300 ubi
548 1269 578 1299 in
600 1267 717 1299 summa
735 1264 922 1298 nihilinter-

56 1317 120 1354 est3
137 1322 238 1345 utrum
257 1311 372 1352 aliquid
387 1310 427 1349 ,lit
445 1308 626 1341 naturaliter
645 1310 770 1345 datum3
795 1317 832 1340 an
850 1317 923 1338 curn

56 1355 138 1397 exigi
155 1354 274 1395 posset,
299 1351 454 1384 remissurn
473 1350 517 1382 fit.
631 1390 636 1396 η
674 1390 679 1395 .

96 1396 193 1437 igitur
214 1404 246 1426 ut
273 1395 378 1426 locum
407 1392 521 1423 habeat
543 1391 704 1423 condictio
732 1390 775 1422 ob
801 1391 923 1422 causam

56 1438 140 1475 dati,
163 1435 279 1475 aliquid
304 1436 411 1466 datum
434 1433 497 1464 effe
520 1441 669 1473 oportet:
695 1432 746 1463 scd
771 1433 814 1463 ob
839 1442 924 1470 rem,

53 1479 86 1510 id
100 1478 162 1517 est,
186 1481 228 1508 ob
245 1475 365 1507 causam
387 1474 537 1506 futuram.
560 1484 630 1505 nam
651 1474 670 1505 li
689 1474 761 1513 quid
781 1472 925 1513 fimplici-

56 1528 104 1551 ter
122 1521 229 1550 datum
254 1518 289 1549 fit
308 1517 370 1548 fine
389 1526 422 1547 re
438 1524 490 1546 aut
515 1515 603 1546 causa
621 1526 630 1553 3
655 1514 786 1546 donatio
806 1514 865 1552 est,
897 1514 927 1545 ἃ

57 1559 220 1592 εοῃάίὲὶίο
246 1558 358 1590 cessat:
383 1556 524 1597 quamvis
549 1557 655 1587 datum
673 1557 706 1586 sit
725 1556 776 1596 spe
793 1556 924 1597 alicujus

57 1599 221 1633 commodi
239 1607 292 1630 aut
309 1599 404 1630 lucri:
428 1608 499 1628 curn
517 1596 641 1628 interim
661 1598 700 1628 de
719 1607 755 1628 ea
779 1596 855 1629 nibil
881 1596 925 1628 est

56 1643 89 1674 in
107 1640 277 1674 donatione
294 1639 458 1680 adjeftum.
479 1637 667 1678 Exemplum
679 1639 708 1670 in
725 1639 743 1669 l.
761 1644 789 1669 6.
808 1638 839 1670 C.
857 1639 885 1670 h.
903 1644 922 1669 t.

58 1681 253 1715 Paterfiliam
267 1681 346 1712 suam
366 1690 456 1717 quarn
467 1680 609 1710 ancillam
629 1679 689 1710 esse
706 1680 923 1718 existimabat,

59 1725 192 1764 cupiens
216 1721 446 1758 manumrss‘am,
478 1721 541 1761 ejus
565 1721 696 1752 domino
722 1721 811 1753 aliam
836 1721 924 1752 dedit

59 1765 222 1797 ancillam:
245 1766 388 1803 sperans,
412 1762 502 1800 fore3
526 1770 559 1793 ut
585 1763 608 1793 is
631 1762 682 1793 illa
705 1772 810 1793 motus
837 1762 924 1793 beni-

58 1807 199 1848 gnitate,
224 1804 317 1836 filiam
335 1804 416 1835 suam
435 1805 678 1835 manumitteret.
695 1813 758 1835 non
779 1804 926 1843 sequuta,

60 1856 176 1889 praeter
200 1846 305 1886 spem,
336 1845 592 1876 inanumiffione:
617 1845 778 1884 quaesitum
805 1844 865 1882 est,
889 1854 926 1876 au

59 1889 172 1920 ancilla
189 1890 259 1919 data
277 1886 377 1928 repeti
404 1887 495 1926 poffit
514 1885 716 1917 condictione
733 1888 776 1918 ob
791 1896 856 1917 rem
876 1888 925 1916 da-

60 1931 84 1961 ti
102 1930 119 1962 ‘3
150 1929 319 1960 Dubitatio
345 1927 406 1959 est:
433 1928 519 1967 quod
536 1936 624 1967 pater
645 1937 712 1958 earn
738 1937 800 1959 non
826 1927 928 1959 fuill'et

61 1972 252 2007 donaturus3
277 1969 329 2000 nisi
354 1969 536 2008 cogitaffet‚
565 1967 656 2008 fore3
681 1977 712 1999 ut
730 1972 926 2000 manumitte-

60 2021 147 2044 retur
164 2012 228 2051 ejus
243 2009 332 2042 filia?
357 2009 444 2052 Quid
464 2010 701 2049 Imperatores?
719 2012 817 2051 ajunt,
836 2010 927 2042 inter-

59 2053 143 2091 esse,
173 2062 237 2091 quo
255 2053 352 2083 modo
377 2051 458 2082 fasta
485 2051 519 2081 iit
543 2052 692 2090 donatio,
714 2061 816 2083 utrum
835 2062 929 2092 pure,

63 2104 100 2125 an
126 2104 161 2125 ea
185 2094 256 2134 lege
275 2117 283 2131 ,
309 2101 341 2124 ut
365 2092 427 2124 filia
456 2091 747 2125 manumitteretur:
771 2093 930 2131 arbitrati,

62 2137 168 2175 priore
185 2136 252 2165 calu
275 2143 391 2165 meram
409 2132 470 2164 effe
492 2133 696 2165 donationem
721 2144 812 2173 quam
833 2142 865 2165 ut
882 2144 930 2174 pa-

64 2175 101 2207 tri
120 2174 285 2206 extorserit
311 2175 376 2213 spes
404 2174 552 2205 sectaturae
571 2176 832 2214 manumissionis‚
856 2175 921 2208 inte

63 2218 121 2249 rim
140 2216 199 2247 ess'e
217 2217 435 2247 liberalitatem
455 2225 531 2255 pure
548 2216 720 2256 perfectam
738 2217 800 2248 {ine
816 2219 885 2258 lege
903 2217 932 2247 <Sc

63 2257 270 2295 conditione,
294 2258 343 2288 seu
372 2258 458 2287 causa
478 2256 558 2288 finali
585 2267 676 2298 quam
698 2259 765 2289 baec
782 2259 863 2290 aetio
880 2260 931 2289 de-

62 2299 195 2331 fiderat:
218 2300 388 2338 posteriore
414 2298 482 2328 casu
499 2299 587 2329 aliter
607 2299 657 2339 jus
678 2300 758 2338 esse3
783 2309 853 2331 nam
873 2299 931 2330 ser-

65 2341 199 2371 vandam
234 2341 335 2380 legem
367 2339 571 2371 donationis:
603 2349 663 2379 qua
695 2350 756 2372 non
784 2340 931 2380 sequuta,

65 2391 129 2420 quo
156 2383 256 2412 minus
280 2382 380 2419 repeti
401 2381 513 2411 ancilla
536 2380 646 2420 poffit,
669 2381 745 2412 nibil
767 2382 931 2421 impedire.

64 2421 170 2454 Simile
196 2423 379 2461 exemplum
397 2423 427 2452 in
446 2423 464 2452 ί.
484 2431 510 2461 7.
532 2422 563 2452 C.
581 2424 607 2452 d.
629 2429 650 2453 t.
678 2422 852 2455 Gerontius
869 2422 931 2463 qui·

64 2464 134 2495 dam
152 2464 190 2494 ad
209 2473 301 2504 quem
320 2462 521 2502 rescriptum,
547 2463 739 2496 instituturus
757 2465 931 2504 peregrina-

66 2507 186 2536 tionem
199 2528 208 2542 ,
232 2503 350 2536 itineris
370 2505 522 2535 comitem
546 2504 598 2535 sibi
618 2504 789 2536 destinabat
806 2504 930 2536 familiav

66 2554 134 2575 rem
159 2547 310 2576 amicum:
334 2545 385 2577 sed
410 2554 575 2584 metuens,
600 2556 639 2577 ne
656 2548 686 2577 id
703 2547 872 2578 difficulter
895 2547 933 2577 ab

69 2594 109 2615 eo
126 2585 323 2624 impetraret,
343 2587 407 2626 ejus
418 2588 508 2618 uxori
530 2588 617 2618 dedit
635 2589 772 2626 donum,
785 2589 867 2618 nulla
885 2590 930 2618 ad·

67 2625 347 2669 jetta-conditione
365 2628 414 2657 seu
433 2629 523 2669 lege:
550 2628 690 2668 sperans,
708 2628 798 2667 fore3
815 2638 847 2660 ut
863 2639 935 2660 eum

68 2669 129 2698 hac
145 2667 328 2698 liberalitate
346 2667 466 2700 facilius
489 2670 527 2700 ad
547 2669 811 2709 proficiicendum
831 2672 935 2701 lecum

69 2708 338 2750 provocarennil
355 2707 509 2748 impetrat.
539 2720 576 2742 an
594 2711 698 2751 potest
717 2721 867 2742 revocare
884 2712 937 2743 do-

70 2751 232 2780 nationem
252 2758 342 2788 quain
360 2758 423 2781 non
442 2750 581 2789 feciffet,
612 2752 664 2783 nisi
687 2752 867 2784 credidiss'et
890 2752 934 2783 so>

69 2800 122 2827 re3
140 2798 173 2820 ut
185 2799 255 2820 eum
268 2799 468 2829 permoveret
478 2793 515 2822 ad
531 2791 793 2832 proficiscendum
809 2793 938 2825 secum?

70 2830 148 2863 Non
161 2830 273 2875 potest.
291 2840 351 2871 qua
368 2831 515 2863 ratione?
533 2833 602 2873 quia
614 2843 675 2865 non
695 2834 740 2866 est
756 2835 937 2875 quaestioni,

70 2882 136 2910 quo
152 2881 276 2909 anirn0,
293 2880 393 2909 quave
417 2872 486 2910 spe,
502 2872 649 2914 impulsus
671 2885 842 2914 motusque
869 2886 938 2907 eam

69 2914 278 2945 donationem
302 2911 431 2943 fecerit:
448 2912 498 2944 sed
516 2924 582 2954 -qua
602 2916 679 2956 iege.
695 2927 766 2948 nam
784 2918 802 2948 fi
821 2917 937 2948 nullam

69 2954 235 2994 repetendi
254 2954 318 2993 ejus
335 2955 421 2994 quod
433 2954 590 2994 donabat,
605 2959 824 2990 conditionem
841 2960 937 2989 dona-

70 2995 151 3026 tioni
176 2996 321 3039 addidit:
352 2997 473 3036 integra
503 2996 548 3027 est
579 2997 710 3029 donatio
737 3009 813 3039 pure
838 2999 937 3037 faeta,

70 3036 188 3068 etiamsi
215 3045 352 3080 martimo
377 3046 443 3067 eam
476 3037 679 3071 donationem
701 3050 764 3072 non
789 3040 911 3071 feciil‘er
930 3063 939 3078 ,

69 3077 123 3109 nili
143 3088 179 3109 ea
196 3078 262 3117 spes
280 3077 401 3109 fuisset:
427 3078 499 3118 quia
519 3088 627 3110 verum
643 3081 705 3119 est,
731 3091 808 3120 pure
825 3081 941 3112 saetam

69 3118 169 3151 fuiss'e.
191 3119 232 3151 Et
248 3120 278 3150 in
296 3119 380 3150 hunc
391 3118 509 3150 sensum
527 3121 648 3161 optime
659 3122 765 3153 Celsus
779 3124 797 3153 ι.
819 3133 846 3163 3.
863 3122 890 3162 §.
911 3131 939 3162 7.

67 3160 109 3192 D.
125 3161 152 3193 h.
175 3168 196 3193 t.
215 3159 380 3200 constare,
403 3159 524 3203 inquit,
550 3171 622 3196 eum
638 3165 692 3205 qui
711 3163 799 3197 dedit
815 3173 851 3196 ea
866 3164 938 3205 spe,

1779 74 1849 112 229

968 155 1056 195 quod
1075 154 1105 186 se
1122 153 1220 186 abeo
1239 155 1293 196 qui
1318 158 1444 197 accepit
1469 151 1661 188 remunerari
1687 153 1844 187 existima-

966 204 1036 234 ret,
1060 196 1112 227 vel
1128 196 1314 229 amiciorem
1331 198 1386 231 fibi
1403 197 1465 230 effe
1482 205 1554 229 eum
1571 195 1732 235 futurum,
1755 204 1845 236 repe·

969 244 1036 267 tere
1053 247 1117 269 non
1139 237 1225 277 poffe
1243 241 1399 279 opinione
1419 239 1492 270 falsa
1509 239 1692 279 deceptum.

1008 276 1053 323 Ut
1073 278 1167 318 igitur
1181 280 1327 312 obtineat
1346 281 1416 313 haec
1431 279 1594 313 condictio
1605 302 1614 318 ,
1639 285 1772 319 oportet
1787 278 1842 310 ali·

967 320 1042 358 quid
1060 320 1121 350 eise
1143 321 1250 352 datum
1273 322 1316 353 ob
1339 332 1426 360 rem,
1449 321 1480 353 id
1499 321 1563 360 est,
1589 321 1632 352 ob
1655 320 1775 352 causam
1792 319 1842 350 fu-

967 367 1086 391 turam:
1103 362 1189 400 quod
1207 361 1226 392 fi
1244 362 1318 401 quid
1329 362 1511 402 simpliciter
1527 363 1562 394 fit
1574 362 1637 394 fine
1653 371 1686 395 re
1697 370 1750 394 aut
1766 370 1839 392 cau=

964 401 992 432 sa
1009 402 1135 439 datum,
1158 401 1253 434 celsae
1276 403 1446 435 condictio.
1490 403 1563 436 Nec
1589 413 1694 435 tamen
1720 402 1840 441 refert,

966 449 1070 472 utrum
1089 442 1231 482 expreffa
1245 442 1282 474 fit
1300 444 1409 483 causa,
1434 454 1471 476 an
1496 445 1558 484 ipsa
1575 455 1627 484 re,
1651 453 1704 476 aut
1717 444 1840 476 idoneis

966 486 1179 523 argumentis,
1198 483 1399 524 intelligatur.
1422 486 1468 516 Sit
1485 486 1592 517 thema
1608 496 1647 517 ex
1657 487 1674 517 l.
1685 490 1713 516 6.
1730 486 1768 516 I).
1780 485 1807 516 h.
1819 490 1841 517 t.

965 523 1142 557 Extraneus
1165 525 1277 565 aliquis
1296 535 1354 565 pro
1373 526 1504 558 muliere
1522 536 1658 566 nuptura
1678 529 1765 558 dedit
1783 527 1842 557 do-

967 565 1125 596 tet112hac
1141 566 1237 610 lege,⁴
1248 574 1282 597 ut
1298 566 1325 597 ei
1343 568 1401 600 dos
1416 568 1518 598 soluto
1536 568 1741 600 matrimonio
1757 567 1842 598 resti-

968 615 1119 637 tueretur.
1149 616 1266 647 nuptiae
1284 617 1348 639 non
1368 608 1435 640 sunt
1451 607 1576 640 secutae.
1611 611 1635 639 is
1659 611 1710 648 qui
1729 611 1842 640 dotem

969 649 1076 686 dedit,
1101 649 1167 678 vult
1186 658 1254 679 eam
1274 659 1429 690 repetere.
1454 659 1490 680 an
1509 650 1639 690 potest?
1656 650 1759 688 dices,
1775 659 1843 680 non

969 688 1071 729 porse:
1090 689 1159 728 quia
1171 689 1304 729 praesens
1322 690 1406 723 casus
1423 691 1515 732 patto
1535 700 1699 722 convento
1715 701 1780 721 non
1795 690 1842 721 est

969 729 1138 771 expressus
1163 740 1233 762 nam
1253 740 1376 763 tanturn
1395 731 1843 770 convenit‚dorem1·estitui,

969 772 1074 803 soluto
1100 773 1313 804 matrimonio.
1339 774 1391 804 hic
1415 774 1654 805 matrimonium
1679 774 1760 804 adeo
1776 782 1842 803 non

968 813 1012 844 est
1030 813 1183 851 solutum,
1209 823 1243 846 ut
1265 824 1305 845 ne
1321 815 1520 846 contractum
1540 813 1667 855 quidem
1685 814 1731 845 fit.
1755 815 1842 845 deni-

969 863 1031 894 que
1055 854 1138 884 aliud
1162 854 1227 893 est,
1250 855 1485 887 matrimonium
1509 857 1548 887 ab
1574 856 1664 887 initio
1689 865 1753 886 non
1779 855 1842 886 esse

966 895 1183 934 contraetum3
1216 897 1299 928 aliud
1322 896 1383 927 ess'e
1402 897 1557 935 solutum,
1583 897 1748 938 postquam
1766 906 1842 927 con—

966 936 1098 981 tractum
1126 937 1181 968 est.
1220 938 1273 968 Ait
1299 945 1402 970 tamen
1427 938 1596 978 Ulpianus,
1624 940 1733 970 dotem
1753 937 1841 978 poffe

965 987 1066 1017 repeti
1091 978 1149 1022 bae
1171 978 1310 1010 actione:
1336 990 1374 1010 eo
1399 982 1485 1019 quod
1509 989 1557 1012 res
1584 981 1613 1012 δι
1631 989 1740 1012 natura
1756 978 1841 1010 dotia

965 1019 1035 1050 satis
1047 1026 1183 1058 evmcit‚
1204 1021 1284 1050 banc
1301 1020 1392 1051 fuisse
1403 1028 1542 1053 mentem
1561 1020 1841 1059 contrahentium3

965 1070 1000 1091 ut
1020 1062 1077 1092 dos
1093 1062 1209 1101 nuptiis
1227 1061 1450 1094 deficientibus
1462 1062 1697 1100 restitueretur-3
1713 1062 1776 1094 ssve
1795 1062 1843 1093 so-

965 1103 1037 1134 lutae
1058 1102 1134 1141 sint,
1160 1101 1326 1142 postquam
1345 1104 1518 1135 contrastae
1535 1103 1644 1139 fuere‚·
1670 1103 1732 1135 sive
1753 1113 1844 1135 num·

965 1152 1057 1183 quam
1076 1143 1134 1175 lint
1152 1143 1284 1175 secutae:
1310 1147 1435 1185 quando
1455 1145 1575 1176 dationi
1593 1144 1695 1184 dotis,
1710 1145 1840 1176 servitu-

965 1195 1007 1215 rte
1033 1185 1172 1216 levandis
1198 1185 1386 1219 matrimonii
1414 1187 1565 1218 oneribus
1583 1210 1592 1225 ‚
1625 1187 1746 1226 semper
1771 1185 1841 1217 infit

967 1225 1061 1257 tacita
1077 1225 1241 1266 conditio,
1265 1226 1285 1258 fi
1310 1229 1426 1267 nuptiae
1444 1227 1631 1268 sequantur3
1647 1228 1702 1260 etfi
1719 1229 1758 1259 de
1779 1227 1842 1258 hoc

967 1269 1069 1308 palam
1085 1267 1159 1298 nihil
1178 1267 1214 1299 fit
1231 1277 1440 1301 conventum.

1011 1308 1109 1350 igitur
1125 1317 1161 1340 ut
1176 1308 1229 1340 fiat
1255 1310 1331 1341 huic
1355 1310 1469 1342 actioni
1495 1311 1586 1342 locus
1608 1310 1706 1341 debet
1721 1309 1841 1350 aliquid

968 1350 1030 1381 effe
1059 1352 1182 1386 datum;
1207 1360 1302 1390 atque
1328 1361 1364 1382 ea
1392 1352 1481 1392 lege,
1506 1360 1539 1382 ut
1564 1362 1612 1383 res
1631 1350 1785 1392 sequatur.
1810 1359 1842 1384 at

969 1401 1030 1423 nec
1045 1391 1110 1422 hoc
1128 1391 1255 1422 sufficit:
1279 1402 1432 1430 practerea
1451 1401 1584 1433 oportet
1602 1402 1666 1424 tem
1687 1392 1730 1431 ojb
1747 1401 1842 1430 quarn

970 1433 1078 1464 datum
1097 1432 1149 1471 sit,
1167 1443 1231 1475 non
1249 1433 1310 1464 css'e
1331 1434 1478 1465 secutam.
1495 1444 1565 1466 nam
1584 1434 1603 1465 fi
1622 1438 1727 1468 datum
1747 1432 1781 1464 fit
1798 1434 1842 1464 ob

969 1484 1035 1506 rem
1052 1474 1207 1512 secutam,
1232 1473 1432 1514 consequens
1447 1475 1492 1506 est
1509 1475 1585 1507 sono
1602 1475 1759 1513 nominis,
1775 1483 1844 1505 ces*

970 1516 1034 1546 sare
1054 1515 1292 1546 condictionem
1313 1516 1357 1546 ob
1381 1515 1503 1547 causam
1520 1518 1584 1547 dati
1601 1515 1690 1547 causa
1714 1525 1779 1548 non
1797 1514 1843 1547 se-

969 1565 1061 1588 cuta:
1080 1566 1151 1587 cum
1168 1556 1204 1588 fit
1222 1556 1410 1588 iausfatium
1429 1557 1490 1598 legi
1509 1557 1553 1588 ob
1569 1566 1635 1588 rem
1651 1557 1714 1588 dati
1727 1557 1746 1588 l.
1763 1566 1788 1588 1.
1801 1555 1842 1588 D.

966 1599 993 1629 h.
1017 1605 1037 1629 t.
1066 1597 1246 1637 Dupliciter
1272 1607 1349 1628 vero
1375 1598 1411 1629 fit
1429 1621 1438 1636 ‚
1464 1605 1497 1629 ut
1518 1607 1567 1630 res
1592 1607 1657 1629 non
1685 1597 1844 1638 sequatur.

968 1641 1122 1680 primum,
1139 1638 1160 1670 si
1177 1640 1337 1679 accipiens
1361 1638 1455 1670 ceffac
1474 1640 1557 1670 dare.
1577 1638 1714 1677 deinde,
1730 1637 1751 1670 fi
1770 1640 1846 1675 dan-

968 1690 1032 1712 tem
1049 1681 1186 1721 poenitet
1203 1681 1275 1712 dati.
1313 1681 1399 1720 prior
1417 1679 1536 1720 species
1553 1680 1615 1718 est,
1640 1678 1661 1712 fi
1679 1680 1842 1720 accipiens

969 1722 1062 1753 ceffat
1081 1722 1172 1759 dare,
1196 1730 1268 1752 curn
1285 1721 1382 1753 habet
1398 1722 1489 1753 dandi
1507 1721 1711 1754 facultatem:
1728 1722 1794 1752 imo
1810 1721 1844 1754 δε

969 1763 989 1795 fi
1009 1773 1044 1794 ea
1063 1763 1260 1801 destituitur,
1285 1765 1384 1794 modo
1419 1764 1484 1804 ejus
1509 1764 1602 1803 culpa
1618 1771 1672 1795 aut
1688 1772 1776 1794 mora
1792 1771 1845 1794 a-c-

968 1804 1101 1836 cusetur.
1125 1805 1164 1836 de
1180 1805 1273 1845 culpa
1290 1805 1440 1835 indicium
1459 1803 1503 1835 est
1520 1814 1550 1835 in
1570 1805 1588 1835 l.
1605 1815 1634 1844 5.
1653 1804 1680 1846 §.
1703 1813 1725 1835 1.
1749 1805 1793 1835 D.
1807 1805 1844 1834 de

965 1848 1121 1887 praelcrz'pt.
1145 1848 1221 1877 verb.
1246 1847 1286 1877 de
1311 1855 1399 1877 mora
1420 1845 1450 1876 in
1476 1846 1495 1876 l.
1513 1856 1538 1886 3.
1558 1845 1586 1887 §.
1605 1856 1634 1885 3.
1653 1844 1694 1876 D.
1713 1845 1740 1876 h.
1759 1850 1780 1875 t.
1798 1844 1847 1878 ni-

971 1889 1082 1919 mirum
1102 1895 1239 1928 utroque
1256 1886 1326 1918 casu
1348 1896 1402 1926 per
1426 1897 1498 1919 euni
1525 1887 1628 1925 stetit,
1653 1896 1716 1926 quo
1741 1887 1844 1918 minus

971 1939 1020 1960 res
1045 1929 1207 1969 sequatur:
1232 1938 1291 1959 nec
1316 1928 1360 1959 est
1382 1928 1522 1967 iniquum
1537 1952 1546 1965 ‚
1568 1928 1633 1968 ejus
1652 1936 1773 1959 moram
1790 1933 1846 1961 aut

972 1971 1096 2011 culpam
1116 1970 1143 2000 ei
1161 1970 1285 2009 potius,
1303 1979 1394 2009 quam
1404 1968 1599 2006 adversario,
1616 1978 1735 2000 nocere
1752 1969 1770 1999 l,
1787 1968 1845 2000 ult.

972 2012 1005 2043 C.
1027 2013 1053 2042 b.
1071 2017 1090 2042 t.
1106 2012 1182 2051 quid
1194 2035 1203 2049 ‚
1225 2010 1244 2042 si
1262 2011 1292 2042 id
1309 2013 1473 2052 contingat
1490 2009 1558 2042 casu
1577 2009 1714 2041 fortuito
1726 2032 1736 2045 ‚
1761 2010 1846 2042 nulla

975 2063 1062 2084 mora
1086 2061 1139 2084 aut
1162 2054 1254 2092 culpa
1283 2052 1498 2092 accipientis?
1523 2051 1600 2083 nihil
1619 2051 1682 2089 est,
1705 2052 1792 2091 quod
1812 2050 1845 2084 ei

975 2092 1165 2134 imputetur:
1187 2093 1340 2133 fiquidem
1368 2103 1423 2133 per
1448 2102 1519 2124 eum
1545 2102 1609 2123 non
1634 2091 1710 2130 stat,
1736 2101 1776 2123 ne
1796 2101 1846 2123 res

976 2136 1130 2176 sequatur.
1155 2136 1197 2166 ita
1220 2135 1350 2166 rationis
1375 2134 1491 2172 fuerit,
1516 2144 1555 2165 ex
1575 2134 1637 2164 hoc
1654 2137 1759 2173 capite
1777 2142 1847 2163 ces-

977 2178 1040 2209 sare
1064 2176 1301 2209 condictionem
1326 2177 1344 2207 l.
1371 2180 1398 2210 8.
1419 2176 1451 2206 C.
1469 2176 1495 2206 h.
1513 2184 1532 2206 z.
1552 2176 1612 2206 Sed
1638 2185 1700 2205 non
1721 2182 1847 2205 tantum

976 2219 1018 2250 ess
1050 2218 1123 2249 buic
1147 2218 1262 2249 actioni
1291 2217 1400 2255 locus,
1424 2217 1443 2248 fl
1461 2217 1621 2257 accipiens
1640 2215 1733 2246 celi-at
1752 2217 1848 2254 dare;

977 2269 1087 2291 verum
1111 2259 1205 2290 etiam
1232 2268 1298 2290 tum
1319 2282 1327 2297 ,
1359 2268 1431 2289 cum
1455 2259 1582 2290 dantem
1609 2259 1671 2287 dati
1698 2258 1847 2294 poenitet.

975 2303 1139 2340 utriusque
1155 2299 1252 2332 causae
1269 2301 1391 2332 mentio
1419 2300 1437 2330 I.
1454 2309 1484 2340 3.
1503 2299 1530 2340 §.
1552 2309 1577 2329 2.
1598 2297 1633 2332 ὃ)
1653 2308 1681 2338 3.
1699 2299 1766 2328 irem
1781 2298 1799 2328 l.
1813 2308 1846 2338 5.

977 2343 1016 2374 D.
1040 2343 1068 2373 b.
1097 2347 1117 2372 t.
1145 2349 1338 2381 apparetque
1363 2340 1410 2372 his
1436 2351 1476 2371 ex
1495 2341 1593 2371 locis:
1618 2341 1704 2378 quod
1722 2338 1845 2378 semper

976 2383 1019 2415 est
1033 2384 1080 2423 jus
1099 2383 1317 2422 poenitentiae,
1341 2383 1489 2421 quamdiu
1510 2391 1557 2411 res
1580 2380 1683 2411 secuta
1701 2390 1764 2411 non
1782 2379 1845 2412 est2

977 2425 1006 2456 ὃ(
1028 2424 1130 2464 potest
1151 2425 1256 2455 datum
1278 2424 1394 2455 tamdiu
1412 2430 1543 2463 propter
1559 2423 1779 2462 pcenitentiam
1799 2431 1849 2452 re-

978 2468 1044 2506 peti
1063 2465 1120 2496 hac
1140 2465 1283 2497 afflone:
1299 2464 1362 2496 five
1381 2473 1430 2494 res
1447 2463 1551 2494 adhue
1570 2471 1679 2501 extet,
1703 2463 1765 2493 sive
1781 2464 1847 2503 jam

978 2508 1109 2548 perierit
1138 2507 1325 2545 accipientis
1349 2506 1459 2542 culpa,
1493 2513 1545 2535 aut
1573 2513 1679 2543 mora,
1703 2512 1755 2534 aut
1781 2503 1846 2535 line

979 2557 1112 2587 utraque
1137 2557 1226 2578 mero
1259 2546 1329 2578 casu
1353 2546 1501 2576 fortuito.
1526 2545 1568 2576 ita
1591 2544 1689 2576 refert
1707 2546 1847 2576 volentis

979 2599 1071 2630 agere
1100 2589 1157 2618 bac
1182 2588 1324 2626 afflone,
1358 2596 1461 2618 utrum
1488 2587 1667 2626 experiatur
1691 2596 1730 2618 ex
1757 2587 1846 2617 causa

979 2629 1195 2670 poenitcmiae,
1212 2639 1248 2660 an
1268 2639 1306 2660 ex
1325 2628 1414 2659 causa
1431 2629 1473 2659 rei
1492 2638 1555 2659 non
1574 2627 1705 2666 secutae;
1729 2628 1757 2659 &
1775 2627 1847 2658 fue-

979 2672 1201 2711 ritprudentiae
1213 2694 1221 2707 ‚
1240 2680 1338 2701 utram
1349 2670 1462 2710 eligat,
1478 2669 1561 2700 bene
1570 2670 1766 2709 exprimere:
1783 2677 1848 2700 tam

980 2712 1102 2744 diverso
1121 2721 1284 2749 utriusque
1301 2713 1399 2742 exitu.

1023 2753 1182 2784 Caeterum
1195 2776 1202 2788 ,
1220 2752 1282 2783 live
1294 2753 1350 2782 bac
1362 2776 1370 2790 ‚
1387 2751 1448 2783 (ive
1468 2752 1536 2789 illa,
1554 2761 1593 2783 ex
1610 2751 1700 2782 causa
1713 2750 1848 2781 destinet

982 2804 1075 2835 agere
1095 2795 1153 2824 hac
1172 2793 1394 2824 condietione:
1418 2803 1480 2824 non
1501 2795 1621 2833 poterit
1641 2794 1736 2829 alias,
1754 2799 1849 2835 quarn

982 2835 1002 2866 fl
1018 2845 1080 2866 non
1098 2844 1247 2873 appareat
1264 2836 1321 2865 alia
1347 2836 1503 2872 obligatio
1525 2844 1617 2874 quam
1638 2834 1680 2864 ob
1699 2841 1762 2863 rem
1782 2832 1849 2861 datr

981 2886 1014 2907 re
1025 2886 1088 2907 non
1099 2875 1296 2913 secuta.,nam
1316 2876 1335 2907 fi
1354 2875 1444 2907 subsit
1461 2876 1641 2906 contrastus
1653 2873 1770 2913 proprii
1786 2881 1846 2902 no-

981 2918 1091 2954 minis,
1115 2916 1235 2955 emptio
1253 2918 1282 2948 &
1307 2918 1467 2956 venditio,
1492 2918 1577 2948 verbi
1596 2916 1708 2955 gratia:
1729 2921 1794 2943 tum
1812 2919 1847 2943 ut

982 2959 1118 2993 maxime
1135 2959 1241 2990 datum
1261 2959 1295 2990 fit
1312 2959 1370 2989 hac
1390 2960 1478 3000 lege,
1496 2965 1648 2989 utcontra
1659 2957 1769 2991 detur,
1786 2962 1846 2989 nec

983 2999 1018 3030 iit
1035 3000 1141 3031 datum
1158 3009 1288 3038 contra,
1305 3001 1387 3031 nulla
1404 3000 1554 3038 repetitio
1571 2995 1614 3027 est
1625 3005 1680 3035 per
1698 2994 1779 3026 hanc
1797 3003 1849 3029 ac-

984 3039 1122 3072 tionem:
1140 3041 1280 3081 perfeEta
1299 3042 1497 3082 obligatione
1508 3039 1625 3077 proprii
1644 3035 1848 3075 contractus,

984 3091 1024 3113 ex
1043 3092 1144 3122 eaque
1162 3092 1267 3123 parata
1283 3084 1321 3114 ad
1338 3084 1403 3122 ejus
1427 3079 1732 3112 consummationem
1749 3078 1848 3108 afflo-

983 3133 1022 3155 ne
1040 3133 1079 3155 ex
1107 3132 1217 3164 empto
1243 3132 1297 3155 aut
1313 3125 1456 3154 vendito.
1499 3119 1624 3150 Licebit
1650 3119 1714 3149 lioc
1731 3119 1850 3151 intelli-

975 3174 1055 3204 gere
1073 3174 1112 3198 ex
1128 3166 1147 3198 l.
1168 3175 1212 3199 12.
1231 3166 1305 3198 (λάε
1321 3166 1361 3196 rei
1377 3163 1485 3195 vindic.
1501 3160 1650 3202 Species:
1667 3160 1850 3198 Alexander

979 3205 1028 3246 Ff
1046 3216 1065 3247 3
1781 3203 1850 3243 qui-

1879 103 1885 118 Ι
