2052 3487
216 154 281 180 112

214 231 437 305 xciggscplsalcgti
462 265 525 296 fine
543 262 694 294 consensu
718 269 825 294 autem
846 267 916 300 quae
935 267 1076 289 conven-

216 316 263 345 tio
283 308 428 344 dicetur?
449 307 467 338 l.
487 316 516 338 2.
541 305 582 336 D.
604 305 636 334 de
647 303 788 344 judiciis,
812 301 849 335 &²
873 301 892 331 l.
911 310 956 339 ¹5·
982 298 1024 330 D.
1043 299 1076 328 de

176 350 183 353 ’
211 352 419 396 jurirtlifflorie.
567 386 573 391 .
1005 380 1011 386 .
1059 380 1064 386 ⁸

257 394 341 425 Idem
370 391 409 421 de
431 394 519 418 metu
544 384 713 417 dicendum
737 384 765 414 d.
790 383 810 414 i.
831 391 858 413 2.
883 381 925 413 D.
949 382 981 412 tie
995 380 1074 427 gudi-

216 437 278 466 ciis.
302 441 373 463 nam
392 429 446 460 etfi
471 427 661 459 eiectionem
689 424 803 456 habeat
828 432 931 454 metus
949 445 958 459 ‚
988 424 1010 452 ii
1036 421 1076 450 ad

217 475 312 507 finem
338 471 486 511 speues3
518 477 623 499 tamen
646 466 666 497 fi
699 467 738 496 ad
763 465 887 509 initium
913 462 1075 508 respicias,

216 516 293 547 inest
315 515 342 544 ei
367 510 549 548 necessitas,
572 507 730 540 voluntati
756 505 893 536 adverla.
938 503 1076 536 Proinde

217 556 238 588 si
255 553 410 587 restitiffet
434 551 536 591 quivis
562 560 602 581 ex
624 547 856 589 litigator-ihm,
888 545 941 576 sed
959 545 1076 590 viribus

217 605 361 638 praeturae
384 593 420 625 fit
443 590 648 631 compulsus:
681 588 784 629 potest
816 587 944 632 quidem
976 586 1076 631 Videri

216 641 248 670 in
267 638 441 669 Praetorem
457 631 662 669 consenfiffe3
685 630 756 668 sed,
787 637 860 669 quia
878 634 1024 658 extortus
1049 635 1077 671 ei

217 677 384 710 consensus
403 674 447 707 est
465 672 610 705 adversus
627 672 731 703 bonos
746 679 851 701 mores
867 679 877 709 ·,
908 669 982 699 ideo
1002 668 1076 707 legi-

218 721 277 751 bus
299 718 424 760 probari
449 725 513 747 non
532 712 647 754 potest.
690 712 766 744 Hoc
784 709 854 742 sane
874 711 942 741 vult
957 709 1077 740 Seneca

218 761 332 798 Pater,
356 760 403 789 lib.
419 768 447 796 4.
474 757 610 787 Controv.
629 757 677 785 26.
702 752 743 784 fic
760 752 905 791 loquens.
940 750 1006 782 Lex
1017 751 1078 780 vim

212 802 293 844 μσς,
308 801 466 838 succurrit,
491 797 527 831 δ’
556 797 689 836 iniquum
707 794 751 824 illi
767 795 903 828 videtur,
926 793 956 822 id
978 798 1076 821 rutum

220 843 288 883 effe,
312 842 385 882 quod
402 840 524 879 aliquis,
548 846 605 868 riou
622 837 691 877 quia
703 835 817 872 voluit,
838 833 939 874 pastus
954 831 1010 872 esi,
1025 833 1078 871 sed

219 885 288 925 quia
311 881 422 912 constas
438 877 486 919 eft.
527 877 618 910 Nihil
634 883 731 908 autem
756 875 845 915 referi
867 882 916 913 per
937 883 1019 915 quem
1036 873 1079 902 iiii

218 924 318 965 neceffe
329 920 405 964 fait.
433 922 568 962 iniquum
592 919 667 950 enim
683 918 757 959 quod
777 917 947 957 rescinditur
964 939 974 954 ,
997 915 1079 954 facit

517 136 679 172 Gnatam
709 128 843 168 Noom·
876 137 922 165 nr.
955 127 1220 175 JuRisDICTloNE
1255 135 1300 160 Er
1334 124 1492 159 hirtam.
1529 123 1601 158 Lm.
1630 122 1672 158 ΙΙ.

469 224 541 264 quia
564 232 652 254 error
678 221 874 261 litigatorum
897 225 961 248 non
979 216 1075 247 habet
1111 216 1238 253 fortuna
1260 214 1387 259 ejus-qui
1404 212 1503 254 paffus
1519 210 1576 252 eft,
1600 221 1657 243 riori
1670 207 1951 252 pbrffinafackntir.

1158 253 1301 295 Oportet
1323 262 1418 296 igitur
1439 262 1636 285 conventum
1661 252 1743 292 ess'e„
1777 251 1890 285 Utrum
1907 264 1922 285 a
1940 256 1974 286 li-

1119 296 1304 336 rigatoribus
1324 304 1472 333 tantuin,
1504 304 1542 326 an
1568 303 1662 326 etiam
1687 304 1703 324 a
1728 293 1891 326 Praetore?
1924 295 1976 327 sed

1119 336 1250 374 sufficit,
1275 338 1356 367 inter
1375 337 1550 377 litigatores
1567 334 1771 373 convenisse,
1795 345 1927 376 propter
1945 337 1978 368 il-

1117 379 1145 409 la
1169 378 1262 418 Legis
1280 378 1367 417 Juiiae
1390 378 1486 408 verba
1503 400 1512 415 ‚
1545 376 1611 421 Quo
1635 377 1728 407 minus
1752 383 1825 407 mter
1846 379 1979 416 privatos

1118 425 1278 450 conveniat.
1305 418 1459 459 respicere
1476 420 1559 449 enim
1577 419 1615 448 ad
1631 418 1826 458 litigatores,
1857 427 1920 448 non
1940 419 1978 450 ad

1119 461 1292 492 Praetorem
1310 483 1319 498 ,
1362 461 1442 491 bene
1465 458 1622 500 Ulpianus
1650 467 1762 490 monet
1785 461 1813 490 ci.
1831 459 1888 490 l.2v
1908 458 1936 499 ὃ.
1952 468 1978 491 1.

1119 501 1161 532 D.
1184 504 1216 532 cie
1237 501 1366 541 judiciis.
1409 501 1539 532 Interim
1564 501 1635 540 quia
1659 499 1721 530 fuit
1745 501 1785 531 de
1810 500 1873 530 hoc
1897 501 1980 538 apud

1121 541 1257 573 Veteres
1274 543 1471 580 dubitatum,
1495 543 1569 572 ideo
1590 540 1760 582 Ulpianus,
1793 541 1881 572 velut
1899 542 1997 572 timi·¹
2038 548 2046 567 1

1122 584 1162 615 de
1192 584 1222 614 ἃ
1254 584 1465 622 dubitanter,
1501 583 1539 614 Et
1563 590 1632 623 puto
1651 605 1661 621 ‚
1696 583 1828 623 inquit,
1868 582 1981 621 defendi

1114 624 1208 666 poffe,
1231 625 1293 663 ejus
1318 623 1369 664 effe
1380 623 1620 665 jurisdi‘e'tiorieiii.
1646 625 1733 663 quod
1752 633 1814 655 non
1833 622 1978 661 dixisset3

1119 665 1141 697 fi
1165 675 1201 696 ea
1217 675 1266 696 res
1285 673 1350 696 tum
1369 674 1455 696 certa
1478 674 1573 705 atque
1591 665 1766 696 indubitata
1783 664 1899 696 suiffet.
1925 664 1982 695 At·

1121 716 1184 747 que
1214 707 1253 737 ad
1281 706 1364 737 hanc
1390 706 1652 744 dubitationem,
1687 706 1813 743 allinit,
1846 705 1981 745 opinor,

1120 748 1288 779 Africanus
1310 748 1329 778 i.
1354 753 1400 782 18.
1427 745 1468 778 I).
1491 748 1523 778 de
1534 747 1744 788 jzcrz‘sa’ieiione.
1795 747 1855 777 Sed
1881 746 1910 776 ἂ
1932 745 1982 784 Ju-

1120 789 1268 821 stinianus
1291 788 1391 828 i.pen.
1411 788 1443 819 C.
1461 790 1493 819 de
1511 788 1603 829 potiis
1625 788 1738 828 probat
1757 811 1766 826 ,
1798 788 1870 819 talia
1894 786 1983 827 pacta

1122 831 1246 868 valere,
1271 829 1300 860 ἀ
1324 840 1340 860 a
1371 830 1518 870 privatis,
1549 830 1644 861 etiam
1666 828 1845 861 inconsulto
1864 828 1982 860 Praeto-

1122 869 1173 911 re,
1196 871 1265 903 fieri
1282 871 1380 911 poffe.

916 1034 1127 1069 CAPUT
1176 1030 1269 1066 XV.

222 1150 370 1196 Oportere
396 1159 461 1183 eum
487 1147 519 1182 in
545 1154 628 1193 quem
649 1140 690 1190 fic
714 1138 908 1190 prorogatio,
928 1137 1170 1185 jurisdictionem
1195 1135 1305 1170 habere
1324 1144 1381 1181 pro
1408 1137 1557 1173 tribunali
1576 1164 1585 1182 ,
1617 1146 1673 1174 aut
1698 1138 1806 1173 oliam.
1859 1137 1903 1173 Et
1920 1148 1984 1183 qim-³

267 1197 355 1245 ista?

221 1285 314 1360 Sed
332 1293 396 1317 non
416 1284 545 1322 sufficit,
571 1284 655 1315 inter
669 1281 843 1322 litigatores
854 1279 894 1311 ‹ie
910 1284 1084 1317 prorogan-

296 1328 334 1358 da
364 1326 582 1367 jurisdictione
614 1323 677 1356 effe
707 1329 905 1366 conventum
919 1328 931 1364 ¹:
962 1325 1084 1364 'verum

222 1368 353 1407 amplius
371 1375 502 1408 oportet
527 1376 619 1403 eum,
651 1366 681 1396 in
706 1359 993 1405 quemJurisdiC'tio
1011 1367 1084 1402 pro-

221 1418 373 1449 rogatur,
398 1409 514 1439 habere
531 1407 794 1447 jurisdictionem.
821 1406 884 1448 hoc
899 1401 993 1438 ideo,
1013 1408 1085 1446 quia

222 1449 414 1481 Privatorum
431 1450 577 1488 consensus
587 1448 713 1489 judicem
738 1455 795 1475 non
805 1445 886 1482 fucit
910 1451 974 1472 eum
985 1463 1018 1487 ·,.
1034 1449 1083 1486 qui

222 1491 298 1521 nuni
311 1489 409 1530 proeest
419 1491 554 1532 judicio.-
576 1498 645 1526 nee,
670 1488 744 1529 quod
760 1488 783 1518 is
793 1484 901 1526 statuit
917 1505 926 1522 ,
949 1491 989 1528 rei
1003 1484 1081 1528 jicui-

221 1537 292 1562 catae
311 1535 435 1562 continet
458 1530 657 1561 aziaoritatem
679 1530 698 1559 l.
716 1538 745 1568 3.
772 1527 804 1558 C.
829 1527 860 1556 de
870 1522 1081 1569 jurisdiftzorie.

221 1572 259 1604 Id
279 1580 384 1603 tamen
407 1572 427 1603 fi
446 1572 507 1610 est,
536 1580 575 1602 ne
594 1571 714 1611 poterit
737 1568 867 1609 quidem
886 1572 1080 1611 privatorum

222 1613 389 1646 consensus
403 1613 531 1644 habenti
545 1611 794 1653 jurisdictionem
813 1632 822 1647 ,
849 1607 901 1638 sed
917 1613 1082 1651 incompe-

223 1663 365 1693 tentem,
388 1653 638 1695 jurisdictionem
655 1659 850 1692 prorogare:
885 1647 1013 1688 quando
1040 1655 1082 1692 rii-

222 1695 267 1726 hil
283 1695 385 1727 refert
402 1718 412 1734 ,
446 1702 549 1726 utrum
571 1694 704 1725 omnino
731 1693 800 1732 quis
825 1699 890 1722 non
908 1688 1023 1719 habeat
1037 1697 1083 1726 Ju-

222 1737 439 1769 risdiffionem
454 1759 464 1775 ,
495 1745 533 1767 an
565 1735 681 1766 habeat
714 1734 998 1774 incompetentem.
1042 1730 1083 1758 At

222 1787 288 1809 non
312 1777 357 1809 est
373 1779 433 1809 ita:
458 1786 529 1808 nam
545 1776 565 1808 fi
585 1776 654 1815 quis
674 1775 788 1805 habeat
812 1770 1083 1812 jurisdictionem,

223 1828 294 1859 quae
312 1825 503 1859 prorogatur
524 1818 660 1858 partium
683 1814 856 1850 consentu,
889 1820 957 1843 eain
977 1819 1084 1855 quam-

222 1869 316 1901 quam
338 1860 614 1900 incompetentem
632 1881 641 1896 ,
673 1865 777 1887 tamen
811 1854 882 1894 quia
908 1851 1084 1895 jurisdictio

223 1901 289 1940 est,
313 1901 381 1932 Lex
398 1900 475 1940 Julia
493 1898 682 1937 confirmat,
702 1898 731 1929 ἃ
748 1900 989 1935 competentem
1007 1891 1085 1922 facit

224 1942 244 1973 i.
266 1951 289 1973 1„
316 1942 356 1973 D.
382 1943 414 1972 de
425 1942 557 1984 judiciis.
580 1942 667 1980 quod
693 1939 723 1970 in
751 1938 802 1969 illa
819 1945 889 1976 quae
915 1935 999 1965 nulla
1019 1932 1083 1971 est,

224 1992 290 2014 non
310 1982 346 2014 fit
364 1984 391 2013 d.
417 1983 436 2014 i.
455 1993 484 2024 3.
510 1983 542 2012 C.
566 1984 599 2012 de
612 1978 821 2023 jurisciitiione.
867 1976 964 2021 igi—tur
987 1983 1085 2014 opor-

225 2029 274 2055 tet
298 2034 369 2055 eum
390 2024 419 2054 in
437 2033 531 2063 quem
556 2029 747 2064 prorogatur
761 2018 956 2060 jurisdictio,
989 2015 1084 2045 habe-

224 2075 258 2096 re
271 2065 531 2104 jurisdictionem.
575 2064 636 2095 Sed
656 2061 807 2104 qualem?
837 2067 946 2100 parum
965 2056 1083 2103 refert:

224 2107 414 2147 generaliter
439 2106 521 2136 enim
545 2105 676 2145 loquuta
699 2103 824 2134 videtui·
849 2097 1085 2146 Lex1Juliatju·

224 2147 380 2178 diciorum
393 2170 402 2185 ‚
427 2147 477 2178 vel
497 2146 635 2187 Ulpiano
658 2143 737 2176 teste
756 2144 782 2174 d.
803 2143 822 2173 l.
838 2151 863 2173 1.
887 2140 960 2178 ubi,
991 2139 1024 2169 Si
1041 2148 1085 2170 in-

226 2189 312 2228 quit,
330 2188 529 2229 sesithjicicirit
551 2187 643 2228 aliqui
660 2184 858 2227 jurisdiffloni
875 2206 884 2221 ‚
917 2181 952 2215 ὅ)
972 2182 1083 2227 conseri·

227 2230 322 2260 tiant:
344 2230 418 2259 inter
435 2230 636 2268 consentientes
653 2227 784 2268 cujusvis
806 2225 906 2255 'udicis
922 2246 933 2260 ,
965 2223 1017 2263 qui
1034 2228 1086 2252 tri-

226 2270 327 2301 bunali
346 2268 441 2310 praeest
462 2293 471 2306 ‚
500 2270 545 2300 vel
569 2269 656 2300 aliam
675 2235 904 2309 jurisditiwnem
925 2265 1022 2301 hahet,
1044 2260 1085 2308 est

221 2311 396 2352 jurisdictio.
440 2309 538 2343 Vides
555 2311 594 2341 ab
618 2308 757 2350 Ulpiano
775 2308 855 2344 dici,
887 2312 1085 2346 prorogatio-

226 2362 302 2385 nem
321 2351 387 2384 fieri
413 2352 442 2382 in
455 2352 601 2393 Judicem
619 2350 762 2390 quemvis
781 2348 834 2388 qui
859 2347 998 2378 tribunali
1013 2352 1085 2386 prae-

226 2391 287 2433 esi,
321 2394 371 2424 vel
398 2393 485 2424 aliam
507 2391 737 2434 jurisdictionem
758 2391 848 2421 habet.
883 2388 935 2419 ille
958 2396 1084 2425 autem,

227 2434 292 2478 Qui
309 2434 448 2465 tribunali
463 2432 584 2475 praeest,
608 2431 749 2474 Ulpiano
767 2430 912 2471 indigitat
935 2430 1085 2468 maior-ern

227 2475 447 2516 magistratum
465 2486 473 2507 :
497 2483 532 2506 ut
549 2476 573 2506 is
595 2476 646 2515 qui
667 2482 718 2515 pro
735 2472 875 2504 tribunali
894 2471 1033 2511 cognoscit
1054 2470 1085 2500 in

227 2517 247 2547 l.
268 2527 295 2548 2.
316 2516 358 2547 D.
374 2518 406 2547 de
422 2526 452 2547 re
461 2517 603 2558 judicata.
626 2523 735 2556 putem
751 2513 980 2550 tamemetiarn
999 2520 1085 2542 com-

227 2556 324 2598 plceti
341 2566 412 2588 eum
435 2559 487 2597 qui
511 2557 691 2588 mandatam
719 2553 971 2596 jurisdictionem
989 2553 1085 2584 admi-

228 2597 353 2630 nistrat:
379 2607 450 2629 nam
475 2598 564 2639 supra
588 2597 739 2635 ostendi,
770 2597 855 2627 hunc
884 2593 1086 2635 Magistratus

227 2639 297 2680 Jure
320 2639 349 2669 &
376 2639 446 2669 vice
474 2647 538 2677 uti,
570 2639 709 2678 ideoque
735 2636 928 2669 &tribunali
947 2634 1085 2675 praeess'e.

229 2689 262 2711 at
280 2688 353 2710 cum
372 2680 413 2709 ait
430 2678 601 2720 Ulpianus,
627 2681 680 2711 Vei
697 2679 783 2710 oliam
794 2677 1023 2719 jurisdictionem
1039 2678 1088 2707 ha-

230 2722 292 2760 bet,
315 2719 466 2761 fignificat
484 2730 540 2752 eos
562 2722 615 2760 qui
641 2730 762 2752 minora
783 2720 898 2759 judicia
913 2726 1085 2749 exercent:

231 2763 272 2793 de
291 2762 405 2801 quibus
431 2763 472 2792 ita
497 2761 650 2792 Asconius
669 2762 822 2793 Pedianus
839 2763 871 2790 iri
894 2758 1033 2790 Divinat.
1058 2760 1088 2789 in

232 2802 352 2835 Verrem
370 2808 438 2843 pag„
461 2812 512 2843 34.
533 2802 599 2832 Alii
616 2803 739 2832 alienum
756 2812 812 2832 riou
829 2810 929 2831 nomen
941 2802 1089 2840 proprium

230 2850 338 2885 putarit
354 2843 404 2884 effe
423 2866 432 2880 ,
461 2845 509 2882 [ed
525 2843 675 2881 alienum,
710 2842 744 2877 ὅ)
768 2843 887 2873 alterius
902 2842 1028 2883 judicii,
1052 2840 1089 2875 ὅ)

231 2894 289 2916 non
303 2894 338 2915 ex
360 2885 499 2915 auditorio
525 2884 678 2921 Praezoris,
702 2884 894 2924 majorumque
913 2882 1087 2922 causarum,

225 2927 278 2967 sed
294 2936 312 2956 α
322 2925 480 2964 subselliis,
504 2925 553 2954 hoc
569 2922 624 2964 eft,
651 2934 707 2955 non
728 2935 745 2954 cz
764 2924 966 2954 tribunalibus.
1010 2924 1088 2954 Sunt

233 2968 308 2998 euim
313 2966 452 3008 subsellia
479 2965 669 2997 Tribunorum
686 2988 697 3005 ,
728 2965 976 3004 Triumvirorum,
1000 2964 1087 3009 Q‘ae·

1117 1271 1251 1313 storum,
1275 1271 1312 1320 {5⁹
1336 1272 1501 1317 hujusmodi
1514 1275 1625 1307 minora
1645 1277 1760 1318 judicia
1778 1277 1988 1313 exercentium,

1125 1317 1175 1355 qui
1197 1324 1254 1345 riou
1279 1324 1310 1344 τη
1327 1316 1407 1354 Jeliis
1430 1317 1578 1348 curulibus
1593 1340 1603 1356 ,
1632 1328 1683 1349 nec
1714 1320 1747 1349 in
1774 1318 1988 1354 tribunalibus,

1117 1357 1170 1396 jeci
1194 1356 1381 1401 injuhielliis
1405 1356 1594 1394 conficiebam.
1637 1358 1696 1390 His
1723 1361 1803 1391 adde
1820 1357 1988 1399 Magistra·
2019 1375 2023 1382 «

1127 1406 1176 1427 tus
1192 1397 1416 1437 municipales:
1433 1408 1503 1430 nani
1521 1400 1550 1430 hi
1567 1401 1646 1431 intra
1665 1402 1860 1432 territorium
1879 1402 1987 1437 suum,

1125 1438 1177 1469 vel
1201 1438 1332 1483 (utlait-
1346 1439 1364 1469 l.
1389 1448 1434 1470 ιο.
1453 1440 1484 1470 C.
1507 1442 1539 1471 cle
1558 1441 1794 1481 Decurionibus)
1818 1442 1900 1472 intra
1922 1449 1986 1472 rne-

1126 1488 1172 1510 tas
1196 1481 1345 1510 territorii
1371 1482 1505 1521 propriae
1531 1484 1668 1513 civitatis
1685 1507 1695 1521 ‚
1726 1484 1845 1514 habent
1867 1481 1986 1522 jurisdi-

1125 1521 1264 1565 ctionem
1283 1529 1383 1560 usque
1403 1524 1441 1552 ad
1468 1531 1584 1554 certain
1605 1523 1770 1557 sumniam:
1804 1523 1866 1555 sirie
1890 1523 1988 1554 tribu·

1125 1562 1185 1592 nali
1203 1569 1307 1608 tamen
1328 1572 1337 1600 ;
1372 1562 1401 1593 ἃ
1424 1563 1499 1595 ideo
1524 1565 1659 1596 Pedanei
1679 1565 1804 1603 judices
1827 1564 1986 1605 appellari·
2019 1578 2035 1582 „

1125 1611 1193 1633 tur:
1216 1610 1261 1633 uti
1278 1602 1490 1636 demonstravi
1508 1607 1599 1646 capite
1614 1616 1643 1647 3.
1667 1606 1734 1637 libri
1752 1615 1778 1637 1.
1810 1605 1915 1645 Intra,
1939 1606 1985 1636 in·

1125 1653 1238 1689 quam,
1264 1645 1458 1677 territorium
1483 1645 1586 1678 suurn:
1610 1657 1681 1678 nam
1704 1648 1765 1688 (ut
1782 1646 1893 1679 Paulus
1915 1645 1987 1677 scri·

1125 1685 1171 1730 bit
1192 1685 1272 1715 libro
1292 1694 1316 1715 1.
1342 1686 1392 1716 Ad
1408 1686 1553 1718 Edictum
1576 1711 1585 1726 ,
1619 1697 1683 1728 quo
1703 1687 1849 1728 exposuit
1866 1687 1990 1728 jurisdi-

1126 1726 1264 1772 Chonem
1283 1725 1486 1767 Magistratus
1509 1729 1736 1770 municipalis)
1758 1729 1857 1761 Extra
1879 1731 1990 1760 territo-

1126 1769 1203 1797 rium
1219 1768 1403 1813 jus-dieeriti
1421 1769 1537 1809 impune
1560 1779 1618 1800 riori
1629 1776 1761 1810 paretur.
1784 1771 1856 1800 idem
1871 1769 1927 1810 eft,
1951 1768 1989 1803 &⁹

1119 1806 1148 1846 fi
1163 1812 1251 1847 supra
1270 1808 1497 1848 jurisditionem
1514 1814 1602 1848 ¹luam
1623 1811 1692 1841 ‘velit
1712 1812 1764 1853 jus
1782 1812 1872 1842 dicere
1894 1812 1912 1842 l.
1933 1811 1988 1842 ult.
2033 1809 2037 1813 ”

1128 1848 1170 1880 D.
1197 1850 1229 1878 de
1241 1849 1454 1889 jurisdictione.

1127 1891 1162 1920 de
1185 1898 1214 1936 re
1231 1890 1335 1930 majore
1352 1893 1429 1931 apud
1448 1891 1646 1934 Magistratus
1669 1893 1855 1934 municipales
1876 1899 1988 1935 agetur.

1127 1939 1162 1962 ut
1182 1932 1273 1976 ‘idem
1299 1931 1411 1963 Paulus
1441 1934 1614 1965 commode
1641 1935 1756 1966 eodem
1788 1935 1869 1966 libro
1894 1944 1920 1968 1.
1949 1934 1989 1965 ad

1127 1971 1277 2016 Ed16tum
1295 1973 1402 2019 scribit
1427 1973 1446 2005 l,
1466 1979 1514 2008 28.
1537 1975 1578 2006 D.
1597 1975 1648 2006 Aa
1670 1976 1888 2017 municipalem:
1918 1985 1987 2017 quae

1127 2014 1180 2045 lex
1199 2013 1351 2052 iuperiori
1370 2015 1411 2044 iic
1426 2016 1549 2055 optime
1566 2016 1720 2056 adjicitur.

1166 2053 1217 2084 Ex
1242 2053 1290 2084 his
1323 2063 1477 2095 apparet,
1511 2056 1597 2098 Lege
1620 2058 1701 2104 Julia
1728 2057 1892 2090 desiderari
1911 2080 1920 2095 ,
1952 2063 1988 2088 ut

1126 2095 1152 2126 is
1171 2096 1200 2125 in
1225 2103 1318 2135 quem
1339 2098 1522 2137 prorogatio
1539 2098 1575 2129 fit
1600 2098 1795 2138 litigatorum
1814 2098 1988 2137 consensu,

1128 2136 1512 2183 habeatjurisdictionem
1534 2162 1544 2178 ,
1575 2139 1637 2172 five
1655 2150 1713 2181 pro
1732 2141 1902 2179 tribunali,
1926 2139 1990 2170 five

1127 2178 1228 2209 aliam.
1252 2178 1347 2217 idque
1364 2180 1394 2209 in
1414 2180 1559 2211 civilibus
1576 2181 1673 2213 caufis
1696 2191 1805 2213 verum
1823 2181 1886 2213 est:
1916 2186 1989 2213 narn

1128 2218 1235 2250 deliis
1261 2219 1393 2258 loquuta
1415 2219 1484 2251 Lex
1508 2222 1644 2254 videtur.
1668 2222 1737 2261 sed,
1761 2232 1799 2254 an
1824 2223 1856 2254 in
1884 2222 1988 2253 crimi-
2041 2238 2044 2242 Δ

1128 2261 1219 2291 nibus
1246 2261 1423 2307 procedat,
1455 2264 1551 2302 quaeri
1577 2263 1713 2304 potest?
1744 2264 1774 2295 &
1796 2273 1861 2295 non
1887 2272 1987 2304 putO,

1128 2302 1315 2347 procede-re.
1339 2311 1472 2342 primum
1492 2327 1501 2342 ,
1534 2306 1604 2345 quia
1628 2306 1666 2337 ad
1688 2306 1821 2337 crimina
1848 2305 1988 2346 pertinet

1129 2342 1198 2388 Lex
1213 2342 1292 2382 Julia
1311 2343 1513 2391 publicorum
1536 2347 1728 2386 judiciorum
1745 2357 1754 2386 ς
1783 2346 1862 2387 Julia
1879 2354 1986 2378 autem

1128 2392 1325 2430 privatorum
1341 2385 1379 2415 ad
1395 2388 1522 2417 crimina
1541 2398 1604 2419 non
1620 2389 1769 2428 pertinet.
1788 2389 1903 2419 deinde
1919 2395 1985 2419 nou

1129 2435 1258 2457 memini
1279 2448 1289 2464 ‚
1320 2435 1372 2456 me
1397 2428 1427 2458 in
1454 2426 1652 2469 Fragmentis
1672 2430 1824 2461 Veterum
1853 2438 1985 2468 usquam

1128 2468 1234 2508 legere
1265 2469 1446 2508 exemplum
1477 2469 1568 2500 factae
1600 2470 1630 2502 in
1663 2471 1711 2502 his
1740 2470 1988 2512 prorogationis.

1130 2516 1280 2550 praeterea
1298 2508 1341 2539 est
1360 2510 1442 2540 ratio
1461 2520 1565 2550 neque
1585 2512 1746 2552 inelegans
1761 2535 1771 2550 ‚
1802 2521 1908 2552 neque
1931 2512 1988 2542 ini-

1129 2559 1189 2591 qua
1204 2572 1214 2588 ,
1238 2558 1316 2595 'quae
1339 2559 1407 2582 eam
1433 2554 1697 2592 prorogationem
1717 2555 1748 2584 in
1769 2553 1814 2585 his
1832 2553 1987 2584 inhibeat.

1128 2601 1165 2623 ea
1187 2597 1268 2621 ratio
1286 2590 1332 2636 est
1346 2614 1355 2629 ‚
1386 2593 1473 2632 quod
1494 2594 1670 2626 criminales
1692 2593 1788 2625 causae
1806 2595 1906 2635 magis
1923 2593 1990 2633 spe-

1130 2633 1215 2664 ciam
1237 2631 1282 2678 ad
1303 2633 1472 2664 vindictam
1488 2634 1647 2674 publicam
1662 2658 1672 2673 ,
1704 2644 1796 2674 quam
1821 2637 1859 2666 ad
1884 2636 1987 2675 priva-

1130 2683 1192 2706 tam
1216 2674 1383 2704 utilitatem
1403 2685 1411 2705 :
1443 2675 1472 2705 &
1498 2684 1690 2715 quamquam
1717 2676 1847 2717 privatis
1864 2675 1988 2716 optime

1126 2716 1173 2756 jus
1199 2714 1252 2746 fiat
1268 2738 1277 2753 ,
1307 2714 1410 2746 causas
1439 2715 1504 2747 suas
1530 2717 1628 2757 patus
1654 2717 1823 2748 conventis
1849 2718 1879 2748 in
1903 2717 1988 2748 aliud

1129 2758 1236 2788 forum
1257 2756 1427 2788 transferre
1446 2766 1456 2796 ς
1485 2758 1584 2797 (cum
1607 2767 1730 2798 aequum
1755 2757 1791 2789 fit
1807 2782 1816 2797 ,
1849 2768 1904 2789 eos
1927 2757 1989 2789 esse

1130 2799 1260 2838 privatae
1287 2798 1423 2829 arbitros
1443 2799 1612 2839 utilitatis)
1644 2807 1709 2831 non
1730 2807 1835 2831 tamen
1858 2800 1894 2831 iis
1915 2800 1989 2830 dan-

1131 2842 1204 2871 dum
1223 2838 1300 2876 fuit,
1322 2846 1355 2869 ut
1374 2841 1467 2870 etiam
1485 2841 1643 2880 publicam
1661 2841 1815 2872 ultionem
1832 2851 1872 2872 eo
1889 2849 1986 2871 trans-

1129 2881 1252 2917 ferant,
1277 2889 1342 2919 quo
1359 2880 1429 2919 ipiis
1448 2881 1591 2912 videatur
1603 2906 1613 2920 ,
1629 2882 1658 2913 &
1678 2883 1759 2914 hanc
1776 2883 1903 2914 interim
1919 2881 1986 2922 spe-

1129 2923 1177 2953 cie
1194 2922 1297 2962 legum
1317 2922 1554 2961 praevaricando
1572 2923 1710 2955 eludant.

658 3055 808 3100 Explicit.
834 3054 936 3089 Liberi
959 3055 982 3089 I
988 3056 1008 3090 I
1042 3055 1077 3090 de
1104 3054 1325 3101 Jurisdiiiione
1349 3050 1390 3093 &³
1417 3055 1558 3103 Imperia.

1835 3255 1988 3294 ELEN-

1501 1851 1607 1882 Tamen
1632 1853 1707 1883 inter
1729 1854 1925 1883 convenientes
1952 1850 1989 1886 &³
2034 1887 2037 1891 ,
