2036 3495
509 77 571 119 De
604 89 750 119 FORMA
785 86 1060 120 eirennixiini
1091 91 1196 118 nott
1227 92 1335 122 irati
1369 87 1462 124 Lin.

80 173 255 213 ,vitionem‚‚
271 179 306 205 ut
322 172 406 213 dixi,
423 171 625 212 negligente,
643 171 706 203 five
722 181 780 212 pro
799 173 882 206 nulla
901 174 954 205 ha-

80 209 183 251 bente
200 215 267 256 ipso
283 215 362 256 Jure.
408 214 479 252 Sic,
502 215 523 245 ii
548 212 659 244 divisio
681 215 789 253 (quod
808 215 848 246 de
867 215 954 247 facto

80 258 283 298 contigerat)
307 256 368 290 fine
388 255 500 296 Judice
517 254 599 286 facta
611 254 646 285 fit
658 256 736 287 dolo
749 257 845 287 malo.
868 258 954 289 idern

83 309 164 330 vero
180 298 261 337 effe,
280 299 310 330 dc
329 297 351 330 fi
365 298 484 329 arbitro
501 297 577 328 dato
594 295 707 328 divisio
723 296 884 329 celebrata
900 298 953 338 fit,

81 341 178 372 iidem
197 339 296 380 lmpp.
315 339 537 371 Diocletianus
555 338 584 368 ἂ
600 337 816 370 Maximianus
831 340 850 370 i.
870 346 897 374 8.
917 340 952 371 C.

82 383 117 413 de
133 382 333 412 collationibus
349 380 582 420 rescripserunt.
617 378 734 410 Verba.
761 380 885 418 Sisoror
899 387 954 412 tua

82 423 116 454 in
126 429 312 463 paternorum
334 423 469 452 bonorum
485 419 624 457 divistone
646 427 673 450 te
686 420 815 458 fefellit,-
838 432 889 453 nec
904 424 952 454 clo·

81 460 138 503 stem
156 474 243 505 quam
256 469 399 504 acceperat
414 472 432 494 a
441 468 524 502 patre
536 458 628 501 vestro
641 455 773 502 intestato
792 465 864 494 aliem
875 464 952 504 fun·

81 504 144 544 fii),
160 505 305 541 contulit:
317 505 424 544 Proeses
434 503 610 543 provincie,
635 505 810 535 examinatis
822 507 952 545 partium

79 546 396 588 allegationibus,‚cum
414 545 494 579 bonis
507 545 598 576 dotem
613 545 757 584 confundi
765 547 896 587 jubebit,
915 547 951 579 ὅ)

79 590 158 629 quod
175 587 500 626 dedufia21razione71lus
517 587 554 618 ad
571 595 634 618 eam
658 585 739 628 [effe]
763 589 951 618 animadver-

77 630 165 668 ierit,
188 631 242 659 iiln'
261 626 373 668 restitui
391 628 511 669 jubebit.
544 627 633 662 *Idem
657 627 717 667 est,
744 628 819 666 &fi
840 630 948 660 arbitro

77 671 144 702 dato
167 668 268 707 divisio
290 666 491 709 celebrataveft.
534 667 615 701 Haec
630 669 864 710 Imperatorum
883 670 949 702 sen<

78 711 177 749 tentia
193 711 275 742 clara
290 710 319 745 <St
338 711 479 742 evidens.
565 732 567 736 s
595 744 596 747 Ἰ

82 782 86 786 ,
118 751 224 791 Atque
243 751 317 786 huic
333 753 429 787 etiarn
448 751 477 782 se
493 751 642 784 adscribit
660 751 773 784 Paulus
790 752 808 784 l.
826 761 856 794 3.
875 753 904 795 §.
917 762 949 795 3.

76 790 125 829 D..
145 793 308 833 Profhcz‘o,
334 793 440 825 verbis
457 792 672 834 sequentibus.

114 834 240 867 Societas
248 834 277 872 fi
289 835 352 869 dolo
370 835 444 866 malo
459 842 511 866 aut
527 836 689 873 fraudandi
703 835 790 873 causti
805 836 879 867 coita
892 834 949 874 lic,

154 876 211 916 ipso
230 877 298 917 jure
322 877 435 907 nullius
457 880 592 907 momenti
613 875 671 915 est:
691 878 762 918 quia
781 876 856 917 fides
878 878 950 908 bona

85 952 90 957 ¹
157 921 308 949 contraria
322 915 361 958 est
369 918 479 957 fraudi
495 917 531 952 δ’
546 919 618 951 dolo.
642 948 652 953 ,,

73 960 141 996 Aut
164 959 242 990 nihil
259 960 423 1000 intelligo,
447 968 500 990 aut
516 958 700 992 manifestus
716 958 762 991 est
777 958 865 991 Pauli
883 958 948 993 sen-

72 1001 140 1039 sus,
164 1000 378 1039 Societatem,
403 1000 424 1032 fi
448 1003 533 1033 coita
559 1000 596 1033 fit
619 1001 846 1041 qualicumque
870 1002 948 1032 dolo

73 1044 159 1075 malo
171 1066 181 1082 ‚
200 1041 263 1074 fine
280 1041 459 1074 discrimine
476 1042 592 1074 nullam
609 1041 670 1074 effe
685 1041 851 1082 ipsojure:
875 1043 949 1082 quia

73 1084 167 1121 dolus
191 1084 291 1117 malus
309 1107 318 1122 ,
342 1085 584 1124 qualiscumque
609 1083 644 1115 fit
661 1106 670 1121 ‚
703 1083 748 1115 est
771 1083 948 1116 contrarius

74 1125 170 1158 bonae
195 1124 288 1164 fidei,
312 1134 374 1166 qua
400 1126 424 1156 is
441 1125 624 1158 contractus
642 1125 736 1157 Civili
759 1123 833 1164 jure
856 1125 947 1156 fulci-

74 1163 136 1198 tur.
160 1165 232 1198 Esse
250 1165 334 1205 scio,
356 1167 410 1207 qui
430 1167 561 1198 Paulum
575 1166 739 1206 accipiant
755 1168 795 1198 de
814 1165 945 1197 societa-

74 1215 127 1247 te,
146 1209 224 1240 dolo
240 1208 325 1239 malo
344 1209 430 1238 coita
446 1206 610 1239 fraudandi
628 1207 713 1238 tertii
730 1208 848 1247 gratia:
872 1209 946 1246 quia

73 1250 215 1290 loquitur
239 1251 280 1280 de
305 1248 473 1286 societate,
496 1249 583 1280 coita
602 1248 664 1280 dolo
688 1248 760 1281 malo
785 1255 838 1278 aui
855 1249 944 1289 fraa-

72 1291 163 1326 dandi
180 1292 273 1327 caiisa.
300 1289 362 1321 Sed
380 1289 549 1321 ludibrium
560 1289 623 1327 est,
638 1298 703 1321 non
718 1298 793 1320 vera
810 1289 943 1329 species.

71 1331 302 1372 Paulusjungit
320 1331 391 1370 illa,
409 1330 480 1362 Dolo
497 1330 569 1362 malo
588 1330 823 1371 autfraudandz'
837 1332 945 1369 causti:

73 1373 261 1414 quomodo,
285 1371 384 1410 Fides,
408 1372 529 1411 inquit,
553 1374 626 1404 bona
641 1373 788 1403 contraria
804 1370 943 1413 eftfrazi-

72 1416 102 1446 di
117 1414 153 1449 ἐξ
169 1415 239 1445 dolo.
266 1412 338 1445 Nec
354 1414 445 1444 aliter
456 1414 555 1445 utitur
566 1414 612 1446 his
629 1414 733 1445 verbis
746 1413 848 1444 Vetus
867 1413 942 1446 For-

70 1457 174 1494 mula,
196 1454 399 1495 sequentibus
424 1454 654 1495 comprehensa
677 1454 767 1495 Siglis
782 1478 791 1493 ,
822 1454 864 1486 D.
892 1455 941 1488 M.

71 1496 111 1529 F.
131 1497 168 1529 C.
191 1506 262 1537 quae
285 1496 368 1536 sigla
391 1496 535 1528 Valerius
559 1496 681 1527 Probus
698 1519 707 1535 ,
741 1496 833 1528 Notis
858 1496 942 1528 Wie-

71 1548 157 1577 rum,
181 1539 335 1578 exponit,
364 1537 432 1569 Dolz'
450 1538 517 1569 mali
529 1538 691 1577 fraudisve
707 1542 803 1576 caiisa.
841 1537 942 1571 Simili

68 1581 195 1612 ratione
216 1580 340 1612 Praetor
360 1580 379 1610 l.
401 1587 426 1611 1.
447 1579 488 1611 D.
508 1581 541 1610 de
563 1580 607 1610 bis
629 1581 680 1621 qui
706 1584 848 1610 notantur
863 1582 942 1618 irisan

70 1622 131 1653 mia
145 1621 210 1660 ait,
233 1620 364 1653 infamia
380 1622 485 1653 notari
503 1621 557 1662 qui
573 1622 606 1652 de
622 1621 683 1652 dolo
694 1621 766 1652 malo
786 1620 822 1655 ξεῖ
831 1621 944 1661 fraude

69 1662 126 1695 suo
145 1664 276 1694 nomine
292 1665 457 1694 damnatus
477 1662 628 1702 pastusve
645 1663 714 1694 erit.
746 1660 867 1704 Utique
886 1662 942 1694 Ul-

69 1705 182 1745 pianus
197 1704 217 1736 l.
234 1714 264 1743 4.
279 1703 308 1745 §.
326 1703 380 1734 ult.
404 1703 445 1734 D.
463 1705 520 1734 eod.
539 1704 584 1735 iit.
609 1704 745 1736 recitans
768 1704 851 1736 hanc
871 1705 943 1736 Edi-

71 1745 114 1778 e‘ti
133 1753 276 1786 partem,
300 1744 409 1777 omiffa
423 1745 553 1784 fraude,
578 1744 687 1777 saltem
710 1745 767 1776 doli
790 1746 862 1777 mali
877 1756 943 1778 me-

71 1782 184 1819 minit:
209 1796 249 1817 eo
266 1787 353 1826 quod
371 1795 509 1825 utroque
529 1786 630 1818 verbo
654 1787 739 1820 idem
758 1787 942 1827 significari,

71 1828 301 1866 arbitraretur„
334 1827 395 1859 Sed
420 1827 483 1858 hoc
509 1827 608 1860 claret
625 1837 665 1859 ex
682 1828 738 1860 illo
757 1829 942 1869 Augustini,

71 1868 203 1910 Expofit.
228 1870 260 1900 in
275 1868 421 1910 Euangel.
439 1868 552 1908 Joann.
570 1868 687 1901 τναὲἶαε.
707 1879 735 1910 7.
753 1876 815 1910 cap.
831 1879 854 1902 1.
874 1878 941 1902 tom.

70 1919 186 1951 apag.
205 1921 254 1947 29.
269 1911 319 1942 col.
343 1920 368 1942 1.
386 1910 484 1950 infin.
504 1910 597 1942 Dolus
608 1911 699 1949 fmus
720 1908 777 1951 est,
794 1910 943 1949 simulatio

69 1950 120 1992 est.
144 1952 250 1991 AEque
266 1960 320 1984 aut
336 1951 457 1988 plenius
475 1961 514 1983 ex
535 1952 599 1983 lioc
617 1950 743 1990 Ulpiani
761 1954 781 1983 l.
803 1963 830 1991 7.
849 1953 878 1995 §.
895 1961 941 1986 10.

69 1994 114 2025 D.
124 1995 157 2024 de
165 1992 268 2033 pastis.
293 1993 326 2024 Si
326 1992 495 2033 fraudandi
509 1994 596 2033 causa
607 1993 725 2034 pubium
733 1993 854 2034 faftum
864 1996 942 2027 stica-

71 2035 217 2074 tur‚nihz'l
229 2034 338 2066 Praetor
350 2034 462 2075 adjicit.
488 2034 544 2066 Sed
561 2035 805 2076 eleganterLabeo
822 2037 944 2075 aii,hoc'

70 2082 124 2108 aut
139 2078 262 2117 iriquum
278 2075 346 2116 effe,
361 2083 414 2106 aut
423 2078 658 2116 supervacuum.-
681 2078 814 2118 iniquum
823 2076 853 2115 fi
867 2079 942 2119 quod

64 2117 153 2159 semel
175 2116 282 2154 remzfic
303 2118 426 2148 creditor
452 2118 575 2148 debitori-
577 2118 632 2156 suo
649 2119 812 2158 bonafide,
836 2120 941 2150 iterum

71 2159 123 2190 hoc
136 2165 253 2190 conetur
268 2157 426 2200 destruere:
441 2159 678 2199 supervacuum,
696 2158 726 2197 fi
741 2161 874 2200 deceptus
892 2162 942 2191 boc

64 2200 188 2241 fecerit:
209 2199 282 2240 inest
298 2201 373 2232 enim
387 2198 446 2230 dolo
465 2199 608 2240 &fraus
632 2200 824 2242 Igiturunde
840 2203 943 2240 coepit

70 2241 369 2281 interpretati0‚ibi
385 2241 514 2273 desinet.
531 2242 617 2281 dixi,
628 2242 712 2274 Pauli
730 2241 848 2274 sensum
860 2243 942 2283 esse,

71 2283 268 2317 Societatem
284 2283 404 2314 coitam
422 2284 499 2315 dolo
519 2283 624 2322 malo,
645 2283 711 2316 five
730 2283 848 2317 fraudis
868 2294 942 2316 cau-

69 2323 121 2361 sa,
143 2323 206 2355 five
224 2323 342 2355 fraudis
362 2324 512 2363 consiliO,
536 2332 570 2357 ut
587 2325 632 2357 est
649 2327 678 2357 in
696 2325 716 2357 l.
737 2335 762 2358 1.
781 2325 815 2357 C.
837 2328 871 2357 de
887 2326 943 2358 AE-

71 2366 175 2396 diliziis
191 2364 370 2405 actionibus,
392 2365 460 2405 ipso
476 2366 544 2406 jure
561 2366 623 2398 effe
641 2367 757 2399 nullius
774 2369 941 2401 momenti.

70 2414 193 2438 tantum
209 2406 341 2445 addam,
365 2407 452 2448 quod
479 2407 593 2439 Paulus
613 2416 677 2439 non
695 2409 858 2450 distinguit
875 2410 942 2441 doli

69 2447 369 2489 fraudisvegenera.
393 2447 577 2489 simpliciter
593 2450 860 2488 ait,Societatem
870 2460 941 2491 quae

72 2490 157 2520 coita
167 2489 203 2521 fit
219 2490 296 2521 dolo
311 2489 395 2521 malo
409 2490 591 2522 autfraudis
601 2490 864 2532 causa,ipsojure
880 2492 941 2524 effe

72 2531 188 2562 nullius
204 2532 370 2564 momenti.
396 2538 461 2563 tum
478 2532 567 2564 addit
584 2533 741 2565 rationem
764 2543 856 2574 aeque
874 2534 942 2566 fim-

71 2573 200 2611 plicem.
225 2582 262 2604 ea
278 2573 360 2604 ratio
377 2573 442 2610 est,
458 2574 547 2614 quod
563 2572 643 2606 fides
663 2575 746 2606 bona
756 2575 800 2606 est
817 2583 941 2606 contra-

71 2613 118 2644 ria
135 2612 238 2645 fraudi
254 2613 285 2646 dc
302 2614 392 2646 dolo.
413 2614 510 2656 igitur
526 2623 681 2657 quantum
697 2617 736 2649 ad
753 2617 839 2648 hunc
854 2617 942 2649 Pauli

774 2728 989 2763 CAPUT

1805 97 1873 141 303

996 173 1107 205 locum
1126 174 1285 213 pertinet:
1304 184 1368 206 non
1388 175 1433 207 est
1448 175 1616 211 discrimen
1635 171 1701 212 doli
1721 180 1775 221 qui
1793 181 1873 213 inci-

998 216 1098 246 datin
1115 215 1209 246 bonae
1223 215 1301 247 fidei
1320 217 1542 260 contraditum,
1566 219 1596 251 ἀ
1613 221 1665 261 qui
1684 222 1713 253 ei
1730 222 1872 263 praebeat

996 254 1132 288 causam.
1157 266 1218 288 nec
1234 259 1333 297 magis
1350 258 1511 300 distinguit
1522 262 1632 294 dolum
1649 263 1701 302 qui
1713 273 1871 306 repugnet

997 297 1091 329 bonae
1114 296 1200 329 fidei.
1231 299 1262 330 <St
1282 307 1387 331 tamen
1405 302 1594 340 generaliter
1609 303 1739 344 definit,
1763 305 1872 339 Socie-

997 347 1115 378 tatem,
1137 338 1159 370 fi
1183 340 1270 371 coita
1296 340 1332 371 fit
1355 342 1433 372 dolo
1460 344 1565 382 malo,
1586 344 1654 386 ipso
1666 346 1736 385 jure
1751 349 1870 382 nullam

997 380 1075 412 effe:
1098 390 1138 412 eo
1163 383 1251 421 quod
1277 383 1381 414 omnis
1406 384 1499 416 dolus
1516 385 1561 417 est
1580 389 1758 420 contrarius
1775 390 1871 423 bonae

998 421 1072 454 fidei
1091 430 1151 460 qua
1168 432 1191 454 is
1208 423 1391 455 contrastus
1407 424 1583 459 sustinetur.

1036 462 1116 494 Non
1140 464 1242 495 minus
1265 465 1349 497 clare
1377 464 1531 507 Ulpianus
1556 468 1576 501 l,
1602 469 1649 502 16.
1676 471 1705 513 §.
1726 479 1752 503 1.
1767 472 1811 505 D.
1835 474 1870 506 do

995 505 1164 536 minoribus.

1036 546 1109 578 Item
1125 546 1249 578 relatum
1268 546 1307 585 eli}
1320 549 1397 588 apud
1415 548 1576 582 Labeonem
1585 548 1629 590 ,fi
1641 554 1735 586 minor
1747 556 1870 587 circum-

1067 589 1374 628 scriptusfhcz'etatem
1389 591 1506 630 coie'rz'c,
1529 593 1576 623 vel
1598 592 1717 637 [etiam]
1740 598 1870 628 donatio-

1071 630 1118 659 nis
1140 631 1245 669 causa,
1269 631 1381 662 millam
1405 631 1456 672 effe
1465 634 1632 671 societatem
1649 645 1699 667 nec
1714 639 1792 668 inter
1806 648 1869 670 ma-

1068 670 1147 711 jores
1174 672 1304 717 quidem.-
1328 671 1365 706 &⁹
1391 674 1451 704 ideo
1474 675 1577 715 ceffare
1597 683 1694 716 partes
1718 680 1866 712 Proetorz's.

1075 710 1155 742 [clem
1172 712 1208 746 ὃ)
1229 712 1340 750 Ofilius
1362 715 1524 755 respondit.-
1541 718 1616 757 satis
1639 721 1715 750 enim
1729 722 1786 761 ipsi)
1796 722 1866 762 jure

1071 754 1205 784 munitus
1221 752 1270 794 eft.

993 789 1190 839 Proponitur
1207 796 1313 827 minor
1335 796 1364 828 in
1389 799 1609 831 contrahenda
1624 800 1789 835 societate
1806 804 1869 835 effe

993 834 1249 880 circumscriptus
1274 838 1353 869 dolo
1380 841 1483 872 malo:
1509 850 1568 872 nec
1593 843 1736 883 additur,
1761 854 1868 878 utrum

993 885 1018 921 is
1037 877 1130 907 dolus
1152 877 1277 908 dederit
1295 882 1471 913 contractui
1491 882 1612 915 causam
1631 908 1640 924 ‚
1664 895 1702 917 an
1719 887 1869 920 inciderit

992 926 1022 962 in
1039 918 1250 963 contrafsslzum.
1275 925 1397 952 tantuin
1422 924 1558 964 dicitur,
1582 926 1615 956 Si
1639 928 1732 959 minor
1747 930 1871 961 circum-

984 959 1114 1004 scriptas
1138 960 1301 1005 sotietatem
1324 963 1429 993 coierit.
1454 973 1516 996 nec
1541 975 1674 1006 oportet
1698 979 1757 1001 nos
1774 994 1784 1010 ,
1815 971 1870 1003 ubi

992 1006 1145 1045 quaeritur
1157 1009 1223 1039 ejus
1239 999 1370 1041 faCtijus
1381 1026 1391 1042 ‚
1408 1003 1517 1038 facere
1532 1007 1767 1044 distinctionem
1778 1024 1785 1046 :
1797 1016 1869 1054 quai·

992 1050 1098 1086 neque
1115 1050 1145 1072 in
1161 1041 1247 1072 fatto
1264 1047 1478 1086 proponitur,
1503 1058 1609 1090 neque
1632 1062 1706 1083 vera
1725 1053 1790 1093 est,
1814 1055 1870 1086 ali-

992 1083 1023 1112 bi
1042 1090 1130 1113 certe
1151 1083 1235 1128 apud
1259 1083 1394 1118 Veteres
1412 1097 1476 1119 non
1493 1098 1592 1122 extat.
1624 1091 1679 1124 Est
1696 1094 1790 1136 igitur
1813 1097 1869 1137 (ut

992 1122 1148 1170 Ulpianus
1173 1125 1237 1164 ait)
1258 1126 1392 1159 relatum
1416 1130 1500 1168 apud
1525 1130 1715 1167 Labeonem
1733 1160 1744 1176 ‚
1776 1139 1867 1178 quod

989 1174 1095 1196 minor
1119 1175 1149 1196 in
1176 1168 1326 1198 coeunda
1349 1170 1504 1202 societate
1528 1172 1592 1204 fuit
1609 1175 1868 1219 circumscriptus

988 1207 1067 1238 dolo
1083 1207 1178 1238 malo.
1210 1206 1296 1239 simui
1315 1210 1479 1250 quaefitum
1496 1212 1560 1252 est,
1583 1223 1621 1246 an
1639 1217 1668 1248 ei
1683 1221 1869 1252 conceden-

989 1248 1026 1281 da
1042 1248 1077 1278 fit
1095 1249 1126 1279 in
1143 1248 1302 1288 integrum
1312 1250 1497 1285 restitutio?
1521 1256 1564 1286 ait
1581 1253 1755 1298 Ulpianus,
1770 1268 1870 1301 atque

988 1288 1195 1336 indistinete,
1210 1300 1250 1336 ne
1276 1291 1336 1322 asse
1354 1291 1552 1328 Labeonem.
1577 1306 1639 1337 qua
1655 1299 1770 1333 causa?
1793 1304 1867 1342 quia

988 1330 1120 1363 societas
1145 1340 1196 1377 cui
1216 1340 1246 1363 in
1275 1341 1350 1365 aeret
1374 1335 1618 1379 qualiscumque
1635 1341 1728 1373 dolus
1746 1344 1867 1383 malus,

986 1372 1070 1403 nulla
1088 1371 1154 1411 est,
1177 1373 1208 1404 id
1228 1373 1292 1413 est,
1316 1376 1431 1409 nullius
1452 1381 1610 1412 momenti
1629 1381 1695 1421 est,
1718 1393 1784 1416 non
1801 1394 1869 1416 rno-

987 1414 1030 1444 do
1046 1415 1279 1462 cum-minore,
1302 1415 1356 1448 sed
1372 1419 1467 1450 etiam
1485 1428 1558 1453 cum
1577 1423 1717 1463 majore,
1741 1435 1872 1458 contra-

986 1454 1050 1501 3²³¹:
1070 1456 1221 1497 estigitur
1236 1466 1363 1498 minor,
1382 1468 1455 1492 curn
1467 1470 1483 1492 a
1501 1460 1628 1495 socioin
1646 1467 1869 1501 contrahenda

986 1497 1140 1542 ioci-etate
1159 1498 1246 1530 laesus
1273 1499 1317 1530 est
1333 1500 1412 1532 dolo
1429 1502 1535 1541 malo,
1558 1504 1626 1546 ipso
1640 1506 1729 1547 jure,
1752 1509 1784 1541 id
1801 1510 1868 1551 est,

988 1537 1081 1570 Civili
1101 1537 1193 1578 Jure,
1213 1548 1299 1573 tutus
1313 1540 1378 1573 sine
1395 1542 1593 1577 discrimine:
1610 1548 1663 1587 qui
1682 1558 1760 1580 vero
1776 1559 1868 1583 com·

986 1581 1077 1626 muni
1091 1580 1209 1626 auxilio
1225 1590 1262 1612 ac
1286 1591 1378 1614 mero
1392 1584 1462 1624 jure
1479 1587 1619 1620 munitus
1635 1587 1699 1628 est,
1722 1591 1751 1622 ei
1767 1591 1812 1624 nil
1829 1602 1866 1624 0-

986 1630 1044 1661 pus
1069 1630 1100 1652 in
1125 1629 1285 1663 integrum
1310 1624 1529 1660 restitutione:
1553 1629 1585 1660 id
1602 1628 1664 1668 est,
1688 1635 1865 1666 extraordia

985 1664 1076 1709 nario
1094 1661 1247 1696 Praetoris
1263 1666 1385 1698 auxilio
1402 1668 1430 1699 d.
1449 1667 1468 1699 l.
1490 1673 1538 1701 16.
1551 1676 1600 1710 pr.
1625 1670 1715 1704 Idem
1741 1673 1803 1707 ess‘c
1822 1676 1866 1708 ait

985 1702 1164 1750 Ulpianus,
1187 1704 1209 1737 fi
1237 1705 1373 1739 societas
1399 1717 1472 1741 cum
1489 1712 1615 1743 minore
1639 1712 1677 1744 fit
1701 1717 1867 1750 conti-acia

986 1746 1169 1779 donationis
1182 1747 1272 1779 causa
1289 1750 1317 1780 d.
1335 1749 1355 1780 i.
1370 1754 1414 1781 16.
1435 1750 1465 1793 §.
1480 1761 1511 1784 1.
1532 1762 1598 1785 non
1616 1756 1702 1788 enim
1718 1756 1760 1789 fic
1777 1759 1865 1791 recte

985 1788 1187 1832 contrahitur
1200 1789 1220 1820 l.
1242 1799 1272 1828 5.
1297 1789 1328 1836 ᾖ.
1351 1801 1380 1823 2.
1406 1791 1448 1824 D.
1472 1793 1532 1826 Pro
1547 1795 1637 1835 socio.
1670 1806 1742 1830 nam
1761 1798 1866 1842 fiagi-

987 1836 1035 1859 tui·
1047 1838 1078 1859 in
1097 1829 1473 1875 perficiendaiocietate,
1490 1841 1525 1867 ut
1541 1837 1622 1869 alter
1638 1837 1740 1872 socius
1758 1850 1866 1883 neque

986 1878 1157 1916 pecuniam
1173 1871 1322 1904 conferat
1339 1883 1446 1914 neque
1471 1886 1622 1918 operam,
1647 1881 1727 1913 alter
1754 1882 1783 1914 ὅ(
1808 1892 1866 1924 pe-

987 1912 1156 1959 cuniam&
1173 1922 1303 1953 operam
1321 1916 1489 1958 conferat,
1501 1919 1530 1950 &
1546 1920 1754 1955 nihilominus
1773 1933 1864 1957 com—

987 1962 1083 1984 mune
1101 1955 1137 1985 iit
1155 1955 1320 1996 utriusque
1338 1957 1478 1990 lucrum:
1502 1962 1704 1997 contrahitur
1728 1964 1864 1998 societas

986 2002 1099 2040 contra
1117 1995 1254 2028 formam
1282 1998 1311 2028 δι
1337 2008 1480 2033 naturam
1504 2000 1685 2038 societatis:
1709 2015 1780 2047 quae
1805 2009 1862 2048 (ut

986 2035 1095 2081 Livius
1111 2040 1154 2069 ait
1178 2039 1225 2070 lili.
1251 2043 1278 2073 8.
1305 2049 1329 2070 c.
1353 2041 1404 2081 4.)
1430 2042 1476 2074 est
1493 2045 1631 2083 aequatio
1645 2046 1733 2086 juris.
1772 2048 1867 2091 Papi-

986 2086 1094 2110 nianus
1117 2079 1138 2110 l.
1162 2084 1213 2119 63.
1241 2079 1281 2111 D.
1304 2082 1362 2112 eod.
1387 2083 1434 2114 iic.
1461 2084 1558 2123 dicit,
1585 2095 1654 2119 eam
1680 2088 1710 2120 in
1734 2088 1765 2121 se
1783 2100 1866 2131 quo-

986 2119 1161 2164 dammodo
1188 2121 1305 2153 habere
1323 2122 1368 2163 jus
1387 2123 1615 2161 fraternitatis:
1641 2130 1670 2161 id
1690 2129 1755 2170 est,
1780 2140 1814 2163 ut
1833 2142 1866 2164 e-

985 2170 1028 2201 go
1044 2170 1258 2202 interpretor,
1278 2163 1419 2196 aestimari
1441 2168 1576 2207 quadarn
1592 2172 1667 2209 juris
1684 2171 1715 2204 ὅ(
1738 2175 1862 2205 animo-

987 2211 1055 2233 rum
1073 2204 1265 2243 aequalitate.
1304 2215 1344 2236 eo
1362 2206 1447 2239 sensu
1465 2207 1683 2250 Quintilianus
1695 2236 1704 2251 ‚
1728 2213 1862 2249 Decium.

986 2253 1061 2291 320..
1089 2244 1200 2292 Sacra,
1223 2246 1347 2287 inquit,
1364 2257 1408 2279 res
1429 2246 1468 2290 est
1483 2252 1582 2282 unitas
1601 2252 1638 2287 ὅ)
1654 2256 1784 2295 quoedam
1798 2257 1864 2296 fra-

987 2291 1107 2317 ternitas
1131 2296 1304 2321 animorum.
1348 2291 1486 2330 consb'rtes
1501 2294 1576 2323 enim
1590 2294 1681 2336 potest
1702 2297 1798 2334 facere
1815 2308 1864 2330 ca-

977 2327 1043 2367 sus.
1066 2333 1198 2359 caeterum
1232 2330 1342 2369 uidem,
1358 2341 1424 2362 cum
1439 2334 1494 2364 duo
1513 2333 1639 2366 homines
1657 2347 1750 2368 omnes
1758 2339 1862 2377 fortu-

985 2378 1038 2400 nas
1050 2370 1118 2406 suas
1129 2376 1215 2401 contu
1229 2378 1313 2402 erunt
1322 2395 1332 2412 ,
1349 2382 1443 2404 omnes
1459 2377 1542 2409 casus
1551 2378 1750 2418 miscuerunt,
1765 2385 1861 2413 unum

984 2412 1127 2452 quoddam
1134 2410 1254 2460 fastum
1268 2411 1316 2454 est.
1347 2416 1418 2455 quid
1432 2414 1470 2455 est,
1482 2413 1608 2457 justius,
1625 2428 1712 2460 quam
1730 2422 1863 2463 composi-

985 2459 1047 2483 tum
1068 2459 1280 2493 patrimonium
1304 2455 1405 2487 habere
1427 2459 1613 2490 condicionem
1637 2463 1858 2502 uniusfiicieta·

985 2493 1048 2525 tis?
1069 2495 1120 2525 hoc
1134 2496 1210 2526 enim
1226 2493 1265 2535 est
1281 2497 1390 2527 unitas.
1413 2499 1495 2528 vides
1509 2508 1573 2539 ergo
1589 2500 1626 2535 δ’
1637 2504 1745 2535 damna
1759 2504 1796 2539 ὅ)
1812 2506 1860 2537 lu-

985 2544 1033 2566 cra
1049 2538 1212 2583 communia
1230 2536 1281 2585 effe
1296 2539 1408 2586 debere,
1433 2539 1470 2574 δ’
1492 2541 1566 2572 nihil
1587 2552 1646 2575 non
1669 2554 1781 2587 aequum
1804 2547 1857 2590 effe

984 2578 1059 2618 quod
1073 2583 1190 2619 utrique
1200 2585 1280 2620 pam
1288 2582 1434 2622 Jcrzpmm
1451 2580 1501 2622 est.

1057 2729 1171 2766 VIII.

77 2828 127 2864 De
152 2826 266 2862 Forma
291 2829 441 2864 coercendi
465 2828 525 2876 ipfi)
543 2830 618 2878 jure
643 2832 702 2868 doli
729 2835 807 2868 mali
834 2835 866 2868 in
891 2835 1048 2868 conti-afta
1075 2835 1157 2870 bona
1175 2835 1255 2882 fidei
1268 2864 1279 2882 ,
1310 2837 1346 2884 fi
1367 2838 1506 2888 deceptus
1528 2855 1550 2879 a
1572 2843 1725 2890 deceptore
1750 2855 1855 2880 conve-

737 2885 843 2918 niatur
862 2883 977 2928 judicio
1004 2885 1087 2918 bonae
1104 2883 1189 2930 fidei.

75 2977 170 3055 Sed
186 2979 278 3012 nimis
292 2978 410 3019 claret,
425 2973 520 3012 bonae
535 2974 610 3014 fidei
626 2975 822 3017 conti-astum
834 3008 843 3023 ,
868 2995 941 3026 qua-

92 3023 95 3027 “
150 3022 312 3062 licumque
336 3022 449 3054 initum
472 3023 550 3055 dolo
573 3026 675 3064 malo,
698 3028 781 3067 apud
806 3027 942 3059 Veteres

77 3063 145 3104 ipso
159 3063 227 3104 jure
252 3063 372 3095 nullum
389 3064 508 3095 haberi.
553 3064 628 3097 Hoc
647 3077 723 3097 vero
754 3069 829 3105 quid
847 3069 940 3101 vult?

78 3111 144 3144 quo
167 3103 309 3145 spectat?
333 3114 468 3146 nempe,
493 3112 527 3137 ut
549 3108 602 3147 qui
629 3108 784 3148 deceptus
806 3109 850 3141 cst
866 3110 943 3142 dolo

78 3146 184 3184 malo,
207 3145 229 3178 si
253 3147 284 3178 in
310 3147 394 3178 Foro
418 3146 565 3179 Romano
582 3151 794 3181 conveniatur
817 3151 942 3184 afflone

76 3177 171 3220 honre
190 3186 281 3222 fidei:
299 3189 343 3223 nil
356 3188 482 3224 necesse
497 3189 630 3231 habeat,
646 3191 746 3225 actori
761 3194 845 3233 apud
860 3193 941 3228 Prae·

987 2994 1091 3019 torem
1114 2988 1143 3020 in
1167 2989 1235 3031 jure
1261 2989 1402 3032 objicere
1425 2993 1491 3027 doli
1515 2996 1587 3027 mali
1610 2995 1856 3036 exceptionem

985 3028 1063 3075 sicut
1079 3030 1185 3078 facere
1200 3032 1320 3065 debent
1344 3035 1398 3076 qui
1416 3035 1509 3068 strie‘ti
1523 3037 1598 3074 juris
1616 3036 1782 3069 contractu
1805 3039 1857 3079 Ju-

985 3080 1025 3102 ris
1045 3070 1215 3104 subtilitate
1231 3082 1398 3116 tenentur-3
1416 3077 1445 3109 ἃ
1461 3087 1477 3108 a
1495 3078 1637 3110 Praetore
1653 3079 1781 3112 demum
1798 3085 1856 3122 per

987 3114 1213 3160 exceptionem
1238 3117 1436 3157 adjuvantur.
1469 3128 1541 3149 cum
1562 3120 1645 3150 enirn
1662 3118 1785 3153 Praetor
1800 3123 1855 3163 qui

985 3153 1143 3202 aftionern
1161 3157 1191 3188 <Sc
1207 3156 1351 3196 judicem
1370 3161 1442 3198 dat,
1461 3159 1547 3191 simul
1563 3160 1855 3200 iudiciiformulam

983 3204 1145 3241 concipit,
1166 3199 1297 3241 jubeat,
1318 3200 1463 3240 judicem
1480 3210 1576 3242 quem
1591 3203 1788 3245 litigantibus
1804 3207 1855 3237 ad-

1812 3247 1855 3278 ai.
