2036 3495
166 105 212 142 88

167 197 253 224 tator.
267 201 289 222 c.
303 199 346 229 17.
366 189 400 220 Id
418 188 479 220 fuit
498 187 571 218 ideo
593 184 806 217 monendum:
823 190 899 227 quia
912 180 952 211 [ic
971 190 1044 221 pos-

173 233 275 264 sumus
293 240 400 261 carere
421 227 646 259 emendatione
663 224 775 264 Jacobi
793 223 910 262 CuJac12
928 223 966 252 ad
983 223 1010 252 h.
1026 222 1044 252 l.

169 274 333 304 scribentis
345 293 353 308 ‚
377 271 432 301 Sea
448 268 484 303 ἐξ
496 267 524 305 fi
540 269 632 306 culpa.
664 265 795 296 Sensus:
819 264 881 295 Sed
898 265 926 294 ἂ
944 262 965 293 fi
982 264 1044 293 abe-

171 316 212 345 rit
228 314 266 343 ab
282 321 322 342 eo
341 320 413 341 cuin
432 319 495 349 quo
515 317 644 349 agetur,
666 316 723 337 uon
747 305 848 343 culpa,
872 304 904 335 id
923 303 985 339 est,
1008 303 1044 349 si-

171 364 213 385 ne
230 354 322 392 culpa
339 352 424 391 ejus;
450 350 626 381 tenebitur:
651 349 762 387 utique
781 346 802 378 fi
819 356 867 377 res
886 355 950 376 non
970 344 1045 376 fuis-

172 394 217 425 set
242 393 397 431 peritura,
425 390 445 422 si
470 400 589 422 metum
615 399 678 421 non
702 387 913 433 adhibuisset:
941 395 1045 427 pone:

173 435 260 475 quod
277 433 425 464 dominus
443 441 511 463 eam
524 429 728 468 distraxisset‚
747 430 775 461 ἃ
792 438 930 468 pretium
943 429 1047 474 'lucra-

172 484 222 513 tus
248 473 341 506 esset:
368 482 400 505 ut
424 475 454 505 in
475 473 677 513 sequentibus
693 472 731 502 ab
753 469 893 510 Ulpiano
919 470 1046 500 dicitur.

171 515 262 548 idem
275 514 429 556 Ulpianus
446 515 506 552 ait,
524 514 594 545 haec
609 512 769 544 observari
789 513 819 542 in
831 510 934 542 nostra
950 510 1046 555 aetio-

173 567 215 590 ne
229 581 238 595 ,
250 556 328 588 licut
343 558 373 588 in
394 557 566 588 interdicto
584 555 677 587 Unde
694 555 744 590 vi,
759 553 808 583 vel
829 551 929 594 Quod
948 560 978 581 v1
994 558 1048 581 aut

173 600 267 630 clam.
285 599 313 630 ἂ
327 598 429 630 reste:
446 606 480 628 ut
495 597 589 628 facile
607 595 711 636 potest
728 595 778 626 illa
797 593 966 625 similitudo
983 591 1048 622 col-

174 640 226 681 ligi
254 650 293 670 ex
310 640 329 670 l.
354 649 380 672 1.
398 640 426 679 ξ.
443 648 492 678 41.
510 638 548 669 D.
570 639 603 668 de
617 639 649 668 vi
675 637 710 671 ὅ)
733 638 766 667 vi
788 642 892 666 armat.
909 633 945 668 ὅ*
962 633 981 664 l.
1002 641 1047 673 15.

173 681 202 723 §.
222 692 248 721 7.
268 680 308 712 D.
327 680 414 726 Quod
431 682 464 710 vi
480 686 533 711 citit
551 680 632 710 clam.
663 678 725 709 Sed
744 679 783 709 de
800 676 847 707 his
863 675 990 707 uberius
1007 673 1048 706 V.

179 723 240 754 CL.
258 722 305 754 M.
324 722 500 764 Lycklama
515 721 562 752 lib.
578 730 606 760 7.
625 719 790 751 Membran.
806 717 906 758 Eclog.
929 725 955 747 1.

219 763 284 795 Dat
301 765 396 805 igitur
414 763 534 797 Praetor
552 762 711 793 astionem
726 759 826 803 Quod
844 766 947 789 metus
963 756 1053 788 causa

173 807 208 841 in
227 806 435 845 quadruplum
460 805 542 835 inti-a
560 811 695 841 annum3
717 800 788 842 post
802 809 919 843 annum
936 801 965 830 in
983 798 1051 846 fim-

178 848 277 887 plum.
298 855 488 888 quamquain
505 854 569 876 non
589 844 712 885 semper
725 867 734 882 ‚
752 843 802 874 sed
819 842 907 872 caula
922 848 1053 881 cognita

177 889 196 919 l.
217 897 260 927 ¹4·
277 887 304 929 §.
327 898 351 920 i.
366 888 392 918 h.
408 893 429 918 t.
450 888 526 927 quid
548 895 654 917 autem
679 883 819 916 versetur
836 884 866 914 in
884 881 981 913 causae
999 891 1052 912 co-

177 931 341 970 gnitione,
366 929 463 965 tradit
488 926 643 969 Ulpianus
666 928 693 958 d.
717 926 734 957 l.
766 935 811 965 14.
838 924 866 965 §.
885 934 914 956 2.
944 923 1053 954 Annus

178 980 277 1011 porro
297 971 522 1011 intelligendus
540 967 585 1001 est
600 968 683 1000 utilis
700 969 727 998 d.
740 967 768 1010 §‚
787 976 812 997 2.
832 975 867 996 ut
881 964 985 1006 pasfim
997 987 1006 1002 ,
1024 963 1053 994 ἀ

180 1013 232 1042 hic
248 1012 396 1044 observat
413 1012 573 1043 Antonius
592 1009 772 1041 Goveanus
789 1009 838 1038 lib.
852 1016 877 1039 1.
896 1006 970 1037 Var.
990 1003 1052 1036 left.

178 1063 202 1084 c.
230 1063 273 1085 10.

223 1095 389 1127 Postremo
406 1094 578 1135 pollicetur
595 1093 715 1125 Praetor
740 1092 821 1123 hanc
847 1088 1005 1120 actionem
1021 1095 1054 1132 in

180 1136 332 1169 heredem
358 1138 387 1167 &
412 1145 547 1167 caeieros
564 1135 594 1166 in
618 1133 648 1165 id
667 1134 752 1174 quod
769 1133 808 1163 ad
825 1141 879 1162 eos
896 1136 1053 1170 pervenit.

180 1186 296 1217 atque,
321 1187 355 1209 ut
382 1176 534 1218 Ulpianus
560 1177 579 1207 l.
602 1179 646 1207 16.
665 1175 694 1217 §.
718 1185 746 1206 2.
764 1174 790 1205 h.
808 1180 830 1204 t.
857 1180 965 1212 putat,
989 1179 1054 1200 non

179 1219 352 1251 immerito.
384 1227 496 1252 movet
521 1218 635 1249 illuni:
660 1217 746 1255 quod
770 1215 844 1246 licet
871 1222 963 1253 poena
991 1220 1055 1255 non

180 1260 314 1294 transeat
340 1261 378 1294 ad
401 1260 573 1292 heredem:
596 1266 735 1291 attamen
754 1256 840 1295 quod
859 1254 904 1285 est
922 1261 1055 1298 turpiter

179 1312 234 1334 aut
246 1301 362 1334 scelere
381 1300 562 1342 quaesitum,
579 1310 642 1332 non
661 1299 758 1342 debet
768 1300 805 1328 ad
825 1296 949 1327 heredis
967 1302 1054 1324 cotn-

179 1345 334 1383 pendium
362 1342 531 1382 pertinere.
555 1340 658 1373 sensus
687 1339 810 1379 Ulpiani
828 1336 891 1368 est:
916 1336 1004 1375 quod
1022 1343 1055 1365 ut

180 1385 275 1417 hei-es
291 1395 356 1416 non
372 1384 469 1415 debet
495 1392 621 1422 poenam
648 1380 749 1425 subire
776 1389 821 1424 ex¹
834 1378 951 1408 scelere
968 1377 1056 1416 quod

183 1437 248 1458 non
274 1425 357 1465 ipse,
382 1425 433 1456 sed
459 1423 626 1456 defunctus
651 1421 790 1453 admisit:
815 1428 857 1450 ita
875 1428 940 1450 non
960 1419 1057 1463 debet

184 1468 293 1499 facere
319 1468 441 1498 lucrum
465 1475 505 1497 ex
529 1465 668 1502 scelere,
691 1464 778 1506 quod
803 1460 857 1493 etfi
882 1469 945 1491 non
965 1461 1056 1505 'iple,

184 1518 290 1540 tamen
310 1507 480 1539 defunctus
497 1505 627 1537 admisit.
653 1505 683 1536 ἃ
699 1505 824 1535 additur
840 1501 878 1533 ab
897 1500 1056 1541 Ulpiano,

183 1550 225 1581 ita
242 1548 424 1588 rescriptum
442 1547 514 1578 effe.
537 1555 687 1578 caeterum
705 1544 746 1576 ait
764 1543 861 1584 Gajus
878 1543 897 1573 l.
918 1552 963 1587 ¹9:
984 1543 1012 1572 h.
1035 1547 1056 1571 t.

185 1592 272 1632 quod
301 1588 473 1621 Proconsul
496 1588 525 1625 in
552 1589 703 1620 heredem
732 1594 862 1630 eatenus
884 1584 1060 1631 ⁸pollicetur

183 1631 359 1669 afflonem,
383 1638 538 1671 quatenus
555 1630 593 1661 ad
608 1638 680 1661 eum
700 1635 866 1671 pervenit,
883 1624 1059 1669 intelligen-

185 1675 261 1712 dum
285 1673 368 1713 effe,
392 1674 432 1704 ad
454 1678 614 1713 perpetuo
636 1671 770 1703 dandam
787 1668 945 1700 actionem
964 1674 1059 1707 perti-

850 1751 1196 1793 T1TuLus

595 91 1259 134 GnRARDtNoonT

1320 94 1532 128 Coma.

1086 192 1173 214 nere.
1198 182 1279 215 Illud
1290 182 1452 222 quaefitum
1465 182 1527 220 est,
1544 181 1706 222 Perveniffe
1723 183 1888 222 quomodo
1905 193 1952 216 ac·

1087 223 1265 264 cipiendum
1292 224 1336 256 lit.
1362 225 1390 255 ὅ(
1416 225 1543 264 quidem
1569 222 1693 254 videtui·
1718 224 1889 263 perveniss'e
1915 227 1954 257 ad

1087 265 1238 297 heredem
1254 265 1304 303 id,
1329 275 1393 304 quo
1415 267 1454 296 ad
1480 274 1553 295 eum
1576 265 1771 304 locupletior
1796 265 1881 296 venit
1899 267 1954 297 he-

1087 307 1224 342 reditas,
1247 306 1299 338 sed
1327 307 1431 346 finge,
1455 315 1529 336 eum
1546 327 1555 343 ‚
1578 307 1665 344 quod
1691 305 1854 344 pervenit,
1879 315 1956 337 con-

1090 346 1252 387 suinpfiffe.
1279 347 1353 388 quid
1373 346 1533 385 dicemus,
1556 348 1617 386 jam
1642 346 1783 377 definere
1798 356 1838 376 eo
1857 346 1957 378 nomi-

1089 398 1129 419 ne
1146 389 1265 428 teneri;
1288 399 1324 420 an
1349 388 1512 427 sufficere,
1537 388 1630 419 semel
1657 386 1862 428 pervenisse?
1886 387 1958 419 Hoc

1090 430 1194 469 placet
1212 430 1310 461 Paulo
1327 431 1345 461 l.
1369 439 1412 470 17.
1429 431 1457 462 h.
1478 436 1500 462 t.
1518 430 1546 460 &
1566 428 1707 468 optime:
1722 427 1794 469 quia
1811 438 1875 468 quo
1893 438 1959 461 mo-

1090 480 1201 502 mento
1225 471 1391 511 pervenit,
1415 480 1486 502 nata
1510 470 1555 501 est
1577 470 1679 507 attio,
1704 470 1733 501 ἃ
1759 478 1911 510 perpetua
1932 471 1959 503 d.

1090 512 1109 542 1.
1126 521 1170 548 ις).
1195 521 1263 551 quae
1279 521 1343 543 non
1363 512 1485 543 tollitur
1504 510 1748 551 consumptione
1765 510 1827 549 rei,
1843 510 1894 542 sed
1910 511 1962 543 de·
1988 528 1997 559 Α

1092 563 1177 584 mum
1195 554 1299 584 modis
1316 554 1355 584 ad
1375 554 1550 586 tollendam
1574 553 1731 584 astionem
1755 553 1961 592 comparatis:
2002 566 2005 571 i

1090 594 1173 626 inter
1189 593 1352 634 quos'non
1369 594 1414 626 est
1431 593 1643 635 consumptio.
1682 594 1807 625 Eodem
1823 594 1923 625 modo
1941 593 1963 625 fi

1092 637 1184 667 heres
1208 643 1349 666 mortuus
1373 635 1425 674 fit,
1449 635 1642 676 consumpto
1666 645 1707 666 eo
1724 636 1811 676 quod
1830 635 1869 665 ad
1891 644 1964 668 eum

1095 675 1241 718 pervenit
1257 685 1307 720 *ex
1336 675 1367 707 vi
1389 686 1442 708 aut
1468 685 1555 709 metu
1579 676 1629 708 alii
1650 676 1738 709 illato
1756 685 1773 707 a
1791 675 1965 715 defuncto,

1094 728 1155 750 nec
1172 717 1298 749 interim
1315 718 1353 748 ad
1371 717 1541 750 secundum
1560 719 1712 751 heredem
1737 717 1919 758 pervenerit
1935 726 1965 748 a-

1095 758 1192 800 liquid
1203 782 1212 796 ,
1237 760 1281 789 ait
1297 757 1408 789 Paulus
1425 760 1452 789 d.
1465 760 1483 790 l.
1499 769 1543 800 17.
1560 759 1654 791 etiam
1666 769 1737 791 cum
1751 759 1901 790 heredem
1920 767 1966 790 te-

1095 803 1172 833 neri.
1193 799 1334 831 sufficere
1346 798 1427 830 enim
1440 823 1450 839 ,
1466 801 1558 832 semel
1577 800 1754 840 pervenisse
1771 802 1809 832 ad
1826 799 1965 840 priorem

1096 842 1267 874 heredem:
1285 850 1355 872 nam
1370 840 1526 872 actionem
1537 841 1682 873 adversus
1693 851 1765 874 eum
1776 850 1879 873 natam
1897 850 1967 881 pro·

1096 891 1168 924 pter
1179 881 1209 915 id
1225 883 1312 922 quod
1329 884 1366 912 ad
1386 891 1457 913 euni
1475 882 1568 914 semel
1586 882 1748 922 pervenit,
1768 883 1882 914 fac'lam
1904 881 1967 920 esse

1097 923 1339 962 hereditariam3
1354 922 1495 963 ideoque
1511 932 1668 961 tamquam
1681 925 1743 965 jain
1757 933 1965 965 perpetuam,

1096 966 1182 998 reste
1199 966 1237 996 ad
1253 966 1319 1005 ejus
1337 966 1486 996 heredem
1508 964 1644 997 transire.
1673 965 1741 1004 Sic,
1764 964 1786 997 fi
1803 965 1970 1004 consump-

1095 1007 1169 1039 serit
1181 1007 1273 1038 heres
1289 1007 1376 1046 quod
1394 1005 1548 1044 pervenit.
1574 1006 1667 1046 quid,
1691 1006 1711 1038 si
1729 1006 1910 1038 naturaliter
1926 1005 1971 1037 in-

1098 1048 1245 1080 tenerit?
1269 1049 1353 1078 idem
1380 1046 1568 1079 dicendum:
1595 1056 1727 1088 propter
1743 1049 1763 1079 l.
1788 1057 1854 1087 1²7·
1875 1047 1916 1078 D.
1936 1048 1969 1077 cle

1097 1100 1158 1132 reg.
1173 1090 1234 1132 jur.
1258 1087 1331 1120 Nec
1347 1087 1451 1119 obstat
1468 1089 1485 1120 l.
1507 1093 1559 1123 18.¹
1570 1089 1598 1120 h.
1620 1096 1640 1119 t.
1662 1088 1736 1120 Non
1756 1088 1801 1119 est
1820 1087 1902 1121 enim
1920 1096 1970 1119 ac-

1098 1130 1244 1171 cipienda
1261 1131 1300 1162 de
1312 1130 1429 1161 herede
1446 1131 1510 1169 ejus
1528 1130 1579 1170 qui
1599 1132 1662 1161 vim
1680 1138 1733 1161 aut
1750 1138 1870 1161 metum
1889 1130 1970 1160 intu-

1097 1174 1185 1205 lerit:
1209 1173 1299 1211 (nam
1317 1170 1341 1202 is
1367 1170 1553 1203 defunCtum
1578 1170 1800 1211 repraesentat:
1824 1169 1971 1202 adversus

1098 1223 1193 1250 quein
1220 1214 1338 1253 integra
1360 1212 1422 1244 fuit
1448 1211 1627 1253 persecutio
1644 1222 1756 1245 eorum
1781 1221 1851 1253 quae
1869 1212 1899 1243 vi
1918 1220 1972 1245 aut

1098 1255 1188 1287 furto
1205 1254 1264 1286 fint
1280 1255 1401 1291 ablata,
1419 1254 1535 1285 etiamsi
1555 1253 1662 1294 postea
1678 1253 1899 1285 interciderint
1913 1253 1933 1284 l.
1948 1262 1974 1285 1.

1101 1297 1132 1328 C.
1145 1298 1172 1327 Ι).
1184 1298 1226 1336 t.)
1244 1294 1295 1326 sed
1314 1296 1352 1325 de
1369 1295 1462 1326 bonae
1479 1294 1553 1326 fidei
1568 1294 1739 1335 possessore
1755 1296 1794 1326 ad
1812 1304 1907 1336 quem
1924 1304 1974 1328 res

1098 1348 1155 1379 per
1175 1345 1294 1368 metum
1312 1336 1414 1367 ablata
1433 1335 1632 1375 pervenerit3
1657 1337 1676 1368 ss
1693 1338 1776 1377 apud
1793 1345 1865 1367 eum
1884 1345 1973 1367 natu-

1100 1377 1207 1410 raliter
1230 1377 1372 1410 desierit:
1397 1387 1430 1408 ut
1453 1377 1484 1410 in
1509 1376 1721 1410 anterioribus
1747 1376 1812 1409 dixi
1832 1387 1871 1408 ex
1886 1378 1906 1409 l.
1924 1387 1973 1418 14.

1103 1448 1105 1451 .
1121 1444 1128 1451 .
1148 1431 1175 1459 ς.
1193 1420 1220 1451 h.
1239 1425 1260 1450 t.

1099 1420 1118 1462 ἓ
1140 1461 1219 1493 Satis
1230 1461 1270 1492 de
1286 1460 1412 1492 actione
1428 1460 1527 1502 Quod
1538 1467 1642 1492 metus
1657 1458 1757 1494 causa.
1778 1458 1844 1492 Nisi
1856 1461 1974 1493 adden-

1100 1503 1192 1534 dum:
1217 1503 1305 1542 quod
1329 1510 1401 1532 cum
1425 1511 1462 1533 ea
1482 1501 1577 1533 etiam
1600 1500 1658 1532 alia
1684 1501 1975 1542 concurruntjudi-

1102 1543 1168 1576 cia:
1184 1543 1214 1574 in
1233 1541 1346 1582 quibus
1363 1542 1445 1574 actio
1457 1544 1496 1574 de
1511 1543 1589 1574 dolo
1603 1542 1621 1573 l.
1639 1551 1684 1579 14.
1703 1542 1732 1584 §.
1751 1551 1796 1583 ¹3-
1813 1543 1841 1573 h.
1854 1549 1874 1573 t.
1894 1543 1977 1575 Prae-

1103 1593 1190 1616 terea
1207 1584 1410 1615 interdictum
1427 1583 1522 1615 Unde
1539 1584 1592 1622 vi,
1609 1583 1638 1614 &
1657 1582 1757 1625 Quod
1775 1582 1805 1614 vi
1821 1591 1874 1616 aut
1891 1585 1975 1618 clam

1102 1626 1121 1657 l.
1138 1635 1165 1662 9.
1184 1626 1212 1655 d.
1230 1631 1250 1655 t.
1274 1623 1350 1656 item
1369 1624 1565 1656 Constitutio
1583 1623 1660 1656 Divi
1678 1624 1783 1656 Marci
1800 1624 1819 1656 l.
1843 1634 1892 1666 13.
1911 1626 1972 1659 eod.

1103 1667 1149 1700 tic.
1174 1667 1222 1698 An
1238 1666 1267 1698 δί
1277 1665 1355 1704 furti
1365 1665 1472 1705 attio?
1487 1673 1583 1709 negat
1596 1665 1749 1707 Ulpianus
1758 1664 1811 1699 ad.
1824 1674 1868 1707 14.
1883 1666 1974 1709 §.12.

1254 1751 1325 1790 ΙΙΙ.

965 1827 1016 1866 De
1030 1826 1093 1868 dolo
1112 1827 1203 1863 mala.

183 1922 385 2000 SEcuNim
403 1922 491 1957 causa
504 1920 652 1964 petendae
667 1921 697 1953 in
714 1919 871 1963 integi-um
889 1915 1061 1963 restitutio-

246 1964 292 1998 nis
310 1965 354 1997 est
371 1965 538 1998 calliditas,
562 1962 604 1995 fic
619 1962 768 1994 observat
788 1962 940 2001 Ulpianus
959 1968 988 1989 iii
1000 1959 1018 2003 l.
1034 1967 1060 1990 1.

184 2006 229 2039 D.
251 2010 283 2039 de
299 2008 330 2038 in
347 2008 406 2038 inte
427 2017 452 2039 r.
476 2003 566 2047 restit.
593 2013 662 2036 eam
678 2002 798 2036 causam
817 2002 950 2045 praesens
965 1998 1060 2031 Titu-

185 2049 237 2081 lus
252 2056 349 2080 vocat
364 2049 406 2080 do
423 2058 474 2080 um
492 2047 620 2080 malum.
643 2045 687 2077 est
698 2053 775 2076 vero
787 2044 835 2074 vel
849 2041 918 2075 haec
935 2043 1060 2072 lummae

188 2089 363 2129 aequitatis:
380 2090 526 2122 &tamen
544 2089 584 2119 de
600 2097 637 2119 ea
654 2086 722 2118 sei-o
740 2084 936 2129 propositum
952 2092 967 2112 a
982 2082 1056 2129 Prae-

189 2139 261 2163 tore
278 2131 338 2162 fuit
358 2130 514 2163 Edictum.
533 2129 586 2161 nifi
603 2129 687 2161 enim
706 2136 763 2159 iios
781 2126 861 2159 fallit
879 2124 996 2156 Cicero
1011 2124 1060 2155 lib.

187 2180 217 2214 3.
246 2172 292 2204 De
308 2171 407 2214 officiis
422 2180 483 2212 cap.
505 2182 550 2210 14.
569 2170 604 2205 ἐξ
619 2170 667 2201 lib.
686 2179 715 2210 3.
752 2167 796 2198 De
811 2165 1063 2210 natura-Deorum

188 2220 249 2255 cap.
267 2224 317 2255 30.
342 2213 451 2245 auctor
469 2213 559 2253 hujus
579 2210 681 2243 Edisti
700 2209 759 2241 fuit
776 2209 841 2248 ejus
859 2207 1017 2240 familiaris
1034 2207 1063 2238 ἂ

188 2255 342 2296 Collega,
366 2254 403 2287 C.
431 2255 576 2294 Aquilius
600 2251 732 2283 Gallus:
756 2259 827 2282 nam
851 2249 935 2281 hunc
957 2256 1063 2288 protu-

185 2296 252 2329 liffe
273 2295 426 2336 jndicium
452 2297 491 2326 de
514 2296 591 2327 dolo
616 2293 718 2331 malo,
742 2292 804 2323 sive
829 2291 965 2335 dedolo
982 2289 1065 2335 malo

190 2337 365 2376 formulas,
390 2338 421 2370 id
445 2336 507 2374 est,
532 2336 689 2371 astionem
706 2334 980 2377 &exceptionem
1000 2331 1065 2362 doli

188 2379 263 2411 mali
279 2403 288 2418 ,
320 2378 483 2416 memoriae
508 2376 658 2418 prodidit,
690 2384 766 2415 quin
788 2376 858 2412 ait,
882 2381 955 2404 ante
980 2372 1066 2417 hunc

186 2420 363 2453 Praetorem
390 2422 444 2452 vix
468 2419 581 2457 fuisse,
606 2426 640 2452 ut
666 2416 756 2448 dolus
774 2416 874 2447 malus
889 2416 958 2456 Jure
979 2414 1066 2447 civili

187 2462 418 2494 vindicaretur:
442 2469 583 2499 excepto
600 2468 640 2490 eo
657 2459 709 2498 qui
730 2459 759 2489 in
777 2457 874 2488 tutela
893 2455 969 2488 effet
987 2465 1002 2485 a
1019 2463 1065 2487 tu·

189 2511 262 2534 tore
278 2503 440 2536 admissus:
466 2512 536 2533 nam
561 2499 707 2535 adversus
726 2499 810 2530 hunc
826 2497 914 2538 Lege
931 2496 1063 2542 Duode3

188 2545 250 2576 cim
269 2544 465 2576 Tabularum
484 2543 546 2575 esse
563 2550 689 2573 cautum
715 2540 918 2571 accusatione
935 2537 1064 2584 suspecti

188 2587 314 2620 tutoris.
336 2585 434 2617 refert
457 2594 582 2620 tamen,
602 2582 759 2614 minorum
778 2589 909 2625 quoque
919 2588 1062 2625 circum·

188 2626 394 2668 scriptionem
410 2626 498 2668 Lege
516 2623 656 2658 Laetoria
672 2623 816 2659 coerceri
830 2622 949 2662 judicio
961 2621 1062 2662 publi-

1102 1925 1154 1950 co.
1178 1924 1333 1959 praeterea
1350 1917 1413 1951 fine
1423 1916 1512 1960 Lege
1528 1919 1645 1960 corrigi
1662 1919 1771 1953 dolum
1786 1918 1927 1959 judiciis,
1942 1917 1978 1952 in'
2033 1945 2034 1949 ,

1103 1959 1218 2000 quibus
1233 1962 1334 2001 agitur
1349 1970 1388 1992 ex
1403 1959 1467 1991 fide
1484 1961 1585 1998 bona,
1604 1967 1657 1992 aut
1671 1961 1757 1994 simili
1774 1961 1921 1993 formula.
1944 1960 1979 1993 in
2033 1969 2034 1995 ὲ

1103 2003 1227 2034 caeteris
1237 2000 1411 2042 caufisquae
1429 2010 1516 2032 erant
1534 2001 1713 2042 strietijuns
1730 2002 1750 2034 fi
1766 2002 1911 2035 admiffus
1927 2010 1978 2032 es·
2033 2003 2034 2029 i

1103 2041 1134 2074 se
1150 2044 1311 2074 diceretur
1329 2043 1421 2074 dolus
1438 2040 1603 2081 malusfis
1620 2043 1837 2085 negligebatur
1849 2045 1917 2084 iure
1933 2042 1979 2075 ci-

1104 2084 1177 2121 vili,
1202 2083 1255 2115 nifi
1273 2093 1297 2114 is
1314 2085 1366 2123 qui
1388 2083 1474 2115 laesus
1494 2083 1589 2123 esset,
1612 2085 1722 2116 dolum
1738 2086 1854 2117 malum
1873 2083 1979 2117 abesse
2033 2100 2034 2103 ¹

1104 2125 1355 2165 absumi-umque
1371 2124 1432 2156 esse
1444 2148 1453 2163 ,
1476 2124 1637 2165 stipulatus
1656 2125 1750 2165 esset,
1767 2125 1808 2158 fic
1825 2127 1909 2158 enim
1925 2126 1979 2157 ha-

1106 2167 1203 2198 bebat
1219 2167 1376 2198 actionem
1394 2176 1432 2197 ex
1449 2165 1596 2207 stipulatu
1610 2167 1648 2198 ad
1662 2166 1694 2199 id
1705 2168 1791 2207 quod
1802 2167 1866 2207 ejus
1882 2168 1978 2198 inter·
2032 2169 2033 2181 ¹

1107 2207 1204 2246 ess‘et,
1228 2208 1335 2239 dolum
1363 2208 1478 2240 malum
1498 2217 1562 2239 non
1580 2209 1795 2240 intervenisse.
1842 2207 1975 2248 Optimo

1107 2248 1201 2290 igitur
1214 2251 1281 2289 jure
1297 2248 1358 2280 visa
1374 2248 1418 2281 est
1436 2247 1603 2288 Ulpianol.
1619 2251 1712 2281 ιλιι.
1730 2250 1883 2282 laudanda
1899 2249 1976 2280 Prae-

1109 2291 1188 2322 toris
1206 2291 1400 2322 humanitas:
1425 2289 1538 2321 Edisto
1557 2291 1703 2323 adversus
1721 2292 1823 2323 varios
1842 2292 1871 2322 ἀ
1887 2290 1977 2322 dolo·
2031 2326 2032 2329 Ἴ

1110 2331 1159 2363 sos
1175 2332 1229 2371 qui
1240 2333 1308 2363 aliis
1325 2331 1488 2367 offuerunt
1503 2332 1676 2364 calliditate
1690 2334 1823 2372 quadam
1839 2331 1979 2365 subveni-

1110 2372 1210 2412 entis,
1234 2383 1274 2405 ne
1290 2374 1340 2405 vel
1358 2372 1415 2405 illis
1433 2373 1549 2405 malitia
1566 2372 1616 2404 sua
1633 2373 1667 2404 sit
1684 2373 1803 2405 lucrosa
1815 2397 1824 2411 ‚
1848 2374 1900 2405 vel
1916 2372 1978 2405 istis
2031 2375 2032 2396 l

1108 2414 1289 2456 simplicitas
1308 2414 1465 2446 damnosa.
1510 2414 1572 2445 Sed
1595 2414 1664 2445 haee
1682 2423 1861 2454 caeteraque
1880 2415 1918 2446 ad
1934 2415 1980 2446 in-

1109 2456 1272 2488 tellectum
1291 2456 1379 2496 hujus
1390 2455 1492 2487 Edisti
1509 2456 1719 2495 pertinentia,
1738 2465 1838 2495 nuper
1848 2465 1888 2487 ex
1906 2464 1978 2495 pro·

1108 2497 1190 2529 fesso
1215 2497 1341 2528 tractavi
1367 2497 1512 2537 singulari
1535 2497 1617 2528 libro
1639 2497 1683 2526 De
1696 2497 1792 2534 forma
1809 2497 1978 2528 emendandi

1106 2539 1163 2570 cloli
1180 2539 1250 2569 mali
1272 2540 1304 2570 in
1327 2539 1527 2569 contrahendis
1550 2539 1669 2579 negotiis
1686 2536 1815 2578 admiffi:
1837 2538 1977 2578 ideoque
2030 2541 2031 2581 J

1107 2589 1191 2611 nunc
1207 2587 1379 2610 contentus
1398 2589 1474 2618 ero,
1496 2579 1644 2611 indicass'c
1660 2580 1789 2619 locum,
1812 2579 1896 2613 unde
1912 2576 1978 2621 peti
2029 2588 2031 2597 i

1105 2622 1329 2662 interpretatio
1345 2620 1449 2661 poffit.

1256 2704 1328 2741 IV.

770 2782 820 2818 De
835 2781 1001 2818 minoribus
1014 2782 1130 2827 viginti
1146 2781 1272 2826 quinque
1289 2783 1389 2816 annis.

844 2705 1199 2741 T1rutus

246 2873 409 2915 Eqntrun
426 2871 518 2903 tertia
532 2870 621 2903 causa
637 2871 784 2911 petendae
800 2871 830 2902 in
846 2871 1004 2910 integrum
1020 2879 1066 2901 re-
1110 2869 1206 2901 cium.
1250 2868 1332 2911 Quae
1357 2868 1436 2901 ratio
1452 2869 1470 2902 ἱ)
1493 2869 1603 2910 accipe
1618 2869 1658 2902 ab
1674 2868 1815 2910 Ulpiano
1830 2869 1849 2900 l.
1868 2877 1895 2901 1.
1909 2869 1936 2901 h.
1951 2872 1978 2900 t.

191 2876 240 2951 S
256 2914 428 2947 stitutionis
439 2936 449 2951 ,
465 2921 556 2943 aetas:
573 2912 612 2942 de
624 2921 682 2952 qua
699 2911 740 2943 fic
749 2913 881 2945 Praetor.
898 2912 987 2955 Quod
1000 2922 1065 2943 cum
1108 2912 1216 2943 verba.
1261 2911 1326 2942 Hoc
1344 2910 1481 2943 Edictum
1509 2912 1618 2943 Proetor
1640 2911 1803 2943 naturalem
1817 2911 1977 2952 (equitatem

191 2960 300 2991 minore
313 2965 401 2997 quam
415 2954 524 2996 viginti
541 2953 667 2994 quinque
690 2956 776 2984 annis
801 2961 876 2985 natu
888 2951 1000 2994 gistum
1015 2952 1066 2993 effe
1098 2954 1220 2994 secutus
1225 2952 1370 2993 proposuit
1378 2964 1387 2982 .·
1402 2962 1456 2994 quo
1472 2953 1591 2984 tutelam
1606 2954 1750 2984 minorum
1758 2952 1892 2992 sisscepit.
1908 2958 1978 2982 nam

191 3002 323 3036 dicetur,
346 2997 391 3028 uti
406 3000 521 3038 quaeque
540 3003 584 3025 res
599 2994 672 3031 erit,
699 2996 941 3026 animadvertam.
985 2994 1065 3026 Haec
1108 3004 1174 3025 cum
1189 2994 1200 3024 i
1224 3001 1265 3025 ter
1281 3003 1375 3025 omnes
1390 2991 1494 3034 constet
1505 3017 1514 3033 ,
1520 2994 1625 3033 fragile
1642 2994 1692 3035 effe
1708 2993 1744 3028 &¹
1759 2992 1907 3031 infirmum
1920 2992 1976 3022 hu-

192 3041 293 3073 verba
308 3038 441 3070 exhibet
457 3035 610 3076 Ulpianus
626 3033 644 3064 l.
658 3042 684 3065 1.
701 3034 730 3076 §.
750 3045 775 3066 1.
793 3036 822 3068 h.
841 3042 862 3067 t.
881 3035 1001 3067 Praetor
1019 3044 1064 3068 ta·
1105 3036 1201 3078 jusmo
1213 3037 1232 3066 li
1241 3037 1371 3067 aetatiunz
1382 3035 1546 3073 confilium,
1563 3035 1707 3069 &maltis
1717 3034 1893 3074 captionibus
1905 3033 1975 3072 sup-

191 3092 265 3117 men
283 3081 313 3112 &
331 3081 370 3111 de
387 3086 534 3120 tempore
555 3075 703 3117 petendae
717 3077 747 3106 in
765 3076 922 3116 integrum
944 3076 1063 3109 restitu·
1105 3075 1229 3118 positum
1241 3100 1251 3116 ,
1275 3077 1430 3108 inultorum
1447 3075 1557 3114 insidiis
1574 3075 1748 3117 expofitum:
1770 3072 1914 3103 auxilium
1937 3074 1976 3104 eis

192 3122 288 3155 tionis
310 3120 421 3153 edixit.
444 3120 476 3152 id
493 3125 619 3158 tempus
636 3113 697 3146 fuit
714 3123 813 3148 annus
833 3118 932 3157 utilis,
956 3128 1063 3150 nurne-
1110 3118 1221 3150 Praetor
1244 3119 1294 3149 hoc
1313 3117 1414 3148 Editio
1426 3119 1571 3158 pollicitus
1588 3117 1643 3158 est,
1668 3115 1703 3150 ἐξ
1718 3116 1853 3151 adversas
1869 3114 1976 3153 captio-

189 3164 303 3195 randiis
320 3172 360 3194 ex
379 3172 444 3202 quo
460 3160 559 3200 major
573 3156 674 3190 fastus
693 3155 745 3187 fit:
764 3165 796 3186 ut
815 3158 912 3188 docet
927 3159 1065 3196 Justinia-
1109 3169 1158 3191 nes
1177 3161 1402 3200 opitulationem.
1437 3157 1588 3199 Ulpianus
1605 3166 1676 3191 cum
1694 3157 1736 3186 ait
1752 3154 1927 3187 Praetorem
1941 3155 1975 3186 in

190 3202 249 3245 nus
264 3204 285 3238 l·
301 3203 355 3239 ult.
373 3204 406 3242 C.
429 3204 462 3236 de
479 3208 593 3244 tempor.
609 3199 643 3232 in
656 3198 759 3239 integr.
777 3195 841 3239 rest.
886 3196 964 3231 Hoc
987 3199 1065 3234 Edi·
1106 3200 1175 3235 hoc
1190 3200 1305 3235 Edicto
1321 3199 1382 3233 ess‘e
1398 3199 1565 3240 sequutum
1585 3197 1766 3240 aequitatetn
1785 3197 1975 3268 naturalztltli‘:
