2036 3495
136 110 207 145 522

138 188 326 221 sollicitatur
341 187 360 219 *ἓ
391 182 516 217 Videtis
531 204 542 221 ‚
573 181 657 219 AA,
679 186 921 222 argumentum3
944 176 1017 216 sed,

140 239 177 262 ut
199 230 354 266 arbitror,
376 228 448 258 leve
471 232 567 263 atque
588 223 692 253 inane.
716 222 794 260 quid
813 221 899 251 enim
920 219 1018 251 habet

140 280 207 312 quo
233 269 370 301 nostram
392 273 507 297 oneret
531 263 749 295 sententiam?
771 262 792 294 fi
813 269 922 299 vacat3
948 269 1017 291 ver-

140 314 220 348 tite,
236 309 398 346 evolvite,
415 306 598 337 examinate
618 303 745 344 singula.
769 302 933 343 accipietis
949 311 1017 333 ver-

140 354 257 384 borum
274 350 438 389 strepitum
450 370 459 386 ,
477 345 598 377 sensum
615 347 750 377 nullum.
774 345 847 376 Ain'
863 344 924 376 tu?
940 342 995 375 AA
1007 366 1017 382 ,

141 401 235 432 quam
252 398 369 430 potero
385 387 620 429 fimpliciffime.
655 386 763 419 Nobis
782 395 865 426 quos
880 384 1018 417 coelestis

139 435 227 474 iuvat
243 432 273 464 ὃς
291 429 472 463 circumstat
490 428 653 467 doctrina,
677 438 738 460 una
756 427 899 459 occurrit
922 435 1016 465 vera,

140 476 172 506 ἃ
188 482 273 505 certa
290 473 328 504 ad
345 472 474 503 salutem
491 471 553 502 via.
577 469 631 501 sed
652 479 723 510 quae
743 469 789 501 est
804 467 929 507 nostra,
951 476 1019 499 non

140 515 186 546 est
211 515 347 546 aliorum
371 514 486 554 quibus
511 521 577 544 non
600 520 693 552 aeque
717 511 807 542 favet
832 510 942 547 Deus,
965 517 1019 539 aut

139 556 210 595 spes
226 563 281 587 aut
295 555 436 587 fortuna.
461 554 583 585 variant
600 562 657 593 per
673 561 827 585 terrarum
844 551 958 582 orbem
976 549 1019 580 se-

140 599 215 636 stae,
241 598 337 629 etiam
363 596 529 628 Christiani
554 596 713 632 nominis,
737 603 777 625 ne
802 593 880 632 quid
905 593 946 622 de
969 590 1019 630 Ju-

140 640 238 678 daeis,
263 637 469 675 Gentilibus,
494 636 740 667 Mahumedanis
759 658 769 674 ,
792 635 859 665 aliis
884 633 1018 664 addam:

141 690 203 713 nec
220 689 257 712 ea
273 681 328 719 lis,
353 679 408 711 etfi
426 688 540 710 omnes
565 686 716 717 peraeque
736 683 908 713 exerceat,
931 682 1018 705 mera

139 722 265 754 ratione
283 721 412 753 &nudo
427 719 649 761 gentiumjure
666 719 706 750 de
720 727 786 759 quo
804 718 1017 758 disputamus,

139 763 329 804 transigitur.
354 762 401 794 Ita
416 760 451 793 sit
469 770 528 792 una
548 760 650 791 salutis
667 760 732 791 via:
758 767 864 790 tamen
882 767 956 789 cum
974 757 1015 788 de

139 815 202 837 una
218 805 409 845 ambigitur,
433 804 463 834 &
486 802 595 834 multae
613 800 824 833 ostenduntur
840 809 880 831 ex
900 798 1016 840 quibus

140 847 226 879 suam
255 848 392 887 quisque
415 844 624 876 commendat
648 841 903 884 diligentissime:
927 841 1017 887 quod

141 889 273 920 dubium
297 886 364 924 est,
388 893 493 917 utrum
518 893 670 925 oporteat
691 894 744 916 me
759 908 769 924 ,
798 883 906 924 iudicii
931 891 1016 919 mei,

141 940 179 961 an
205 929 298 961 alieni
323 928 421 960 fidem
448 926 555 967 sequi:
579 935 652 957 cum
677 926 804 957 interim
821 947 830 962 ‚
855 931 890 955 ut
916 922 1017 955 salvus

141 971 217 1010 fim,
241 970 340 1010 magis
363 979 454 1007 mea,
478 977 574 1009 quam
600 967 727 999 alterius
746 966 892 998 intersit?
917 964 1016 996 Dein-

142 1013 202 1051 de,
225 1012 246 1044 si
269 1018 402 1049 oportet
426 1019 499 1049 me,
523 1010 555 1041 in
578 1019 613 1040 re
630 1009 722 1040 animi
741 1009 803 1040 mei
820 1016 930 1048 parere
948 1006 1017 1038 alii:

142 1055 194 1085 cui
215 1053 390 1095 praesertim
405 1051 560 1083 credam?
584 1050 734 1090 Principi.
781 1048 865 1086 Fac,
894 1047 955 1079 esse
972 1057 1019 1094 re-

141 1105 211 1127 rum
229 1096 407 1127 divinarum
423 1093 536 1125 rudem
549 1100 646 1133 atque
663 1092 819 1133 ignarum.
842 1091 933 1131 (nam
951 1098 1019 1130 gig-

143 1138 175 1168 ni
201 1146 217 1167 a
243 1136 392 1176 Principe
416 1134 588 1166 fortuitum
609 1133 655 1165 est
670 1157 680 1172 ,
703 1142 764 1164 nec
787 1131 911 1172 semper
934 1131 1020 1162 bona

141 1187 233 1210 mens
250 1187 322 1209 cum
337 1176 507 1208 nobilitate
528 1176 559 1207 δι
574 1175 690 1216 opibus
707 1173 932 1214 conjungitur)
948 1171 1019 1211 fac,

141 1221 196 1260 qui
214 1219 259 1251 est
284 1218 516 1251 dominantium
537 1226 628 1255 mos,
652 1217 750 1257 magis
767 1214 904 1255 imperio
921 1213 951 1245 ἀ
966 1223 1018 1259 au-

146 1262 294 1293 &oritate
312 1283 322 1298 ,
352 1269 447 1300 quam
478 1257 620 1290 suasione
645 1258 674 1289 δι
702 1257 845 1289 dotti-ina
868 1256 1017 1296 experiri.

141 1302 214 1342 fac,
231 1302 329 1334 literis
348 1301 472 1338 valere3
497 1300 526 1330 δε
543 1300 632 1340 quod
650 1298 809 1337 intendit,
825 1297 1019 1338 argumentis

140 1353 267 1384 urgere.
292 1342 347 1375 etsi
360 1366 369 1381 ‚
394 1343 447 1373 ΑΛ
459 1365 469 1380 ,
486 1342 547 1382 jam
569 1340 737 1380 pulchrum
756 1348 793 1370 ac
809 1338 967 1370 laudabile
983 1337 1021 1369 sit

143 1385 304 1425 Principis
321 1383 505 1421 confilium;
529 1383 730 1422 multumque
753 1389 817 1412 tam
832 1389 907 1411 rarae
925 1379 1021 1411 debe-

142 1435 193 1458 am
209 1426 414 1457 humanitati:
437 1423 491 1455 nisi
508 1432 614 1454 tamen
633 1423 774 1454 animum
791 1430 898 1453 meum
913 1421 1019 1452 redar-

141 1478 218 1509 guat
235 1467 358 1499 firmata
383 1465 583 1506 probataque
600 1464 776 1502 varietate3
799 1472 894 1503 quam
912 1462 1018 1493 habeo

143 1509 267 1540 causam
284 1531 294 1545 ,
317 1517 373 1538 cur
394 1505 500 1537 salutis
523 1514 602 1536 meae
630 1505 748 1537 damno
771 1514 824 1536 me
845 1503 1019 1536 adscribam

140 1550 291 1590 religioni
315 1557 332 1579 a
357 1556 419 1588 qua
445 1546 632 1578 abhorreo?
655 1547 699 1578 At
722 1546 808 1578 enim
826 1546 958 1586 privatae
974 1545 1020 1577 est

140 1591 324 1628 modestiae,
349 1589 467 1620 cedere
492 1587 644 1628 majestati
667 1588 733 1628 eJus
749 1588 801 1618 cui
819 1596 923 1619 rerum
941 1587 1019 1618 arbi-

144 1634 239 1664 trium
257 1632 346 1663 dedit
362 1629 427 1662 Dei
445 1630 475 1661 &
493 1629 661 1661 hominum
678 1627 857 1660 consensus.
892 1627 1022 1668 Nempe

140 1675 174 1706 id
198 1673 314 1705 faciam
338 1673 370 1704 in
397 1671 546 1703 omnibus
573 1680 644 1711 quae
668 1679 748 1702 meae
763 1669 823 1701 fint
839 1670 1020 1702 facultatis:

139 1714 305 1753 fueritque
328 1713 435 1745 forsan
457 1721 520 1745 tam
545 1713 741 1752 prudentiae,
766 1720 860 1752 quam
886 1713 1021 1743 comita-

140 1758 199 1795 tis,
218 1756 380 1798 paululum
401 1755 441 1786 de
456 1755 524 1794 jure
543 1754 726 1785 concedere
743 1752 902 1794 Principi:
920 1753 972 1791 qui
991 1753 1022 1784 δι

142 1799 217 1831 alias
237 1796 384 1839 prodeffe
402 1796 481 1828 mihi
499 1795 613 1835 possit3
636 1795 666 1826 δι
683 1795 736 1826 hic
750 1794 773 1826 fi
789 1795 937 1827 damnum
955 1793 1020 1826 scn-

141 1841 219 1872 tiam
237 1862 247 1879 ,
278 1838 375 1870 facile
398 1838 541 1869 inveniat
567 1836 676 1868 solatia
700 1835 840 1868 infelicis
865 1835 1020 1877 obsequii.

141 1882 205 1914 Sed
231 1891 272 1913 eo
298 1881 330 1912 in
348 1888 484 1911 numero
500 1888 566 1910 non
585 1877 629 1909 est
648 1878 774 1919 religio.
819 1877 895 1909 Deo
912 1887 949 1908 ea
969 1878 1022 1908 de-

141 1924 254 1959 betur,
277 1921 307 1953 &
327 1922 465 1952 emineat
480 1919 569 1960 supra
586 1922 674 1951 cives
694 1920 764 1951 suos
782 1918 953 1959 Princeps,
978 1927 1022 1949 ta-

142 1974 217 1996 men
235 1964 257 1996 fi
273 1973 345 1995 cum
364 1962 439 1994 Deo
458 1961 684 2001 componitur,
709 1961 851 2001 privatus
870 1961 935 1999 est3
960 1969 1019 1991 nec

142 2006 242 2038 debet
260 2004 490 2036 contumeliam
511 2002 595 2034 suam
612 2010 742 2043 putare3
767 2011 840 2033 cum
859 2002 888 2033 ei
906 2002 935 2033 ἃ
954 2010 1019 2032 me-

142 2056 198 2078 um
224 2048 252 2078 &
274 2047 339 2087 ejus
363 2048 530 2077 dominum
548 2043 704 2084 praefero:
729 2052 791 2084 ego
808 2052 888 2074 vero
904 2042 924 2074 fi
943 2042 1020 2083 sapi-

143 2097 214 2127 am,
237 2088 319 2119 adeo
342 2087 444 2119 stultae
468 2095 564 2127 atque
590 2085 694 2126 impiae
717 2084 897 2125 indulgeam
914 2085 1020 2116 adula-

141 2130 244 2168 tioni,
263 2137 297 2160 ut
314 2127 384 2169 post
402 2129 584 2169 Principem
600 2136 717 2170 ponam
735 2125 844 2158 Deum
856 2126 873 2157 ἱ)
891 2126 979 2166 cujus
997 2125 1019 2157 fi

140 2170 206 2203 fide
232 2178 328 2211 atque
355 2170 493 2201 amicitia
517 2169 685 2208 excidam,
709 2168 820 2200 deme
837 2167 941 2199 atrum
957 2166 1018 2198 est:

141 2220 241 2253 atque
262 2212 326 2251 ita,
350 2219 385 2242 ut
403 2219 574 2251 numquam
593 2209 662 2251 spes
685 2209 742 2248 fit,
764 2208 858 2247 fore3
881 2217 949 2240 uta
965 2209 1020 2240 mi-

140 2263 222 2286 nore
249 2252 410 2294 potestate
437 2252 584 2284 adversus
608 2252 762 2292 maiorem
779 2250 870 2282 causa
885 2260 955 2283 mea
972 2259 1020 2282 re-

140 2296 352 2336 dintegretur.

184 2337 233 2369 Sit
247 2337 332 2375 hoc,
356 2334 500 2377 inquies,
523 2334 544 2366 fi
562 2335 603 2366 de
620 2335 776 2375 religione
788 2356 797 2373 ,
820 2334 952 2374 ejusque
968 2342 1019 2364 ca-

142 2378 262 2419 pitibus
277 2378 347 2418 J'ure
364 2377 489 2417 imperii
508 2377 660 2408 decernat
679 2376 848 2416 Princeps:
872 2375 958 2406 aliud
975 2382 1019 2406 ta-

141 2429 216 2451 men
227 2419 290 2458 est,
306 2418 424 2460 fiquod
436 2418 609 2459 collegium
619 2417 819 2459 religiosum,
835 2426 872 2448 ac
885 2417 1017 2456 sacrum,

140 2470 204 2492 nec
225 2461 328 2492 minus
357 2461 496 2498 virtute,
521 2469 616 2500 quam
639 2458 791 2500 sapientia
816 2458 1016 2496 venerabile,

140 2502 208 2541 ejus
225 2502 316 2533 venia
332 2502 363 2534 in
379 2500 523 2542 suffragia
542 2509 592 2532 eat
608 2500 673 2533 Dei
692 2502 776 2532 vice.
818 2498 908 2531 Nihil
926 2506 1018 2531 muto

141 2545 175 2575 in
192 2553 226 2575 re
244 2544 358 2575 animi:
380 2543 436 2575 etfi
458 2544 491 2574 in
518 2543 606 2575 civili
623 2542 778 2584 pariturus
796 2540 870 2579 sun,
894 2549 1019 2572 utcum-

141 2593 206 2625 que
233 2585 324 2616 cadat
346 2583 476 2615 fortuna
500 2584 628 2624 iudicii:
651 2584 722 2624 quia
740 2593 808 2614 eam
826 2583 909 2613 inter
932 2583 1018 2613 cives

142 2625 280 2667 qualiter
295 2626 430 2664 qualiter
448 2624 550 2663 finiri,
575 2626 711 2666 publicae
736 2623 866 2656 interest
884 2624 1020 2664 quietis,

142 2667 242 2699 etiam
266 2675 340 2697 cum
366 2676 430 2698 non
447 2666 591 2707 perfecte
611 2667 808 2707 intelligitur.
839 2674 925 2696 nunc
941 2674 1020 2696 vero

141 2708 257 2750 religio
283 2707 446 2748 quaestioni
470 2707 532 2741 est:
555 2712 587 2740 in
613 2718 674 2749 qua
698 2717 750 2740 me
773 2706 859 2747 sequi
884 2705 932 2738 fas
956 2705 1019 2744 est,

143 2751 232 2792 quod
254 2758 329 2781 meo
352 2749 504 2788 probatur
531 2751 663 2789 anim03
691 2751 833 2790 alioquin
856 2748 1018 2786 ampliare.

144 2801 216 2833 quae
233 2791 320 2822 enim
337 2790 415 2821 mihi
440 2789 528 2821 causa
546 2791 736 2823 terminandi
755 2791 842 2831 quod
859 2790 936 2821 mihi
953 2798 1020 2820 non

141 2841 261 2873 paret,
293 2831 349 2864 etfi
374 2831 440 2862 aliis
468 2839 577 2870 parere
597 2834 723 2864 dicatur
740 2833 757 2865 ἱ)
787 2840 893 2863 utrum
917 2831 1020 2862 voluit

142 2874 238 2908 Deus
253 2897 264 2914 ,
288 2882 362 2905 cum
385 2872 462 2904 mihi
488 2881 630 2905 mentem
653 2875 743 2906 daret
766 2873 898 2905 rationis
926 2881 1018 2912 capa-

142 2926 236 2955 cem,
259 2915 338 2956 quid
364 2914 535 2946 decernam
553 2914 593 2945 de
612 2915 730 2947 summa
746 2924 850 2946 rerum
869 2923 904 2945 ac
925 2914 1020 2952 maie-

141 2960 241 2995 state,
257 2966 309 2989 me
326 2956 478 2994 aliorum,
502 2964 539 2986 an
559 2957 673 2988 mentis
690 2966 770 2989 meae
788 2956 888 2988 oculis
904 2955 1019 2987 intelli-

142 3000 245 3043 gere?
266 3008 325 3039 age
350 3007 428 3029 vero
441 3020 451 3036 ‚
474 2995 528 3027 ubi
546 2996 584 3027 ad
603 2999 690 3036 quod
708 2999 881 3038 collegium
902 3006 953 3029 me
972 3007 1020 3028 re-

145 3041 246 3075 mittit
271 3040 445 3080 Princeps,
467 3045 564 3077 atque
588 3037 619 3068 id
647 3037 783 3070 sancitum
804 3046 919 3077 vocat,
942 3037 1020 3069 Dei-

144 3093 209 3124 que
225 3082 356 3114 nomine
380 3080 556 3122 convenire
580 3080 768 3118 contendit3
791 3079 811 3110 fi
831 3088 936 3111 tamen
957 3081 1018 3111 ani—

143 3135 200 3157 mo
217 3133 291 3156 meo
311 3132 374 3154 non
392 3120 595 3161 repraesentat
611 3119 697 3159 spem
710 3121 775 3151 veri
794 3120 824 3150 &
837 3120 944 3152 summi
963 3122 1019 3152 bo-

147 3168 199 3198 ni:
216 3173 319 3197 utrum
335 3164 413 3196 mihi
425 3163 506 3201 Dei,
519 3171 557 3193 an
571 3162 738 3193 hominum
753 3161 883 3192 decreta
897 3162 1023 3194 offert?

146 3217 228 3251 quos
252 3207 413 3239 erroribus
437 3205 497 3238 suis
520 3211 616 3245 atque
634 3201 800 3235 affectibus
818 3203 959 3242 impelli,
982 3212 1019 3234 an

730 82 1039 129 GE‘RARD1
1103 88 1335 127 NoonT

1059 179 1183 212 mirer?
1205 188 1268 212 nec
1288 189 1342 212 me
1364 177 1496 211 vanitati
1522 177 1690 210 titulorum
1705 177 1932 222 honorumque

1060 221 1264 261 adquiescere
1280 229 1414 263 oportet
1431 221 1472 252 de
1486 228 1557 252 mea
1573 218 1689 258 salute,
1705 218 1736 250 ἀ
1751 221 1878 260 quidem
1891 233 1932 253 ae-

1060 269 1150 294 terna
1167 262 1356 303 sollicitum3
1372 261 1425 293 sed
1441 261 1567 293 rationi.
1590 261 1635 292 nil
1653 261 1739 292 enim
1755 262 1794 293 ad
1807 271 1860 294 me
1876 263 1934 295 ho.

1060 304 1182 335 minum
1198 304 1370 336 auctoritas
1388 303 1527 344 spestat3
1551 301 1604 333 sed
1623 303 1737 333 veritas
1753 301 1936 343 disciplinae.

1062 345 1201 385 denique
1221 347 1296 385 quid
1315 344 1465 384 interest,
1488 352 1593 375 utrum
1611 344 1746 374 invitum
1764 351 1816 374 me
1833 345 1871 375 ad
1888 355 1936 377 er-

1061 386 1141 417 roris
1159 386 1345 419 consensum
1363 386 1466 418 trahat
1486 385 1659 425 Princeps:
1681 394 1719 416 an
1733 384 1860 424 jubeat,
1882 394 1935 418 me

1061 426 1128 467 rapi
1145 427 1184 458 ab
1200 428 1285 460 aliis:
1309 438 1392 469 quos
1409 437 1489 459 meae
1504 426 1747 468 judicesxsalutis
1766 435 1872 466 neque
1888 426 1936 459 fe·

1062 468 1110 507 ci,
1133 477 1240 509 neque
1262 469 1371 501 facere
1393 470 1503 511 potui,
1528 468 1697 508 multoque
1720 468 1825 499 minus
1845 467 1934 500 Prin-

1061 518 1138 550 ceps
1156 510 1287 550 potest?
1310 510 1387 542 Hoc
1405 511 1556 552 amplius:
1573 509 1729 541 subsistam
1746 509 1855 547 etiam,
1878 511 1934 542 ubi

1061 551 1218 582 sententia
1244 552 1275 583 in
1302 561 1397 593 quam
1415 552 1550 594 pedibus
1567 552 1613 582 ire
1629 551 1766 591 jubeor,
1789 552 1937 591 proxima

1061 592 1107 624 est
1122 593 1160 624 ad
1176 593 1302 624 beatam
1318 594 1433 625 vitam:
1451 594 1526 625 dum
1542 592 1621 624 mihi
1635 600 1701 623 non
1717 593 1848 633 liqueat.
1866 601 1936 633 quae

1061 634 1147 665 enim
1161 633 1294 674 sapienti
1310 643 1345 665 ac
1361 636 1484 676 parenti
1500 642 1618 666 naturae
1635 635 1696 675 legi
1708 642 1760 665 aut
1776 633 1865 664 causa
1883 642 1937 666 aut

1056 676 1126 716 jus,
1148 675 1180 706 in
1205 675 1439 712 praesentiarum
1463 677 1585 717 ingredi
1610 676 1694 707 viam
1716 684 1809 716 quam
1828 674 1937 708 falsam

1060 723 1171 757 putet:
1188 716 1264 747 licet
1278 717 1418 758 alioquin
1435 719 1556 757 optima
1571 716 1633 749 fit?
1649 716 1733 756 scio,
1750 716 1857 756 potest
1874 717 1938 748 via-

1061 766 1113 790 tor
1139 758 1178 789 ad
1203 757 1393 790 destinatum
1416 759 1526 790 locum
1548 759 1716 798 pervenire
1733 759 1816 797 ali0,
1841 767 1937 798 quam

1060 799 1238 841 cogitavit,
1262 799 1388 832 itinere.
1418 799 1500 841 saepe
1516 801 1612 831 etiam
1630 808 1724 831 nauta
1746 800 1936 840 tempestate

1059 841 1111 872 vel
1139 850 1248 872 errore
1275 841 1306 872 in
1332 847 1461 882 portum
1481 842 1602 873 delatus
1623 841 1678 872 est.
1707 850 1739 873 at
1755 843 1824 882 quis
1843 841 1937 874 sacris

1059 882 1326 923 caeremoniisque
1351 892 1422 922 quae
1447 883 1476 914 ei
1500 890 1555 914 aut
1578 883 1674 923 impia
1691 882 1753 914 visa
1769 883 1856 922 sunt,
1881 890 1937 914 aut

1059 923 1137 955 Deo
1153 924 1293 965 ingrata,
1309 925 1348 956 ad
1363 925 1522 956 bonorum
1538 922 1634 955 finem
1645 947 1655 963 ,
1679 924 1710 956 id
1728 924 1773 956 est
1784 948 1794 964 ,
1810 926 1850 956 ad
1867 923 1936 957 Dei

1062 965 1235 997 amicitiam
1251 974 1320 1005 quae
1338 967 1466 997 demum
1483 965 1637 1006 religiosae
1653 968 1768 997 mentis
1786 966 1938 997 devotio·

1061 1017 1102 1038 ne
1121 1006 1305 1046 obtinetur,
1327 1016 1477 1047 umquam
1496 1007 1669 1047 pervenit?
1692 1006 1754 1038 Sed
1772 1007 1938 1040 finiamus:

1061 1048 1133 1080 satis
1159 1048 1244 1080 enim
1268 1049 1517 1081 demonstratum
1544 1047 1610 1087 est,
1632 1057 1697 1079 non
1718 1047 1780 1080 effe
1797 1049 1939 1089 Principi

1062 1097 1116 1121 aut
1135 1090 1282 1130 cuiquam
1300 1091 1351 1122 alii
1365 1091 1435 1130 jus,
1458 1099 1512 1121 aut
1534 1090 1628 1121 etiam
1645 1088 1768 1121 causam
1786 1091 1875 1123 cives
1892 1090 1940 1121 su-

1063 1141 1100 1164 os
1125 1131 1248 1163 aliosve
1270 1133 1385 1171 armis,
1409 1132 1462 1163 vel·
1476 1131 1617 1173 legibus,
1642 1131 1781 1172 denique
1799 1132 1849 1169 vi,
1872 1140 1941 1163 me-

1064 1180 1118 1211 tu,
1142 1173 1264 1213 poenis,
1290 1174 1438 1216 alligandi
1464 1182 1560 1205 certae
1581 1173 1746 1213 religionis
1769 1172 1939 1213 formulae,

1063 1215 1136 1254 quia
1153 1237 1163 1253 ,
1187 1213 1208 1246 fi
1237 1224 1345 1246 veram
1369 1215 1546 1255 putabunt,
1570 1214 1683 1255 sponte
1705 1214 1939 1253 amplectentur

1062 1265 1158 1296 quam
1181 1256 1227 1287 eis
1254 1257 1336 1288 ratio
1354 1256 1584 1288 demonstrabit
1598 1257 1727 1287 utilem:
1750 1256 1794 1288 sin
1813 1257 1939 1296 minus;

1063 1298 1091 1328 ei
1117 1305 1191 1328 cum
1218 1296 1283 1328 Dei
1306 1299 1520 1340 negligentia,
1543 1305 1640 1335 atque
1656 1298 1686 1328 in
1703 1296 1785 1328 suam
1803 1299 1939 1338 pernici-

1063 1348 1113 1371 em
1130 1338 1343 1370 assentientur.
1388 1339 1489 1381 Quod
1508 1339 1527 1371 si
1549 1338 1611 1370 est:
1635 1339 1698 1369 huc
1714 1339 1797 1370 redit
1812 1341 1939 1379 oratio;

1062 1388 1114 1418 ut,
1130 1379 1151 1411 fi
1168 1388 1300 1421 experta
1315 1381 1422 1412 omnia
1438 1381 1492 1419 fit,
1515 1380 1630 1419 quibus
1648 1379 1752 1418 valet,
1768 1380 1939 1420 in‹1ustria;

1061 1421 1140 1453 nihil
1164 1421 1219 1459 fit,
1242 1431 1298 1453 cur
1321 1422 1422 1454 homo
1447 1421 1569 1453 homini
1594 1421 1737 1452 invideat
1754 1421 1939 1455 libertatern

1062 1463 1102 1494 de
1119 1461 1216 1494 salute
1233 1462 1283 1494 sua
1300 1472 1341 1494 ex
1357 1464 1452 1495 animi
1468 1464 1510 1495 sui
1528 1462 1683 1494 sententia
1696 1462 1877 1502 judicandi:
1900 1463 1939 1495 fi-

1061 1514 1101 1535 ve
1118 1505 1260 1535 declinet
1278 1513 1371 1535 novae
1393 1504 1580 1537 societatem
1596 1503 1792 1544 disciplinae3
1815 1505 1879 1536 sive
1896 1505 1937 1536 ab

1062 1555 1098 1576 ea
1116 1554 1175 1585 qua
1192 1553 1266 1577 ante
1284 1545 1353 1578 usus
1368 1545 1405 1578 fit
1417 1569 1427 1586 ,
1440 1547 1472 1578 in
1490 1553 1595 1577 totum
1611 1545 1663 1576 vel
1680 1555 1721 1576 ex
1732 1552 1822 1584 parte
1839 1545 1939 1577 disce-

1064 1588 1136 1619 dat:
1161 1596 1233 1618 cum
1250 1586 1421 1627 praesertim
1437 1596 1542 1628 neque
1559 1587 1607 1618 vis
1623 1587 1652 1617 ei
1669 1586 1838 1627 proficiat3
1854 1589 1884 1618 ὅε
1902 1587 1938 1618 li-

1063 1628 1169 1659 bertas
1189 1628 1267 1659 nihil
1283 1629 1314 1660 in
1331 1629 1563 1669 rempublicam
1576 1628 1747 1667 scelerate,
1763 1627 1842 1661 nihil
1858 1629 1890 1660 in
1907 1638 1938 1660 a·

1064 1670 1140 1701 lium
1158 1669 1268 1709 injuste
1285 1679 1381 1708 atque
1396 1670 1543 1711 improbe
1559 1669 1720 1701 moliatur.

1107 1710 1223 1749 Dices,
1240 1710 1303 1742 Dei
1320 1712 1460 1751 injuriam
1478 1711 1558 1750 effe3
1574 1720 1647 1743 cum
1665 1711 1729 1751 ejus
1740 1710 1853 1752 religio
1869 1711 1939 1751 pol-

1064 1752 1160 1784 luitur
1172 1776 1181 1791 ,
1205 1761 1258 1784 aut
1274 1752 1443 1784 desultoria
1460 1753 1592 1784 levitate
1609 1751 1773 1784 deseritur.
1810 1753 1936 1786 Audio:

1064 1792 1117 1825 sed
1141 1796 1211 1833 quis
1238 1802 1271 1825 tu
1291 1793 1350 1825 cs?
1371 1795 1446 1835 quid
1464 1795 1521 1826 tibi
1539 1794 1690 1835 arrogas?
1714 1794 1789 1835 quid
1807 1794 1939 1826 tibiiric

1064 1834 1214 1876 negotii?
1237 1844 1343 1875 quove
1363 1837 1491 1868 tandem
1509 1837 1578 1875 iure
1603 1844 1637 1866 tu
1661 1835 1820 1867 ulcisceris
1834 1836 1940 1876 injuri-

1064 1885 1114 1908 am
1133 1885 1203 1916 quae
1219 1886 1284 1908 non
1302 1884 1355 1908 tua
1373 1877 1442 1910 cst?
1465 1879 1541 1918 quin
1562 1877 1649 1918 quod
1664 1876 1813 1909 adversus
1830 1876 1940 1910 Deum

1064 1918 1224 1950 committi
1241 1926 1331 1958 putas
1345 1942 1359 1957 ‚,
1375 1920 1414 1950 ad
1432 1918 1541 1951 Deum
1557 1918 1711 1950 remittis:
1732 1918 1888 1958 finisque,
1905 1929 1940 1950 e-

1060 1960 1108 2000 jus
1134 1959 1196 1991 effe
1222 1960 1252 1991 δε
1281 1960 1421 1991 criminis
1438 1984 1448 1998 ‚
1473 1962 1503 1992 ὅ(
1527 1960 1658 1991 ultionis
1682 1959 1937 1992 aestimationem.

1063 2001 1168 2042 quid?
1191 2002 1278 2041 quod
1295 2001 1334 2033 de
1353 2002 1516 2042 puniendo
1533 2001 1627 2032 animi
1644 2008 1741 2040 atque
1759 2001 1938 2034 intelleftus

1062 2043 1164 2081 vitio,
1185 2052 1312 2078 errore,
1336 2043 1425 2082 labe,
1450 2052 1491 2074 ne
1517 2041 1622 2082 potest
1644 2043 1773 2082 quidem
1790 2042 1937 2082 alicujus,

1062 2091 1274 2124 praeterquam
1289 2082 1373 2123 Dei,
1394 2084 1546 2124 judicium
1564 2082 1636 2115 ess'e.
1679 2081 1757 2115 Non
1781 2091 1851 2114 utar
1868 2094 1938 2115 vcr-

1062 2125 1130 2163 bis,
1147 2125 1230 2163 Aa,
1246 2134 1296 2157 res
1313 2126 1464 2165 loquitur.
1488 2125 1558 2165 quis
1575 2125 1713 2156 animum
1730 2124 1850 2157 novit?
1866 2126 1938 2164 quis

1062 2166 1177 2198 videt?
1200 2175 1309 2198 nonne
1335 2166 1451 2199 Deus?
1475 2167 1544 2208 quis
1565 2166 1704 2198 movet?
1726 2167 1796 2206 quis
1811 2165 1938 2199 fleffit?

1064 2209 1134 2247 quis
1151 2207 1255 2248 regit?
1280 2217 1388 2239 nonne
1406 2208 1524 2240 Deus?
1547 2208 1622 2247 quid
1641 2207 1763 2238 homini
1779 2208 1810 2238 in
1831 2217 1871 2238 eo
1888 2217 1938 2239 re-

1063 2249 1242 2289 linquitur?
1263 2259 1371 2281 nonne
1389 2249 1603 2290 obsequium?
1617 2250 1713 2289 igitur
1730 2258 1770 2280 an
1787 2248 1824 2280 fit
1840 2249 1936 2281 animi

1063 2299 1251 2331 peccatum,
1274 2291 1388 2331 quale,
1412 2298 1585 2331 quantum,
1604 2289 1770 2331 ipsumque
1786 2299 1845 2329 an,
1870 2299 1936 2331 quo

1064 2341 1211 2371 tempore
1229 2355 1239 2369 ‚
1269 2341 1335 2372 quo
1360 2333 1435 2363 loco
1453 2356 1462 2371 ,
1494 2341 1559 2372 quo
1585 2332 1707 2370 mod0,
1729 2340 1796 2372 quo
1817 2340 1937 2372 usque,

1063 2382 1159 2411 quem
1175 2374 1205 2404 in
1222 2373 1319 2404 finem
1336 2374 1475 2415 denique
1489 2373 1685 2415 puniendum
1701 2372 1935 2414 fit3potestne‚

1063 2414 1084 2446 fi
1097 2414 1168 2455 justi
1186 2413 1248 2446 esse
1264 2415 1433 2454 volumus,
1458 2415 1487 2447 &
1516 2424 1589 2447 cum
1605 2415 1729 2447 ratione
1744 2424 1857 2455 agere,
1879 2423 1935 2455 per

1062 2465 1167 2488 rerum
1191 2463 1335 2487 naturam
1358 2457 1436 2488 alius
1453 2481 1462 2496 ,
1487 2466 1580 2497 quam
1606 2455 1696 2488 Deus
1719 2455 1935 2496 cognoscere,
1967 2467 1972 2473 ·

1061 2498 1258 2538 intelligere,
1282 2497 1444 2530 statuere?
1467 2507 1532 2529 non
1557 2497 1673 2537 potest.
1697 2505 1733 2529 ut
1748 2497 1818 2528 baec
1840 2497 1934 2529 omit-

1063 2547 1146 2571 tam:
1163 2548 1220 2570 cur
1237 2546 1269 2569 te
1284 2539 1372 2580 piget
1388 2539 1454 2579 ejus
1470 2548 1565 2579 quem
1578 2538 1666 2571 Deus
1681 2548 1747 2570 non
1765 2539 1854 2577 odit3
1868 2547 1935 2570 cer-

1063 2589 1095 2611 te
1112 2589 1184 2611 eum
1201 2589 1267 2620 quo
1290 2580 1418 2612 interim
1441 2581 1611 2612 utilitatem
1629 2579 1702 2611 solis
1717 2588 1814 2621 atque
1828 2580 1935 2612 imbris

1063 2622 1297 2661 communicat3
1315 2621 1369 2653 etfi
1385 2621 1489 2662 poss'et
1507 2631 1580 2653 eum
1598 2621 1701 2653 statim
1718 2621 1748 2653 ὅ(
1763 2621 1850 2653 mille
1869 2630 1936 2653 mo·
1956 2635 1959 2639 ⁴

1063 2664 1130 2701 dis,
1147 2663 1168 2694 si
1189 2663 1306 2702 vellet,
1321 2663 1480 2705 affligere,
1496 2664 1657 2703 cruciare,
1675 2663 1835 2704 perdere?
1851 2661 1935 2703 quod

1063 2705 1084 2737 fi
1110 2703 1201 2736 Deus
1225 2704 1255 2736 &
1279 2706 1382 2744 parcit
1407 2705 1437 2737 &
1463 2704 1593 2746 prodest
1611 2705 1640 2736 ei
1665 2713 1681 2735 a
1698 2713 1763 2744 quo
1782 2703 1869 2735 laesus
1884 2702 1935 2736 fit:

1063 2747 1140 2787 quid
1158 2745 1323 2777 hominem
1339 2745 1449 2778 facere
1464 2747 1560 2778 decet
1578 2747 1630 2778 cui
1647 2755 1713 2778 non
1731 2745 1866 2777 obfuit?

1102 2787 1198 2819 Esto:
1214 2795 1297 2818 errat
1311 2788 1457 2820 tamen&
1476 2787 1587 2827 stulte,
1603 2795 1700 2828 atque
1716 2788 1747 2819 in
1763 2787 1935 2828 religione:

1062 2838 1128 2868 quo
1143 2828 1222 2860 nihil
1237 2829 1352 2860 divinis
1367 2829 1578 2869 humanisque
1594 2829 1689 2861 rebus
1700 2852 1710 2868 ,
1726 2828 1804 2861 nibil
1818 2835 1936 2860 naturae

1061 2870 1180 2911 foederi
1208 2871 1330 2910 turpius
1355 2879 1451 2911 atque
1468 2870 1631 2903 exitiosius
1646 2870 1701 2902 est.
1745 2869 1806 2901 Per
1822 2866 1936 2901 fidem!

1062 2920 1115 2951 tu,
1140 2921 1161 2943 ο
1185 2911 1302 2943 homo!
1325 2913 1357 2943 in
1385 2912 1525 2944 humano
1546 2912 1622 2944 foro
1641 2935 1651 2951 ,
1674 2919 1881 2952 quocumque
1903 2908 1936 2940 id

1063 2963 1158 2986 ornes
1175 2954 1325 2993 nomine,
1350 2963 1448 2985 vocas
1464 2954 1604 2993 crimen,
1620 2953 1784 2985 hominem
1800 2951 1886 2982 suum
1904 2958 1936 2980 a·

1063 2997 1184 3027 nimum
1210 2996 1242 3027 in
1269 3004 1302 3027 re
1329 2995 1424 3027 animi
1447 2994 1534 3036 sequi
1555 2996 1692 3036 judicem
1709 2994 1727 3026 ἱ)
1750 3001 1784 3024 tu
1807 2990 1935 3029 censes,

1062 3037 1207 3069 omnium
1225 3037 1370 3077 injuriam
1388 3037 1557 3069 continere
1575 3036 1662 3075 quod
1679 3042 1790 3066 omnes
1803 3054 1814 3069 ,
1836 3030 1856 3062 fi
1876 3041 1934 3061 vo-

1062 3079 1166 3110 lumus
1183 3078 1260 3110 boni
1280 3078 1425 3110 videri&
1437 3078 1527 3120 justi,
1539 3077 1648 3109 facere
1665 3082 1780 3119 natutae
1798 3073 1867 3112 lege
1886 3078 1933 3102 te-

1061 3119 1201 3152 nemur?
1217 3121 1287 3159 dic,
1303 3119 1436 3159 amabo,
1450 3120 1536 3160 quod
1552 3114 1777 3161 crimini-dabis
1787 3122 1904 3144 nomen
1915 3112 1934 3144 ‘e’

1066 3170 1161 3202 quam
1185 3161 1274 3193 dices
1301 3161 1366 3201 ejus
1382 3160 1531 3192 causam?
1553 3167 1619 3190 non
1637 3164 1719 3187 enim
1735 3155 1806 3185 leve
1822 3153 1884 3185 esse
1899 3162 1934 3184 o·
1955 3193 1957 3196 y

1064 3210 1174 3244 portet
1190 3202 1278 3244 quod
1293 3203 1465 3236 humanum
1480 3209 1599 3243 genus,
1610 3205 1704 3237 atque
1719 3194 1781 3237 ipsa
1795 3195 1933 3266 elemeg
