2036 3495
168 119 239 162 316
546 137 553 141 -
585 114 618 148 G
651 122 672 146 z
704 123 726 148 n
757 123 778 148 A
811 123 834 148 R
865 122 890 148 n
923 122 938 148 1

172 204 326 246 adcreviffe
354 204 514 245 portionem
543 201 709 232 hereditatis
741 198 804 242 post
843 198 1050 240 restitutionem

166 247 275 288 scripto
301 247 397 276 heredi
406 255 415 275 .·
437 253 475 273 cin
500 249 567 280 opus
593 244 619 272 ez'
629 241 669 280 fit
693 242 751 272 alia
768 241 907 273 afflone?
931 241 971 272 Ec
987 244 1046 281 ait,

166 286 305 328 churum
320 285 371 326 effe
389 294 452 314 eum
461 282 544 323 poffe.
569 284 601 313 de
620 283 666 314 zllo
685 283 772 322 plane
798 282 886 323 [loco]
903 282 960 321 solo
976 292 1049 323 qute-

174 329 297 358 rendum
318 328 379 363 air,
402 335 442 355 an
459 326 483 354 ei
500 331 567 364 opus
577 322 618 361 sir
634 334 711 355 nova
726 322 922 364 restitucione,
942 323 1049 365 postea—

175 379 262 409 quam
284 367 376 407 portio
401 367 531 396 adcrevit
587 365 667 396 Haec
691 375 820 405 recepta
849 366 961 396 lecti'o:
986 366 1049 406 ipsa

174 408 308 441 molesta
336 404 508 437 Nobilibus
536 406 785 448 Interpretibus:
818 407 966 446 interque
990 407 1049 438 hos

175 448 220 481 D.
239 447 369 488 Cujacio
386 447 432 479 lib.
454 457 500 480 12.
521 448 592 489 Obs.'
613 458 638 479 c.
660 457 705 480 12.
731 457 789 489 pro
806 449 929 486 ignarus
945 449 1051 489 legen-

177 491 220 527 ti,
247 499 381 530 gnarum
412 489 508 527 item,
541 490 684 528 aditione,
715 499 773 529 pro
799 489 918 520 afflone.
967 490 1051 521 Mihi

174 532 265 572 prior
292 529 413 570 Cujacii
439 530 622 570 conjectura
639 530 807 562 necessaria
825 532 969 563 videtur:
994 540 1051 571 po-

175 571 288 604 sterior
310 572 517 612 supervacua:
541 581 613 612 apta
636 581 736 609 voce,
758 571 882 607 αέῖῑωηες
909 571 1051 612 persecu-

174 614 296 645 tionem
315 614 616 651 extraordinariam,
633 614 733 654 qualis
752 612 795 644 est
807 612 1050 651 fideicommiffi,

176 656 208 686 in
228 654 393 694 praese-ntia
416 654 598 695 designante
622 654 641 685 l.
664 659 732 694 178.
756 654 783 696 §.
802 664 829 685 2.
849 653 888 684 D.
918 656 951 684 a'e
972 656 1051 686 verb.

172 694 278 737 fignif.
326 695 423 737 Igitur
446 698 488 727 ait
513 694 688 736 Ulpianus,
712 696 776 736 (ad
800 705 893 735 quem
920 695 1051 726 venien-

179 738 275 777 dum)
298 736 501 777 Papinianum
528 736 646 777 putass'e
663 759 673 775 ,
703 736 907 768 deficientem
935 738 1055 776 portio-

182 788 256 810 nem
274 777 549 810 fideicommiss'arii
567 779 636 818 jure
652 777 852 809 adcrescendi
871 777 946 809 fieri.
967 778 1056 818 quod

178 820 227 851 his
246 829 314 861 quae
332 820 413 851 dieta
431 818 520 857 sunt,
542 826 707 859 repugnat.
749 819 810 849 Sed
827 818 871 850 est
887 818 1055 850 observan-

179 863 274 900 dum,
299 863 384 901 quod
408 859 586 892 fiduciarius
612 861 641 892 in
659 859 730 891 casu
755 870 849 900 quem
870 860 979 891 traClat
1000 860 1055 891 Pa-

179 903 346 943 pinianus,
371 911 435 932 non
462 901 575 941 sponte
606 902 683 932 adiit
709 901 938 940 hereditatem,
961 901 1013 933 sed
1039 911 1055 932 a

180 944 320 976 Praetore
343 942 472 974 coactus
495 953 535 974 ex
555 942 692 974 secundo
715 943 819 982 capite
841 942 1055 974 Senatuscon-

181 983 250 1016 sulti
278 983 450 1025 Pegafiani:
475 993 580 1024 eoque
606 985 692 1015 omni
713 987 853 1024 privatur
877 986 1056 1024 commodo

182 1025 271 1066 quod
294 1036 333 1056 ex
358 1025 549 1057 testamento
580 1025 734 1057 habuisset
753 1048 762 1063 ‚
800 1025 820 1056 si
845 1025 1056 1056 hereditatem

181 1067 200 1098 s
219 1076 296 1098 onte
319 1065 440 1098 adiisset
470 1066 489 1098 l.
508 1076 537 1106 4.
565 1064 582 1096 2.
602 1077 650 1106 27.
675 1066 702 1108 §
726 1076 752 1097 2.
777 1065 815 1097 D.
839 1066 888 1097 Ad
905 1066 1055 1096 Senatum.

213 1108 305 1140 rebell.
331 1118 392 1140 nec
418 1117 522 1141 tamen
542 1107 696 1146 Ulpianus
723 1107 771 1138 vel
790 1108 830 1138 lic
849 1116 960 1147 negat,
985 1116 1056 1146 por-

184 1151 307 1181 tionem
333 1148 512 1181 deficientis
539 1149 665 1181 heredis
692 1149 801 1180 heredi
820 1149 937 1187 scripto
956 1147 1059 1179 subtili

182 1191 251 1231 iure
273 1192 476 1222 adcrescere:
507 1199 694 1230 quamquam
723 1191 808 1229 vult,
839 1199 910 1220 eum
936 1192 1058 1227 teneri,

184 1242 252 1263 eam
270 1231 433 1264 restituere
458 1233 610 1272 exemplo
636 1231 793 1271 portionis
818 1232 846 1262 iri
865 1240 957 1271 quarn
976 1229 1056 1262 insti-

183 1281 269 1305 tutus
297 1273 410 1304 fuerat.
443 1283 538 1304 unum
564 1273 742 1304 annotabo;
776 1272 863 1312 quod
887 1270 1061 1311 Ulpianus,

185 1314 335 1356 quaesito,
352 1325 389 1346 an
409 1311 699 1346 fideicommissario
718 1323 801 1344 nova
817 1322 896 1353 opus
913 1313 948 1345 fit
965 1314 1060 1344 attio-

183 1366 244 1395 ne,
269 1355 331 1387 sive
356 1366 439 1387 nova
467 1355 706 1395 persecutione,
730 1354 794 1386 five
819 1364 900 1386 nova
925 1355 1058 1399 pollula-

183 1398 274 1429 tione
298 1398 420 1429 decreti
447 1397 713 1434 extraordinaria,
738 1405 773 1426 ea
798 1397 828 1428 in
851 1395 955 1436 specie
973 1396 1055 1426 adhi—

185 1437 252 1470 beri
282 1439 391 1476 solita,
416 1449 454 1469 ex
481 1439 632 1469 sententia
653 1436 813 1477 Papiniani
828 1438 893 1474 ait,
917 1437 1060 1469 securum

185 1479 249 1511 ess'e
267 1489 339 1511 eum
358 1480 464 1521 poffc,
490 1480 520 1509 id
539 1478 601 1517 est,
627 1488 690 1509 non
709 1478 825 1510 habere
842 1479 893 1510 tali
912 1488 991 1519 opus
1006 1488 1060 1519 po·

185 1521 363 1553 stolatione.
408 1519 529 1557 Addit,
565 1522 604 1551 de
628 1520 683 1551 illo
708 1521 800 1558 plane
827 1520 895 1551 solo
922 1530 1060 1560 quaeren·

186 1563 281 1597 dtim;
305 1571 341 1591 an
366 1561 413 1598 ei,
445 1560 611 1600 postquam
637 1563 745 1599 portio
777 1561 945 1599 adcrevit,
977 1571 1060 1592 nova

187 1612 268 1642 opus
288 1603 323 1633 fit
342 1602 567 1634 restitutione?
594 1601 693 1634 sensus
712 1600 773 1633 est:
800 1603 892 1634 Licet
909 1603 991 1634 nulla
1016 1604 1056 1633 in-

189 1646 296 1685 digeat
317 1643 531 1685 postulatione
549 1644 625 1675 novi
644 1644 765 1675 decreti
786 1653 850 1682 quo
867 1644 958 1675 heres
976 1653 1061 1676 com·

184 1686 321 1726 pellatur
338 1709 347 1724 ‚
381 1685 592 1717 hereditatem
617 1687 731 1716 iterum
758 1685 860 1716 adire:
889 1694 995 1716 tamen
1032 1685 1061 1716 ei

185 1737 270 1759 nova
288 1736 370 1767 opus
388 1727 433 1758 est
451 1725 671 1764 restitutione3
695 1726 768 1767 quia
783 1726 891 1767 portio
909 1725 1061 1758 deficiens

187 1769 299 1809 utique
319 1769 426 1799 heredi
445 1768 563 1806 scripto
586 1767 653 1808 ipso
672 1768 742 1808 jure
764 1768 917 1799 adcrevit.
962 1768 1062 1810 Quod

186 1810 209 1843 fi
233 1809 294 1841 est:
321 1810 468 1849 profecto
495 1810 614 1849 liquet,
639 1809 819 1841 hereditate
845 1809 954 1849 sponte
981 1811 1063 1841 adita

186 1852 217 1883 δι
236 1851 377 1883 restituta
395 1862 410 1882 a
426 1850 607 1888 fiduciario,
620 1851 804 1892 portionem
821 1851 991 1883 coheredis
1012 1851 1064 1882 de·

185 1892 324 1925 ficientis
341 1893 456 1925 deinde
475 1902 538 1924 non
559 1891 742 1924 adcrescere
756 1890 1064 1930 fideicommissario,

188 1935 267 1975 licet
299 1934 412 1966 habeat
439 1934 523 1966 bona
560 1934 775 1965 hereditaria:
806 1932 857 1964 sed
883 1933 1063 1972 fiduciario,

189 1985 286 2016 quem
306 1977 356 2007 vel
386 1975 431 2007 his
452 1976 621 2013 restitutis,
645 1975 796 2007 heredem
825 1974 906 2014 else,
930 1976 957 2006 ὅ(
977 1975 1063 2006 here-

190 2017 321 2050 ditatem
337 2017 405 2057 jure
423 2018 508 2048 civili
528 2018 685 2054 retinere,
705 2017 809 2058 negari
827 2025 931 2056 neque
949 2016 1064 2057 potest,

187 2067 294 2099 neque
318 2059 424 2090 debet.
470 2058 567 2102 Quod
592 2058 611 2090 fi
638 2057 699 2090 est:
722 2059 806 2089 idem
833 2059 936 2090 multo
963 2057 1065 2090 verius

191 2100 347 2138 dixerini;
372 2101 498 2132 vendita
517 2100 712 2137 hereditate,
731 2098 751 2131 fi
768 2107 944 2138 quaeratur3
962 2099 1065 2131 utrum

193 2142 353 2181 emptori,
378 2151 414 2172 an
441 2142 623 2180 venditori,
648 2141 808 2173 adcrescat
837 2141 944 2181 portio
968 2141 1064 2172 colie-

190 2184 292 2215 redis:
316 2183 400 2215 nulla
417 2183 636 2220 dubitatione,
662 2193 767 2223 neque
784 2191 960 2223 emptorem
980 2183 1066 2214 licre·

192 2224 299 2256 ditatis
323 2227 488 2264 emptione
512 2224 663 2255 heredem
682 2224 769 2262 fieri,
794 2233 828 2255 ut
845 2225 984 2255 maxime
1000 2225 1028 2255 ei
1053 2233 1069 2255 a

190 2266 363 2297 venditore
391 2265 551 2305 praestetur
579 2268 665 2306 quod
691 2276 731 2296 ex
757 2265 934 2296 hereditate
958 2275 1067 2306 perve-

193 2306 260 2346 nit;
284 2317 389 2346 neque
415 2306 616 2339 venditorem
645 2306 786 2339 definere
813 2307 962 2338 heredem
991 2306 1068 2345 ess‘e,

192 2350 338 2388 quamvis
357 2359 454 2380 omne
477 2351 563 2389 quod
583 2349 769 2379 hereditatis
791 2347 905 2385 fuerit,
930 2349 1069 2388 emptori

195 2390 384 2429 praestlterit.
434 2390 572 2421 Proinde
595 2400 635 2421 ne
660 2390 736 2421 illud
767 2389 895 2430 quidem
920 2399 971 2421 me
995 2390 1069 2420 hinc

195 2429 334 2466 seducit,
359 2433 446 2472 quod
464 2442 503 2463 ex
520 2431 539 2463 l.
556 2441 595 2472 33
627 2431 655 2473 ᾗ.
680 2441 702 2462 ι.
725 2430 762 2461 D.
779 2433 811 2462 de
828 2431 983 2471 usufrufflu
1002 2441 1068 2472 pas-

195 2470 249 2503 fim
264 2472 410 2512 iactatur,
437 2472 619 2513 portionem
640 2472 797 2512 portioni,
822 2474 910 2505 velut
933 2473 963 2504 in
980 2472 1070 2504 fundi

196 2512 375 2552 alluvione,
407 2515 608 2547 adcrescere:
640 2514 712 2545 cum
740 2514 824 2546 bona
858 2514 1070 2550 hereditaria,

200 2556 338 2593 emptori
363 2565 379 2586 a
404 2558 573 2588 venditore
599 2555 750 2596 praestita,
776 2556 928 2595 portione
948 2556 1070 2587 heredi—

199 2601 274 2640 tatis
290 2596 318 2625 in
337 2597 496 2635 praesentia
513 2607 577 2629 non
595 2599 799 2629 cenleantur:
824 2596 876 2628 sed
894 2596 1000 2637 portio
1018 2597 1071 2628 he-

197 2637 342 2668 reditntis
368 2647 457 2675 quain
486 2640 570 2679 apud
594 2639 796 2671 venditorem
820 2637 899 2676 effe,
933 2647 1007 2669 cum
1034 2647 1075 2668 ex

201 2676 344 2716 superior
358 2677 416 2709 bus
441 2681 566 2719 claret,
598 2689 664 2712 tum
692 2688 845 2720 praeterea
868 2689 907 2711 ex
934 2678 1074 2717 Ulpiano

201 2718 220 2750 l.
240 2728 268 2757 4.
285 2718 313 2760 §.
331 2719 383 2749 ult.
411 2719 449 2750 D.
469 2721 499 2750 Si
518 2723 582 2762 qais
598 2721 685 2763 ormff
702 2722 779 2761 caus
797 2719 907 2762 testam.
952 2719 1074 2752 Verum

204 2760 309 2791 adhuc
328 2768 422 2791 vexat
439 2769 470 2790 te
488 2760 642 2800 Ulpianus
664 2765 682 2794 l.
702 2768 749 2805 33.
779 2763 823 2794 D.
848 2764 881 2794 dc
896 2763 962 2804 adq.
981 2763 1072 2793 hered.

205 2800 246 2833 fic
263 2801 413 2832 scribens:
438 2801 470 2832 Si
494 2807 580 2833 coium
602 2815 639 2835 an
659 2811 770 2844 partem
794 2814 829 2835 ex
844 2814 903 2846 qua
920 2805 985 2845 quis
1001 2804 1077 2834 heres

202 2840 356 2883 institurus
373 2840 430 2882 est,
454 2845 539 2873 tacite
561 2852 676 2884 rogatus
694 2844 915 2886 ficreftituere3
939 2850 1076 2886 apparet,

204 2884 279 2915 nihil
296 2887 321 2914 ei
345 2885 440 2914 crebere
459 2886 624 2920 adcrescere.
649 2889 717 2926 quia
738 2897 796 2918 rem
822 2897 879 2918 non
896 2888 1013 2918 videtur
1029 2887 1076 2917 ha-

205 2927 277 2957 bere.
327 2924 371 2956 Ita
392 2924 560 2957 Florentiae
577 2927 700 2963 editur,
723 2935 811 2959 totam
833 2939 872 2960 an
892 2935 1014 2968 partem.
1047 2930 1079 2959 in

203 2966 393 3005 quibusdam
423 2967 508 2998 libris
531 2965 594 3002 est,
618 2972 705 2997 totam
734 2978 795 3000 eam
809 2976 929 3009 partem.
961 2979 990 3000 at
1016 2978 1075 3009 pro

205 3008 389 3039 Florentina
414 3009 553 3040 lectione
584 3007 639 3038 stat
664 3007 809 3047 Cujacius
832 3012 871 3042 lib
906 3020 932 3042 2.
954 3011 1073 3047 Observ.

202 3061 218 3081 c
247 3060 263 3090 7
300 3049 336 3084 δ’
363 3051 401 3080 tib
437 3061 454 3091 3
490 3060 513 3080 c,
540 3054 589 3090 38.
621 3052 811 3094 argumentis
838 3061 902 3083 non
930 3060 1071 3083 contem-

204 3093 336 3129 nendis,
362 3101 551 3131 quamquam
576 3091 605 3121 in
625 3099 659 3121 rc
683 3090 755 3121 levi.
801 3091 993 3131 l'roponitur
1017 3092 1074 3124 Ti-

206 3135 268 3164 tius
293 3133 383 3163 heres
410 3143 450 3164 ex
477 3131 597 3163 semisse
625 3131 806 3169 institutus,
838 3132 976 3164 testatori
1003 3135 1077 3165 taci-

209 3183 273 3207 tam
297 3173 551 3205 accommodafl'e
578 3171 673 3204 fidem
699 3173 738 3204 de
762 3179 829 3203 tota
849 3182 883 3202 ea
904 3181 991 3212 parte
1010 3185 1077 3213 per-

207 3217 291 3252 senae
312 3216 457 3257 incapaci
482 3214 687 3249 restituenda.
716 3212 830 3253 fraude
860 3212 913 3248 ina
936 3213 1080 3256 detecta,

1002 109 1272 148 Noonr
1330 109 1544 149 Coun.

1092 201 1120 232 ei
1141 198 1232 232 fiscus
1250 201 1436 242 portionem
1458 201 1544 233 hanc
1560 210 1601 234 ex
1624 200 1713 244 Lege
1728 202 1807 243 Julia
1824 203 1853 235 ἀ
1871 202 1961 247 Papia

1092 241 1195 273 aufert
1217 250 1376 283 tamquam
1403 244 1546 285 indigno.
1570 252 1645 276 mox
1671 245 1794 276 defecit
1815 245 1960 281 coheres.

1093 283 1261 323 quaeritur‚
1284 294 1321 316 an
1341 283 1435 316 Titio
1461 284 1623 316 adcrescat
1645 286 1816 317 coheredis
1833 288 1961 325 portio?

1092 326 1135 355 ait
1168 323 1341 366 Ulpianus,
1366 326 1442 358 nihil
1466 328 1494 357 ei
1520 325 1639 358 debere
1672 327 1872 359 adcrescere:
1902 329 1961 362 hae

1092 365 1196 396 addita
1222 365 1366 400 ratione:
1398 367 1470 408 quia
1501 376 1567 399 rem
1598 376 1663 399 non
1689 369 1814 400 videtur
1836 366 1961 404 habere:

1093 406 1170 438 Inde
1191 408 1284 446 poffit
1301 410 1372 448 quis
1389 408 1430 440 fic
1446 409 1675 449 argumentari:
1699 409 1730 440 Si
1749 409 1896 440 venditor
1911 410 1963 442 he*-

1094 449 1237 479 reditatis
1252 449 1321 488 jure
1342 450 1545 482 adcresceiidi
1563 451 1698 492 gaudet,
1722 449 1804 490 quali
1823 451 1964 485 videatur

1095 498 1161 520 rem
1187 488 1322 529 habere,
1346 491 1511 532 postquam
1537 492 1677 531 emptori
1703 491 1847 533 praestitit
1878 493 1965 532 quod

1095 530 1133 561 ad
1151 529 1183 576 se
1207 532 1376 569 pervenit:
1400 542 1478 573 ergo
1502 543 1575 565 eum
1600 542 1729 573 quoque
1752 534 1805 573 qui
1825 532 1965 566 testatori

1095 579 1222 615 tacitam
1249 575 1508 605 accommodavit
1528 573 1643 613 fidem,
1673 575 1741 614 jure
1764 573 1965 607 adcrel'cendi

1094 611 1156 657 frui
1174 620 1322 653 oportet:
1345 622 1414 645 nam
1433 614 1461 645 ot
1479 615 1531 646 hic
1548 615 1638 647 heres
1653 624 1836 656 permanet,
1859 624 1966 655 quam—

1094 664 1140 685 Vis
1157 653 1269 684 amiffis
1288 655 1381 686 bonis
1398 655 1608 688 hereditariis.
1631 664 1662 688 at
1679 657 1833 697 posterius
1848 656 1966 689 refutat

1097 695 1188 726 locus
1206 694 1348 734 praesens.
1373 697 1449 736 quid
1466 697 1496 727 ni
1514 697 1608 737 igitur
1624 698 1653 729 δι
1672 701 1755 738 prius
1778 708 1795 729 a
1823 707 1900 728 vero
1918 694 1968 730 abi

1097 745 1200 767 eri-are
1217 735 1440 769 existimetur?
1476 737 1575 769 Vides
1606 748 1826 779 argumentum
1850 739 1880 770 iri
1904 738 1969 779 spe-¹¹

1098 777 1181 822 ciem
1206 787 1304 818 grave
1326 787 1366 809 ex
1395 779 1423 809 d.
1449 778 1468 810 l.
1487 783 1536 820 83.
1567 780 1618 810 sed
1640 781 1671 811 in
1695 790 1760 812 rem
1785 779 1969 821 praesentem

1100 819 1301 850 venientibus
1321 842 1330 857 ,
1360 820 1437 850 levis
1465 820 1632 852 momenti·
1679 822 1749 852 Ain'
1772 822 1880 853 vero?
1912 820 1968 852 lile
1988 836 1994 853 s

1099 861 1150 890 cui
1175 861 1284 899 portio
1309 860 1462 892 deficiens
1485 863 1516 893 in
1537 863 1565 892 d.
1591 862 1610 892 l.
1633 862 1808 901 adcrescit,
1838 872 1899 894 non
1925 861 2005 898 est'fl

1098 901 1216 939 fiscus,
1251 909 1285 932 ut
1310 904 1470 935 creditur:
1495 902 1546 934 sed
1570 902 1727 937 institutus
1752 904 1862 943 heres3
1893 904 1971 935 licet
1990 888 2015 950 l}

1098 943 1180 974 bona
1203 942 1258 980 ei,
1282 950 1442 983 tamquam
1467 944 1617 985 indigno,
1642 954 1658 976 a
1682 945 1755 976 fisco
1776 944 1834 976 fint
1858 945 1972 977 ablata.
1987 940 2029 986 '‘t-g*

1099 992 1194 1023 quam
1213 983 1256 1014 ob
1280 986 1371 1016 rem?
1395 985 1468 1025 quia
1491 985 1515 1016 is
1535 986 1626 1017 heres
1647 986 1756 1018 mansit
1775 986 1876 1018 subtili
1890 986 1972 1025 jure.v
1993 984 2007 998 ³

1100 1033 1251 1065 putemus
1279 1024 1404 1066 Ulpiani
1424 1027 1529 1058 verba.
1553 1036 1614 1058 non
1642 1028 1704 1066 ait,
1726 1027 1802 1059 nihil
1819 1028 1846 1059 ei
1864 1027 1972 1058 ancre*

1100 1066 1203 1096 scere:
1226 1065 1277 1096 sed
1302 1068 1379 1098 nihil
1406 1068 1524 1098 debere
1549 1067 1575 1099 ei
1601 1068 1794 1100 adcrescere.
1827 1069 1897 1100 finit
1918 1068 1972 1109 igi:

1103 1114 1169 1144 tur,
1194 1106 1303 1138 heredi
1328 1108 1444 1149 scripto
1469 1109 1652 1141 adcrescere
1679 1111 1883 1142 deficientem
1902 1119 1974 1150 por*

1103 1149 1243 1178 tionem:
1268 1148 1319 1180 sed
1335 1159 1398 1180 non
1418 1151 1505 1189 vult,
1524 1151 1551 1182 ei
1570 1152 1609 1182 sic
1624 1151 1823 1191 adcrescere3
1848 1162 1882 1182 ut
1900 1161 1973 1192 pos*

1102 1188 1139 1220 sit
1161 1198 1230 1220 eam
1256 1199 1311 1229 pei·
1332 1190 1453 1232 Legem
1480 1193 1626 1224 retinere,
1654 1194 1718 1224 imo
1741 1193 1808 1224 vult
1831 1194 1858 1223 ei
1884 1191 1973 1233 quod

1103 1230 1266 1268 adcrevit,
1291 1229 1387 1273 Legis
1417 1232 1582 1265 severitate
1613 1234 1738 1265 auferri.
1761 1234 1902 1274 loquitur
1919 1234 1975 1273 igi-¹

1105 1279 1155 1302 tui·
1179 1270 1334 1312 Ulpianus
1360 1274 1400 1303 de
1428 1273 1545 1306 effectu
1563 1274 1662 1313 juris:
1686 1285 1750 1306 non
1769 1279 1808 1307 de
1826 1277 1890 1314 ejus
1908 1275 1974 1306 sub-

1105 1312 1221 1343 tilitate
1252 1322 1312 1352 qua
1333 1314 1372 1344 de
1397 1314 1501 1345 nostra
1523 1315 1567 1346 est
1591 1316 1770 1355 disputatio.
1813 1315 1886 1347 Nec
1910 1317 1975 1348 alio

1101 1352 1220 1393 spectat
1238 1354 1371 1393 subjecta
1394 1356 1492 1387 ratio:
1517 1355 1598 1398 Quia
1622 1366 1679 1387 rem
1703 1367 1759 1388 non
1781 1359 1899 1388 videtur
1923 1359 1974 1388 ha-

1102 1396 1173 1425 bere.
1197 1393 1317 1427 sensus:
1343 1397 1430 1435 quod
1453 1397 1544 1427 heres
1570 1396 1700 1438 scriptus
1726 1398 1820 1428 habet
1842 1400 1974 1438 quidem

1102 1444 1169 1480 rem
1183 1461 1201 1480 ,Ι
1214 1435 1266 1467 sed
1284 1446 1347 1467 non
1366 1437 1471 1475 potest
1487 1438 1641 1469 retinere:
1668 1439 1783 1470 hahere
1799 1438 1894 1479 igitur
1911 1449 1974 1470 non

1103 1477 1298 1518 intelligitur.
1348 1476 1427 1509 lllud
1451 1479 1585 1517 mirere3
1617 1481 1726 1518 quod,
1750 1489 1822 1511 cum
1848 1481 1917 1521 lege
1944 1480 1976 1511 ei

1104 1518 1264 1549 auferatur
1281 1519 1468 1558 adquisitum
1483 1520 1550 1559 jure
1566 1521 1766 1551 adcrescendi
1780 1544 1790 1557 ‚
1806 1531 1866 1551 non
1882 1530 1976 1560 aeque

1104 1560 1133 1590 ei
1162 1559 1322 1590 auferatur
1347 1565 1555 1591 commodum
1572 1561 1732 1600 pupillaris
1749 1561 1977 1592 substitutionis

1104 1601 1121 1631 l.
1140 1611 1189 1640 43.
1216 1600 1242 1641 §.
1262 1601 1315 1631 ulr.
1337 1601 1383 1632 D.
1409 1603 1442 1631 de
1464 1601 1547 1642 vulg.
1573 1601 1610 1636 &²
1631 1602 1734 1642 pupils.
1759 1600 1871 1642 [αῐῑβὶι.
1913 1601 1978 1634 Sed

1105 1642 1224 1680 refert,
1246 1642 1334 1681 quod
1351 1643 1399 1682 jus
1416 1643 1616 1674 aden-scendi
1636 1643 1733 1684 inagis
1752 1642 1811 1683 legi
1830 1643 1977 1682 debetur,

1106 1693 1198 1722 quam
1222 1684 1376 1714 voluntati
1401 1683 1566 1715 testatoris.
1592 1692 1701 1715 contra
1729 1685 1888 1725 pupillaris
1911 1684 1979 1715 sub-¹

1106 1725 1227 1756 stitutio
1252 1727 1349 1765 magis
1374 1724 1532 1756 testatoris
1567 1726 1747 1764 voluntati,
1778 1735 1872 1765 quam
1896 1725 1978 1766 legi,

1107 1767 1250 1797 debetur.
1284 1767 1375 1798 htres
1402 1776 1497 1807 porro
1524 1766 1664 1798 testatori
1694 1768 1820 1798 tacitam
1853 1776 1979 1799 accom-

1108 1808 1242 1839 modans
1264 1807 1381 1845 fidem,
1405 1818 1467 1839 non
1486 1807 1622 1840 offendit
1641 1808 1842 1847 testatorem,
1868 1808 1918 1839 led
1936 1809 1981 1840 le-⁴

1106 1858 1189 1890 gem.
1217 1858 1307 1889 paret
1332 1851 1416 1880 enim
1435 1850 1596 1885 teilatori3
1621 1850 1694 1881 licet
1715 1850 1857 1881 fraudare
1874 1850 1979 1891 legem

1109 1892 1238 1931 cogitat.
1272 1900 1408 1930 pcccatis
1433 1892 1527 1932 igitur
1557 1900 1670 1922 conti-a
1702 1893 1830 1930 legem,
1863 1890 1995 1923 merito·

1109 1933 1242 1963 habetur
1257 1933 1403 1973 indignus
1429 1933 1506 1973 legis
1524 1932 1700 1964 beneficio:
1723 1942 1753 1963 at
1778 1942 1841 1964 non
1860 1932 1984 1963 idcirco*

1109 1973 1154 2005 est
1180 1974 1326 2015 indignus
1357 1974 1476 2014 judicio
1517 1974 1680 2006 testatoris.
1705 1973 1779 2014 quid
1818 1973 1848 2004 ni
1880 1974 1979 2013 igitur

1109 2016 1292 2046 admittatur
1309 2017 1346 2046 ad
1366 2015 1550 2056 pupillarem
1569 2014 1835 2046 substitutionem:
1859 2023 1890 2044 ut
1916 2023 1981 2047 non*

1110 2055 1291 2088 admittatur
1309 2060 1346 2088 ad
1363 2058 1407 2097 jus
1422 2055 1650 2089 adcrescendi?
1662 2055 1823 2088 Hactenus
1841 2056 1880 2087 de
1897 2055 1981 2097 prio-

1110 2108 1143 2129 re
1167 2098 1349 2137 quaeiiione.
1884 2126 1886 2128 .

1150 2138 1300 2171 Succedit
1325 2139 1440 2177 altera;
1470 2149 1507 2170 an
1535 2145 1682 2170 teneatur
1705 2139 1870 2176 venditor,
1893 2136 1985 2177 quod
2033 2171 2035 2187 1

1112 2182 1150 2212 ad
1174 2190 1244 2212 eum
1268 2181 1336 2220 jure
1368 2180 1570 2212 adcrescendi
1600 2180 1804 2221 pervenerit,
1844 2177 1982 2220 emptori
2033 2189 2034 2194 ¹

1112 2222 1257 2263 praestare
1273 2222 1397 2253 actione
1414 2231 1454 2253 ex
1471 2222 1618 2262 stipulatu
1637 2229 1690 2252 aut
1708 2219 1894 2265 eit-empto?
1907 2220 2000 2251 Fors

1113 2271 1144 2295 te
1170 2263 1275 2301 dices,
1300 2265 1422 2302 teneri3
1447 2262 1466 2293 si
1492 2265 1523 2294 id
1549 2262 1584 2295 fit
1603 2265 1684 2294 inter
1701 2263 1928 2293 contrahentes
1952 2270 1984 2292 a·

1113 2305 1207 2336 etum.
1258 2304 1340 2335 Mihi
1369 2314 1447 2335 vero
1466 2306 1553 2343 prior
1579 2306 1660 2335 ratio
1688 2305 1812 2334 videtur
1833 2305 1984 2341 cietiere,

1113 2347 1331 2384 venditorem,
1357 2346 1453 2377 etiam
1479 2355 1551 2376 cum
1578 2346 1653 2377 nihil
1679 2346 1723 2377 est
1748 2345 1849 2375 actum
1877 2345 1984 2375 liacin

1113 2396 1223 2429 parte,
1240 2388 1373 2428 emptori
1393 2387 1537 2427 praestare
1555 2388 1706 2427 quidquid
1719 2387 1789 2428 jure
1806 2385 1991 2416 adcrescen-

1114 2430 1143 2461 di
1169 2433 1205 2460 ad
1231 2438 1302 2459 eum
1328 2429 1478 2468 venerit3
1510 2427 1592 2468 quasi
1624 2428 1802 2459 hereditate
1835 2428 1985 2464 vendita,

1115 2472 1262 2502 venditus
1286 2470 1320 2501 sit
1337 2469 1469 2501 effectus
1489 2469 1623 2501 universi
1648 2469 1721 2509 juris
1739 2468 1824 2506 quod
1848 2469 1885 2498 ad
1908 2477 1985 2499 ven-

1115 2513 1250 2543 ditorem
1274 2521 1313 2543 ex
1340 2512 1536 2547 hereditate,
1560 2520 1594 2540 ea
1613 2520 1676 2540 non
1706 2510 1851 2546 vendita,
1876 2518 1988 2549 perve-

1116 2553 1216 2585 nisset.
1243 2554 1285 2584 ita
1311 2560 1444 2593 oportet
1469 2558 1643 2590 emptorem
1671 2550 1787 2581 habere
1816 2560 1877 2581 non
1898 2550 1986 2589 plus,

1116 2605 1181 2626 non
1207 2595 1327 2632 minus,
1351 2602 1447 2633 quam
1474 2593 1647 2623 venditoris
1674 2591 1778 2622 fuiil‘et
1795 2615 1804 2629 ,
1836 2600 1988 2631 quot-um-

1118 2646 1179 2675 que
1205 2644 1349 2674 tempore
1373 2633 1573 2674 pervenerit,
1605 2633 1665 2664 sive
1694 2634 1803 2664 msirtis
1825 2631 1987 2670 defuristi,

1117 2677 1180 2709 sive
1197 2677 1362 2713 aditionis,
1387 2674 1450 2706 ssve
1471 2674 1685 2711 venditionis,
1709 2683 1762 2705 atit
1790 2673 1941 2718 deinceps
1965 2673 1988 2702 l.

1118 2729 1135 2750 2
1164 2718 1194 2760 §.
1217 2726 1240 2748 1.
1260 2717 1296 2752 ὅ)
1311 2727 1341 2756 4.
1362 2715 1400 2746 D.
1416 2716 1444 2746 h.
1465 2721 1484 2746 t.
1509 2724 1604 2752 atque
1629 2716 1692 2746 hoc
1714 2716 1776 2753 eil,
1802 2716 1885 2755 quod
1905 2724 1932 2745 in
1957 2713 1988 2755 §.

1125 2764 1169 2794 18.
1195 2761 1222 2790 d.
1248 2758 1267 2790 l.
1293 2758 1425 2794 dicitur,
1449 2756 1655 2798 AEquz'ffimum
1679 2756 1747 2798 effe,
1771 2763 1918 2797 emptorem
1944 2756 1990 2786 he·
2032 2788 2033 2794 ἵ

1120 2802 1250 2833 redituris
1266 2799 1461 2841 (venditoris
1479 2798 1644 2839 respectu:
1668 2798 1707 2829 iic
1731 2798 1813 2828 enim
1838 2797 1991 2835 interpre-
2031 2834 2032 2843 ἵ

1121 2844 1190 2883 tor)
1214 2843 1306 2873 vicem
1328 2841 1435 2871 heresiis
1459 2841 1590 2870 obtinere.
1617 2841 1750 2880 proinde
1775 2840 1850 2879 quid
1872 2837 1991 2869 restat?
2032 2844 2033 2847 ’

1121 2883 1174 2915 nisi
1193 2891 1226 2915 ut
1244 2890 1407 2923 putemus,
1432 2882 1633 2912 venditorem
1653 2881 1739 2921 quod
1756 2882 1805 2918 ei,
1831 2887 1991 2919 tamquam
2031 2889 2032 2898 ¹

1122 2925 1257 2963 heredi,
1291 2933 1329 2954 ex
1357 2923 1533 2954 hereditate
1560 2924 1768 2959 adcreverit,
1794 2920 1932 2962 emptori
1959 2928 1991 2949 a-

1123 2966 1230 2999 &ione
1247 2975 1287 2996 ex
1306 2971 1416 3005 empto
1433 2973 1484 2995 aut
1509 2973 1549 2995 ex
1566 2963 1712 3004 stipulatu
1730 2963 1875 3002 praestare
1897 2969 1992 3006 opo-ij-
2031 2958 2032 2966 ¹

1121 3017 1197 3039 tere.
1242 3006 1319 3038 Non
1346 3016 1396 3038 me
1424 3007 1463 3036 de
1479 3008 1597 3046 gradu,
1622 3014 1715 3042 quem
1735 3005 1787 3035 liic
1803 3004 1892 3050 cepi,
1917 3001 1993 3046 deii-

1119 3051 1163 3081 cit
1181 3048 1267 3080 forte
1285 3048 1426 3078 secutura
1445 3047 1519 3078 hinc
1539 3047 1651 3078 mercis
1672 3046 1700 3077 ἀ
1719 3048 1811 3090 pretii
1834 3042 1992 3078 inaequalia

1122 3099 1178 3122 tas.
1224 3088 1306 3122 Nam
1334 3098 1406 3120 cum
1434 3089 1593 3119 hereditas
1619 3089 1758 3122 emitur,
1783 3084 1841 3128 nisi³
1858 3085 1897 3113 de
1923 3082 1993 3129 suh-

1120 3132 1232 3164 stantia
1249 3131 1323 3172 quid
1340 3130 1516 3162 affirmetur
1542 3131 1561 3161 l.
1583 3139 1627 3169 15.
1650 3132 1677 3160 h.
1695 3135 1717 3158 t.
1731 3126 1809 3172 ¹fere
1827 3125 1892 3161 [pes
1917 3132 1993 3168 emi-

1121 3182 1189 3212 tur,
1214 3182 1248 3204 ut
1270 3174 1300 3204 in
1328 3172 1467 3204 retibus:
1492 3181 1552 3203 nec
1576 3170 1672 3201 suerit
1695 3170 1854 3206 iniquum,
1879 3175 1917 3196 ex
1941 3166 1997 3204 ipe

1121 3215 1199 3249 ficut
1224 3213 1426 3257 periculum,
1447 3214 1491 3247 ita
1511 3212 1781 3250 emolumentum,
1810 3208 1849 3239 ad
1874 3214 1997 3279 emffiffi
