2036 3495
178 146 249 184 314
766 123 800 159 G
824 130 845 157 E
869 128 893 157 R
918 119 987 155 Aa
1011 124 1036 153 n
1060 125 1074 156 1

181 235 239 263 ne,
258 222 323 256 doli
339 219 409 253 mali
426 216 588 258 indigeant
610 213 630 246 l.
642 220 670 254 7.
681 212 710 254 §.
721 221 750 252 3.
762 210 826 245 &L
838 219 868 247 9·
883 209 925 255 De
941 210 975 240 de
989 209 1050 256 dolo

182 266 266 298 malo.
289 265 394 302 Atque
411 259 485 289 hinc
501 265 631 297 quoque
648 256 752 285 lumen
770 251 833 283 fine
851 251 950 283 dubio
967 258 1049 282 accr-

183 309 232 349 pit
255 300 453 337 Ambrosius,
477 298 523 329 De
549 295 663 337 Officiis
686 295 734 325 lib.
764 303 792 325 2.
820 302 844 324 c.
865 301 912 324 10.
944 291 1051 322 verbis

184 344 398 386 sequentibus.
436 340 508 372 Non
519 338 613 378 stilum
628 337 725 378 itaque
741 335 773 365 in
789 333 980 365 commanus
1000 332 1052 370 (in

185 388 288 429 quibus
304 385 390 415 etiam
404 383 479 411 vitia
495 389 591 410 eoram
608 387 670 419 qaae
686 381 833 414 veneunt,
854 375 938 415 prodi
948 375 1052 415 jaben-

187 435 255 465 tur,
279 435 313 457 ac
338 422 392 462 nisi
415 421 598 454 intimaverit
622 419 775 456 venditor,
798 416 933 457 quamvis
957 415 1052 455 injus

187 468 318 508 emptoris
334 460 558 504 transcripserit,
581 461 638 492 doli
661 458 771 490 afflone
797 456 985 496 vacuantur)
1003 455 1053 493 led

184 510 271 540 etiam.
289 506 460 548 generaliter
480 505 512 535 in
536 502 664 534 omnihus
686 500 765 531 dolus
785 498 873 538 abeffe
896 499 999 529 debet:
1023 506 1054 527 a·

178 550 318 591 periendo
330 546 521 588 simplicitas,
536 542 698 576 intimanda
707 541 816 572 veritas
832 537 881 580 est.
911 538 963 570 Sic
979 537 1054 569 Am-

186 588 316 622 brofius.
349 597 411 620 nec
434 596 515 627 opus
537 583 820 625 interpretatione:
844 589 917 612 cum
936 587 1055 621 praece-

185 631 292 664 dentia
309 629 474 662 sufficiant.
645 644 647 647 v

226 672 282 704 Est
299 680 404 703 tamen
416 694 426 708 ,
441 668 496 701 ubi
511 667 603 699 dolus
613 665 714 698 malus
731 662 944 704 deprehensus
960 663 991 694 in
1008 663 1054 694 in-

185 713 288 756 gress'u
305 713 427 755 negotii
447 711 540 742 bonae
560 707 653 746 fidei,
677 715 742 738 non
763 705 890 737 actione
911 705 1005 736 bonae
1023 703 1057 736 fi-'

186 756 258 794 dei,
284 754 336 786 sed
359 753 485 785 afflone
500 749 632 782 dedolo
651 747 851 780 emendetur.
881 744 952 785 fac,
977 746 1058 777 duos

186 796 395 829 contrahere:
418 793 550 825 alterum
567 787 782 822 circumscribi
799 796 865 819 non
881 788 920 819 ab
936 787 1056 826 altero,

187 836 241 870 sed
257 846 355 878 opera
371 843 424 867 aut
439 833 573 866 confilio
590 831 675 863 tertii
686 840 758 862 cum
778 838 841 870 quo
851 829 916 860 non
933 836 1059 860 contra-

185 879 250 911 hat.
275 878 404 910 excedit
419 876 511 908 dolus
528 873 609 905 fines
624 872 756 904 aetionis
767 871 860 902 bonae
877 869 963 902 fidei.
986 878 1059 901 nam

187 921 243 960 qui
259 918 441 957 contraxit,
465 925 530 948 non
548 913 672 946 admifit
688 913 809 944 dolum.
844 912 874 943 ἀ
893 911 947 952 qui
962 911 1060 942 admi-

185 961 241 1000 fit,
264 970 329 993 non
348 961 519 991 contraxit.
543 957 586 988 ita
602 956 669 997 quis
681 953 750 986 usus
766 953 898 985 aetionis
914 953 1009 984 bonae
1025 950 1059 983 fi-

186 1002 262 1034 dei?
283 1002 396 1034 nullus.
418 1010 456 1032 ac
473 999 493 1031 fi
512 999 571 1030 alia
598 1006 665 1029 non
680 995 716 1027 fit
730 995 813 1026 anio
831 1003 892 1034 qua
909 1004 958 1026 res
973 994 1002 1025 ei
1019 993 1060 1024 ad

187 1053 283 1084 quem
305 1053 342 1075 ea
361 1052 410 1074 res
433 1041 594 1083 pertinet,
618 1037 700 1070 salva
717 1035 778 1068 esse
794 1035 907 1077 poffit:
931 1035 1061 1067 neceffi-

186 1092 253 1116 tate
272 1084 326 1124 fit,
343 1094 378 1117 ut
394 1085 433 1115 ad
451 1082 608 1115 aaronem
629 1080 669 1111 de
681 1078 758 1110 dolo
775 1077 974 1110 deveniatur.
996 1074 1062 1107 Ta-

187 1127 225 1159 lis
249 1125 370 1167 species
395 1125 538 1156 creditur
558 1121 679 1153 exstare
701 1120 785 1161 apud
802 1117 974 1159 Ulpianum
991 1117 1010 1149 l.
1030 1126 1060 1148 2.

188 1167 233 1200 D.
261 1169 293 1198 de
311 1168 527 1208 proxenetz'cis:
557 1163 609 1195 sed
634 1170 767 1199 errore,
791 1160 927 1200 opinor;
950 1158 971 1190 fi
995 1159 1061 1199 eJ'us

188 1209 286 1241 verba
295 1209 543 1241 confideremus.
562 1213 627 1235 non
645 1203 728 1234 enim
747 1202 779 1233 in
790 1201 839 1232 his
857 1200 989 1232 incurrit
1006 1202 1062 1231 <io-

190 1250 240 1282 lus
259 1251 359 1282 malus
375 1251 406 1281 in
432 1249 527 1280 bonae
543 1245 619 1277 fidei
636 1242 855 1281 comaclum,
878 1241 977 1273 sedin
994 1250 1062 1272 mu-

191 1299 302 1323 tuum:
326 1291 357 1323 id
383 1289 446 1328 est,
469 1290 500 1320 in
526 1285 721 1319 contratrum
737 1282 833 1316 stricti
855 1283 943 1323 juris.
965 1282 1064 1313 verba

190 1331 334 1373 Ulpiani.
366 1331 399 1363 Si
418 1335 578 1372 proxeneta
601 1327 760 1358 intervenit
770 1325 905 1365 faciendi
919 1324 1063 1362 nominis,

194 1379 229 1406 ut
244 1374 330 1405 multi
342 1374 451 1411 fialent:
465 1372 634 1407 videamus,
648 1377 687 1399 an
697 1365 781 1408 poffit
791 1389 801 1405 ‚
816 1363 898 1407 quast
913 1366 1067 1395 mandator

192 1415 308 1448 teneri?
332 1414 369 1449 δ’
386 1423 443 1445 non
454 1418 524 1454 pato
540 1411 647 1442 teneri.-
669 1409 739 1449 quia
754 1409 799 1438 hic
815 1403 955 1446 monstrat
971 1405 1064 1446 magis

192 1466 313 1496 nomen,
336 1466 423 1497 qaam
437 1454 577 1485 mandat:
601 1448 712 1487 tametfi
726 1449 823 1479 laudet
837 1456 948 1478 nomen.
987 1446 1065 1477 Idem

192 1500 253 1530 dico
272 1521 282 1536 ‚
313 1497 349 1531 δ’
365 1495 395 1535 fi
416 1495 528 1535 aliquid
553 1490 754 1532 philantropice
773 1488 886 1519 nomine
907 1488 1063 1528 acceperit,

191 1548 242 1570 nec
264 1548 300 1569 ex
315 1538 406 1568 locato
429 1533 564 1566 condano
580 1532 635 1562 erit
652 1530 736 1561 anio.
784 1530 876 1561 Plane
892 1527 922 1567 fi
944 1529 1004 1559 dolo
1031 1527 1067 1562 ἐξ

190 1579 351 1611 calliditate
377 1577 542 1607 creditorem
570 1572 808 1609 circumvenerit,
832 1572 865 1601 de
879 1571 938 1601 dolo
956 1568 1067 1601 afflone

188 1621 344 1652 tenebitur.
375 1617 531 1658 Ulpianus
548 1613 720 1656 fignificat,
745 1621 817 1643 cum
833 1610 940 1642 Titius
958 1619 1067 1643 mutua

189 1668 300 1702 egeret
325 1660 461 1701 pecunia
479 1681 488 1697 ,
520 1653 722 1689 intervenisse
748 1653 978 1694 proxenetam‚
1000 1651 1065 1683 five

185 1706 366 1744 pararium,
389 1696 542 1732 faciendi
557 1696 719 1729 nominis:
742 1695 776 1727 id
798 1693 861 1733 est,
885 1694 941 1734 (ut
964 1694 1064 1725 Anto-

185 1744 258 1778 nius
288 1742 482 1785 Augustinus
505 1740 653 1771 observat
677 1738 726 1769 lib.
757 1746 785 1768 2.
809 1735 965 1767 Emendat.
992 1745 1016 1767 c.
1036 1743 1062 1766 1.

183 1792 254 1828 pag.
272 1794 326 1823 99.
346 1784 475 1826 &7qu
497 1780 637 1813 faciendi
654 1778 793 1811 nominis
811 1776 912 1808 causa.
949 1775 992 1808 Et
1010 1776 1064 1808 ad-

187 1828 236 1860 dit
251 1826 427 1868 Ulpianus;
445 1824 566 1857 multos
581 1821 623 1854 fic
636 1820 747 1853 solere.
764 1828 829 1860 quo
846 1818 947 1850 modo
958 1817 975 1850 ⁸?
999 1826 1063 1849 me-

186 1868 282 1903 minit
301 1868 443 1907 Seneca,
466 1863 544 1907 epist.
572 1872 641 1900 119.
667 1862 750 1902 Opus
767 1883 779 1900 ,
808 1860 956 1900 inquiens
971 1883 981 1898 ,
1010 1860 1065 1890 erit

187 1911 243 1944 tibi
263 1910 421 1949 creditore,
443 1914 478 1940 at
503 1905 647 1948 negotiari
657 1902 752 1944 poffls.
776 1911 812 1933 aes
827 1902 954 1933 alienum
964 1901 1066 1940 facias

187 1957 295 1994 oportet
314 1963 324 1983 .·
346 1951 401 1991 ,sed
423 1949 485 1981 nolo
506 1954 559 1989 per
579 1945 785 1986 intercefforem
806 1944 974 1975 mutueris.-
1003 1942 1066 1974 nolo

182 1999 349 2036 proxenetae
366 2001 468 2024 nomen
483 1996 567 2022 tuam
581 1986 705 2030 joftent.
724 1990 865 2027 paratam
881 1985 934 2016 tibi
949 1985 1066 2016 credito-

188 2045 250 2067 rem
273 2036 356 2066 dabo.
403 2033 500 2075 Igitur
520 2036 698 2072 proxeneta
723 2034 950 2068 procuraturus
972 2024 1066 2056 Titio

189 2084 333 2110 mutuam
349 2084 443 2116 quam
460 2072 623 2115 quaerebat
635 2070 803 2112 pecuniam
813 2092 823 2107 ,
839 2075 874 2099 ut
885 2076 953 2098 eam
965 2076 982 2097 a
997 2076 1066 2097 cre-

189 2118 295 2151 ditore
316 2119 520 2158 impetraret,
542 2112 669 2145 Titium
686 2110 748 2142 effe
765 2111 918 2142 idoneum
935 2107 1066 2139 affirma-

191 2161 253 2192 vit.
283 2159 326 2191 ita
349 2159 470 2190 credita
492 2156 638 2198 pecunia.
676 2159 834 2194 apparet,
863 2150 980 2181 malum
1004 2149 1066 2195 effe

188 2209 312 2234 nomen
329 2200 419 2239 quod
434 2203 613 2239 proxeneta
622 2195 704 2226 dixit
718 2194 852 2225 bonum.
869 2201 909 2223 an
926 2190 1066 2223 credito-

192 2242 222 2275 ri
237 2240 385 2273 adversus
401 2245 612 2280 proxenetam
628 2235 786 2276 competit
802 2232 941 2265 mandati
956 2231 1066 2264 actio?

189 2291 290 2324 negat
306 2281 472 2322 Ulpianus.
497 2289 559 2320 qua
575 2276 689 2310 causa?
711 2276 784 2317 quia
802 2274 924 2316 inquit,
947 2282 1064 2315 proxe-

193 2331 272 2357 neta
289 2323 390 2364 magis
405 2321 558 2354 monstrat
580 2327 716 2357 nomen,
742 2326 834 2357 quarn
853 2316 1000 2354 mandat3
1025 2322 1069 2346 ta-

191 2364 285 2398 metfi
308 2365 416 2396 laudet
431 2371 571 2395 nomen:
595 2361 629 2392 id
653 2358 698 2391 est
712 2381 722 2397 ,
749 2365 925 2399 proxeneta
942 2366 1006 2388 non
1021 2357 1066 2396 J'u-

191 2407 270 2445 bet,
284 2406 477 2438 creditorem
496 2402 664 2444 pecuniam
679 2401 813 2432 credere
830 2398 885 2430 suo
902 2398 1065 2440 periculo:

192 2448 277 2490 (hoc
301 2448 385 2480 enim
402 2446 447 2478 est
463 2443 631 2484 mandare)
655 2448 776 2475 tanturn
795 2443 824 2473 ei
842 2439 996 2473 monstrat
1012 2440 1066 2471 de-

191 2490 352 2528 bitorem,
374 2494 519 2530 paratum
537 2485 684 2526 accipere
708 2483 863 2515 creditam
885 2481 1065 2523 pecuniam.

193 2531 283 2562 addit
306 2531 430 2562 laudern
454 2529 520 2569 ejus
539 2538 547 2559 :
577 2527 653 2558 dum
679 2525 776 2563 dicit,
800 2523 863 2556 effe
884 2533 901 2554 a
924 2532 989 2564 quo
1009 2531 1065 2562 pe-

193 2572 287 2603 cunia
311 2572 409 2612 recipi
436 2570 529 2610 poffit
548 2578 614 2601 non
632 2567 733 2599 modo
751 2565 815 2597 fine
832 2565 997 2606 periculo,
1013 2563 1065 2595 sed

194 2613 290 2644 etiam
306 2612 369 2644 fine
385 2611 544 2643 molestia:
563 2618 665 2649 eaque
682 2618 716 2640 re
731 2607 926 2639 creditorem
942 2606 1065 2637 inducit

195 2654 237 2686 ad
260 2652 527 2685 contrahendum.
555 2651 592 2683 fit
608 2651 704 2692 igitur
719 2648 884 2681 confilium
907 2656 1065 2688 proxene-

196 2702 256 2727 tae:
282 2693 334 2726 sed
358 2695 539 2725 mandatum
562 2701 627 2724 non
650 2691 707 2724 est.
749 2690 823 2733 Sic,
847 2688 868 2721 fi
887 2695 1066 2730 proxeneta

195 2736 277 2769 nihil
293 2735 421 2775 accepit
441 2734 664 2775 philantropiae
688 2732 845 2764 nomine:
875 2731 908 2763 id
931 2729 995 2769 est,
1018 2738 1066 2761 re·

194 2776 398 2810 munerandae
429 2775 631 2807 humanitatis
655 2773 755 2806 causa.
793 2782 865 2804 nam
889 2771 1064 2813 philantro-

195 2819 246 2861 pia
270 2816 472 2861 (ut‘ostendi
495 2816 543 2848 lib.
561 2825 588 2847 1.
606 2815 801 2847 Probabilium
817 2825 841 2846 c.
862 2815 912 2854 7.)
936 2812 980 2845 est
1006 2812 1064 2844 hu-

194 2861 346 2898 manitas,
369 2858 432 2890 sive
448 2857 694 2895 benevolentia,
714 2855 861 2888 adversus
877 2864 990 2887 omnes
1006 2854 1065 2886 ho·

195 2903 299 2935 mines
316 2897 504 2942 promiscua.
534 2897 597 2929 Sed
613 2898 706 2936 quid,
728 2897 750 2929 fi
767 2898 820 2929 tali
837 2896 912 2937 quid
930 2905 1065 2936 accepe-

193 2944 235 2977 rit
255 2940 413 2976 nomine?
436 2940 478 2972 nil
496 2945 596 2971 mutat
613 2937 788 2978 Ulpianus:
804 2948 865 2970 nec
875 2938 967 2970 male.
992 2946 1064 2969 nam

193 2985 217 3018 fi
231 2996 295 3018 non
314 2983 359 3017 est
374 2983 554 3015 mandatum
568 2979 758 3019 ,deficiente
778 2980 969 3012 honorario:
988 2988 1067 3020 quo-

195 3028 296 3062 modo
319 3023 446 3070 potest,
469 3032 509 3056 eo
534 3021 789 3061 interveniente,
810 3021 995 3057 mandatum
1010 3019 1067 3054 fie.

1139 114 1370 166 Noonr

1092 205 1143 239 ri‘?
1166 205 1302 249 habetur
1324 207 1408 239 enim
1432 211 1618 248 proxenetae
1638 205 1741 238 honos
1762 206 1804 238 ob
1819 200 1962 241 remune-

1093 248 1223 280 randam
1247 248 1312 288 ejus
1337 248 1567 280 humanitatem
1583 258 1591 280 z
1616 247 1669 279 sed
1686 256 1751 279 non
1767 255 1802 279 ut
1817 258 1864 281 res
1880 250 1914 281 fit
1931 261 1963 283 e-

1091 289 1139 329 jus
1179 289 1320 322 ericulo:
1343 298 1405 322 nec
1420 290 1533 330 igitur,
1549 297 1585 321 ut
1599 287 1637 320 fit
1653 297 1873 330 argumentum
1889 300 1965 323 con-

1095 338 1141 361 tra
1162 331 1186 362 ti
1211 331 1361 362 mandati.
1410 331 1534 373 Aliquis
1558 330 1726 371 opinetur,
1749 329 1837 370 poss'e
1853 340 1966 370 proxe-

1093 379 1200 404 netam
1226 381 1243 402 a
1266 373 1427 404 creditore
1454 372 1621 405 conveniri
1643 370 1768 402 afflone
1792 371 1888 403 locati
1912 380 1966 404 aut

1094 413 1256 444 condut’ti.
1287 413 1350 445 Sed
1368 414 1398 445 ἀ
1414 414 1480 445 hoc
1496 421 1591 454 negat
1607 410 1764 453 Ulpianus
1777 413 1805 443 d.
1822 412 1842 442 l.
1860 422 1888 444 2.
1912 421 1967 454 pu·

1096 460 1132 485 to
1144 455 1251 496 ‚quod
1270 464 1335 486 non
1354 455 1502 487 videntur
1520 455 1658 486 Veteres
1675 452 1967 492 existimaffe,cur11-

1097 495 1150 526 tali
1182 493 1316 536 persona
1340 495 1402 528 esse
1428 497 1625 528 locationem
1651 494 1682 526 δε
1706 494 1966 531 conductionem.

1098 535 1151 568 sed
1182 538 1280 578 magis
1311 547 1442 578 operam
1467 536 1617 570 beneficii
1645 537 1720 568 loco
1745 536 1877 577 praeberl
1899 537 1970 576 3&

1098 578 1187 618 quod
1202 579 1230 609 ei
1241 579 1348 617 datur,
1363 589 1429 611 non
1444 587 1604 620 tamquam
1613 577 1814 616 mercedem,
1832 575 1883 609 sed
1895 579 1973 611 tani.

1099 626 1195 662 quam
1208 621 1499 654 remunerationem
1518 621 1591 653 dari.
1621 621 1675 651 Ait
1691 626 1797 651 tamen
1815 617 1969 659 Ulpianus

1099 662 1127 691 cl.
1144 661 1164 690 l.
1182 670 1210 691 2.
1233 667 1463 702 proxenetam,
1486 662 1508 694 fi
1533 660 1729 693 creditorem
1750 661 1972 693 circumvene-

1100 702 1140 734 rit
1157 701 1235 733 dolo
1253 702 1283 733 δε
1299 702 1491 741 calliditate,
1513 712 1626 743 magna
1639 701 1811 742 praesertim
1828 709 1924 743 atque
1941 711 1974 733 e-

1101 743 1254 781 vidente,
1278 742 1332 783 (nt
1347 743 1430 776 bene
1447 745 1477 776 in
1495 744 1514 776 l.
1531 744 1664 786 7.§.ult.
1683 743 1720 778 &³
1735 743 1754 774 l.
1773 748 1801 779 8.
1815 742 1859 774 D.
1875 745 1909 780 de
1924 737 1974 774 clo-

1101 785 1126 815 lo
1150 783 1241 830 malo)
1268 785 1308 816 de
1333 785 1410 817 dolo
1436 785 1562 817 afflone
1590 785 1690 816 teneri
1709 784 1862 821 :idcirco
1886 783 1975 824 quod

1101 824 1221 857 confiln
1238 835 1303 857 non
1318 825 1497 858 faudulenti
1516 826 1600 858 nulla
1616 822 1772 870 obligatio
1790 824 1852 857 est:
1876 825 1971 866 caeteff'

1102 876 1191 906 rum,
1218 866 1239 898 fi
1265 867 1357 899 dolus
1380 868 1410 899 ὃς
1436 868 1590 899 calliditas
1616 866 1807 904 interceffit,
1832 866 1872 897 de
1897 866 1974 898 dolo

1101 908 1186 954 attio
1202 909 1363 949 competit
1375 908 1394 940 l.
1407 908 1517 949 47..D.
1536 910 1569 940 cle
1583 905 1689 948 regalis
1697 907 1788 948 juris.
1811 916 1903 946 vere;
1921 907 1974 939 sed

1101 947 1182 996 nihil
1201 950 1240 981 ad
1258 948 1449 991 propofitam
1471 949 1737 991 disputationem:
1762 949 1792 979 in
1812 957 1872 988 qua
1888 957 1971 988 quae-

1105 998 1185 1022 ritur
1208 991 1392 1023 contractus
1415 993 1511 1023 bonae*
1533 990 1608 1022 fidei
1632 991 1663 1022 in
1688 999 1754 1030 quo
1777 989 1922 1022 admissus
1935 990 1973 1021 ab

1105 1032 1168 1064 alio
1180 1055 1190 1071 ,
1213 1041 1307 1073 quam
1325 1042 1398 1065 cum
1416 1041 1482 1074 quo
1499 1032 1698 1063 contractum
1720 1030 1783 1070 est,
1807 1031 1899 1063 dolus
1914 1040 1976 1062 ma-

1105 1074 1152 1106 lus
1169 1083 1235 1105 non
1251 1074 1377 1106 actione
1394 1072 1488 1106 bonae
1506 1072 1601 1112 fidei,
1626 1072 1677 1104 sed
1699 1072 1824 1104 actione
1841 1073 1881 1104 de
1898 1072 1974 1104 dolo

1106 1116 1294 1157 corrigatur.
1320 1114 1365 1147 est
1392 1126 1471 1147 vero
1497 1117 1525 1147 d.
1549 1116 1569 1146 l.
1594 1123 1624 1146 2.
1650 1113 1769 1146 sacrum
1788 1121 1974 1153 proxenetae

1106 1157 1184 1188 dolo
1213 1157 1242 1188 &
1265 1157 1458 1196 calliditate;
1481 1164 1516 1188 ut
1537 1155 1631 1188 fieret
1654 1163 1797 1187 mutuum
1818 1178 1828 1192 ,
1857 1155 1887 1187 id
1911 1154 1976 1194 est,

1104 1197 1201 1230 stricti
1214 1198 1289 1238 juris
1308 1199 1499 1230 contractus.
1531 1207 1597 1229 non
1622 1197 1719 1238 igitur
1743 1194 1838 1228 servit
1855 1196 1908 1227 hic
1923 1194 1978 1228 Ul-

1105 1239 1189 1280 piani
1208 1240 1298 1270 locus
1315 1239 1369 1270 fini
1388 1240 1438 1270 cui
1455 1248 1528 1271 eum
1547 1238 1662 1270 servire
1675 1238 1789 1269 volunt
1808 1237 1892 1268 dotti
1910 1238 1978 1268 viri.

1146 1279 1266 1319 Melius
1282 1279 1424 1312 adfertur
1446 1290 1505 1321 pro
1525 1281 1584 1311 hac
1603 1279 1757 1310 sententia
1783 1277 1937 1318 Ulpianus
1956 1277 1977 1309 l.

1110 1326 1157 1356 18.
1180 1321 1210 1363 §.
1221 1331 1250 1363 3.
1271 1321 1310 1356 ὅ)
1323 1321 1343 1353 Ζ.
1356 1321 1438 1361 7.D.
1457 1323 1490 1353 de
1504 1321 1575 1352 tiolo.
1601 1328 1771 1360 utrumque
1788 1320 1978 1351 examinabo

1106 1363 1226 1394 locum.
1251 1371 1386 1402 uterque
1404 1363 1489 1395 enim
1504 1362 1640 1395 nostram
1659 1361 1812 1393 desiderat
1827 1369 1978 1402 operam:

1107 1404 1196 1444 prior
1218 1404 1353 1444 aliquam
1369 1427 1379 1442 ,
1402 1404 1559 1444 posterior
1584 1402 1857 1443 diligentiffiinam.
1883 1401 1980 1438 verba

1108 1446 1136 1476 d.
1153 1444 1172 1476 l.
1186 1449 1231 1479 18.
1251 1444 1280 1486 §.
1294 1454 1323 1485 3.
1340 1444 1410 1475 haec
1427 1444 1506 1477 sunt.
1530 1444 1577 1476 De
1591 1454 1619 1475 eo
1637 1444 1688 1485 qui
1696 1445 1791 1484 sciens
1807 1443 1979 1475 commodas-

1100 1486 1147 1526 set
1167 1487 1312 1526 pondera‚
1336 1491 1370 1516 ut
1390 1487 1524 1517 venditor
1538 1487 1656 1526 emptori
1673 1494 1773 1515 merces
1791 1486 1976 1525 appenderet,

1114 1526 1265 1558 Trebatius
1278 1529 1310 1558 de
1325 1527 1384 1558 dolo
1401 1529 1487 1559 dabat
1504 1526 1653 1559 unionem.
1679 1527 1724 1557 At
1743 1528 1815 1567 qain
1825 1525 1854 1563 fi
1869 1525 1979 1566 majora

1106 1569 1232 1609 pondera
1251 1569 1455 1607 commodavit,
1479 1569 1509 1599 id
1525 1569 1599 1609 quod
1617 1568 1739 1608 amplias
1761 1569 1861 1598 mercis
1879 1568 1979 1598 clatum

1110 1607 1169 1650 est,
1191 1611 1277 1649 repeti
1300 1609 1472 1641 conditiione
1490 1607 1598 1650 potest:
1615 1608 1644 1646 fi
1667 1609 1796 1647 minora,
1819 1613 1852 1638 at
1869 1608 1980 1648 reliqua

1109 1659 1191 1682 merx
1207 1652 1309 1690 detur,
1331 1660 1366 1683 ex
1382 1656 1471 1691 empto
1487 1648 1648 1692 agipoteft:
1662 1647 1753 1688 nififi
1767 1658 1800 1681 ea
1816 1650 1979 1680 conditione

1108 1702 1191 1724 merx
1214 1693 1315 1731 venit,
1336 1697 1370 1723 ut
1395 1692 1451 1723 illis
1466 1693 1639 1733 ponderibus
1655 1692 1835 1722 traderetur.-
1855 1690 1981 1721 camille

1111 1734 1268 1774 decipiendi
1285 1734 1371 1774 causa
1387 1732 1578 1774 adfirmaffet,
1592 1733 1621 1771 se
1634 1733 1848 1774 cequapondera
1864 1732 1974 1767 habere.

1107 1776 1255 1808 Venditae
1271 1775 1362 1807 fuere
1379 1783 1511 1807 merces.
1542 1784 1588 1806 eae
1606 1782 1729 1807 merces
1745 1773 1889 1814 pondere
1905 1781 1981 1805 con-

1107 1816 1267 1849 sistebant.
1298 1826 1350 1848 eas
1367 1817 1506 1857 emptori
1522 1816 1704 1858 appendere
1726 1815 1929 1846 venditorem
1945 1823 1980 1849 o-

1108 1858 1269 1899 portebat.
1294 1859 1425 1890 deerant
1443 1858 1597 1899 pondera.
1641 1856 1750 1889 Titius
1765 1855 1815 1887 sua
1833 1863 1978 1888 commo-

1108 1900 1213 1932 davit:
1236 1899 1353 1931 sciens:
1376 1898 1454 1931 falsa
1478 1899 1551 1932 ess'e.
1577 1908 1638 1940 qua
1660 1898 1786 1930 actione
1809 1897 1978 1939 corrigitur

1108 1941 1189 1973 Titii
1213 1941 1330 1973 dolus?
1352 1943 1396 1972 ait
1422 1940 1593 1982 Ulpianus,
1618 1939 1810 1972 Trebatium
1836 1939 1876 1971 de
1900 1939 1977 1971 dolo

1109 1983 1268 2016 actionem
1286 1982 1422 2015 dediffe:
1447 1982 1530 2024 quafi
1547 1991 1611 2014 non
1635 1982 1816 2023 suppeteret
1831 1980 1901 2011 alia.
1924 1978 1977 2011 sed

1109 2024 1268 2057 Trebatio
1285 2025 1374 2057 litem
1390 2023 1467 2055 facit
1490 2023 1666 2065 Ulpianus:
1689 2024 1731 2054 ait
1752 2023 1857 2061 enim,
1879 2020 1900 2053 fi
1917 2029 1979 2052 ma-

1107 2067 1176 2108 jora
1193 2066 1251 2098 sint
1267 2067 1429 2106 pondera,
1447 2075 1540 2106 quam
1555 2074 1591 2095 ea
1606 2071 1738 2105 oportet
1753 2063 1833 2102 effe3
1859 2070 1925 2094 tum
1944 2061 1978 2094 id

1110 2109 1198 2148 quod
1217 2108 1350 2148 amplius
1373 2108 1488 2139 mercis
1509 2106 1617 2138 datum
1634 2105 1687 2143 fit,
1712 2115 1728 2136 a
1745 2105 1915 2137 venditore
1930 2113 1980 2135 re-

1108 2149 1176 2190 peti
1199 2148 1287 2189 poss'e
1313 2147 1528 2179 condictione.
1566 2157 1628 2188 ego
1647 2147 1758 2179 addam
1773 2169 1784 2184 ,
1817 2145 1912 2177 etiam
1935 2153 1980 2176 ex

1108 2190 1244 2222 vendito
1268 2189 1411 2221 afflone:
1434 2188 1475 2220 fic
1499 2188 1583 2220 enirn
1607 2188 1734 2220 videtur
1749 2196 1791 2219 ex
1814 2187 1834 2218 l.
1852 2196 1881 2228 3.
1897 2186 1927 2227 §.
1945 2195 1977 2226 3.

1110 2231 1153 2263 D.
1182 2231 1215 2262 Si
1228 2231 1337 2270 mensor
1345 2230 1459 2271 falsum
1474 2231 1588 2261 modum
1603 2230 1709 2261 dixerit
1726 2239 1735 2261 .·
1759 2237 1820 2259 nec
1837 2227 1974 2259 insolens

1109 2272 1173 2312 est,
1184 2272 1409 2304 condictiones
1426 2280 1618 2303 concurrere
1634 2280 1705 2302 cum
1723 2269 1789 2301 aliis
1800 2268 1974 2300 actionibus

1108 2315 1129 2347 l.
1146 2326 1176 2355 5.
1193 2314 1235 2345 D.
1253 2315 1286 2345 de
1301 2315 1460 2354 exceptione
1474 2314 1516 2344 rei
1524 2312 1674 2354 judicate.
1692 2312 1710 2342 l.
1720 2320 1771 2352 52.
1784 2309 1827 2341 D.
1846 2309 1975 2343 Manda-

1109 2358 1134 2388 ti
1149 2356 1195 2387 vel
1210 2361 1319 2387 contra.
1337 2355 1356 2387 l.
1367 2359 1416 2389 28.
1433 2354 1463 2396 §.
1479 2363 1508 2393 4.
1526 2354 1569 2385 D.'
1582 2355 1615 2385 cle
1626 2352 1831 2395 jurejurando.
1848 2360 1911 2383 non
1922 2351 1975 2392 igi-

1109 2405 1178 2436 tur,
1202 2404 1237 2429 ut
1252 2396 1410 2428 Trebatio
1435 2395 1604 2435 placebat,
1628 2393 1796 2426 necess‘aria
1816 2393 1974 2425 venditori

1109 2439 1154 2471 est
1173 2439 1213 2471 de
1229 2439 1307 2471 dolo
1320 2437 1451 2470 actimfi
1469 2437 1586 2478 majora
1602 2436 1805 2468 commodata
1821 2434 1880 2466 fint
1896 2442 1975 2475 pon-

1109 2481 1195 2512 dera.
1225 2487 1258 2511 at
1274 2479 1294 2512 fi
1317 2480 1440 2511 minora
1453 2478 1511 2510 fint
1528 2478 1755 2509 commodata:
1774 2477 1837 2517 jam
1855 2475 1898 2507 ait
1920 2474 1974 2507 Ul·

1108 2523 1241 2563 pianus,
1263 2520 1351 2562 poss'e
1376 2521 1415 2552 ab
1438 2526 1586 2560 emptore
1610 2519 1659 2560 agi
1686 2528 1726 2550 ex
1751 2523 1882 2559 empto,
1906 2524 1972 2548 uta

1108 2564 1279 2595 venditore
1297 2562 1435 2594 tradatur
1451 2570 1542 2593 merx
1558 2561 1688 2601 reliqua.
1713 2566 1845 2600 apparet
1861 2558 1972 2600 igitur,

1109 2605 1169 2636 hac
1187 2612 1317 2645 quoque
1339 2604 1369 2635 in
1396 2602 1501 2643 specie
1518 2601 1740 2642 supervacuam
1765 2600 1827 2632 effe
1841 2600 1880 2632 de
1896 2597 1973 2631 dolo

1108 2646 1284 2678 affionem:
1309 2646 1381 2685 quia
1404 2645 1434 2676 &
1457 2644 1489 2675 in
1512 2653 1549 2674 ea
1571 2653 1621 2675 res
1644 2644 1672 2674 ei
1694 2644 1734 2674 ad
1761 2651 1855 2683 quem
1873 2648 1972 2672 cares

1107 2688 1267 2729 pertinet,
1288 2687 1379 2718 aliter
1403 2685 1484 2718 salva
1499 2683 1561 2716 effe
1585 2683 1708 2726 potest,
1732 2692 1826 2724 quam
1852 2682 1973 2713 actione

1109 2730 1150 2761 de
1176 2729 1265 2760 dolo.
1308 2727 1338 2759 Si
1363 2735 1470 2759 tamen
1486 2733 1576 2758 merx
1594 2726 1646 2757 illa
1663 2725 1751 2757 venit
1769 2724 1973 2760 conditione,

1108 2778 1144 2802 ut
1169 2770 1217 2802 his
1241 2770 1437 2810 ponderibus
1460 2769 1655 2806 traderetur3
1678 2776 1751 2798 cum
1768 2765 1875 2797 Titius
1889 2763 1973 2795 deci·

1107 2812 1216 2854 piendi
1231 2809 1321 2843 causa
1338 2808 1517 2842 affirmass'et
1530 2832 1539 2848 ‚
1561 2808 1592 2841 se
1615 2818 1704 2850 aequa
1718 2808 1836 2840 habere
1852 2805 1972 2850 ponde-

1108 2863 1158 2885 ra:
1182 2862 1248 2885 non
1270 2852 1381 2884 resistit
1404 2850 1580 2892 Ulpianus,
1604 2860 1669 2891 quo
1686 2850 1787 2881 minus
1800 2849 1879 2889 Jam‚
1903 2853 1974 2886 quia

1108 2895 1166 2926 alia
1183 2894 1266 2926 attio
1282 2903 1346 2926 non
1363 2893 1518 2932 est,inter
1533 2901 1590 2924 eos
1605 2892 1658 2932 qui
1678 2894 1901 2922 contraxerunt
1916 2886 1972 2932 bo-

1108 2945 1147 2968 na
1166 2935 1249 2975 fide,
1273 2934 1419 2968 adversus
1435 2932 1561 2966 Titium
1579 2935 1619 2965 de
1635 2933 1712 2966 dolo
1728 2930 1809 2965 aftio
1824 2928 1889 2963 dari
1896 2934 1971 2968 pos·

1106 2976 1156 3014 fit.
1196 2976 1340 3012 Tantum
1357 2977 1398 3013 de
1416 2977 1444 3010 d.
1463 2976 1483 3010 l.
1502 2979 1550 3011 18.
1567 2974 1597 3017 §.
1617 2985 1647 3017 3·
