2036 3495
287 133 348 169 AD
375 133 464 167 Lm.
494 132 519 167 I.
555 131 659 168 Txr.
688 129 730 164 11.
762 129 813 165 De
839 128 1092 175 Originejitris,
1120 125 1161 168 ὅ)
1179 130 1314 165 omnium
1330 129 1609 179 Magistratuum,
1636 129 1704 171 &aa

753 219 1110 254 TITULus

1169 220 1219 255 ΙΙ.

328 299 378 335 De
398 291 529 344 Origine
538 297 641 344 juris,
667 293 709 335 δὲ)
726 296 860 331 omnium
883 295 1157 343 Magistratmmz,
1186 294 1421 345 &succffone
1444 298 1644 335 Prudentum.

146 389 256 422 Αιιτεε
273 389 362 429 hujus
381 386 482 418 Tituli
500 394 562 417 tres
587 384 675 417 sunt:
699 394 812 416 omnes
831 384 907 416 scitu
921 385 966 416 di-

91 392 229 470 Peme.
253 431 282 462 in
299 428 462 471 przesentia
479 437 582 459 tamen
596 437 660 458 non
676 427 883 467 explicandae.
900 436 964 458 non

89 463 189 511 prima
203 495 211 509 ,
236 473 307 512 qnia
324 470 404 501 dicta
429 469 588 510 superiore
613 467 728 500 Titulo
745 469 785 514 de
801 467 964 508 speciebus

87 514 164 553 J'uris
189 512 311 553 scripti,
335 510 456 542 faciunt
479 510 555 542 mini
573 511 674 541 otiurn
694 509 733 540 ab
760 519 824 548 ejus
842 508 963 548 exposi-

90 555 190 584 tione.
215 563 254 584 ne
271 555 398 585 alteram
416 552 585 592 attingam,
605 551 685 582 lianc
704 550 807 598 liabeo
824 550 962 597 causam:

89 595 177 634 quod
197 594 263 627 suus
282 598 387 626 veniet
411 593 449 624 de
474 602 510 623 ea
533 593 658 624 dicendi
688 590 907 638 locus-situle
928 600 964 623 ix

90 636 120 667 ἃ
131 636 338 678 sequentibus.
351 635 508 676 postrema
524 641 595 676 pars
605 641 693 675 patet
709 634 832 674 longius
843 656 853 673 ,
869 642 964 674 quam

742 717 1090 752 TITULUS

1008 392 1043 416 ut
1060 385 1168 424 paucis
1185 385 1304 418 absolvi
1327 387 1453 419 debeat.
1485 388 1579 428 quid,
1603 387 1623 420 si
1643 388 1686 420 nil
1703 396 1805 430 opus,
1828 397 1884 421 ex·

1007 427 1143 458 scribere
1160 428 1201 458 de
1217 429 1289 459 vitis
1306 427 1461 460 Veterum
1473 429 1774 468 Jurisconsultorurn
1792 431 1886 462 tradia

1009 475 1039 498 ta
1056 477 1072 499 a
1085 468 1168 500 Viris
1185 468 1382 505 Clariffimis,
1399 470 1544 509 Johanne
1560 470 1757 510 Bertrando‚
1777 471 1886 504 &Gu-

1008 509 1116 541 lielmo
1126 508 1264 541 Grotio:
1281 519 1352 550 quae
1371 510 1483 543 suntin
1499 521 1594 543 manu
1610 514 1765 546 omnium.
1788 522 1883 554 pote-

1007 559 1046 582 rit
1061 551 1155 582 etiarn
1173 551 1326 583 curiosior
1342 553 1468 591 talium,
1485 555 1530 584 uti
1546 553 1642 585 Notis
1660 554 1689 585 ὅ(
1708 555 1882 587 Commen-

1007 592 1093 624 tariis
1105 591 1364 625 Doctiffirnorum
1383 594 1550 626 hominurn
1566 595 1619 636 qui
1637 594 1723 627 hunc
1733 594 1884 629 Titulum

1004 633 1066 673 jam
1083 635 1202 666 dudum
1219 635 1421 668 illustrarunt.

1148 718 1225 752 111.

478 795 527 830 De
548 794 686 840 Qubus,
715 790 1065 838 Senatusqueconsultis,
1092 790 1133 831 E?
1148 793 1240 839 longa
1255 794 1474 841 corfiietudine.

140 885 249 916 An'rsss
262 882 352 924 hujus
370 884 471 916 Tituli
494 883 563 914 sunt
581 890 662 914 tres:
679 882 784 926 prima
801 881 845 913 est
860 880 900 927 de
916 880 958 912 le·

149 927 259 967 gibus,
283 928 381 957 altera
405 927 444 958 de
467 924 753 956 Senatusconiultis
770 946 779 961 ,
803 923 958 968 tert-rade

86 968 179 1009 longa
196 966 436 998 consuetudine.
468 967 519 998 sed
542 967 581 997 dc
598 963 884 1010 Senatusconsu'ltis
901 971 956 994 ite·

85 1019 154 1041 rum
171 1009 231 1040 (lici
244 1032 252 1047 ‚
276 1009 355 1040 nihil
373 1018 470 1049 opus:
496 1009 567 1047 quia
588 1007 628 1037 de
645 1007 691 1052 his
706 1006 766 1045 jam
787 1014 835 1046 egi
852 1014 882 1035 in
903 1013 957 1035 ex-

86 1049 243 1091 pontione
260 1050 393 1089 partium
407 1050 484 1089 juris
500 1048 616 1088 scripti.
641 1046 761 1093 ibidem
780 1046 864 1092 leges
876 1054 954 1084 quo-

86 1101 148 1131 que
166 1091 274 1131 attigi:
291 1089 341 1121 sed
360 1091 510 1122 historico
528 1098 638 1127 more;
656 1098 753 1128 magis
771 1095 805 1118 ut
820 1088 956 1127 liqueret

84 1134 159 1172 juris
183 1135 292 1163 auctor
315 1132 344 1163 v&
368 1133 536 1171 conditor,
560 1139 651 1170 quain
671 1137 705 1160 ut
725 1129 828 1170 legum
847 1137 957 1174 natura

86 1174 325 1213 intelligeretur.
344 1173 403 1204 erit
419 1173 511 1213 igitur
527 1173 664 1213 pretium
682 1179 810 1215 operae,
827 1169 880 1200 hic
897 1178 955 1209 pri-

86 1224 172 1246 mum
190 1218 229 1245 de
245 1214 365 1253 leuibus
378 1237 387 1252 ,
398 1214 425 1245 &
436 1215 550 1245 deinde
561 1213 599 1244 de
617 1214 712 1252 ionga
729 1212 956 1256 consuetudine

86 1265 156 1296 quae
178 1247 333 1295 postrema
346 1254 489 1286 Rubricae
505 1263 574 1293 pars
593 1252 654 1291 est,
670 1253 781 1298 paucis
798 1250 955 1297 disserere.

128 1297 162 1328 In
179 1298 196 1326 l.
218 1307 245 1328 2.
265 1297 293 1327 b.
313 1303 333 1326 t.
353 1305 392 1326 ex
410 1295 576 1326 Marciano
601 1301 730 1333 ponitur
745 1293 862 1331 duplex
879 1293 956 1332 legis

86 1338 259 1369 definitio:
290 1345 349 1367 una
377 1335 564 1376 Chrysippi,
589 1336 687 1366 altera
713 1333 954 1380 Demosthenis.

84 1386 195 1411 neutra
220 1387 312 1415 vera,
337 1375 388 1408 scd
414 1386 482 1417 quae
509 1376 630 1408 Graecis
655 1380 688 1414 ²²55*
706 1377 817 1406 ἔπαινον,
843 1375 874 1407 id
890 1374 953 1413 est,

82 1418 253 1450 secundum
265 1418 387 1449 laudem
398 1441 408 1456 ,
425 1418 618 1457 appellatur,
637 1416 763 1448 auctore
775 1416 894 1463 lfidoro
905 1416 952 1447 lib.

83 1469 111 1491 2.
131 1459 248 1500 Origin.
265 1469 289 1490 c.
310 1469 357 1495 29.
375 1466 495 1490 tantum
517 1459 546 1490 in
564 1468 599 1489 ea
618 1468 686 1499 quae
702 1457 870 1504 Chrysippi
889 1458 953 1496 est,

80 1502 223 1532 notabo:
248 1502 334 1539 quod
351 1501 412 1539 ait,
436 1501 539 1541 legem
564 1508 715 1540 oportere
734 1499 795 1531 esse
813 1499 954 1546 regulam

80 1541 231 1582 iustorum
250 1542 278 1572 ἃ
301 1541 503 1581 injustorum:
527 1542 693 1582 quomodo
716 1540 837 1572 Seneca
854 1542 904 1571 lzb.
922 1551 952 1588 4.

81 1583 131 1614 De
148 1582 261 1622 benefic.
279 1592 304 1614 c.
324 1592 368 1614 12.
386 1583 491 1614 Verba
509 1583 648 1614 Senecae.
669 1583 742 1613 Cum
757 1583 895 1613 creditum
911 1583 954 1613 ciz-

83 1626 174 1654 cz'mus
185 1647 194 1660 ‚
210 1625 335 1664 imagine
352 1623 387 1658 &²
406 1622 590 1661 transtatione
605 1622 775 1661 utimur.fic
790 1623 826 1657 &²
843 1624 928 1665 legem
941 1646 950 1662 ,

79 1663 154 1706 justi
175 1662 329 1706 injustique
352 1666 480 1706 regulam
504 1664 563 1705 effe.
609 1665 731 1706 Regula
754 1674 860 1697 autern
886 1664 949 1704 est,

85 1715 179 1746 quam
195 1708 366 1736 imitemur.
405 1705 480 1737 Hoc
500 1705 585 1738 sensu
602 1706 720 1739 Plinius
737 1706 783 1737 lib.
801 1716 850 1747 34.
869 1704 950 1746 Hzfl.

83 1753 146 1778 nat.
163 1757 186 1777 c.
206 1751 233 1780 8.
253 1746 431 1787 Polycletus,
454 1747 574 1786 inquit,
590 1748 666 1788 fecit
681 1757 762 1789 quem
778 1757 888 1779 canona
904 1757 951 1779 ar-

84 1787 174 1828 tifices
190 1793 313 1827 vacant,
338 1788 509 1819 lineamenta
527 1790 599 1819 artis
613 1798 649 1820 ex
664 1798 692 1819 eo
703 1795 828 1830 petentes
840 1812 849 1828 ,
871 1790 952 1820 velut

83 1840 102 1860 α
124 1829 181 1869 lege
202 1829 492 1870 quadarn‚solusque
509 1830 653 1861 hominum
677 1837 768 1861 artem
788 1831 843 1871 ipse
852 1830 951 1871 fecz'ffe

84 1871 155 1901 ortis
174 1876 251 1909 opere
262 1871 424 1911 judicatur.
448 1870 522 1902 Non
535 1872 636 1903 minus
646 1872 750 1911 placet
762 1872 825 1903 hoc
840 1874 869 1903 in
889 1872 951 1903 De-

83 1911 258 1943 mosthenis
282 1911 487 1944 definitione:
513 1912 577 1943 Lex
599 1911 638 1953 est
654 1914 702 1944 cui
716 1922 808 1944 ommes
821 1915 952 1953 obtempe-

84 1962 149 1984 rare
165 1954 296 1983 convenit
305 1963 315 1982 :
337 1959 399 1983 tum
417 1955 448 1983 ol)
464 1954 522 1984 alia
539 1954 650 1993 multa,
674 1959 735 1985 tum
760 1955 806 1985 vel
828 1955 952 1986 maxime

83 2004 131 2032 eo,
147 1995 220 2034 quod
235 1995 325 2024 omnis
335 1994 382 2025 lex
391 1995 543 2025 inventum
559 2005 708 2026 acmunzcs
719 1995 777 2026 Dei
786 1994 833 2035 eft.
852 1995 952 2027 Nem-

82 2044 141 2075 pe,
152 2035 222 2074 quia
237 2037 341 2065 omnia
365 2035 403 2066 ab
416 2035 598 2067 hominibus
612 2036 694 2068 fac'la
711 2037 842 2069 naturali
861 2038 952 2069 ratio-

81 2085 141 2114 nc,
165 2076 271 2106 divina
289 2076 453 2107 voluntate
475 2076 556 2108 facta
572 2079 705 2119 intelligi
725 2088 780 2118 par
797 2078 860 2110 est:
886 2088 950 2110 non

82 2116 128 2148 est
143 2117 291 2155 dubium,
316 2117 391 2157 quin
409 2117 552 2150 humanae
570 2119 675 2160 leges,
698 2120 896 2160 pertinentes
912 2121 952 2152 ad

82 2158 230 2189 tuendam
246 2158 373 2190 civilem
389 2158 574 2191 societatem
590 2163 713 2192 ratione
723 2162 853 2193 naturali
869 2164 953 2193 inter

82 2199 229 2231 homines
244 2199 431 2238 institutam,
456 2201 579 2233 ratione
601 2203 751 2241 naturali,
773 2203 804 2234 id
819 2202 881 2242 cst,
908 2204 952 2235 di-

81 2241 155 2271 vina
179 2241 365 2280 voluntate,
389 2242 526 2274 inventae
552 2243 799 2285 constitutaeque
815 2245 951 2287 intelligi

81 2282 230 2314 debeant.

122 2321 265 2354 Transeo
294 2323 332 2354 ad
348 2323 366 2355 l.
387 2333 411 2355 1.
430 2324 457 2355 b.
473 2330 494 2356 t.
523 2326 552 2356 in
570 2335 628 2366 qua
652 2326 696 2358 est
713 2327 844 2367 sequens
862 2328 951 2369 Papi-

78 2363 161 2395 niani
181 2363 344 2403 definitio,
361 2366 389 2396 ei
407 2374 477 2406 quae
495 2366 539 2398 est
554 2365 780 2400 Demostheni-J
797 2370 828 2400 in
846 2371 873 2400 cl.
890 2370 907 2400 l.
920 2381 951 2409 2,

79 2414 144 2436 non
162 2405 318 2437 abfimilis.
345 2407 410 2437 Lex
419 2406 455 2447 eft
466 2417 611 2440 commune
619 2415 788 2450 praeceptum
798 2434 807 2448 ‚
821 2413 952 2442 virorum

73 2447 263 2487 prudentium
280 2447 456 2486 confizltum:
478 2449 642 2481 delictorum
667 2461 729 2492 quae
738 2452 843 2492 sponte
861 2453 907 2483 vel
926 2455 950 2484 i-

77 2489 235 2526 gnorantia
257 2489 488 2528 contrahuntur,
513 2492 658 2523 coercitio:
680 2495 837 2525 communis
858 2496 950 2534 reipu-

80 2528 154 2559 blicae
165 2527 281 2568 sponfio.
325 2530 464 2562 Primum
489 2532 531 2562 ait
557 2532 765 2572 Papinianus,
791 2536 878 2575 quod
897 2537 949 2567 lex

81 2567 144 2607 est,
157 2575 346 2610 proeceptztm:
365 2581 428 2603 non
441 2574 534 2613 quale
545 2576 657 2614 quale3
678 2575 727 2606 sed
747 2577 795 2607 cui
813 2576 892 2607 inest
909 2587 952 2608 co-

80 2610 196 2648 ercitio,
218 2611 247 2641 ὃς
272 2613 334 2649 (ut
354 2613 393 2643 ab
413 2613 467 2644 illo
484 2615 600 2646 dicitur
617 2616 635 2647 l.
655 2626 703 2654 αἱ.
724 2616 766 2647 D.
786 2619 818 2647 de
832 2620 952 2658 poem's)

82 2650 207 2681 additur
221 2652 349 2683 sanctio.
374 2654 415 2684 ita
432 2656 555 2694 optime
572 2657 692 2688 Seneca
710 2656 803 2698 Epist.
824 2668 873 2698 95.
891 2659 947 2690 Le.

78 2701 146 2732 ges,
169 2691 289 2730 inquit,
307 2693 374 2726 sunt
388 2695 471 2725 minis
487 2697 580 2728 mixta
594 2704 742 2739 praeceptu.
777 2699 818 2730 Et
833 2700 872 2730 ab
891 2700 950 2731 hac

81 2731 170 2762 causa
189 2733 271 2776 apud
288 2732 439 2779 Ovidium
457 2735 505 2768 lib.
528 2747 552 2769 1.
571 2738 765 2781 Memmorph.
785 2741 816 2773 in
835 2740 948 2773 descri-

78 2774 192 2814 ptione
208 2774 300 2805 seculi
319 2784 414 2806 aurei.

249 2814 314 2845 Nec
331 2818 418 2847 verba
435 2817 561 2850 minacia
572 2818 637 2859 fixo

142 2855 217 2886 Aere
233 2855 408 2896 legebantur.

79 2896 232 2969 Siinglitcr
254 2898 334 2938 apud
359 2897 566 2932 prudentium
583 2901 630 2934 lib.
649 2913 677 2935 2.
700 2904 850 2947 Adversus
866 2906 947 2948 Sym-

79 2948 142 2969 mac
163 2948 220 2970 am.

222 2978 352 3017 Dicant,
375 2991 428 3012 cur
443 2983 556 3013 condita
564 2981 605 3020 fit
624 2984 671 3016 lex

120 3020 235 3059 Bisstx
251 3022 280 3050 in
300 3022 423 3060 tabulis,
446 3030 498 3054 aut
513 3033 565 3055 cur
579 3026 695 3058 rubrica
711 3028 838 3061 minetur

118 3061 192 3104 ‚Qzae
203 3063 330 3102 prohibet
341 3070 457 3103 peccare
471 3074 539 3096 reos.

80 3103 132 3134 Est
148 3104 242 3144 igitur
260 3102 326 3134 Lex
345 3114 539 3144 praeceptum
553 3129 561 3144 ,
580 3107 609 3138 &
626 3108 750 3140 minax:
767 3109 817 3142 sed
830 3121 951 3142 commu-

79 3153 124 3174 ne.
155 3144 218 3175 hoc
235 3145 318 3175 enim
336 3146 422 3177 addit
440 3148 635 3187 Papinianus.
682 3150 790 3191 Atejus
816 3152 948 3192 Capite,

80 3185 162 3223 apud
189 3186 223 3216 Α.
250 3184 389 3218 Gellium
414 3188 460 3219 lib.
482 3198 526 3220 10.
548 3190 638 3221 Νοὲἶ.
656 3191 752 3222 Attic.
769 3202 792 3224 e.
814 3203 863 3225 20.
884 3194 950 3226 Lex

76 3224 277 3299 estjvinquilt,
296 3229 429 3270 generale
443 3230 553 3271 juffitm
580 3233 682 3273 populi
705 3239 757 3266 aut
777 3234 885 3275 plebis,
908 3245 949 3267 ro-

141 3272 193 3299 0111·
260 3292 267 3300 .

1003 886 1095 922 gante
1112 880 1306 922 Magistratu.
1351 883 1393 915 Et
1412 886 1539 926 utrique
1565 887 1799 920 convenienter
1822 886 1881 919 Ul·

1002 924 1110 961 pianus
1128 923 1146 952 l.
1166 928 1194 957 8.
1214 925 1240 954 Ι).
1264 932 1285 955 ι.
1315 926 1396 967 Jura
1410 935 1467 957 non
1482 927 1651 968 insirigulas
1662 930 1880 970 pastinandas

996 963 1170 1002 generaliter
1198 961 1426 1003 constituuntur.
1472 968 1507 1000 In
1533 968 1718 1003 Duodecim
1744 980 1877 1012 quoque

999 1004 1133 1036 Tabulis
1151 1004 1192 1036 sic
1210 1014 1338 1037 cautum
1355 1006 1465 1046 fuisse,
1485 1011 1647 1053 Privilegia
1663 1022 1698 1043 ne
1714 1015 1876 1054 irrogante,

1000 1045 1123 1077 constat
1146 1056 1186 1077 ex
1210 1046 1392 1087 Cicerone,
1414 1048 1461 1080 De
1483 1051 1592 1091 legibus
1607 1054 1654 1084 lib.
1673 1063 1700 1094 53.
1718 1064 1743 1086 c.
1766 1063 1821 1092 19,
1843 1053 1875 1085 δί

1000 1088 1060 1118 Pro
1075 1088 1153 1118 domo
1168 1098 1192 1118 c.
1216 1096 1262 1128 17.
1296 1087 1374 1120 Non
1394 1098 1500 1123 tamen
1519 1094 1581 1123 noc
1598 1094 1642 1126 est
1660 1094 1724 1126 line
1741 1094 1876 1127 difficul-

1001 1137 1086 1166 tate,
1104 1136 1239 1170 propter
1256 1129 1320 1160 hoc
1337 1131 1443 1170 Pauli,
1462 1133 1569 1173 (quod
1587 1135 1616 1166 in
1637 1136 1656 1166 l.
1680 1141 1725 1167 16.
1747 1136 1775 1167 h.
1792 1143 1814 1167 t.
1830 1134 1877 1167 est

1001 1180 1040 1201 ex
1058 1170 1123 1210 ejus
1143 1170 1189 1201 lib.
1204 1169 1354 1212 fingulari
1370 1172 1417 1203 De
1427 1174 1496 1215 jure
1510 1173 1678 1217 singulari)
1701 1178 1763 1217 Jus
1771 1176 1877 1220 fingu-

999 1211 1060 1242 lare
1075 1209 1129 1252 cst,
1144 1214 1219 1253 quad
1235 1218 1331 1244 contra
1346 1219 1467 1245 tenorem
1485 1217 1604 1247 rationis
1617 1224 1733 1258 propter
1746 1220 1876 1260 aliquam

998 1252 1156 1284 utilitatem
1172 1253 1344 1285 auctoritate
1359 1254 1593 1295 constituentium
1608 1259 1806 1291 introduttmn
1823 1259 1875 1300 est.

998 1293 1064 1326 Nisi
1082 1302 1247 1335 putamus,
1267 1296 1316 1335 jus
1339 1296 1509 1338 singulare,
1535 1299 1590 1330 etsi
1615 1300 1764 1331 adversus
1789 1301 1874 1341 rigo-

997 1344 1064 1368 rem
1089 1337 1164 1376 juris
1189 1337 1398 1370 constituatur
1423 1339 1466 1370 ob
1493 1341 1655 1380 publicam
1680 1342 1875 1382 utilitatem3

999 1385 1103 1409 tamen
1122 1377 1184 1409 esse
1199 1388 1372 1411 commune
1385 1389 1600 1423 praeceptum:
1620 1384 1692 1423 quia
1711 1393 1775 1416 non
1793 1385 1824 1415 in
1841 1394 1877 1416 u-

997 1428 1068 1450 nam
1087 1418 1289 1451 constituitur
1306 1420 1490 1461 personam,
1515 1422 1567 1455 sed
1586 1425 1615 1455 in
1636 1425 1778 1462 ejusdem
1796 1435 1875 1457 con-2

997 1460 1130 1492 ditionis
1155 1460 1305 1501 personas
1324 1463 1447 1503 plures:
1474 1472 1507 1495 ut
1524 1465 1632 1496 evenit
1650 1469 1681 1497 in
1702 1467 1772 1507 jure
1791 1466 1875 1506 fisci,

998 1502 1142 1540 dotium,
1166 1503 1335 1543 principis,
1359 1505 1572 1544 creditorum,
1598 1507 1627 1538 &
1652 1507 1697 1539 his
1717 1508 1874 1540 similium,

996 1542 1051 1575 Est
1069 1544 1182 1581 etiarn,
1206 1545 1258 1575 ubi
1274 1545 1323 1584 jus
1342 1545 1494 1586 singulare
1519 1547 1637 1587 spectat
1654 1551 1692 1579 ad
1709 1550 1874 1581 universos

997 1585 1104 1617 cives:
1128 1585 1222 1625 quale
1245 1587 1289 1617 eil:
1315 1590 1400 1626 quod
1420 1587 1449 1619 in
1469 1590 1604 1628 pecunia
1621 1590 1744 1621 credita
1760 1591 1806 1622 est
1825 1600 1877 1622 re-

997 1635 1127 1667 ceptum
1155 1627 1174 1658 l.
1203 1636 1248 1666 15.
1266 1626 1307 1658 D.
1324 1629 1357 1658 de
1376 1630 1456 1659 rebus
1473 1631 1596 1661 creditis.
1642 1630 1751 1671 Major
1769 1639 1874 1665 metus

994 1667 1040 1699 est
1064 1677 1081 1699 a
1105 1668 1299 1708 privilegiis,
1323 1669 1361 1700 ad
1379 1680 1477 1702 unum
1502 1671 1666 1703 hominem
1686 1673 1876 1712 pertinenti-

994 1709 1071 1742 bus:
1096 1719 1167 1741 curn
1185 1708 1243 1741 fint
1260 1711 1357 1749 privae
1377 1712 1472 1752 leges.
1517 1712 1579 1745 Sed
1595 1713 1743 1754 interest,
1766 1722 1876 1747 utrum

994 1751 1024 1782 in
1042 1751 1199 1791 aliquem,
1215 1761 1252 1782 an
1269 1761 1327 1792 pro
1345 1752 1470 1792 aliquo,
1487 1763 1540 1785 aut
1558 1756 1597 1786 de
1609 1756 1737 1796 aliquo,
1753 1755 1873 1789 feratur

994 1793 1207 1833 privilegium.
1233 1793 1365 1825 alterum
1382 1794 1418 1825 fit
1436 1796 1466 1826 in
1484 1796 1601 1828 bonam
1620 1805 1762 1837 partem3
1784 1797 1874 1830 forte

994 1833 1014 1865 fi
1034 1835 1197 1874 praemium
1218 1835 1327 1873 datur,
1351 1844 1405 1866 aut
1423 1845 1512 1876 poena
1526 1839 1716 1870 remittitur:
1736 1839 1874 1872 alterum

994 1876 1025 1906 in
1044 1876 1177 1915 1nalam3
1202 1883 1256 1914 ut,
1280 1876 1301 1907 fi
1318 1886 1401 1908 nova
1419 1879 1550 1918 ponitur
1568 1887 1683 1918 poena,
1706 1888 1759 1912 aut
1780 1888 1875 1913 vetus

994 1924 1153 1957 gravatur.
1177 1917 1255 1948 illud
1275 1927 1340 1949 non
1359 1920 1462 1950 vetuit
1482 1919 1550 1951 Lex
1563 1920 1747 1954 Duodecim
1763 1921 1876 1954 Tabu-

995 1959 1111 1997 larum3
1129 1959 1158 1989 ἃ
1174 1966 1287 1990 extant
1304 1961 1460 2000 exempla.
1485 1961 1551 1992 hoc
1568 1963 1689 1995 vetuit:
1705 1972 1769 1995 non
1787 1965 1874 1997 enim

995 2000 1091 2038 dicit,
1111 2000 1279 2041 Privilegia
1297 2010 1336 2032 ne
1354 2009 1506 2041 roganto:
1529 2001 1602 2042 sed,
1624 2002 1677 2035 Ne
1694 2004 1872 2046 irrogante.

997 2050 1062 2080 quo
1079 2040 1165 2072 sensu
1181 2042 1334 2080 dicimus,
1358 2052 1486 2082 poenam
1501 2045 1651 2086 irrogari,
1665 2046 1814 2077 mulctam
1832 2048 1875 2078 ir-

995 2084 1121 2122 rogari,
1137 2082 1299 2114 infamiam
1319 2085 1448 2125 irrogari
1465 2085 1484 2116 l.
1506 2095 1572 2126 131.
1588 2086 1617 2127 §.
1638 2096 1663 2117 1.
1685 2086 1725 2119 D.
1743 2088 1777 2118 cte
1791 2090 1874 2121 verb.

988 2122 1066 2165 fign.
1084 2124 1104 2156 l.
1122 2134 1169 2156 20.
1189 2125 1207 2155 l.
1225 2134 1275 2162 41.
1292 2124 1333 2155 D.
1351 2126 1492 2165 depoenis.
1512 2127 1571 2158 Tit.
1589 2127 1621 2159 C.
1634 2127 1726 2171 Qlib.
1743 2138 1780 2161 ex
1795 2130 1875 2168 cauli

996 2166 1100 2204 infam.
1112 2166 1200 2207 irrog.
1216 2166 1258 2196 ita
1271 2173 1360 2197 certe
1377 2167 1494 2199 Cicero
1504 2168 1551 2199 lib.
1571 2179 1600 2209 3.
1619 2169 1665 2200 De
1680 2170 1761 2212 legib.
1778 2181 1802 2203 c.
1824 2181 1873 2208 19.

996 2206 1033 2238 In
1044 2208 1176 2247 privatos
1193 2207 1317 2238 homines
1334 2207 1407 2250 leges
1415 2209 1495 2248 ferri
1509 2210 1681 2243 noluerunt.-
1694 2213 1725 2243 id
1742 2210 1781 2253 eft
1795 2214 1873 2244 enim

991 2249 1198 2289 privilegium:
1212 2257 1266 2289 quo
1282 2251 1351 2289 quid
1366 2248 1405 2289 esi}
1421 2248 1582 2292 injustius?
1598 2251 1792 2294 Eodemque
1803 2263 1875 2286 mo-

995 2290 1038 2320 do
1057 2288 1210 2328 Ulpianus
1230 2290 1258 2320 cl.
1275 2290 1292 2320 l.
1313 2294 1338 2324 8.
1358 2291 1440 2331 Jura
1455 2302 1511 2323 non
1528 2294 1559 2324 in
1568 2292 1704 2335 singulas
1715 2295 1872 2335 perfimas‚

987 2331 1222 2371 sedgt‘neraliter
1231 2329 1457 2368 constituuntur.
1481 2333 1590 2365 Fuerit
1600 2344 1660 2375 pro
1670 2337 1795 2367 ratione
1805 2337 1873 2377 ejus

995 2372 1159 2403 sententiae
1186 2371 1250 2403 hoc
1274 2372 1483 2415 Quintiliani,
1508 2376 1643 2407 Declam.
1663 2386 1733 2417 339.
1759 2377 1874 2422 Quam-

994 2423 1081 2454 quam
1096 2414 1236 2444 rationem
1260 2418 1364 2453 etiarn,
1387 2422 1504 2456 propter
1519 2418 1595 2458 quod
1610 2427 1668 2448 non
1685 2419 1770 2450 liceat
1786 2429 1872 2461 roga-

995 2457 1097 2486 tionem
1115 2461 1214 2486 contra
1222 2454 1355 2497 singulos
1365 2458 1466 2496 ferre,
1483 2458 1579 2496 illam,
1597 2459 1698 2497 video,
1715 2461 1791 2501 quod
1802 2467 1871 2501 pec·

994 2502 1061 2526 cata
1069 2494 1252 2536 fingulorzmz
1269 2499 1429 2528 videantur
1445 2499 1544 2530 habere
1566 2500 1639 2541 leges
1647 2501 1731 2541 ficas.
1753 2502 1871 2534 homici-

997 2539 1076 2567 dium
1085 2537 1160 2577 feeit
1176 2539 1299 2579 aliquis,
1314 2540 1519 2580 sacrilegium,
1536 2542 1696 2581 injuriam,
1712 2548 1869 2586 caeteraque

996 2579 1040 2610 his
1049 2577 1178 2616 fimilia:
1192 2583 1248 2619 suo
1259 2580 1327 2621 jure
1336 2581 1474 2620 punitur.
1498 2581 1575 2614 Erat
1592 2592 1670 2615 vero
1688 2584 1718 2616 id
1735 2586 1872 2618 necessa-

996 2620 1096 2659 rium,
1121 2619 1219 2651 libera
1235 2622 1417 2661 republica,
1441 2622 1471 2654 (Sc
1490 2623 1534 2655 ibi
1551 2624 1645 2656 nimia
1662 2629 1806 2665 potentia
1825 2627 1871 2659 se-

995 2660 1414 2694 ditiosorumTribunorum
1431 2664 1551 2704 plebis:
1565 2674 1599 2697 ut
1616 2667 1756 2699 indicare
1772 2669 1870 2701 etiam

994 2701 1111 2734 Cicero
1130 2703 1264 2734 videtur.
1289 2711 1320 2734 at
1340 2713 1458 2736 mutata
1473 2707 1654 2747 republica,
1671 2710 1797 2741 minore
1814 2721 1869 2750 pe·

993 2744 1095 2775 riculo
1112 2744 1142 2774 id
1157 2743 1205 2783 jus
1217 2743 1308 2775 fuisse
1320 2746 1478 2785 creditur,
1497 2748 1578 2780 nulla
1596 2749 1685 2782 causa
1703 2751 1868 2783 odiiPriu-

993 2785 1103 2825 cipalis
1121 2785 1151 2816 in
1170 2786 1328 2824 privatos,
1352 2787 1434 2819 infra
1456 2788 1636 2831 Principem
1655 2792 1867 2831 constitutos,

993 2825 1120 2864 nescio,
1144 2835 1180 2856 an
1199 2826 1237 2857 ab
1253 2828 1458 2861 adulatione:
1482 2840 1555 2863 cum
1573 2832 1603 2864 δι
1628 2833 1790 2872 Principes
1807 2832 1867 2864 fint

993 2867 1160 2905 homines,
1184 2867 1326 2901 humanis
1346 2871 1431 2902 vitiis
1457 2881 1522 2904 non
1538 2874 1659 2912 minus,
1684 2883 1775 2908 uuam
1792 2874 1865 2911 alii,

993 2908 1139 2940 obnoxii.
1165 2917 1268 2941 tamen
1285 2909 1326 2942 fic
1343 2911 1532 2954 obtinuisse,
1556 2916 1655 2946 docet
1671 2914 1825 2953 Ulpianus
1842 2915 1864 2945 l.

996 2959 1024 2981 1.
1044 2949 1073 2990 ἓ.
1091 2959 1119 2980 2.
1138 2950 1184 2981 I).
1202 2952 1234 2981 de
1258 2950 1351 2992 Const.
1370 2954 1471 2986 Princ.
1493 2956 1557 2987 Sed
1576 2963 1721 2986 revertor
1734 2956 1771 2985 ad
1788 2955 1866 2987 defi-

995 2991 1171 3024 nitionem:
1187 2993 1230 3023 ait
1242 2993 1432 3034 Papinianus
1452 2997 1470 3028 l.
1487 3006 1511 3028 1.
1524 2997 1551 3027 h.
1564 3003 1586 3027 t.
1605 2997 1690 3036 quod
1712 2994 1779 3025 Lex
1796 2996 1864 3036 est,

994 3033 1124 3062 virorum
1138 3035 1314 3072 prudentzmz
1340 3038 1518 3077 consultum:
1543 3047 1606 3068 non
1624 3038 1713 3067 aliam
1733 3037 1776 3067 ob
1793 3047 1867 3069 cau-

995 3072 1056 3105 sam
1068 3096 1076 3112 ,
1093 3082 1184 3114 quarn
1195 3077 1282 3114 quod
1294 3077 1455 3119 pleraeque
1466 3080 1551 3119 leges
1561 3087 1576 3108 a
1594 3077 1784 3122 sapientibus
1794 3079 1865 3111 sunt

995 3116 1131 3146 decretae
1149 3117 1177 3147 &
1199 3117 1280 3149 latae.
1307 3119 1492 3151 Consultum
1504 3119 1586 3149 enirn
1605 3118 1780 3158 Papiniano
1798 3130 1865 3153 non

994 3155 1055 3195 est,
1071 3157 1296 3190 confiliumaut
1314 3161 1428 3193 suasio:
1446 3161 1496 3191 sed
1509 3160 1683 3191 decretum.
1700 3169 1771 3193 narn
1788 3172 1886 3196 con-⁴

994 3197 1111 3236 sulere,
1128 3200 1210 3238 apud
1220 3200 1356 3233 Veteres
1368 3225 1377 3240 ,
1395 3211 1458 3233 non
1477 3201 1575 3232 niodo
1590 3200 1780 3247 est'suadere
1792 3228 1800 3242 ‚
1812 3205 1866 3237 sed

993 3239 1086 3272 etiarn
1102 3240 1243 3312 &dicare
1259 3242 1289 3275 <Sc
1306 3244 1497 3276 decernere:
1522 3249 1556 3275 ut
1572 3242 1643 3281 alibi
1662 3244 1796 3279 indicavi
1814 3247 1866 3279 lib.

1289 3313 1292 3316 ⁴
1835 3292 1867 3323 2.
