2036 3495
144 143 187 170 12
561 126 595 162 G
629 135 650 160 12
683 135 706 161 R
739 133 760 159 A
794 133 817 158 n
850 131 874 157 1>
907 130 922 156 1

144 221 330 261 exemplum
350 216 447 254 defit,
471 215 602 256 apposui
621 214 640 244 l.
661 222 708 252 14.
727 211 760 243 C.
778 212 811 242 de
824 211 1020 251 procuratori-

145 265 207 295 bus.
231 263 262 294 δε
278 263 355 293 licet
371 258 535 297 inspicere.
576 255 655 286 Sunt
673 254 769 295 igitur
786 253 956 293 benignius
975 253 1021 283 in-

144 302 357 343 terpretandae
381 300 487 338 leges,
512 306 578 337 quo
596 296 748 327 voluntas
770 303 878 326 earum
896 292 1021 325 conser—

145 353 239 376 vetur
254 344 274 374 l.
289 347 334 377 18.
351 340 391 371 D<
412 341 440 370 b.
452 345 473 369 t.
491 339 614 379 semper
630 337 793 379 agentium
805 358 814 373 ,
830 343 864 367 ut
882 334 1021 375 prosint:

143 393 335 424 numquam,
361 390 394 412 ut
413 388 563 411 noceant.
595 379 640 411 est
662 378 817 410 sententia
841 377 911 408 liaec
936 377 1022 407 Con-

143 426 270 459 stantini
293 425 313 456 l.
339 428 367 457 8.
391 422 423 454 C.
446 422 629 464 dejudicii's:
652 420 808 458 dicentis,
833 418 975 458 Plciczti'ffe
989 419 1022 448 in

144 468 274 500 omnibus
297 466 379 497 rebus
400 465 575 504 praecz'puam
596 462 647 503 effe
659 460 783 503 justiciae
799 461 1022 501 aequitatisque,

144 506 446 551 quam-siritiijurz's,
471 506 620 536 racionem.
665 504 741 535 Non
766 501 811 533 est
830 503 904 533 liinc
922 502 1024 532 aliena

144 551 197 581 vel
223 550 274 581 i'lla
299 547 500 580 observatio:
525 547 614 587 quod
632 544 856 584 evenitsaepe3
880 551 915 574 ut
935 542 1025 573 latius

143 599 275 634 pateant
293 591 372 631 legis
392 589 505 624 verba,
524 597 619 628 quam
639 588 705 626 ejus
723 586 886 617 sententia.
911 591 1025 614 contra

145 634 258 666 evenit
274 641 425 673 quoque,
441 638 475 661 ut
491 629 551 662 fint
566 629 756 670 angustiora.
775 627 840 658 illic
858 624 1025 657 restrifitio—

144 685 207 713 ne,
230 674 299 706 11116
317 672 523 708 extensione,
548 680 629 710 opus
656 669 719 701 est:
744 677 853 706 certo,
879 676 937 706 pro
955 667 1025 707 lege

144 716 278 756 haberi,
303 725 367 747 non
385 714 473 754 quod
489 713 628 753 scripto,
652 711 704 742 sed
725 711 812 750 quod
835 709 1024 746 voluntate,

145 760 344 791 continetur.
374 756 469 797 igitur
494 754 514 786 si
532 755 593 785 late
612 760 743 794 pateant
759 751 836 792 legis
853 750 970 787 vei-ba,
995 749 1026 780 ὅ(

144 800 275 842 angusta
290 798 326 831 fit
343 798 409 838 ejus
425 796 601 828 sententia:
626 795 760 836 perinde
782 794 938 833 accipitur
953 791 1025 828 lex,

144 852 183 874 ac
202 841 224 874 11
247 842 316 882 plus
341 841 475 877 dixerit,
499 839 602 870 minus
626 835 857 877 significaverit.
890 834 921 865 id
938 831 1027 864 usum

144 885 270 916 invenit
286 882 306 914 l.
324 891 353 922 13.
368 881 398 923 §.
417 880 470 911 ult.
488 879 526 914 ὅ)
541 880 560 910 1,
577 889 606 918 4.
626 878 666 909 Ι).
685 880 718 908 cie
734 882 837 916 recept.
857 875 894 910 ἐξ)
910 875 962 916 qui
981 883 1027 905 ar-

144 927 213 957 bitr.
234 926 255 956 ι.
273 933 300 955 2.
317 923 346 965 §.
365 933 394 963 53.
412 923 460 953 D·
482 921 533 953 Aa
548 921 698 952 Senatum.
718 918 821 960 Veilej.
857 917 939 949 Vice
961 925 1026 947 vei·-

144 967 193 1006 sa,
216 967 238 999 fi
262 965 391 1006 angusta
408 963 468 995 firit
487 964 564 1004 legis
581 963 698 1000 verba,
721 961 830 992 &late
847 959 1028 999 porrigatur

146 1010 213 1050 ejus
241 1007 398 1039 sententia
417 1017 426 1038 ι
449 1004 555 1046 potest
578 1002 802 1043 interpretatio
819 1024 828 1039 ,
864 1007 1028 1040 tamquam

143 1051 224 1092 legis
241 1047 410 1091 permiss'u,
433 1056 474 1078 ex
490 1056 531 1077 eo
548 1046 635 1086 quod
655 1045 804 1084 scriptum
820 1041 884 1080 est,
901 1042 1027 1073 ratioci-

144 1093 253 1124 nando
279 1090 459 1131 procedere
484 1089 522 1120 ad
547 1097 612 1119 non
631 1085 779 1126 scriptum
794 1108 803 1123 ,
827 1093 888 1115 nec
905 1082 1027 1130 cogita-

145 1143 235 1166 tum:
259 1133 360 1165 modo
376 1132 396 1163 si
417 1129 494 1162 ess'et
510 1130 704 1170 cogitatum,
722 1125 933 1168 probabiliter
950 1124 1025 1155 fuis-

145 1175 194 1208 set
218 1175 336 1215 scripto
361 1170 641 1213 comprehensum.
664 1169 709 1201 est
734 1177 811 1199 vero
837 1167 906 1198 liaec
930 1166 1025 1198 inter·

145 1217 287 1259 pretatio
303 1225 344 1246 eo
361 1214 487 1254 majoris
503 1211 592 1244 usus:
617 1212 688 1252 quia
715 1218 820 1248 neque
838 1209 945 1249 leges,
969 1216 1024 1238 ne-

146 1269 210 1300 que
226 1254 509 1290 Senatusconsulta
520 1254 580 1293 ,ita
598 1252 689 1284 scribi
704 1251 851 1292 poffunt3
866 1258 901 1280 ut
912 1257 1025 1280 omnes

146 1300 234 1333 casus
252 1300 305 1341 qui
323 1297 518 1338 quandoque
537 1295 726 1332 inciderint,
748 1290 1025 1333 comprehendan-

146 1350 217 1375 tur:
241 1341 294 1373 sed
319 1339 432 1373 sufficit
449 1362 458 1376 ,
486 1347 522 1369 ea
547 1346 617 1378 quae
641 1336 829 1376 plerumque
854 1332 1025 1369 accidunt,

148 1382 329 1415 contineri:
356 1380 386 1412 δι
412 1389 485 1411 cum
509 1380 539 1410 in
566 1379 671 1418 aliqua
689 1376 779 1408 causa
797 1373 964 1407 manifesta
981 1373 1027 1402 est

145 1425 323 1462 sententia3
347 1423 372 1453 is
398 1423 450 1462 qui
472 1419 681 1460 jurisdictioni
707 1417 839 1459 praeest,
863 1417 902 1446 ad
920 1414 1029 1446 similia

146 1467 346 1508 procedere,
370 1471 467 1502 atque
492 1463 535 1504 ita
560 1462 608 1500 jus
628 1460 736 1491 dicere
761 1459 858 1490 debet
875 1457 893 1488 l.
916 1465 961 1488 io.
981 1464 1028 1487 11.

148 1519 197 1541 12.
223 1507 259 1542 ὅ)
279 1515 324 1546 13.
340 1505 366 1534 l).
386 1509 406 1534 t.
454 1502 535 1534 Haec
558 1511 636 1532 vero
658 1499 882 1539 interpretatio
899 1497 976 1530 ficut
993 1496 1029 1528 fit

146 1560 188 1581 ex
205 1555 315 1580 mente
333 1545 429 1585 legis:
453 1544 496 1574 ita
520 1543 678 1574 cautionis
701 1541 766 1581 est;
791 1551 830 1573 ne
847 1539 900 1571 fiat
915 1540 1026 1571 adver—

144 1591 194 1622 sus
212 1598 299 1621 eam:
327 1586 478 1627 quando,
498 1593 585 1616 certa
613 1585 691 1625 legis
715 1585 902 1620 voluntate,
925 1580 1028 1612 nullus

147 1631 193 1663 est
219 1628 478 1670 interpretationi
495 1627 606 1658 locus:
631 1634 665 1656 ut
680 1625 819 1656 maxime
835 1630 1029 1664 praetexatur

144 1673 289 1713 aequitas.
322 1670 385 1702 Res
401 1669 486 1700 ultro
504 1668 598 1699 clara.
629 1666 762 1698 Utinam
782 1666 852 1697 satis
869 1664 945 1696 essct
963 1664 1026 1694 ani-

143 1712 309 1748 madversa
334 1712 374 1743 ab
399 1709 651 1749 interpretibus!
675 1717 847 1748 numquam
869 1705 1028 1744 persuasis·

143 1757 214 1788 sent
230 1755 286 1787 sibi
304 1754 458 1793 aliisque,
481 1752 602 1783 licitam
627 1750 812 1791 parentibus
832 1748 893 1780 esse
910 1747 1028 1779 libero-

139 1807 212 1832 rum
237 1795 525 1828 exheredationem
553 1792 597 1824 ob
621 1793 696 1824 alias
724 1790 852 1830 causas,
878 1798 971 1829 quam
996 1789 1027 1819 in

143 1839 266 1874 Novell.
291 1847 357 1877 115.
375 1846 399 1867 c.
412 1846 441 1877 3.
459 1845 476 1866 a
490 1833 666 1875 justiniano
683 1832 851 1873 expressas.
875 1831 920 1862 611
940 1830 1027 1861 enim

144 1881 220 1914 salsa
236 1880 287 1913 illa
305 1878 479 1910 sententia:
504 1886 570 1908 non
591 1876 678 1916 quod
694 1884 829 1915 negem,
846 1872 981 1914 potuiffe
999 1881 1027 1902 a·

145 1923 203 1957 lias
213 1921 421 1960 causasaeque
434 1917 529 1960 iustas
539 1917 623 1948 addi.
638 1925 751 1948 contra
769 1916 834 1947 scio
847 1939 856 1954 ,
875 1914 937 1946 csse
949 1914 1028 1945 mul·

145 1973 193 1997 tas
209 1973 300 2005 aeque
314 1961 407 2003 iustas
420 1985 430 2000 ,
453 1960 520 1992 imo
539 1960 633 1990 etiam
647 1958 794 1999 justiores
808 1956 968 1996 expreiiis.
991 1955 1026 1986 il-

143 2007 199 2039 lud
215 2016 265 2038 me
282 2011 413 2037 movet:
430 2001 706 2043 quodlmperator
716 2000 791 2031 alias
808 1997 931 2036 causas,
949 2007 1027 2038 prae-

147 2056 197 2080 tci·
213 2045 386 2087 expressas,
410 2043 676 2084 interpretatione
693 2040 802 2073 induci
822 2040 933 2070 vetuit.
965 2047 1027 2070 nec

144 2091 183 2121 ad
203 2098 268 2120 rem
287 2089 448 2129 pertinet,
472 2093 579 2117 Utrum
601 2084 727 2115 ratione
744 2082 786 2114 fic
802 2080 960 2119 statuerit,
986 2089 1026 2111 an

144 2130 252 2162 secus:
268 2139 340 2161 cum
358 2129 423 2166 ejus
442 2129 486 2159 rei
502 2125 652 2167 judicium
670 2125 807 2156 excedat
823 2124 955 2155 modum
968 2122 1027 2163 pri-

144 2169 503 2212 vatiJurisconsultiaut
515 2167 736 2208 Magistratus,
753 2165 870 2206 alligati
887 2164 1027 2205 legibus:

144 2215 307 2254 soliusque
325 2211 361 2244 sit
379 2211 554 2250 Principis,
578 2210 700 2250 legibus
719 2207 822 2240 soluti.
845 2225 848 2229 ·
864 2205 1028 2237 Servanda

142 2256 242 2298 igitur
259 2254 304 2286 est
321 2263 358 2285 ea
381 2251 531 2290 durities,
556 2251 662 2282 donec
682 2260 699 2281 a
717 2250 866 2288 Principe
881 2248 1028 2279 immme-

145 2306 216 2330 tui·:
234 2305 308 2328 cum
323 2293 473 2326 adversus
488 2294 592 2334 legem
607 2299 727 2323 certam
745 2290 799 2322 etsi
815 2291 956 2329 iniquam
974 2295 1029 2319 aut

145 2340 275 2377 duram,
300 2336 432 2379 privatis
451 2335 532 2367 niliil
553 2334 778 2374 permittatur:
797 2340 832 2362 ut
849 2332 910 2372 jam
927 2331 959 2362 in
977 2339 1028 2361 an-

146 2379 300 2422 tecessum
315 2378 465 2410 indicavi.
489 2375 568 2408 Non
584 2376 685 2407 minus
699 2374 933 2406 observandum
944 2396 953 2410 ,
964 2370 1029 2411 (est

146 2423 231 2453 enim
247 2422 285 2452 ab
301 2421 417 2453 eodem
434 2418 615 2460 principio)
634 2417 723 2457 quod
739 2423 852 2447 contra
870 2415 1028 2446 rationem

143 2463 221 2504 juris
246 2470 413 2503 receptum
440 2459 510 2496 est,
541 2469 606 2490 non
631 2458 694 2490 ess‘e
719 2457 963 2499 producendum
987 2455 1028 2486 ad

145 2504 401 2544 consequentias.
426 2502 468 2534 fic
485 2502 599 2534 Paulus
616 2500 635 2532 l.
651 2510 697 2538 14.
716 2500 764 2530 D.
787 2499 814 2530 Ι).
831 2504 853 2529 t.
873 2498 902 2528 ἀ
919 2496 1026 2528 ret'te:

143 2554 317 2585 numquam
340 2545 425 2576 enim
448 2544 546 2575 debet
569 2543 622 2574 lex
638 2551 712 2573 cum
728 2541 799 2582 lege
816 2541 1028 2580 interpretan-

146 2588 191 2619 do
208 2587 379 2617 committi.
403 2586 434 2617 id
451 2595 529 2616 vero
547 2583 692 2615 futurum
719 2583 782 2613 est:
805 2581 826 2612 si
852 2582 890 2611 ad
917 2579 1027 2611 conse-

146 2628 293 2670 quentias
312 2628 453 2658 trahatur
470 2626 613 2667 singulari
627 2625 696 2665 Jure
713 2623 941 2655 constitutum:
961 2630 1026 2652 non

147 2670 233 2702 enim
251 2668 304 2699 lex
320 2678 337 2698 a
355 2669 486 2708 privatis
503 2667 567 2699 hoc
584 2666 650 2698 fieri
677 2666 797 2704 voluit3
823 2673 863 2696 ne
887 2663 1027 2694 similitu-

148 2711 224 2743 dine
238 2709 369 2751 quidem
386 2710 516 2740 rationis
534 2710 553 2740 l.
577 2719 622 2749 15-
641 2707 677 2743 ὅ*
696 2711 742 2739 16.
761 2707 789 2737 h.
808 2711 829 2737 t.
863 2705 976 2737 Potius
994 2704 1028 2735 li-

148 2752 238 2785 cebit
253 2760 293 2782 eo
312 2750 385 2781 casu
408 2751 452 2781 uti
476 2758 666 2791 argumento
689 2759 706 2780 a
730 2748 906 2780 contrario.
931 2747 1029 2786 idque

145 2793 339 2835 Papinianus
355 2791 374 2821 l.
398 2800 423 2822 i.
444 2791 484 2822 D.
503 2794 534 2821 de
551 2791 640 2831 officio
655 2792 716 2833 ejus
738 2791 787 2821 cui
810 2788 1026 2830 rizand.jurisd.

146 2843 248 2867 vocat
266 2832 481 2865 fortiffimum.
505 2833 671 2864 reetiss'ime
694 2833 725 2864 in
751 2841 827 2863 vera
853 2831 924 2870 lege
941 2829 1028 2869 cujus

147 2877 312 2919 singularis
331 2874 412 2907 ratio
428 2872 483 2905 fit:
508 2873 605 2913 qualis
623 2874 668 2905 est
684 2874 736 2906 lex
753 2873 831 2913 Julia
849 2881 911 2912 qua
928 2874 968 2902 de
984 2873 1029 2902 lo-

147 2921 268 2959 quitur.
314 2916 424 2948 Simile
444 2915 545 2945 dicam
565 2915 604 2945 de
621 2915 640 2945 l.
660 2920 688 2949 8.
709 2915 742 2946 C.
761 2917 794 2945 de
817 2923 910 2945 revoc.
928 2915 1026 2944 donat.

148 2970 219 3001 qnae
245 2958 290 2991 est
314 2958 368 2991 lex
393 2955 612 2993 Constantini,
637 2955 750 2995 scripta
774 2957 812 2987 ad
832 2954 1028 2996 orphitum,

147 3001 341 3035 Praefettum
360 2998 526 3030 Praetorio.
551 3005 588 3026 ea
604 2997 655 3027 lex
674 2998 851 3036 specialiter
869 3005 1028 3037 patrono,

148 3051 285 3086 propter
302 3042 421 3073 liberos
437 3039 465 3070 ei
485 3037 594 3080 postea
611 3045 702 3068 natos
715 3061 724 3076 ‚
742 3038 885 3079 indulget
897 3046 1028 3069 revoca·

150 3088 274 3117 tionem
299 3083 507 3119 donationis,
537 3079 654 3111 liberto
678 3087 752 3109 ante
782 3079 883 3109 fattae.
927 3078 961 3110 ln
988 3088 1029 3109 eo

151 3126 306 3166 exemplo
323 3124 351 3156 δι
363 3123 513 3156 fimilibus
525 3118 631 3162 potest
641 3119 701 3150 dici
711 3142 721 3157 ,
739 3118 806 3151 Lex
819 3121 922 3151 noluit
941 3120 1031 3159 quod

149 3178 215 3200 non
234 3167 331 3199 dixit:
356 3167 455 3203 item,
478 3164 530 3196 lex
554 3171 618 3193 non
636 3161 855 3202 permittendo
881 3162 1029 3201 exigere,

150 3213 272 3242 vetuit:
297 3216 331 3238 t‘t
347 3208 390 3238 ait
408 3207 530 3238 Seneca
542 3204 591 3235 lib.
607 3213 637 3244 5.
655 3202 703 3233 De
718 3201 833 3241 benefic.
851 3211 875 3231 c.
895 3211 944 3232 21.
980 3201 1031 3232 Ex

150 3254 267 3284 eodem
293 3258 411 3290 genere
436 3247 481 3280 est
504 3247 570 3278 hoc
593 3245 612 3278 l.
638 3254 687 3276 22.
713 3244 741 3276 h.
766 3249 789 3274 t.
829 3240 912 3274 Cum
931 3243 1031 3275 lexin

979 121 1246 157 Nooni·
1304 121 1521 157 Corin,

1064 212 1262 252 praeteritum
1282 212 1358 253 quid
1376 211 1539 251 indulget,
1562 210 1593 241 in
1620 207 1762 241 futurum
1778 211 1941 251 probibet²

1066 253 1246 293 Caeterum,
1271 254 1358 294 quod
1381 253 1570 292 Papinianus
1588 249 1790 283 fortissimum
1815 252 1877 283 else
1894 263 1940 284 ar-

1065 302 1252 335 gumentum
1270 296 1351 326 dixit
1369 296 1399 326 in
1418 294 1507 334 Lege
1524 293 1621 333 Julia,
1646 293 1674 323 ἃ
1691 292 1756 333 ipse
1780 293 1940 326 confessus

1066 337 1132 367 sum
1155 337 1185 368 in
1211 336 1451 368 Constitutione
1472 334 1689 366 Constantini:
1716 333 1827 365 falsum
1846 344 1943 376 atque

1064 378 1158 409 inane
1173 377 1258 409 estin
1275 377 1446 418 Rescriptis
1456 377 1587 408 Codicis
1606 385 1674 415 quae
1693 375 1760 406 sunt
1772 377 1809 406 ad
1825 375 1944 408 fastum

1066 427 1208 452 certum:
1227 421 1329 459 qualia
1341 421 1494 460 pleraque
1511 418 1590 449 sunt.
1608 418 1759 456 idemque
1775 417 1860 448 611111
1875 417 1945 448 Fra-

1067 463 1205 502 gmentis
1232 461 1479 492 Panaetiarum:
1504 469 1573 500 que„²
1597 460 1726 500 proprie
1746 458 1815 489 sunt
1831 458 1946 490 doetri-

1067 512 1116 534 nte
1127 501 1281 533 Veterum
1298 501 1618 541 jurisconsultorum,
1635 500 1689 532 etfi
1704 501 1772 539 jure
1789 509 1876 531 novo
1893 509 1945 530 ac-

1068 547 1215 588 ceperint
1233 544 1296 575 vim
1315 544 1431 584 legum.
1463 553 1528 575 non
1548 544 1650 574 minus
1668 551 1746 573 vana
1762 542 1791 572 in
1811 542 1859 572 liis
1876 551 1945 573 om·

1069 585 1161 617 nibus
1181 589 1251 615 lunt
1269 594 1452 625 argumenta
1469 594 1539 625 quae
1562 585 1601 615 ab
1628 583 1859 624 Interprctibus
1876 593 1946 624 pas-

1068 626 1123 659 fim
1141 624 1220 657 fiunt
1236 634 1253 656 a
1269 626 1514 666 consequentia,
1532 634 1613 667 puto
1625 649 1633 664 ,
1658 634 1772 666 praeter
1792 624 1947 657 Veterum

1070 668 1246 714 Auctoruin
1264 675 1404 698 mentem
1416 677 1499 705 ,non
1517 667 1580 699 sine
1598 666 1786 698 confusione
1798 667 1874 706 juris
1891 676 1947 697 iio-

1066 709 1138 742 stri:
1164 716 1198 741 ut
1217 718 1247 739 in
1268 710 1344 739 loco
1361 709 1585 740 demonstrabo
1601 719 1640 739 ex
1659 709 1676 739 l.
1693 717 1737 740 12.
1755 709 1783 749 ᾗ.
1802 718 1829 748 3.
1851 707 1892 739 D.
1910 709 1945 738 cle

1067 753 1177 783 admin.
1203 755 1359 788 tutorum,
1388 750 1418 780 δε
1442 751 1509 782 aliis
1535 750 1690 791 exemplis
1714 760 1787 782 ante
1808 749 1869 780 hae
1892 750 1947 781 de·

1068 791 1261 829 monstravi,
1282 790 1366 831 chlz'o
1384 791 1475 822 Paulo
1493 802 1518 822 c.
1534 801 1562 831 7.

1110 832 1254 874 Exposui
1283 841 1412 864 omnem
1434 833 1509 872 juris
1535 832 1641 873 scripti
1667 834 1835 864 rationem.
1876 834 1948 866 reli*-

1070 885 1167 917 quum
1186 874 1250 913 est3
1273 882 1307 905 ut
1323 874 1363 905 de
1377 874 1445 914 jur-,e
1462 883 1527 905 non
1547 874 1664 915 scripto
1683 875 1889 915 disputemus.
1916 876 1948 907 id

1068 919 1117 959 jus
1136 916 1274 948 Rubi-ica
1294 915 1398 946 nostra
1418 915 1633 956 appellatione
1658 916 1763 957 longae
1781 916 1951 947 consuctu-

1072 960 1152 991 dinis
1171 957 1320 998 designat.
1345 965 1415 988 nam
1427 980 1436 995 ,
1452 959 1534 987 utin
1546 957 1739 989 antecessum
1756 958 1884 996 monui,
1900 959 1948 998 jus

1072 1000 1117 1033 est
1132 1000 1244 1042 populi
1258 998 1368 1039 jussum
1380 1022 1390 1037 ,
1414 999 1447 1029 id
1463 998 1507 1029 est
1519 1020 1527 1035 ,
1549 999 1661 1039 populi
1679 1000 1826 1030 voluntas
1847 1002 1951 1038 palam

1072 1043 1124 1074 vel
1142 1042 1241 1073 tacite
1257 1040 1428 1071 declarata:
1453 1040 1555 1080 palam
1578 1039 1717 1081 scripto,
1742 1048 1777 1071 ut
1793 1041 1881 1081 lege:
1906 1050 1951 1072 ta-

1071 1085 1136 1116 cite
1153 1084 1216 1115 sine
1234 1079 1351 1121 scripto
1368 1081 1462 1113 rebus
1482 1082 1510 1112 ἃ
1529 1081 1640 1120 factis,
1665 1082 1696 1112 id
1719 1082 1782 1120 est,
1807 1083 1951 1114 moribus

1070 1124 1351 1158 &consuetudine
1381 1122 1437 1154 Est
1452 1124 1547 1164 igitur
1565 1123 1765 1154 consuetudo
1785 1125 1884 1154 tacita
1895 1133 1952 1161 po-

1069 1168 1134 1213 puli
1158 1166 1315 1197 voluntas.
1342 1174 1412 1205 quse
1437 1173 1472 1195 ut
1499 1165 1640 1204 liqueat,
1664 1164 1729 1206 (est
1752 1166 1837 1196 enim
1855 1164 1950 1205 111611)

1069 1217 1127 1240 tria
1143 1216 1337 1239 concurrere
1355 1214 1505 1246 oportet:
1531 1208 1667 1246 primum
1686 1214 1813 1247 tempus
1830 1208 1951 1238 diutur-

1069 1259 1164 1289 num,
1188 1250 1305 1280 deinde
1322 1247 1447 1279 actuum
1468 1247 1704 1288 frequentiam,
1728 1247 1889 1288 postremo
1908 1258 1949 1280 ne

1070 1292 1274 1323 abhorreata
1291 1291 1416 1321 ratione
1443 1291 1586 1320 naturali.
1613 1291 1747 1329 piimum
1774 1289 1950 1321 desideravi

1069 1341 1196 1373 tempus
1213 1331 1407 1363 diuturnum.
1432 1331 1506 1362 inde
1522 1331 1661 1362 diuturni
1682 1340 1804 1369 mores,
1830 1332 1951 1363 diutur-

1071 1385 1110 1406 na
1133 1373 1353 1411 consuetudo,
1377 1373 1570 1410 inveterata,
1597 1374 1690 1413 longa
1707 1397 1715 1410 ‚
1747 1373 1776 1403 6:
1801 1372 1950 1408 loneaeva

1071 1415 1290 1453 consuetudo,
1317 1414 1345 1445 ὅ(
1370 1413 1476 1445 similia
1495 1414 1522 1455 ᾗ.
1540 1423 1570 1450 9.
1587 1412 1659 1454 Irist.
1678 1415 1711 1444 de
1724 1415 1785 1454 jzir.
1809 1405 1907 1446 narb.
1926 1415 1948 1446 l.

1071 1468 1121 1498 32.
1139 1457 1167 1499 §.
1196 1466 1222 1488 1.
1246 1456 1266 1487 l.
1285 1465 1334 1497 353.
1363 1455 1383 1486 l.
1401 1465 1450 1496 535.
1467 1456 1495 1486 Ι).
1513 1462 1534 1486 t.
1551 1456 1569 1486 ί,
1594 1464 1618 1486 1.
1642 1455 1677 1489 &³
1694 1466 1722 1486 2.
1747 1455 1779 1486 C.
1819 1454 1893 1497 „Quia
1910 1455 1950 1493 fit

1072 1500 1148 1541 long.
1168 1499 1347 1535 consuetudo.
1372 1496 1537 1540 Quantum
1549 1505 1654 1528 autern
1665 1498 1781 1528 debeat
1797 1498 1858 1529 ess‘e
1871 1505 1950 1529 tem·

1072 1550 1150 1581 pus,
1175 1547 1209 1571 ut
1226 1540 1319 1579 longa
1344 1538 1380 1570 sit
1405 1537 1625 1577 consuetudo,
1650 1539 1721 1578 quia
1745 1538 1775 1569 in
1799 1539 1866 1577 jure
1882 1549 1949 1571 non

1071 1581 1117 1613 est
1133 1580 1327 1622 expressum,
1347 1580 1468 1619 judicis
1490 1580 1623 1610 arbitrio
1639 1580 1884 1619 relinquendum
1903 1580 1951 1612 est

1070 1624 1088 1654 l.
1105 1633 1129 1655 i.
1143 1623 1184 1654 D.
1195 1623 1292 1664 o'ejzir.
1308 1622 1388 1652 delio.
1410 1620 1540 1652 Deinde
1556 1621 1728 1652 desideravi
1746 1621 1871 1652 3611111111
1890 1621 1952 1653 fre-

1073 1665 1246 1705 quentiam.
1272 1664 1353 1694 lianc
1378 1663 1506 1703 attingit
1529 1664 1556 1693 d.
1573 1662 1591 1692 l.
1616 1671 1640 1693 i.
1664 1662 1696 1693 C.
1723 1662 1849 1705 Qzoefit
1869 1663 1949 1704 long.

1073 1708 1261 1747 consuetudo:
1285 1704 1411 1744 Praeses,
1436 1705 1583 1743 inquiens
1601 1727 1610 1742 ,
1640 1706 1799 1744 provinciae
1819 1706 1950 1742 probatis

1072 1749 1108 1779 iis
1124 1758 1184 1789 qnae
1196 1748 1227 1778 in
1243 1749 1340 1787 oppido
1343 1750 1516 1787 frequenter
1530 1747 1562 1776 in
1578 1746 1669 1776 eodem
1688 1745 1951 1784 controversiarum

1069 1799 1172 1831 genere
1188 1791 1309 1828 servata
1328 1789 1418 1829 sime,
1443 1788 1528 1827 causti
1553 1788 1668 1829 cognita
1678 1786 1801 1826 statuet.
1827 1786 1861 1819 ln
1881 1788 1898 1818 l,
1919 1797 1949 1829 3.

1073 1833 1106 1863 C.
1126 1840 1184 1862 eon.
1209 1831 1255 1861 tit.
1274 1831 1306 1861 id
1333 1829 1373 1860 sic
1391 1829 1598 1869 exprimitur:
1624 1828 1715 1867 Leges
1742 1838 1853 1870 quoque
1875 1830 1952 1870 ipsas

1070 1874 1235 1914 antiquitus
1254 1873 1376 1911 probata
1399 1870 1568 1911 &servom
1583 1871 1722 1901 tenaciter
1741 1874 1912 1912 consuetudo
1928 1871 1951 1901 z'-

1070 1916 1203 1946 mitatur.
1235 1912 1314 1944 Inde
1335 1914 1502 1953 quaeritur,
1529 1920 1622 1952 quam
1641 1912 1782 1943 dicamus
1800 1912 1953 1951 frequen-

1072 1958 1148 1988 tiam
1158 1956 1175 1988 ἰ)
1190 1955 1302 1995 aliquis
1313 1962 1423 1995 putet,
1439 1953 1582 1985 sufficere
1598 1954 1677 1985 duos
1692 1962 1745 1984 aut
1763 1961 1826 1984 tres
1843 1953 1927 1984 atius
1940 1964 1951 1986 ε

1071 1998 1143 2039 quia
1171 1997 1297 2038 pluralis
1319 2005 1468 2027 numerus
1494 1996 1609 2026 dicitur
1636 1995 1761 2025 duobus
1779 2002 1831 2025 aut
1850 1995 1950 2026 tribus

1071 2039 1133 2071 esse
1151 2046 1326 2070 contentus
1341 2037 1360 2068 l.
1383 2046 1428 2068 12.
1447 2037 1494 2067 D.
1513 2038 1545 2067 cle
1561 2034 1688 2076 testibus.
1715 2035 1776 2066 Sed
1793 2046 1857 2067 nun
1875 2046 1949 2076 pro-

1069 2081 1133 2113 bo:
1157 2089 1228 2111 nam
1246 2079 1298 2110 ubi
1311 2080 1375 2110 duo
1394 2086 1447 2109 aut
1463 2086 1526 2109 tres
1543 2077 1630 2116 sunt;
1648 2077 1754 2118 plures
1773 2077 1902 2118 quidem
1919 2087 1952 2108 u-

1070 2132 1114 2154 no
1139 2121 1227 2160 sunt,
1251 2129 1283 2151 at
1307 2119 1490 2160 frequentia
1512 2128 1576 2150 non
1602 2119 1657 2149 611.
1684 2118 1738 2150 11111
1756 2119 1825 2159 quis
1843 2118 1951 2159 potest

1070 2163 1124 2195 sibi
1144 2162 1352 2203 persuadere,
1375 2160 1581 2200 frequentem
1605 2160 1667 2192 effe
1690 2159 1863 2199 Senatum,
1885 2160 1951 2192 frc-

1071 2213 1225 2245 quentem
1238 2204 1413 2244 populum,
1430 2210 1483 2233 aut
1500 2201 1652 2242 frequens
1670 2202 1860 2242 collegium:
1877 2211 1953 2234 cum

1070 2246 1181 2278 adsunt
1207 2247 1271 2277 duo
1290 2253 1342 2276 aut
1365 2252 1428 2275 tres
1452 2244 1492 2275 de
1508 2243 1644 2282 Senatu,
1670 2244 1709 2274 de
1728 2245 1951 2284 populo,vaut

1072 2289 1112 2319 de
1130 2288 1280 2327 collegio.
1313 2285 1365 2317 scd
1387 2286 1417 2318 id
1436 2283 1628 2316 censentem'
1639 2284 1732 2316 sonus
1758 2286 1846 2317 verbi
1867 2286 1953 2316 refu-

1072 2337 1136 2361 tet:
1163 2329 1346 2369 frequentia
1371 2337 1436 2359 non
1456 2336 1596 2368 paucos,
1621 2326 1672 2358 sed
1692 2327 1951 2365 multitudinem,

1071 2370 1278 2413 significante.
1317 2369 1394 2401 Non
1413 2368 1511 2409 inagis
1528 2367 1634 2408 potest
1655 2368 1812 2399 tenaciter
1828 2367 1951 2399 servata

1071 2414 1133 2444 dici
1151 2412 1372 2450 consuetud03
1396 2410 1450 2442 nisi
1470 2410 1630 2450 saepissime
1647 2408 1776 2440 servata.
1822 2409 1950 2440 interim

1072 2462 1155 2494 quot
1179 2454 1265 2484 aftus
1294 2452 1414 2483 faciant
1439 2451 1676 2492 frequentiam,
1700 2459 1760 2481 nec
1778 2451 1842 2490 ejus
1859 2459 1951 2482 extat

1072 2495 1229 2527 definitio.
1255 2493 1301 2525 est
1312 2495 1407 2535 igitur
1425 2493 1473 2524 vel
1491 2491 1554 2532 ipsa
1569 2491 1689 2532 judicis
1706 2491 1838 2523 arbitrio
1857 2493 1951 2524 relin-

1072 2538 1208 2578 quenda.
1241 2534 1321 2567 Illud
1341 2535 1430 2575 parvi
1447 2533 1566 2571 refert,
1591 2533 1698 2573 quales
1717 2532 1777 2564 fint
1793 2533 1824 2565 hi
1842 2533 1951 2566 atius:

1069 2578 1234 2620 judiciales
1252 2600 1262 2616 ,
1294 2586 1331 2607 an
1356 2575 1624 2614 extraJudiciales:
1650 2575 1749 2605 modo
1774 2576 1812 2606 ad
1837 2575 1954 2606 intelli-

1071 2621 1207 2662 gendam
1233 2619 1346 2659 populi
1371 2617 1572 2648 voluntatem
1596 2615 1654 2647 sint
1678 2616 1797 2648 idonei.
1828 2624 1950 2649 tantum

1071 2661 1192 2693 consilii
1217 2670 1254 2691 ac
1275 2659 1452 2700 prudentiae
1481 2657 1526 2689 est
1545 2657 1609 2688 hoc
1625 2656 1754 2698 Ulpiani
1779 2658 1798 2689 l.
1815 2668 1864 2699 34.
1882 2660 1908 2689 h.
1928 2665 1951 2690 t.

1072 2704 1146 2734 Cum
1162 2704 1194 2733 cle
1211 2701 1415 2736 consuetudine
1430 2701 1561 2730 civitatis
1577 2699 1623 2730 vec
1636 2700 1796 2739 provincie
1812 2700 1952 2737 confidere

1071 2746 1138 2787 quis
1156 2745 1290 2775 videtur:
1309 2744 1437 2782 primum
1453 2742 1567 2782 quidem
1589 2741 1662 2771 illud
1681 2735 1888 2781 explorandum
1905 2751 1952 2773 ar-

1072 2789 1178 2821 bitror3
1196 2795 1235 2816 [172
1252 2785 1339 2815 etiam
1354 2781 1533 2814 contradicto
1548 2782 1704 2824 aliquando
1717 2783 1829 2824 judicio
1839 2783 1953 2824 confite·

1072 2829 1141 2859 tudo
1154 2824 1336 2867 firmottzfit.
1367 2825 1530 2857 Hactenus
1547 2825 1680 2864 legitur,
1705 2825 1882 2856 contradicto
1899 2826 1954 2856 cili·

1071 2871 1186 2911 quando
1204 2869 1325 2909 judicio.
1351 2866 1403 2898 scd
1429 2867 1538 2897 verior
1561 2866 1658 2897 lectio
1685 2865 1749 2904 611,
1772 2865 1952 2897 contradicta

1071 2911 1226 2952 aliquanao
1244 2910 1366 2951 judicio.
1398 2907 1580 2939 observavit
1611 2908 1694 2938 hanc
1721 2907 1952 2945 Leunclavius,

1071 2952 1113 2984 V.
1140 2952 1199 2984 CL.
1217 2952 1264 2983 lio.
1285 2961 1314 2983 2.
1332 2950 1514 2982 Nolanorum
1529 2959 1552 2980 c.
1570 2959 1599 2989 3.
1625 2958 1665 2980 ex
1690 2948 1842 2989 sequente
1865 2947 1954 2979 Grae-

1072 3003 1185 3026 corum
1204 2991 1366 3024 vei-sione:
1394 2991 1477 3022 Tunc
1491 2992 1604 3022 utimur
1620 2991 1838 3029 consuetudine,
1862 2998 1951 3030 quum

1072 3036 1230 3077 aliquando
1257 3036 1288 3065 in
1314 3034 1433 3065 dubium
1456 3040 1585 3070 vocata,
1609 3032 1714 3071 judicio
1731 3031 1855 3071 firmum
1872 3029 1952 3069 fuit.

1073 3076 1241 3110 Postremo
1268 3075 1438 3114 i·equ'ifivi;
1463 3085 1503 3106 ne
1527 3073 1726 3105 consuetudo
1748 3071 1917 3101 abhorreat
1936 3081 1951 3100 2

1074 3119 1208 3150 naturali
1229 3118 1362 3149 ratione.
1389 3117 1419 3148 ὅ(
1438 3116 1532 3148 reete.
1565 3124 1635 3146 narn
1653 3113 1704 3144 ubi
1722 3111 1803 3142 ratio
1822 3110 1951 3150 deficit,

1074 3161 1117 3191 ibi
1134 3161 1179 3192 est
1196 3169 1293 3190 error.
1326 3160 1351 3190 is
1375 3169 1453 3189 vero
1470 3156 1658 3197 imperitiam
1683 3152 1822 3192 detegit:
1847 3162 1954 3192 eoquo

1076 3211 1138 3232 nec
1155 3200 1351 3232 intelleftum
1381 3200 1495 3236 habet,
1518 3206 1579 3228 nec
1602 3194 1815 3229 voluntatem:
1840 3195 1953 3232 quibua

1075 3243 1247 3275 aestimatur
1271 3240 1493 3277 consuetudo,
1517 3237 1597 3270 nihil
1613 3242 1728 3276 praeter
1746 3235 1864 3276 Populi
1881 3244 1955 3305 qon-

1899 3284 1952 3307 en-
