2052 3487
197 121 243 164 48

198 216 263 240 non
284 205 404 238 debere
421 205 625 243 interponere
640 200 790 232 haetenus
803 221 812 236 ,
844 206 884 243 ut.
896 197 978 243 inter
1001 206 1054 227 co-

199 248 334 280 heredes
351 245 499 285 exemplo
522 250 708 273 caeterarum
727 249 831 272 rerum
854 238 1057 283 diffidamus-3

200 297 310 320 verum
330 296 363 318 ut
380 280 632 323 corrumpantur.
669 282 704 313 ld
721 291 757 312 an
775 278 881 320 jaste?
905 277 949 308 est
970 288 1054 324 enim

198 329 286 361 suum
303 328 418 367 cuique
437 325 650 357 tribuendum.
697 322 758 353 Sed
776 321 909 366 pulchre
926 321 1053 365 relpon3

199 372 274 408 det,
299 368 375 399 boni
399 365 627 399 &innocentis
652 363 709 393 viri
734 362 843 393 officio
874 369 946 391 eum
965 360 1055 401 fungi

199 416 368 451 oportere:
385 416 445 439 nec
461 407 555 447 igitui-
571 404 722 443 peccandi
742 404 863 434 caulam
879 402 967 433 malis
986 411 1053 432 mo-

199 452 286 483 ribus
303 449 456 489 praestare.
499 446 597 478 Addit
614 468 624 482 ,
653 444 851 476 tantumdem
871 443 988 473 debere
1009 442 1054 472 fa-

199 500 273 523 cere
289 490 320 521 in
342 489 428 520 libris
446 487 631 527 improbatae
659 486 822 522 lectionis,
845 484 973 524 magicis
991 483 1055 514 for-

197 541 256 570 te,
287 531 338 562 vel
362 530 409 561 his
431 528 604 565 similibus:
638 537 708 558 nam
732 526 790 557 hos
817 534 960 565 protinus
985 534 1053 555 cor-

199 572 395 613 rumpendos
412 569 482 602 effe.
530 569 564 601 ld
583 578 659 599 vero
678 568 752 607 quid
770 567 854 598 aliud
876 566 939 604 est,
962 575 1055 606 quarn

199 614 287 654 quod
330 612 450 643 dictum
483 610 572 651 supra
589 632 598 648 ‚
631 608 778 649 justitiam
817 607 903 638 suum
941 607 1056 645 cuique

198 665 264 687 non
282 652 464 694 simpliciter
480 675 490 689 ‚
521 659 625 691 neque
649 649 787 688 semper,
814 649 979 693 tribuere3
1003 648 1054 693 sed

199 697 262 734 ita,
285 703 319 725 ut
342 704 405 725 non
421 691 606 725 distrahatur
625 691 664 722 ab
685 691 743 722 ulla
761 690 984 726 humanitatis,
1009 689 1054 719 di-

199 746 289 774 cam,
312 745 349 766 an
374 734 531 766 societatis
553 732 738 763 utilitatisve
766 731 921 771 publicae,
948 729 1054 770 justio-

198 788 234 809 re
252 774 552 815 contemplatione?
576 772 761 804 Macrobius
780 773 810 803 in
827 772 975 802 Somnium
993 771 1053 801 Sci-

193 819 292 860 pionis
307 819 352 848 lib.
377 827 403 848 1.
421 827 445 848 c.
465 821 492 849 3.
519 815 582 845 hoc
606 816 646 845 ita
668 814 824 854 expreffit.
868 810 999 853 Juftitise
1016 810 1054 852 eJt

189 860 312 899 servare
333 858 506 897 unicuique,
530 857 603 897 quod
620 860 711 895 suunt
727 855 775 895 eJt.
817 853 864 885 De
876 851 992 894 justitia
1008 862 1053 883 ve-

199 903 287 931 niunt
307 901 487 935 innocentia,
509 898 656 934 amicitia,
680 896 847 933 concordia,
868 903 978 935 pietas,
1010 903 1054 925 re-

199 941 285 982 ligio,
309 938 450 980 affeeius,
475 939 650 969 humanitas.
693 936 753 968 His
771 937 930 968 virtutibus
945 937 994 966 ‘vir
1010 937 1054 966 bo-

198 991 255 1012 nus
273 982 400 1022 primurn
419 980 468 1017 sui
484 1003 492 1017 ,
523 986 609 1020 atque
632 980 697 1009 inde
715 978 873 1018 reipublicae
891 975 980 1008 rector
997 975 1055 1017 effi-

200 1024 295 1060 citur,
313 1019 391 1063 juste
411 1031 444 1051 ac
463 1022 583 1059 provide
601 1022 766 1060 gubernans
785 1022 932 1057 bumana,
954 1019 1057 1049 divina

199 1073 257 1095 non
279 1065 412 1102 defferens.
453 1062 516 1092 Sed
544 1063 573 1092 ἃ
599 1061 676 1093 illud
709 1061 771 1092 huc
793 1060 911 1100 spectat
928 1082 937 1097 ‚
969 1059 1057 1098 quod

199 1106 252 1146 pie
268 1104 297 1135 ἃ
316 1103 471 1143 sapienter
488 1101 643 1142 Ulpianus
666 1103 685 1134 Ι.
711 1111 755 1133 12.
780 1101 808 1143 §.
830 1111 876 1133 11.
900 1099 951 1146 D..
969 1100 1058 1131 Man-

200 1147 262 1177 dati
277 1145 330 1176 ait.
374 1144 408 1175 Si
431 1144 587 1182 adolescens
609 1143 775 1183 luxuriosus
798 1143 912 1173 mandet
928 1143 1000 1179 tibi,
1024 1146 1057 1171 ut

193 1194 247 1227 pro
268 1187 411 1217 meretrice
420 1185 598 1226 firlejubeas,
622 1187 705 1226 idque
730 1191 761 1214 tu
769 1184 866 1223 sciens
887 1184 1057 1214 mandatum

190 1227 371 1268 susceperis,
393 1236 450 1258 non
467 1227 579 1257 habebis
604 1228 734 1258 mandati
757 1225 912 1256 aamnem:
936 1225 1004 1265 quia
1014 1222 1057 1261 βε

198 1269 263 1299 mile
278 1266 335 1307 est,
358 1266 440 1309 quafi
450 1269 599 1309 perdituro
613 1268 766 1308 pecuniam
782 1267 876 1306 sciens
893 1266 1055 1296 credideris.

199 1309 255 1341 Sed
279 1307 316 1344 &²
334 1308 360 1347 fi
377 1309 497 1340 ulterius
522 1307 627 1340 diretta
652 1311 835 1339 mandaverit
857 1308 926 1345 tibi,
951 1312 984 1336 ut
1001 1315 1055 1336 me-

197 1351 297 1382 retrici
308 1352 464 1390 pecuniam
491 1352 607 1388 credas,
639 1359 696 1381 non
713 1349 886 1390 obligabitur
905 1348 1056 1385 mandati,

198 1390 281 1434 quast
303 1392 438 1432 adversus
454 1393 554 1422 bonam
573 1390 662 1430 fidem
684 1392 854 1421 mandatum
863 1389 916 1429 sit.
959 1387 1058 1419 Forte

198 1432 401 1474 expectabis,
424 1440 459 1464 ut
478 1432 542 1472 ejus
560 1433 623 1464 loci
648 1432 836 1473 elegantiam
861 1430 1057 1476 :equitatem-

198 1483 262 1515 que
287 1483 457 1512 exponam.
499 1474 561 1505 Sed
590 1473 666 1513 quid
683 1496 692 1511 ,
724 1473 744 1504 li
765 1473 972 1512 interpretem
999 1471 1057 1502 tibi

197 1515 332 1556 allegem
357 1515 510 1546 Senecam
528 1514 544 1545 ἶ)
576 1515 701 1545 videtur
723 1523 808 1545 enim
826 1513 958 1544 omnino
982 1512 1057 1543 allu-

197 1556 264 1588 fiss'e
288 1555 442 1597 Ulpianus
466 1558 504 1587 ad
530 1555 643 1587 librum
666 1555 730 1594 ejus
758 1554 929 1586 secundum
948 1553 995 1585 De
1016 1555 1058 1583 be-

199 1596 310 1636 neficiis
332 1607 355 1627 c,
379 1607 424 1636 14.
448 1598 534 1636 cujus
557 1597 625 1626 haec
655 1596 749 1627 verba
768 1596 846 1627 sunt.
887 1595 966 1626 Sunt
982 1604 1057 1635 quae-

199 1640 265 1670 dam
287 1639 417 1669 nocitura
431 1639 668 1678 impetrantibus,
690 1646 751 1678 quae
766 1647 823 1668 non
842 1638 927 1674 dare,
941 1636 995 1676 sed
1010 1644 1056 1666 ne-

195 1687 268 1717 gare
295 1679 462 1719 beneficium
484 1677 533 1719 est.
575 1678 793 1718 AEstimabimus
818 1679 915 1719 itaque
945 1678 1057 1708 utilita-

197 1726 252 1752 tem
270 1722 370 1762 potius
387 1744 397 1761 ,
425 1730 512 1762 quam
535 1720 712 1752 voluntatem
722 1721 893 1761 petentium.
935 1718 1011 1760 Saepe
1032 1727 1058 1750 e-

799 110 1100 146 Genann1

1150 104 1377 141 Noonr

1098 198 1158 226 nim
1180 195 1270 225 noxia
1286 195 1527 237 concupiscimus,
1550 204 1601 226 nec
1618 195 1767 236 dispicere,
1792 200 1877 237 quam
1886 203 1952 237 per-

1098 237 1203 272 niciosa
1214 234 1294 274 fiat,
1326 237 1391 267 licet
1409 247 1419 273 ,-
1448 238 1518 277 quia
1535 237 1682 278 judicium
1704 237 1864 278 interpellat
1881 238 1952 278 affe-

1098 279 1179 309 cius:
1194 278 1248 316 Jed
1269 287 1334 308 cum
1346 279 1476 318 subsedit
1491 279 1651 317 cupiditas,
1680 288 1744 309 cum.
1764 280 1884 316 impetus
1907 280 1954 310 ille

1091 319 1251 359 flagrantis
1266 320 1359 349 animi
1367 343 1376 357 ,
1398 320 1449 360 qui
1471 318 1615 356 confilium
1624 320 1737 359 fugat,
1760 321 1882 359 cecidit,
1906 321 1954 350 de-

1098 359 1234 401 testamur
1247 360 1413 400 perniciosos
1436 360 1576 391 inalorum
1591 369 1740 392 munerum
1759 360 1894 393 auctores.
1917 366 1952 392 ut

1089 402 1238 443 frigidam
1254 403 1337 442 aegris
1354 411 1510 442 negamus,
1534 401 1569 435 {9⁹
1586 402 1750 443 lugentibus
1768 413 1802 433 ac
1817 401 1875 440 fibi
1893 405 1952 433 ira-

1098 445 1135 473 tis
1145 443 1262 482 ferrum
1274 465 1283 479 ,
1306 448 1358 473 aut
1372 444 1552 481 amantibus,
1576 445 1716 484 quidquid
1726 450 1827 474 contra
1842 445 1874 485 se
1888 449 1955 483 usu-

1098 493 1148 515 rus
1170 485 1254 515 ardor
1268 484 1358 522 petit3
1379 482 1418 518 lic
1434 493 1486 522 ea,
1510 493 1570 525 quie
1593 488 1724 515 nocitura
1736 485 1827 523 sunt,
1850 487 1956 526 impen-

1089 529 1123 566 se
1140 534 1174 556 ac
1185 523 1315 564 subnzzffe
1330 547 1340 563 ‚
1365 534 1572 566 nonnunquam
1587 527 1671 556 etiam
1693 526 1888 560 miserabiliter
1909 536 1954 557 ro-

1095 567 1232 608 gantibus
1250 565 1489 605 perseverabimus
1510 575 1569 597 non
1591 567 1666 598 dare.
1710 566 1782 597 Tu'm
1805 568 1891 598 initia
1912 568 1955 597 be-

1098 606 1266 647 neficiorum
1278 606 1531 647 suorumspeeiare
1541 631 1550 646 ,
1567 614 1628 638 tum
1644 608 1729 638 etiam
1744 609 1841 638 exitus
1857 609 1934 638 decet
1944 631 1954 645 ‚

1098 648 1134 683 δέ*
1151 658 1184 679 ea
1208 649 1276 678 dare
1290 670 1298 684 ‚
1329 657 1390 688 quae
1413 658 1469 679 non
1494 654 1609 680 tantum
1632 651 1774 689 accipere,
1800 650 1853 689 sed
1868 650 1956 680 etiam

1097 688 1227 730 accepiffe
1244 688 1357 719 detenet
1397 689 1493 720 Multi
1508 692 1598 728 sunt,
1622 693 1671 731 qui
1686 691 1802 721 dicant:
1823 691 1885 730 scio
1902 691 1953 720 hoe

1097 731 1141 761 illi
1166 740 1223 761 non
1235 731 1431 770 profuturum.
1449 731 1501 767 Jed
1517 732 1585 771 quid
1594 732 1734 771 faciam?
1757 738 1859 772 rogat3
1887 730 1954 768 rest-

1090 771 1167 812 Jlere
1177 773 1308 812 precibus
1323 771 1384 812 ejus
1406 781 1463 802 non
1481 771 1601 812 poffum.
1623 773 1748 803 viderit:
1779 775 1811 803 de
1830 773 1874 810 le,
1896 782 1955 803 non

1098 815 1131 844 de
1145 822 1187 843 me
1204 818 1346 853 queretur.
1391 811 1505 852 Falsum
1521 812 1577 852 esst
1600 815 1653 844 imo
1669 816 1702 844 de
1724 818 1749 844 te
1760 837 1769 852 ‚
1801 813 1837 848 ὅ)
1854 815 1952 844 merito

1097 856 1226 895 quidem:
1250 863 1313 884 cum
1336 854 1372 884 ad
1395 860 1514 884 mentem
1537 856 1635 885 bonam
1658 856 1796 892 redierit,
1829 864 1893 884 cuni
1910 864 1956 885 ac·

1098 893 1174 934 ceffio
1197 895 1247 926 illa
1263 917 1272 933 ,
1294 904 1356 935 quie
1371 897 1500 926 animam
1516 895 1728 935 inflammabat,
1749 898 1783 935 se
1806 897 1956 933 remiserit.

1100 936 1183 979 Quid
1199 937 1230 966 ni
1250 944 1313 966 eum
1336 937 1423 966 oderit
1442 958 1451 974 ,
1481 946 1499 966 a
1514 945 1567 977 quo
1585 938 1615 967 in
1632 938 1769 968 duranum
1791 947 1825 968 ac
1845 939 1963 976 pericu--

1097 980 1156 1008 lum
1177 980 1262 1014 suum
1285 976 1403 1018 adjutus
1426 975 1464 1017 eft
1480 977 1496 1007 ,9
1526 977 1655 1008 Exorari
1678 980 1709 1009 in
1729 980 1884 1018 perniciem
1908 987 1953 1008 ro-

1093 1020 1229 1060 gantium
1239 1020 1322 1057 Jaeva
1338 1019 1447 1048 bonitas
1463 1015 1513 1057 est.
1556 1018 1803 1063 Quemadmodum
1817 1021 1950 1059 pulcher-

1098 1061 1204 1090 rimum
1220 1067 1287 1098 opus
1303 1057 1341 1097 eft
1358 1081 1368 1097 ,
1398 1060 1483 1089 etiam
1499 1060 1605 1089 invitos
1630 1060 1809 1101 nolentesque
1824 1061 1958 1099 servare,

1100 1102 1142 1132 ita
1164 1101 1332 1141 rogantibus
1342 1099 1480 1140 pestifera
1499 1099 1602 1141 largiri
1617 1123 1626 1138 ,
1649 1101 1784 1132 blandum
1804 1101 1840 1135 E?
1856 1101 1959 1142 affabi-

1100 1142 1124 1172 le
1146 1139 1305 1180 odiumeft.
1347 1140 1521 1180 Beneficium
1543 1144 1638 1172 tlemus
1654 1164 1663 1180 ‚
1689 1143 1762 1183 qnod
1786 1143 1840 1182 usu
1866 1145 1957 1183 inagis

1099 1193 1132 1213 ac
1147 1184 1237 1224 magis
1250 1183 1380 1223 placeat,
1407 1184 1480 1223 quod
1495 1192 1644 1223 nunquam
1666 1184 1697 1213 in
1718 1183 1826 1214 malum
1848 1190 1956 1216 vertat.

1093 1232 1247 1265 pecuniam
1271 1233 1328 1254 non
1354 1224 1423 1254 dabo
1439 1247 1448 1262 ,
1472 1233 1556 1264 quam
1579 1230 1799 1255 numeraturum
1822 1224 1956 1256 adultere

1092 1267 1202 1304 sciam,
1224 1275 1259 1296 ne
1276 1267 1306 1295 in
1314 1265 1449 1303 fhcietate
1472 1266 1563 1304 turpis
1578 1263 1656 1304 fafti
1682 1271 1734 1296 aut
1755 1263 1865 1303 confilii
1879 1267 1959 1296 inve-

1100 1308 1176 1337 niar.
1220 1306 1252 1336 Si
1268 1313 1363 1346 potero
1380 1329 1389 1345 ,
1421 1307 1572 1337 revocabo:
1597 1304 1639 1338 Ha
1655 1308 1769 1344 minus,
1800 1315 1857 1337 non
1873 1308 1958 1348 adju-

1099 1347 1283 1387 vaboscelus.
1327 1347 1395 1377 Sive
1418 1348 1499 1378 illum
1515 1349 1578 1385 ira,
1602 1356 1656 1387 quo
1678 1357 1735 1378 non
1750 1348 1882 1387 debebat,
1904 1352 1956 1379 im-

1094 1389 1203 1430 pellit,
1224 1387 1289 1425 five
1311 1389 1471 1419 ambitionis
1496 1389 1572 1418 calor
1595 1389 1711 1419 abducit
1733 1399 1751 1420 α
1771 1391 1841 1419 tutis
1858 1412 1868 1425 ‚
1898 1399 1957 1420 non

1099 1432 1271 1462 committam
1287 1452 1296 1467 ,
1327 1436 1361 1460 ut
1375 1428 1455 1469 poffit
1477 1430 1645 1470 quandoque
1662 1430 1751 1459 (licere
1762 1452 1772 1467 ,
1796 1429 1842 1460 ille
1858 1441 1959 1461 aman-

1100 1473 1132 1502 αἰ)
1156 1480 1199 1501 me
1225 1472 1336 1502 occidit.
1379 1471 1454 1511 Siepe
1478 1471 1551 1501 nibil
1573 1470 1688 1511 interest
1708 1472 1783 1501 inter
1804 1473 1959 1502 amicorum

1099 1522 1218 1543 munera
1244 1511 1280 1546 &²
1310 1509 1429 1551 bostium
1459 1517 1536 1542 vota.
1592 1510 1744 1553 Quidquid
1769 1511 1811 1542 illi
1834 1513 1961 1543 accidere

1099 1559 1198 1593 optant
1214 1576 1223 1592 ,
1255 1554 1287 1583 in
1309 1555 1339 1584 id
1364 1554 1464 1583 borum
1487 1554 1685 1593 intempestiva
1708 1552 1889 1593 indulgentia
1905 1555 1959 1584 im.-

1094 1595 1195 1635 pellit,
1220 1599 1306 1635 atque
1320 1592 1447 1635 instruit.
1491 1594 1573 1637 Quid
1596 1599 1691 1625 autem
1715 1595 1829 1633 turpius
1851 1605 1957 1635 quam,

1100 1637 1174 1676 quod
1202 1636 1298 1666 evenit
1312 1638 1388 1678 Jaepe
1404 1659 1414 1676 ‚
1443 1642 1476 1668 ut
1492 1636 1565 1668 nibil
1581 1633 1692 1674 interfit
1708 1636 1783 1667 inter
1802 1636 1897 1667 odium
1920 1636 1956 1671 &⁶

1098 1675 1288 1717 beneficium?

895 1839 1103 1874 CAPUT
1153 1838 1257 1873 III.

453 1948 639 1983 Marcianus
654 1947 827 1983 emendatus
844 1947 862 1981 I.
881 1957 912 1990 5.
943 1947 983 1982 D.
1004 1947 1038 1982 de
1058 1947 1224 1982 interdillis
1242 1943 1284 1984 ἐξ
1302 1945 1447 1991 relegatis
1465 1940 1505 1984 ὃ)
1522 1944 1696 1992 deportatis.

199 2053 344 2129 Vulgo
368 2052 552 2085 Marcianus
569 2054 587 2084 l.
606 2065 634 2094 5.
660 2052 702 2084 D.
726 2053 758 2083 de
782 2052 941 2084 interditiis
959 2052 995 2088 ὅ)
1012 2062 1054 2084 re-

292 2095 394 2135 legatis
410 2094 446 2129 &³
463 2096 614 2135 deportatis
630 2096 673 2126 ita
690 2094 815 2135 legitur.

237 2134 372 2167 Exilium
388 2136 493 2176 triplex
508 2134 565 2176 esi,
583 2141 634 2167 aut
658 2141 796 2166 certorum
823 2135 945 2166 locorum
968 2136 1055 2165 inter-

259 2175 365 2216 arato,
387 2183 439 2207 aut
462 2177 522 2208 lata
531 2177 630 2217 fuga,
653 2183 686 2207 ut
701 2178 826 2207 omnium
844 2177 966 2207 locorum
991 2176 1056 2216 [in-

259 2218 438 2259 terdicatur]
459 2224 564 2254 praeter
586 2224 694 2248 certum
717 2217 874 2259 [locum,]
898 2224 950 2249 aut
974 2217 1055 2257 (in)

259 2258 358 2298 insula
382 2260 550 2297 vinculum,
574 2260 603 2289 id
628 2257 683 2299 esi,
708 2259 841 2297 relegatio
867 2269 897 2290 in
921 2258 1053 2295 insulam.

196 2298 383 2331 Haloander
414 2300 525 2331 edidit.
559 2300 624 2330 Aut
654 2301 715 2331 lata
737 2300 836 2340 fuga,
869 2306 901 2330 ut
928 2301 1054 2330 omnium

198 2340 321 2371 locorum
339 2346 444 2381 praeter
472 2346 578 2371 certari.-
607 2341 707 2372 locum.
751 2340 781 2372 ἃ
806 2341 934 2381 reliqua.
980 2340 1055 2373 Rus-

198 2380 303 2413 sardus
322 2382 360 2413 ad
385 2390 473 2413 oram
497 2381 645 2413 editionis
668 2380 727 2413 suae
750 2383 874 2423 adjecit.
922 2381 964 2412 Ut
995 2383 1054 2413 lata

190 2422 273 2464 fuga
289 2430 341 2454 aut
358 2424 494 2454 omnium.
539 2423 683 2463 Cujacius
702 2433 780 2454 vero
799 2424 837 2454 ad
862 2423 990 2455 Paulum
1007 2424 1053 2455 lib.

195 2473 228 2504 5.
251 2463 379 2495 Sentent.
403 2465 448 2494 tit.
480 2474 523 2504 17.
555 2465 619 2495 hoc
643 2465 824 2495 emendavit
849 2464 957 2496 modo.
993 2465 1055 2496 Aut

195 2505 268 2535 certi
293 2504 347 2536 loci
365 2504 542 2544 interdictio,
566 2506 596 2536 id
612 2504 650 2545 ejl
667 2506 728 2536 lata
737 2506 835 2547 fuga,
860 2512 912 2536 aut
930 2508 1056 2536 oninium

197 2545 321 2576 locorum
349 2545 507 2577 interdictio
534 2552 636 2586 praeter
661 2553 769 2577 certum
796 2548 895 2577 locum.
921 2546 984 2578 Sed
1001 2555 1055 2578 aut

197 2586 324 2617 aberrat
353 2588 474 2618 animus
502 2596 609 2625 meus,
638 2595 690 2618 aut
711 2588 742 2618 in
767 2587 815 2619 his
841 2595 961 2629 tantum
980 2589 1055 2619 duas

195 2626 320 2667 species
336 2627 478 2663 invenit3
500 2629 628 2659 alteram
645 2636 826 2667 certorum,
849 2630 978 2660 alteram
988 2638 1054 2660 om·

194 2668 301 2706 nium,
325 2668 471 2700 locorum
491 2669 769 2708 interdictionem,
793 2679 905 2710 prietes
918 2678 1052 2701 certum.

197 2708 268 2752 Qui
284 2709 380 2749 igitur
406 2710 523 2749 triplex
547 2711 696 2749 exilium3
726 2720 798 2742 cum
823 2712 941 2751 duplex
967 2711 1054 2742 adfe-

194 2750 310 2782 ratur?
333 2760 395 2792 ego
412 2760 544 2789 vereor,
569 2761 609 2782 ne
628 2761 682 2792 per
709 2752 904 2783 luxationem
924 2762 1053 2792 corrup-

196 2791 364 2823 ti⁴onemve
386 2792 610 2832 particularum
628 2799 661 2823 ut
678 2793 707 2823 ὅ(
724 2799 776 2823 aut
803 2803 861 2833 pro
882 2794 983 2825 verbo
1001 2795 1052 2824 du-

191 2832 263 2873 plex
282 2833 464 2873 proximum
479 2834 582 2872 triplex
599 2832 635 2865 fit
651 2832 860 2873 suppofitum:
883 2833 1052 2874 scriptura,

197 2873 221 2906 fi
241 2874 280 2905 ad
305 2873 386 2915 sigla
414 2874 577 2914 respicias,
603 2883 709 2914 parum
741 2875 859 2906 diversa
891 2876 921 2906 δε
952 2886 1053 2915 prope

198 2915 327 2946 eadem:
352 2914 503 2955 fiquidem
521 2915 596 2946 illud
614 2913 718 2954 duplex
734 2915 773 2946 fic
786 2917 832 2956 dp.
856 2916 934 2947 istud
948 2926 1052 2948 autem

198 2957 305 2995 triplex
330 2956 372 2986 ita
391 2963 430 2996 tp.
456 2957 558 2987 notari
581 2956 705 2987 solitum
721 2956 798 2988 fuit:
822 2965 855 2987 ut
874 2967 923 2988 me
943 2959 1053 2989 docuit

197 2995 311 3028 Petrus
323 2995 485 3028 Diaconus
501 2998 529 3028 in
549 2997 751 3037 sequentibus
763 2998 858 3029 literis
869 3021 878 3034 ,
891 2998 1051 3030 CCCDP.

199 3045 300 3076 quas,
323 3044 479 3069 trecentum
497 3039 620 3078 duplex,
635 3039 876 3078 interpretatur:
894 3039 1052 3071 literarum

199 3084 307 3109 autem
332 3080 350 3108 d
367 3080 396 3110 δι
418 3086 444 3117 t,
470 3078 492 3110 fi
508 3080 633 3119 paulum
650 3079 756 3111 flectas
773 3079 975 3111 transversam
995 3081 1050 3111 ob·

198 3118 360 3157 liquamve
379 3121 519 3158 lineam,
545 3130 638 3161 quarn
665 3121 743 3152 levis
767 3121 796 3151 &
813 3130 908 3160 parva
921 3144 929 3157 ,
950 3120 969 3151 fi
988 3121 1051 3161 spe-

202 3158 268 3190 &es
284 3157 386 3204 usum,
411 3171 502 3199 quam
520 3161 669 3202 frequens
687 3170 724 3192 ac
748 3171 831 3202 pene
849 3162 1050 3202 quotidiana,

198 3205 336 3234 mutatio
354 3200 425 3233 est?
447 3202 567 3243 possem
585 3213 647 3245 ego
669 3202 751 3236 hanc
781 3202 921 3244 pluribus
946 3202 1050 3236 osten-

648 3320 657 3337 N

1098 2052 1192 2090 dere3
1216 2050 1287 2090 sed,
1311 2052 1382 2091 quia
1392 2052 1467 2083 olim
1489 2052 1602 2084 tradita
1618 2062 1635 2083 a
1653 2050 1823 2092 Radulpho
1835 2050 1956 2083 Forne-

1098 2103 1146 2125 rio
1163 2093 1211 2124 lib.
1240 2102 1265 2124 1.
1291 2092 1401 2123 Rerum
1419 2095 1655 2134 quotidianarum
1669 2103 1693 2124 c.
1719 2102 1749 2124 x.
1775 2102 1839 2124 non
1867 2093 1957 2125 lubet

1099 2134 1200 2166 actum
1225 2143 1335 2175 agere,
1367 2143 1428 2165 nec
1453 2143 1554 2165 vacat.
1586 2134 1818 2176 Quintilianum
1850 2141 1956 2166 tamen

1098 2175 1286 2213 adscribam,
1311 2184 1405 2215 quem
1423 2184 1487 2206 non
1511 2176 1625 2216 allegat
1645 2175 1825 2207 Fornerius.
1849 2175 1957 2207 Verba

1100 2216 1287 2260 Quintiliani
1306 2217 1346 2247 e'x
1362 2216 1409 2247 lib.
1439 2225 1464 2248 1.
1491 2215 1562 2257 Inft.
1582 2223 1655 2248 orat.
1675 2227 1698 2247 c.
1717 2226 1747 2253 4.
1764 2222 1793 2254 p.
1813 2216 1958 2259 arpQuid

1099 2260 1129 2291 T
1146 2258 1231 2289 literae
1252 2267 1318 2288 cum
1340 2256 1383 2289 D.
1427 2258 1535 2289 uaedam
1558 2257 1710 2299 cognatio?
1740 2256 1840 2299 Quare
1858 2262 1954 2289 minus

1096 2301 1221 2338 mirum,
1237 2298 1266 2337 fi
1283 2300 1315 2329 in
1335 2267 1454 2340 vetustis
1478 2301 1605 2339 operibus
1621 2300 1700 2330 urbis
1719 2298 1819 2338 nollroe
1838 2297 1874 2332 {5⁹
1891 2300 1957 2330 cele-

1096 2342 1193 2373 bribus
1221 2340 1330 2380 templis
1359 2341 1494 2381 legantur
1524 2341 1687 2372 Alexanter
1719 2340 1755 2375 ὃ)
1788 2340 1953 2381 Caffantra.

1098 2383 1196 2425 Igitur
1212 2380 1342 2412 restituo
1360 2382 1389 2412 ἃ.
1416 2382 1500 2421 lego.

1137 2423 1270 2454 Exilium
1290 2422 1396 2462 duplex
1416 2421 1472 2462 eft,
1496 2428 1548 2453 aut
1569 2427 1708 2453 certorum
1724 2422 1847 2453 locorum
1866 2421 1953 2450 inter-

1157 2463 1260 2502 (liiiio,
1283 2468 1316 2493 ut
1331 2463 1391 2494 lata
1400 2464 1500 2506 fuga,
1523 2470 1576 2494 aut
1598 2466 1723 2494 omnium
1738 2463 1863 2494 locorum
1879 2468 1952 2501 prae·

1157 2511 1199 2536 ter
1222 2511 1328 2536 certum
1351 2504 1459 2542 locum,
1483 2511 1516 2536 ut
1533 2504 1630 2544 infitlae
1652 2505 1822 2543 vinculum,
1846 2503 1876 2533 id
1892 2501 1952 2544 esi,

1157 2547 1290 2587 relegatio
1311 2549 1343 2576 in
1363 2546 1496 2583 insulam.

1098 2586 1227 2625 Sensus,
1260 2586 1396 2628 Formas,
1414 2587 1498 2618 exilii
1535 2585 1599 2618 five
1628 2585 1850 2626 relegationis,
1886 2585 1950 2616 five

1099 2631 1158 2669 (ut
1177 2627 1329 2668 Ulpianus
1346 2638 1413 2659 earn
1438 2634 1535 2659 vocat
1555 2628 1574 2659 l.
1603 2637 1632 2666 4.
1660 2627 1701 2658 D.
1726 2628 1759 2657 Si
1779 2628 1844 2667 quis
1862 2628 1954 2657 cauti-

1097 2672 1196 2701 onibus
1221 2672 1251 2700 in
1271 2667 1509 2710 judiciofistendi
1531 2669 1617 2706 causa
1639 2668 1727 2707 fabiis
1746 2677 1801 2698 non
1819 2669 1952 2707 obtempe-

1097 2711 1232 2750 raverit)
1264 2711 1348 2741 exilii
1370 2710 1449 2742 salva
1475 2712 1625 2741 civitate:
1651 2719 1720 2740 nam
1745 2709 1784 2740 de
1808 2708 1865 2739 isto
1886 2716 1952 2739 tan-

1098 2762 1163 2783 tum
1189 2752 1286 2783 exilio
1310 2752 1451 2792 loquitur
1477 2751 1656 2782 Marcianus
1685 2751 1748 2781 hoc
1773 2751 1901 2789 quidem
1921 2750 1954 2781 in

1096 2795 1190 2831 loco3
1214 2803 1278 2824 non
1297 2793 1390 2824 etiam
1408 2794 1447 2824 de
1470 2793 1567 2824 exilio
1596 2792 1682 2832 quod
1708 2792 1870 2822 civitatem
1894 2791 1954 2821 tol·

1096 2836 1150 2872 lit,
1174 2843 1207 2865 ut
1224 2834 1447 2866 interdictione
1471 2843 1562 2872 aquae
1586 2833 1615 2864 &
1640 2833 1736 2873 ignis.
1761 2839 1815 2863 aut
1839 2833 1954 2871 depor-

1096 2877 1238 2907 tatione:
1262 2885 1301 2906 ne
1324 2882 1427 2916 putes.
1471 2874 1572 2905 sensus
1587 2897 1596 2912 ‚
1628 2875 1774 2913 inquam,
1796 2873 1954 2904 Marciani

1096 2918 1157 2955 est,
1192 2917 1310 2948 formas
1340 2917 1424 2948 exilii
1451 2915 1501 2946 seu
1530 2915 1732 2955 relegationis
1767 2916 1842 2945 duas
1867 2913 1950 2945 effe:

1096 2968 1187 2990 unam
1214 2966 1374 2989 certorum
1399 2958 1545 2989 locorum
1574 2956 1850 2993 interdictionem,
1875 2962 1908 2985 ut
1928 2953 1951 2986 fi

1096 2999 1155 3030 lata
1171 2999 1247 3040 fuga
1257 2999 1473 3038 permittatur:
1498 2998 1627 3029 alteram
1646 2998 1787 3028 omnium
1804 2997 1951 3027 locorum

1094 3048 1209 3080 praeter
1233 3048 1376 3079 certum,
1401 3039 1679 3076 interdictionem,
1699 3042 1729 3069 in
1755 3046 1814 3076 qua
1838 3035 1883 3067 est
1908 3036 1953 3068 in·

1094 3081 1165 3112 snlae
1182 3082 1359 3113 vinculum:
1382 3080 1444 3112 five
1463 3080 1635 3111 ininsulam
1657 3078 1819 3118 relegatio.
1847 3077 1873 3109 Is
1884 3076 1950 3110 sene

1094 3122 1141 3154 sus
1166 3122 1231 3162 est;
1261 3122 1314 3154 sed
1339 3120 1466 3162 Ulpiani
1492 3121 1596 3152 verbis
1621 3118 1854 3164 confirmandus
1881 3128 1950 3158 quae

1094 3162 1162 3195 sunt
1177 3164 1195 3194 l.
1221 3174 1250 3203 7.
1274 3162 1315 3194 D.
1335 3164 1393 3194 eod.
1417 3164 1461 3194 tit.
1484 3162 1591 3194 Verba
1611 3159 1750 3200 Ulpiani.

1132 3204 1334 3247 Relegatorum
1351 3205 1405 3238 duo
1415 3214 1521 3246 genera
1527 3203 1620 3245 sunt,
1641 3202 1780 3243 quidam,
1800 3201 1851 3243 qui
1864 3200 1894 3231 in
1896 3210 1949 3281 Ji:
