2036 3495
171 130 241 167 270

174 209 255 242 duos
278 207 461 244 debitores,
484 204 661 246 Septicium
686 202 716 234 δι
736 201 912 239 Maevium3
935 200 1047 232 vellet—

174 259 238 290 que
262 248 311 280 sua
336 246 549 287 chirographa
572 245 616 276 eis
641 244 761 275 donare
796 243 910 273 mortis
934 241 1046 280 causa,

123 301 127 304 “
173 291 282 327 dedit,
306 287 369 319 five
393 287 526 319 donavit
549 295 586 317 ea
602 284 745 326 Ageriae3
768 283 796 315 ἂ
814 282 939 324 rogavit
955 291 1045 321 eam,

175 339 212 363 ut
237 329 258 361 fi
283 327 479 367 decessisset,
503 336 539 358 ea
563 325 776 368 chirographa
795 324 885 356 daret
900 323 1045 365 Septicio

175 373 206 403 &
223 370 367 408 Maevm3
391 368 432 400 fin
449 366 659 400 convaluiffet
671 390 682 406 ‚
697 366 754 398 fibi
773 365 936 397 redderet.
958 365 1048 397 dein-

175 413 216 444 de
231 419 356 443 mortua
369 409 413 441 est
430 403 537 442 Titia:
561 410 590 440 ei
616 408 709 440 heres
726 408 837 439 extitit
854 406 995 445 Maevia,
1017 416 1048 437 e-

172 453 221 493 jus
237 450 311 484 filia.
357 451 469 492 Ageria
487 451 632 491 Septicio
649 449 679 481 ἃ
699 449 822 480 Maevio
837 447 1050 488 chirographa

174 494 237 531 ita,
261 501 295 523 ut
310 500 421 533 rogata
438 501 525 531 erat,
547 492 647 524 dedit.
686 489 808 522 Maevia
824 498 923 527 vero,
948 487 1048 520 Titiae

173 535 287 570 heres,
315 533 467 566 summam
485 542 556 573 quae
577 531 771 569 debebatur,
787 530 870 571 petit
886 540 927 562 ex
944 530 1049 561 chiro-

173 575 301 617 graphis
312 573 545 616 suprascriptis,
558 575 607 605 vel
624 572 687 614 ipsa
703 571 925 613 chirographa.
949 570 1049 615 Quae·

173 619 272 655 titur,
296 625 336 648 an
358 616 444 648 reste
459 617 476 648 ’ἐ
508 615 571 647 Sed
595 624 659 646 non
686 615 793 655 placet
814 612 951 653 Juliano.
983 613 1050 644 imo

175 658 240 696 ait,
265 657 417 690 Maeviam
434 658 486 689 vel
505 656 584 697 paCti
602 657 776 694 conventi,
801 655 853 686 vel
872 654 936 686 doli
954 654 1049 692 mali,

175 700 373 739 exceptione
393 699 553 731 removeri
581 696 688 739 poss'e:
712 705 778 728 non
803 696 895 727 aliam
913 695 957 726 ob
976 704 1049 726 cau-

173 740 256 778 sam,
281 750 375 780 quam
400 741 472 780 quia
497 738 606 777 Titia,
631 746 703 770 cum
721 738 819 769 vellet
840 736 1052 777 chirographa

175 782 228 814 sua
245 782 444 814 debitoribus
463 780 541 820 suis,
558 780 703 821 Septicio
722 780 751 811 ἀ
769 778 913 817 Maevio,
937 778 1051 810 mortis

176 824 267 855 causa
286 824 424 862 donare,
449 832 486 853 ea
503 822 592 853 dedit
608 822 752 863 Ageriae:
772 829 809 851 ac
825 820 951 861 rogavit
961 828 1051 858 eam,

174 867 212 896 ut
237 874 274 896 ea
296 864 369 903 fibi,
391 863 413 895 fi
438 861 672 902 convaluisset3
696 862 738 894 fin
763 862 854 893 aliter
871 884 881 900 ,
904 860 1049 901 Septicio

179 906 210 938 ἃ
233 905 355 937 Maevio
372 904 563 937 restitueret.
602 905 647 937 lta
670 904 758 936 licuit
776 903 919 945 Ageriae,
942 911 1050 942 quam-

176 947 227 979 vis
243 947 314 989 post
331 945 430 978 Titiae
447 954 604 985 mortem,
628 945 840 985 chirographa
856 945 929 975 dare
948 944 1050 984 Septi-

176 990 231 1020 cio
256 988 286 1020 ἁ
314 987 456 1020 Maevlo:
481 989 553 1029 quia
570 997 634 1019 non
653 986 790 1018 reddidit
811 986 856 1018 eis
871 984 969 1016 Titiae
985 986 1050 1016 chi-

181 1029 340 1071 rographa
366 1038 406 1061 ex
432 1030 582 1061 mandato
613 1026 738 1067 Titiae3
770 1037 810 1059 ne
847 1027 916 1067 quis
947 1027 1053 1064 dicat,

178 1072 367 1103 mandatum
394 1080 498 1103 morte
524 1070 667 1102 ‹iiss'olvi:
692 1069 743 1101 sed
763 1068 812 1100 sua
831 1078 871 1099 ex
890 1067 1053 1100 fideicom-

178 1112 281 1144 misso.
318 1113 434 1153 Atqui,
454 1113 597 1150 inquies,
616 1112 698 1143 nulla
719 1110 891 1142 intervenit
912 1111 996 1141 inter
1014 1109 1053 1140 A·

178 1154 298 1196 geriam
323 1155 352 1185 δι
371 1154 546 1195 Septicium
571 1162 609 1184 ac
633 1152 788 1184 Maevium
815 1151 976 1191 stipulatio
1000 1157 1054 1181 aut

179 1196 371 1229 conventio.
418 1195 470 1227 Sic
495 1194 561 1233 est3
585 1194 705 1226 &ideo
722 1203 787 1225 non
803 1201 940 1233 potuere
957 1191 1054 1223 Civili

181 1237 256 1277 Jure
282 1235 441 1277 Septicius
468 1236 498 1268 &
515 1236 654 1267 Maevius
670 1236 709 1266 ab
728 1235 841 1275 Ageria
858 1242 971 1273 petere
989 1233 1055 1263 chi-

181 1278 415 1320 rographorum
428 1277 679 1309 restitutionem:
702 1285 823 1307 tantum
836 1283 964 1315 poterat
977 1274 1056 1305 Mae-

182 1320 254 1357 via,
277 1319 375 1351 Titiae
402 1319 512 1359 heres,
536 1328 571 1349 ea
591 1318 785 1356 condicere,
809 1315 947 1347 cessante
961 1318 991 1347 in
1011 1325 1056 1346 re-

183 1360 350 1393 stitutione
369 1361 491 1401 Ageria.
530 1359 650 1392 Verum
670 1359 700 1390 id
720 1368 783 1390 non
801 1357 965 1396 obstabat,
989 1365 1056 1397 quo

184 1403 286 1435 minus
307 1403 422 1444 Ageria
436 1424 445 1440 ,
461 1401 481 1433 fi
506 1400 718 1442 chirographa
740 1400 824 1436 ultro
846 1399 934 1431 daret
952 1399 1054 1439 Septi-

786 114 1092 149 thannr
1141 110 1373 147 Noonr

1090 200 1145 232 cio
1163 199 1193 232 &
1210 199 1355 240 Maevio,
1375 199 1445 240 jure
1462 198 1538 231 dare
1554 198 1734 233 videretur:
1756 200 1788 234 ὅτ
1802 201 1824 235 fi
1837 212 1854 237 a
1871 205 1964 240 Maes

1089 241 1140 273 via
1163 240 1264 273 Titiae
1286 241 1407 273 herede
1432 241 1680 280 conveniretur,
1702 240 1734 273 se
1757 245 1836 276 tueri
1878 247 1958 281 oss'et

1089 284 1304 325 exceptione:
1327 282 1440 323 utique
1465 281 1536 323 post
1559 281 1832 317 constitucionem

1088 324 1109 355 Ζ.
1131 333 1182 365 77.
1207 324 1250 356 D.
1269 324 1302 355 de
1319 324 1422 365 legatis
1438 323 1485 356 lib.
1505 333 1532 356 1.
1577 322 1635 355 Nil
1655 333 1786 366 quoque
1808 326 1960 366 impedie-

1089 366 1145 396 bat
1161 388 1172 405 ,
1201 375 1267 406 quo
1290 365 1394 408 miuus
1415 365 1531 406 Ageria
1553 374 1569 397 a
1594 365 1740 406 Septicio
1762 366 1794 398 &
1820 366 1960 410 Maevio,

1091 405 1147 438 etfi
1162 407 1246 438 nulla
1263 406 1482 439 intervenisset
1497 406 1680 447 stipulatio,
1687 407 1775 447 juxta
1792 406 1890 440 Titiae
1906 420 1961 443 vo-

1091 448 1248 482 luntatem
1267 448 1513 480 conveniretur:
1538 457 1602 480 non
1626 449 1756 488 quidem
1781 458 1823 481 ex
1847 451 1961 492 regulis

1087 489 1171 530 Juris
1184 512 1194 528 ,
1217 498 1323 530 neque
1349 489 1431 521 dicta
1454 489 1599 528 actione;
1623 489 1675 522 sed
1693 489 1819 522 afflone
1834 492 1905 528 utili
1922 502 1963 527 ex

1091 530 1137 563 D.
1154 530 1223 568 Pii,
1248 531 1290 562 de
1306 539 1367 570 qua
1386 530 1473 569 dixi,
1498 530 1741 563 Constitutione
1763 532 1783 562 l.
1804 541 1856 573 37.
1881 532 1911 574 §.
1933 544 1963 576 3.

1092 571 1179 603 Date
1194 571 1298 613 legatis
1312 571 1402 617 lib.3·
1427 572 1583 611 Actione,
1601 573 1750 613 inquam,
1765 573 1852 604 utili:
1871 584 1963 615 quam

1092 613 1274 645 Alexander
1297 612 1456 645 actionem
1483 612 1717 646 fideicommissi
1741 614 1880 655 appellat
1894 616 1914 647 l.
1935 626 1963 650 1.

1093 655 1125 686 C.
1145 655 1180 685 de
1197 654 1399 685 donationibus
1414 657 1502 694 causa
1518 657 1627 687 mortis.
1651 655 1703 686 Sic
1719 654 1846 688 censeo,
1870 664 1965 698 atque

1093 705 1162 727 eam
1181 695 1264 736 Juris
1289 694 1426 727 formam
1440 719 1450 736 ‚
1472 705 1546 728 cum
1573 697 1710 735 veteris,
1734 704 1801 729 tum
1828 699 1904 729 novi
1922 708 1963 732 ex

1094 737 1232 778 benigna
1250 735 1432 777 Principum
1453 737 1843 777 interpretatione,etiam
1860 741 1891 771 in
1908 741 1964 771 do-

1093 780 1224 810 natione
1241 776 1296 809 sub
1312 779 1413 809 modo
1429 777 1511 810 facta
1525 779 1696 811 observant
1713 778 1811 819 [mppr
1833 779 1966 814 Diocle-

1094 820 1198 851 tianus
1216 819 1247 851 ὅτ
1270 817 1485 851 Maximianus
1504 820 1520 852 l.
1541 830 1570 861 3.
1588 820 1621 851 C.
1639 822 1673 852 de
1688 821 1890 853 donationibus
1902 832 1964 864 quoe

1085 862 1145 902 jub
1161 862 1257 899 modo,
1272 860 1318 891 vel
1334 861 1513 898 conditione,
1529 862 1575 892 vel
1584 867 1658 893 certo
1670 869 1790 902 tempore
1807 861 1966 902 conficiun-

1093 908 1152 934 tur.
1183 901 1300 943 Igitur,
1325 909 1361 933 ut
1377 903 1416 933 ad
1427 902 1586 942 =lulianum
1604 911 1765 942 revertar,
1787 903 1808 935 si
1829 903 1967 945 Maevia,

1094 952 1129 975 ut
1156 943 1261 984 potest
1289 952 1329 974 ex
1348 943 1635 985 subtilitateJuris,
1659 946 1843 986 experiatur
1858 947 1969 978 adver-

1095 983 1143 1031 sus
1167 985 1334 1025 Ager-iam,
1357 993 1431 1016 cum
1454 994 1515 1026 qua
1538 986 1628 1026 pacta
1653 985 1717 1017 fuit
1739 985 1829 1017 Titia
1845 1010 1855 1026 ,
1881 987 1967 1020 recte

1096 1034 1140 1057 ait
1161 1026 1322 1066 Julianus,
1346 1035 1415 1057 eam
1442 1028 1639 1066 exceptione
1653 1027 1735 1067 pacti
1751 1029 1905 1060 conventi
1921 1038 1969 1062 re-

1096 1068 1222 1099 moveri
1243 1065 1382 1107 poss‘ezfi
1399 1077 1477 1099 vero
1495 1067 1641 1101 adversus
1655 1068 1830 1109 Septicium
1847 1069 1966 1102 &Mae-

1096 1109 1202 1147 vium,
1227 1109 1423 1149 exceptione
1449 1109 1514 1142 doli
1537 1110 1623 1142 mali.
1652 1109 1694 1142 fic
1711 1111 1797 1142 enim
1810 1111 1970 1150 julianum
1991 1114 1993 1116 ’

1096 1150 1325 1190 interpretatur
1345 1148 1500 1190 Ulpianus
1517 1150 1536 1182 l.
1554 1160 1582 1193 3.
1600 1151 1627 1192 ὃ.
1648 1161 1676 1183 2.
1697 1151 1738 1183 D.
1756 1151 1967 1184 deliberatione

1097 1191 1211 1233 legata:
1236 1192 1265 1222 ἃ
1288 1199 1442 1232 praeterea
1467 1193 1510 1223 ait
1531 1193 1551 1224 l.
1579 1201 1625 1224 10.
1650 1192 1678 1234 §.
1699 1202 1727 1224 2.
1750 1192 1792 1224 D.
1817 1193 1973 1234 depactis,

1099 1234 1188 1273 quod
1214 1232 1389 1274 Plerumque
1414 1233 1533 1269 solemus
1559 1235 1675 1273 dicere,
1706 1234 1763 1265 doli
1785 1236 1972 1275 exceptionem
2006 1251 2009 1261 v

1089 1272 1255 1315 subsidium
1277 1274 1328 1315 effe
1350 1273 1433 1315 Ραὲἶί
1455 1275 1639 1315 exceptionis.
1670 1277 1806 1317 quosdam
1833 1278 1967 1318 denique,

1098 1317 1150 1356 qui
1165 1317 1327 1356 excepn'one
1343 1314 1421 1356 pabii
1444 1318 1489 1347 uti
1504 1325 1560 1347 non
1576 1316 1712 1357 poffunt,
1732 1318 1788 1348 doli
1810 1320 1972 1358 exceptione

1088 1358 1222 1440 Jsuros,
1245 1355 1281 1391 ἐπ’)
1304 1356 1450 1398 Julianus
1465 1356 1604 1399 scripfit,
1627 1357 1664 1393 δέ)
1687 1358 1740 1390 aiii
1756 1358 1885 1401 plerique
1906 1369 1973 1392 con·

1111 1405 1239 1430 eltltltnc.

921 1502 1140 1539 CAPUT
1198 1502 1247 1539 V.

183 1597 238 1634 Ex
274 1594 555 1643 Senatusconsulto,
583 1594 772 1641 temporibus
803 1593 1005 1639 Imperatoris
1029 1593 1159 1628 ‘Claudii
1182 1591 1295 1639 fabio,
1323 1593 1356 1627 in
1393 1592 1477 1629 Urbe
1509 1592 1621 1641 licug’ffir
1651 1601 1760 1641 patruo
1784 1594 1904 1642 fratris
1921 1594 1979 1642 fici
2034 1603 2036 1616 ¹

249 1645 355 1693 filiam
383 1656 508 1680 uxorem
535 1645 663 1685 ducere,
682 1642 867 1689 florentibus
893 1642 1133 1689 Jurisconsultis
1149 1669 1158 1684 ‚
1192 1654 1231 1676 ex
1256 1643 1365 1687 quibus
1390 1642 1512 1677 collebia
1528 1642 1607 1689 sunt
1631 1644 1855 1679 Pandebiarum
1872 1644 1976 1690 frag-

257 1702 361 1729 menta

261 1801 315 1838 ope
346 1791 569 1838 Inscriptionis.

424 1695 475 1728 An
501 1695 533 1728 in
557 1693 723 1740 provinciis
747 1692 885 1737 quoque?
910 1704 966 1726 non
992 1693 1100 1727 videri.

259 1750 346 1786 tuta,
372 1754 431 1777 non
447 1741 546 1789 susse
571 1742 672 1786 utique
698 1742 729 1775 in
756 1741 927 1776 Provinciis
953 1749 1081 1786 recepta.

1153 1691 1235 1739 Q‘ae
1269 1692 1300 1724 in
1339 1690 1423 1725 Urbe
1444 1689 1523 1737 sunt
1545 1691 1701 1737 singulari
1724 1696 1838 1727 ratione
1863 1693 1975 1739 consii-

1134 1740 1233 1786 Gajus
1258 1739 1279 1774 l.
1306 1748 1364 1781 55.
1390 1739 1435 1773 D.
1471 1740 1507 1774 de
1532 1741 1595 1774 ritu
1620 1743 1794 1787 nuptiarum
1820 1740 1973 1787 expofitus

622 1790 845 1835 Interpolatum
881 1790 981 1824 videri
1005 1789 1161 1835 quemdam
1187 1788 1320 1834 ejusdem
1349 1788 1424 1834 Gajz·
1449 1788 1567 1830 locum,
1594 1791 1645 1834 qui
1669 1789 1715 1838 est
1740 1790 1791 1826 lib.
1821 1800 1852 1824 1.
1878 1789 1979 1838 Insti-⁴

259 1842 432 1884 unionum,
457 1841 507 1875 tit.
536 1840 573 1877 de
596 1838 805 1874 matrimoniis
829 1836 858 1884 ᾗ.
889 1847 920 1882 3.
946 1838 1076 1885 Rejetla
1101 1835 1256 1883 Franczsci
1283 1836 1436 1871 Hotmani
1450 1835 1620 1883 sententia.

236 1939 334 1971 lacuit
355 1944 465 1969 vetere
493 1935 711 1967 Romanorum
737 1934 806 1974 iure
830 1933 891 1973 (de
911 1943 977 1974 quo
993 1933 1063 1966 Plu·

260 1980 387 2012 tarchus
403 2002 414 2018 ,
446 1976 604 2021 Qtaestion.
634 1976 756 2007 Roman.
775 1975 859 2008 Edit.
881 1976 976 2009 Parilss
989 1982 1061 2017 pag.

188 2027 258 2063 265.
285 2028 352 2053 tom.
382 2031 411 2052 2.
435 2020 552 2062 ajusto
570 2017 677 2058 Lipfio
693 2017 868 2055 adductus,
891 2019 929 2048 ad
945 2017 982 2048 lib
1015 2027 1061 2048 12.

189 2063 305 2097 Annal.
326 2061 421 2093 Taciti
438 2071 461 2092 c.
482 2071 510 2102 7.
527 2070 555 2091 n.
576 2060 644 2099 16.)
672 2068 712 2090 ne
728 2059 798 2098 quis
817 2068 951 2090 uxorem
969 2061 1063 2090 duce·

189 2114 239 2138 ret
261 2104 367 2137 fratris
390 2111 444 2134 aut
466 2101 581 2134 sororis
598 2099 712 2132 filiam:
736 2101 784 2139 &,
809 2099 831 2131 fi
848 2107 959 2130 contra
980 2099 1065 2131 face.

189 2156 258 2185 ret,
281 2154 316 2176 ut
335 2143 463 2176 incestae
480 2143 673 2175 haberentur
697 2148 827 2182 nuptiae.
871 2141 932 2172 Sed
950 2141 980 2172 id
995 2141 1062 2181 jus,

190 2187 297 2227 quoad
321 2186 427 2217 fratris
457 2183 573 2222 filiam,
595 2191 750 2215 mutatum
775 2182 837 2213 fnit
865 2182 1062 2223 Imperatore

192 2228 347 2262 Claudio:
371 2235 467 2266 quem
490 2225 679 2262 Suetonius,
704 2224 770 2264 ejus
797 2225 859 2253 vita
875 2234 898 2254 c.
920 2228 968 2255 26.
993 2223 1061 2254 scri-

190 2271 260 2308 bit,
283 2267 443 2301 illecebris
468 2267 670 2307 Agrippinae,
694 2264 878 2296 Germanici
898 2264 1003 2296 fratris
1020 2265 1062 2296 sui

190 2311 288 2350 filiae,
313 2319 369 2349 per
391 2309 441 2349 jus
464 2308 561 2338 osculi
585 2307 614 2338 ἃ
641 2307 861 2338 blanditiarum
881 2306 1064 2337 occasiones

191 2352 365 2395 pelleftum
389 2352 420 2381 in
451 2357 592 2380 amorem
611 2347 824 2379 subornaviss'e
841 2349 991 2387 proximo
1010 2349 1063 2378 Se-

193 2403 288 2433 natu,
311 2394 363 2433 qui
384 2390 546 2428 censeret,
570 2390 752 2429 cogendum
778 2388 807 2418 se
827 2390 865 2419 ad
884 2390 1064 2420 ducendum

191 2446 261 2468 eam
287 2442 441 2471 uxorem,
465 2430 549 2473 quasi
578 2431 762 2471 reipublicae
777 2432 915 2461 maxime
933 2432 1063 2461 interes-

191 2478 257 2515 set,
275 2475 476 2514 dandamque
494 2474 618 2504 caetcris
635 2473 756 2503 veniam
776 2472 883 2503 talium
900 2474 1064 2512 conjugio-

195 2527 264 2550 rum
282 2526 352 2557 quae
369 2517 407 2547 ad
423 2516 454 2546 id
471 2523 598 2554 tempus
611 2513 729 2545 incesta
749 2513 957 2544 habebantur.
986 2512 1063 2544 For-

196 2568 281 2593 mam
300 2566 405 2589 autem
425 2553 695 2588 Senatusconsulti
715 2555 847 2585 exhibet
868 2555 997 2586 'l'acitus
1015 2554 1063 2585 lib.

198 2612 247 2633 12.
271 2598 382 2630 Annal.
407 2608 433 2629 c.
459 2607 486 2637 7.
511 2606 584 2628 curn
608 2596 649 2627 sic
672 2596 813 2635 loquitur
832 2619 840 2633 ,
869 2595 1065 2636 Senatunzque

195 2639 339 2683 ingreffics
361 2638 551 2678 (Claudius)
574 2640 716 2668 decretum
738 2635 883 2677 postulat,
907 2647 961 2678 quo
978 2634 1066 2678 juste

196 2686 271 2716 inter
285 2686 405 2721 patruos
411 2680 600 2720 fratrumque
617 2678 694 2716 silias
711 2680 817 2718 nuptiae
835 2680 920 2709 etiam
932 2679 963 2709 in
976 2676 1064 2719 poste-

195 2735 263 2757 rum
273 2718 484 2764 statuerentur.
511 2720 572 2751 Sed
590 2721 621 2751 id
640 2719 975 2757 Senatusconsultum,
993 2720 1066 2759 quia

195 2763 384 2799 nominatim
410 2761 576 2800 loquutum
593 2760 654 2792 fuit
673 2761 713 2792 de
729 2760 854 2800 fratris,
879 2770 944 2792 non
961 2761 1001 2792 de
1020 2760 1066 2791 so-

195 2807 297 2844 roris,
320 2803 400 2841 filia,
424 2801 526 2833 stricte
551 2809 722 2840 acceptum
747 2803 890 2834 videtur:
914 2810 949 2833 ut
967 2803 1065 2842 plera·

197 2858 261 2890 que
279 2855 349 2887 quae
361 2852 472 2875 contra
491 2843 612 2883 regulas
627 2843 706 2882 juris
725 2843 866 2884 singulari
885 2844 1008 2874 ratione
1022 2844 1066 2874 in·

198 2890 423 2922 troducuntur.
469 2883 515 2915 lta
536 2885 638 2924 coepit
662 2885 791 2923 quidem
816 2885 847 2916 in
871 2883 977 2916 fratris
1002 2883 1065 2916 filia

195 2933 245 2974 jus
273 2937 392 2961 novum
416 2925 583 2963 obtinere3
606 2925 636 2955 in
653 2923 765 2956 sororis
785 2933 890 2957 autem
907 2925 971 2957 filia
988 2926 1067 2956 anti-

197 2981 296 3015 quum
315 2967 516 3001 observatum
531 2965 604 2997 fuit.
636 2963 798 3004 Maxime,
821 2967 989 3008 postquam
1006 2967 1066 2999 lm-

198 3012 338 3056 peratori
363 3008 482 3042 Nervae
506 3006 642 3047 placuit,
666 3007 875 3046 quibusdam,
898 3016 932 3039 ut
947 3008 1003 3046 fit,
1028 3008 1070 3039 la·

199 3056 271 3088 xius
287 3047 556 3084 Senatusconsulri
575 3047 803 3093 indulgentiam
817 3049 1065 3089 accipientibus,

199 3095 391 3137 prohibere,
415 3091 501 3132 quod
524 3088 707 3129 Xiphilinus
722 3087 839 3126 refert,
864 3100 997 3123 uxorem
1013 3092 1066 3122 du·

198 3139 229 3169 ci
253 3133 402 3170 ἁδελφιδῆιε
425 3134 456 3166 id
481 3131 547 3169 est,
571 3128 749 3161 filiam‘non
765 3128 887 3168 fratris,
911 3130 962 3162 sed
981 3131 1065 3163 soro-

198 3180 260 3216 ris,
276 3184 310 3208 ut
327 3175 450 3215 optime
470 3174 717 3213 interpretantur
733 3170 894 3203 Clariffimi
913 3170 998 3209 Viri,
1017 3174 1065 3212 Ja-

198 3219 300 3253 cobus
316 3217 463 3257 Cujacius
481 3215 530 3247 lib.
552 3222 597 3255 13.
617 3213 737 3254 Observ,
755 3222 781 3244 c.
804 3217 849 3244 16.
881 3211 1065 3245 Franciscus

1105 1932 1310 1971 HotmanuS,
1335 1931 1384 1964 De
1408 1933 1470 1964 ritu
1491 1934 1663 1974 nuptiarum
1685 1944 1710 1967 c.
1735 1944 1765 1974 5.
1796 1934 1909 1967 Petrus
1924 1933 1974 1966 Pi-

1107 1976 1212 2007 thoeus
1236 1973 1325 2006 Notis
1351 1975 1390 2006 ad
1408 1974 1594 2006 Collationem
1608 1976 1704 2017 legum
1720 1975 1920 2017 Mosaicarurn
1936 1974 1973 2011 δ’

1105 2016 1326 2053 Romanarum,
1350 2017 1396 2046 tit.
1412 2019 1443 2048 6.
1466 2016 1627 2057 juvatque
1644 2017 1727 2049 hanc
1741 2017 1978 2063 interpretatio:
1998 2031 2001 2033 ·
2034 2022 2036 2027 '

1104 2067 1178 2089 nem
1195 2080 1204 2095 ‚
1231 2057 1318 2097 quod
1347 2056 1452 2088 adhuc
1478 2057 1606 2089 Marcus
1632 2058 1813 2090 Antoninus
1832 2083 1841 2097 ,
1871 2060 1896 2090 is
1921 2067 1975 2100 qul

1105 2096 1318 2138 Philosophus
1339 2098 1536 2138 appellatur,
1560 2099 1675 2132 deinde
1691 2098 1788 2132 filiam
1814 2099 1898 2132 suam
1916 2099 1979 2131 Lu-

1106 2140 1210 2171 cillam
1228 2139 1398 2179 despondit
1415 2137 1503 2171 fratri
1523 2141 1577 2172 suo
1594 2140 1683 2172 AElio
1699 2141 1808 2173 Vero:
1829 2150 1864 2172 ut
1882 2140 1977 2182 Capi-

1107 2182 1225 2212 tolinus
1243 2180 1351 2211 scribit
1367 2203 1377 2218 ,
1404 2182 1468 2212 vita
1484 2180 1533 2213 M.
1552 2181 1700 2214 Antonini
1722 2182 1884 2223 Philofhphi
1899 2192 1922 2214 c.
1942 2191 1974 2222 7.

1108 2232 1169 2254 nec
1185 2222 1309 2262 putavit
1319 2222 1366 2253 vir
1382 2231 1446 2253 non
1459 2222 1561 2254 minus
1574 2223 1694 2255 santius
1705 2247 1714 2263 ,
1726 2232 1820 2264 quam
1836 2223 1975 2264 sapiens,

1108 2264 1138 2295 se
1162 2263 1335 2304 quidquam
1359 2262 1467 2295 facere
1491 2265 1603 2305 populi
1628 2264 1765 2296 Romani
1782 2265 1905 2306 legibus
1921 2272 1974 2296 aut

1107 2305 1249 2337 moribus
1265 2304 1470 2336 contrarium
1502 2304 1565 2337 Sed
1581 2305 1610 2337 ὅ(
1626 2305 1761 2338 Veteres
1771 2305 1982 2347 Jurisconsulo

1108 2348 1131 2377 ti
1150 2349 1203 2387 qui
1223 2346 1253 2377 in
1273 2345 1413 2386 Digestis
1436 2346 1599 2387 disputant
1616 2348 1655 2379 de
1672 2348 1853 2388 nuptiarum
1870 2347 1974 2388 prohi-

1107 2389 1251 2426 bitione,
1276 2396 1345 2427 quae
1363 2387 1475 2419 incidit
1492 2389 1522 2419 in
1541 2389 1670 2420 tertium
1689 2389 1781 2421 lineae
1796 2388 1976 2420 transversae

1106 2429 1237 2470 gradum
1251 2452 1259 2467 ‚
1283 2429 1457 2460 meminere
1480 2430 1610 2470 quidem
1629 2429 1703 2462 filice
1719 2440 1755 2462 ac
1771 2433 1876 2471 neptis
1895 2429 1976 2461 soro-

1107 2474 1167 2509 ris,
1191 2470 1243 2501 sed
1261 2479 1324 2501 non
1343 2469 1449 2501 fratris
1464 2470 1483 2501 l.
1503 2474 1553 2510 56.
1569 2471 1588 2502 l.
1608 2481 1657 2512 39.
1674 2471 1714 2502 D.
1742 2473 1775 2502 de
1788 2473 1849 2503 ritu
1864 2472 1976 2511 nuptia-

1106 2522 1182 2543 rum.
1207 2512 1225 2542 l.
1255 2521 1301 2542 11.
1325 2511 1353 2552 §.
1375 2521 1401 2542 1.
1424 2511 1443 2544 lv.
1461 2516 1509 2552 38.
1528 2512 1556 2554 §.
1580 2521 1605 2543 1.
1623 2512 1666 2543 D.
1689 2513 1739 2544 Aa
1760 2513 1847 2555 legem
1862 2512 1975 2554 Juliam

1105 2555 1139 2585 de
1154 2553 1323 2592 adulteriis3
1340 2555 1416 2583 item
1431 2553 1598 2592 avunculi,
1615 2553 1666 2584 sed
1684 2564 1747 2586 non
1763 2555 1866 2596 patrui
1883 2554 1902 2584 l.
1920 2554 1972 2585 ult.

1108 2594 1152 2627 D.
1179 2596 1212 2625 cie
1234 2592 1481 2632 condidionefine
1497 2595 1602 2634 causa,
1626 2594 1663 2629 ὅ)
1679 2595 1699 2627 l.
1716 2605 1764 2636 57.
1780 2596 1808 2638 §.
1830 2605 1857 2628 1.
1878 2594 1917 2626 D.
1940 2596 1973 2625 de

1108 2637 1170 2667 ritu
1187 2637 1373 2676 nuptiarum:
1389 2643 1425 2668 ut
1441 2635 1526 2667 idem
1545 2635 1726 2667 observavit
1743 2637 1902 2668 Dominus
1913 2635 1974 2667 Cu-

1107 2678 1204 2717 jacius
1227 2677 1256 2707 d.
1275 2677 1323 2707 lib.
1347 2685 1393 2717 13.
1423 2675 1544 2717 Observ.
1568 2687 1583 2708 c
1614 2682 1661 2709 16.
1680 2677 1717 2713 {9⁹
1733 2680 1771 2710 ad
1788 2677 1906 2710 Novell.
1927 2686 1971 2709 12.

1111 2718 1146 2750 Id
1171 2727 1249 2749 vero
1275 2726 1341 2758 quo
1361 2717 1526 2758 pertinet?
1549 2717 1602 2750 nifi
1620 2727 1653 2750 ut
1670 2720 1899 2761 intelligamus,
1921 2718 1972 2750 Se-

1109 2758 1381 2791 natusconsultum
1408 2758 1614 2792 Claudianum
1637 2768 1785 2801 tempore
1801 2760 1913 2792 mediae
1923 2760 1974 2801 Ju-

1109 2800 1331 2839 risprudentiae
1354 2799 1419 2831 fine
1441 2800 1676 2842 interruptione
1701 2801 1855 2843 viguisse:
1880 2809 1974 2840 atque

1109 2843 1191 2873 adeo
1219 2841 1298 2872 nihil
1323 2841 1543 2881 intercedere,
1566 2852 1632 2883 quo
1658 2843 1760 2875 minus
1777 2843 1860 2883 apud
1876 2842 1974 2873 Paria-

1112 2891 1215 2914 torem
1237 2882 1357 2923 Legum
1378 2882 1587 2915 Mosaicarum
1605 2884 1634 2916 ὅ(
1653 2884 1861 2916 Romanarum
1878 2884 1906 2913 d.
1924 2883 1972 2915 tit.

1110 2929 1140 2956 6.
1165 2925 1207 2955 ita
1226 2923 1381 2955 scribatur
1396 2924 1435 2955 ab
1453 2923 1613 2964 Ulpiano,
1630 2924 1706 2957 'libro
1715 2924 1860 2967 singulari
1876 2923 1972 2964 Regu-

1111 2967 1203 2997 larum
1214 2965 1289 3005 ,sub
1305 2966 1353 2996 tit.
1376 2965 1424 2996 De
1440 2968 1559 3005 nuptiis.
1584 2966 1665 2998 Inter
1680 2973 1812 3008 cognatos
1827 2969 1919 2995 autem
1936 2974 1973 2995 ex

1112 3006 1274 3044 transverssi
1299 3008 1398 3048 gradu
1421 3008 1486 3038 olim
1510 3010 1623 3049 quidem
1645 3008 1824 3040 matrimonia
1841 3006 1972 3036 contrabi

1111 3058 1169 3079 non
1175 3053 1330 3089 poterant,
1353 3058 1432 3079 nunc
1449 3054 1545 3080 autem
1562 3059 1598 3080 ex
1613 3051 1694 3080 tertio
1707 3048 1802 3090 gradu
1818 3046 1880 3076 licet
1899 3055 1971 3076 uxo·
1995 3073 1998 3075 .

1109 3099 1168 3121 rem
1189 3091 1306 3128 ducere,
1320 3089 1375 3128 sed
1401 3096 1516 3121 tantum
1531 3091 1641 3130 fratris
1660 3089 1754 3130 filiam
1771 3110 1781 3125 ,
1803 3096 1860 3117 non
1884 3088 1972 3117 etiam

1121 3141 1220 3162 ororzs.

1099 3132 1128 3172 s
1148 3172 1191 3204 At
1213 3172 1320 3204 turbas
1344 3179 1456 3203 movet
1479 3171 1577 3212 Gajus
1597 3171 1625 3201 Α
1644 3180 1693 3209 55.
1711 3168 1740 3209 ὃ.
1763 3177 1787 3199 1.
1811 3166 1848 3199 D.
1865 3169 1897 3198 (le
1912 3169 1971 3199 ritu

1107 3215 1297 3254 meptiarum:
1320 3221 1395 3245 cum
1416 3212 1458 3245 sic
1481 3213 1533 3245 ait.
1572 3212 1673 3245 Patris
1692 3210 1821 3251 aaoptivi
1844 3210 1898 3241 mei
1914 3219 1972 3239 ma-

1885 3255 1973 3288 trem,

1888 288 1962 321 .Pii·
2017 308 2019 310 -
