2052 3487
225 71 295 108 184-

219 150 377 184 stituenda
399 149 470 182 ess'e.
503 148 564 181 Pro
592 148 682 190 operis
705 148 789 188 fhrvi
817 148 979 189 trajeffiitiae
1006 157 1091 190 pecu-

221 195 276 224 nioe
287 194 387 235 gracia
404 193 516 230 secuti,
539 192 617 231 quod
643 192 674 220 in
690 189 825 230 fingulos
848 192 907 220 dies
923 193 955 222 in
967 190 1091 232 stipula-

221 239 284 265 tum
300 232 451 265 dediceram
467 229 524 270 est,
547 232 584 261 ad
604 230 696 270 finem
714 229 887 269 centesimae,
909 242 967 263 non
990 234 1090 271 ultra,

218 276 341 305 debetur.
374 273 423 303 vel
443 295 452 309 ,
483 271 504 302 11
527 270 597 311 quis
626 271 707 302 tueri
732 273 822 303 malit
845 273 978 305 verbum
996 296 1006 312 ,
1040 276 1090 305 du-

212 315 314 356 plum,
339 314 489 353 legerim,
512 311 652 351 adfinem
670 312 848 352 cenzefimoe,
871 323 922 345 nec
939 316 1018 346 ultra
1037 316 1088 345 du-

211 357 294 396 plum
317 356 441 385 debetur.
490 353 605 384 Senius
631 354 746 395 prioris
772 355 1009 387 emendationis
1035 355 1087 387 hic

216 396 278 433 est,
304 395 446 425 creditor
463 394 605 425 debitori
625 395 715 426 dedit
734 396 903 435 pecuniam
928 397 1089 437 trajectiti-

215 445 287 473 arn;
311 434 362 466 sed
387 435 563 471 periculum
589 436 619 467 in
639 435 831 477 sesuscepit,
855 438 968 469 nonin
985 446 1087 470 totam

214 477 452 517 navigationem
483 476 534 508 sed
562 478 594 508 in
625 486 750 508 certum
788 478 956 510 dumtaxat
989 479 1086 510 diem.

216 517 241 549 is
257 517 513 556 creditorjuffit‚
537 517 659 550 servum
686 527 759 550 cum
784 519 936 550 debitore
962 521 1087 561 naviga-

213 567 267 597 re;
291 558 320 589 &
340 560 508 598 pecuniam
534 560 689 591 creditam
710 559 760 591 sua
785 561 837 591 die
858 562 988 601 exigere
1010 570 1084 594 cum

211 599 326 638 us'uris3
349 608 407 637 ac,
429 598 451 631 sl
466 601 584 632 tardius
601 600 797 639 solveretur,
824 611 883 642 pro
896 603 1002 643 operis
1019 602 1079 634 ser-

211 641 244 671 vi
261 640 376 680 quibus
393 643 549 673 cariturus
570 641 649 673 esi'et
665 650 801 683 propter
812 652 932 674 moram
953 644 1079 675 debito-

209 682 272 720 ris,
295 689 449 722 praeterea
475 692 605 724 poenam
634 682 798 724 stipulatus
824 684 868 715 est
886 685 916 715 in
941 683 1079 726 singulos

211 723 288 755 dies.
314 722 412 764 (sunt
439 725 523 756 enim
548 733 656 765 operae
681 725 828 756 diurnum
848 725 1027 759 officiuml.
1056 736 1081 758 1.

209 763 252 794 D.
274 765 307 795 de
325 767 414 804 operis
435 765 625 805 libertorum)
649 766 820 806 quaeritur,
844 775 961 807 quanta
986 777 1082 808 poena

209 804 271 837 esse
286 806 406 846 poffic?
422 805 585 848 respondit
598 806 788 847 Papinianus
799 831 807 847 ,
824 808 933 840 deberi
952 817 1081 849 poenam

207 847 288 878 intra
320 846 439 879 usuram
464 847 668 880 centesimam
698 848 789 881 sortis
818 850 977 888 creditae3
1015 860 1080 882 non

206 888 297 919 ultra.
322 889 398 928 quid
414 890 484 922 ita?
508 890 581 931 quia
601 889 707 931 potest
725 891 854 931 quidem
874 892 1016 924 creditor
1034 893 1080 924 in-

206 936 252 960 tra
269 929 374 968 diem,
398 931 543 971 periculo
562 931 771 963 constitutum
784 955 793 971 ,
816 931 953 971 stipulari
974 933 1077 965 infini-

201 979 271 1001 tam
290 969 410 1003 usuram
436 974 582 1013 pecuniae
607 973 782 1013 trajectitiae
800 983 810 1012 ;
842 973 893 1005 sed
909 973 981 1014 post
1003 984 1075 1007 eum

203 1017 328 1044 tanturn
354 1012 553 1055 legitimam,
579 1015 611 1046 id
636 1014 700 1053 est,
723 1014 936 1047 centesimam.
966 1023 1031 1048 non
1053 1017 1075 1047 1-

205 1055 288 1094 gitur
316 1055 421 1094 potest
444 1056 586 1088 creditor
611 1055 682 1096 post
711 1065 783 1087 eum
811 1057 895 1088 diem
912 1080 921 1095 ‚
959 1066 998 1088 ne
1023 1056 1076 1089 sub

208 1103 365 1134 praetextu
384 1097 513 1137 quidem
531 1106 699 1138 operarum
724 1096 823 1136 servi,
847 1097 985 1137 stipulari
1010 1107 1075 1139 poe-

205 1145 278 1167 nam
301 1146 372 1177 quae
396 1139 577 1179 egrediatur
593 1138 794 1170 centesimam
814 1138 903 1170 sortis
926 1140 1075 1180 creditae3

202 1179 277 1219 quia
301 1188 337 1210 ea
366 1189 461 1220 poena
487 1179 532 1211 est
558 1180 629 1211 vice
646 1179 822 1211 usurarum:
845 1189 941 1213 nemo
966 1189 1072 1213 autem

202 1219 308 1260 potest
334 1229 462 1261 poenam
490 1230 551 1262 pro
569 1220 665 1253 usuris
682 1221 820 1261 stipulari
846 1222 926 1253 ultra
949 1222 1071 1255 licitum

201 1260 362 1293 usurarum
379 1264 511 1294 modum
532 1264 550 1294 l.
578 1273 629 1301 44.
641 1262 681 1293 D.
706 1264 739 1294 cie
755 1263 862 1301 alaris.
885 1262 927 1293 Et
942 1265 983 1294 ita
1005 1263 1070 1304 est,

203 1304 292 1344 quod
309 1304 451 1335 creditor
472 1310 529 1344 pro
547 1304 654 1345 operis
672 1303 751 1335 servi
770 1304 952 1344 stipulatur,
977 1305 1071 1336 debe-

196 1352 255 1376 ‘tur
270 1345 400 1385 quidem
424 1345 462 1377 ad
478 1345 573 1377 finem
586 1368 596 1384 ‚
620 1344 671 1377 seu
699 1346 829 1377 modum
841 1368 849 1383 ‚
872 1345 1068 1386 cemefimae,
1085 1378 1089 1381 ,

197 1384 252 1417 sed
270 1395 335 1417 non
364 1387 462 1419 ultra:
487 1387 558 1427 quia
577 1396 613 1417 ea
635 1395 804 1426 operarum
831 1385 990 1427 stipulatio
1016 1388 1068 1418 de-

195 1429 288 1460 ·mum
305 1426 392 1459 usum
417 1428 531 1466 habet,
554 1426 720 1468 postquam
743 1427 833 1458 desiit
855 1428 1067 1468 navigationis

197 1470 396 1510 periculum;
420 1476 493 1500 ante
513 1478 592 1499 vero
615 1478 680 1500 non
704 1468 802 1499 habet
824 1466 921 1500 usum.
948 1471 1066 1511 quippe

195 1517 271 1541 ‘cum
289 1510 421 1541 durante
439 1510 604 1549 periculo,
628 1510 705 1543 nihil
730 1509 854 1540 necess'e
871 1509 931 1549 sit,
953 1520 1064 1551 opera-

194 1560 264 1583 rum
294 1550 530 1591 stipulationem
550 1550 697 1592 distingui
723 1560 740 1581 a
773 1549 903 1582 foenore
933 1554 1063 1584 nautico

197 1592 286 1633 quod
303 1590 461 1623 infinitum
477 1591 540 1630 est,
566 1592 596 1623 ὅτ.
614 1593 687 1623 ideo
706 1591 811 1633 potest
835 1591 931 1623 facile
959 1594 1064 1633 quale-

190 1642 334 1673 «cumque
353 1642 521 1673 operarum
542 1633 621 1664 servi
639 1635 778 1674 pretium
804 1634 988 1675 complecti.
1012 1634 1064 1667 sed

190 1673 287 1706 ‘finito
312 1674 482 1716 periculo,
517 1675 590 1715 quia
611 1676 708 1707 uiurae
740 1674 841 1706 statim
873 1679 1064 1708 coercentur

190 1714 256 1748 fine
280 1715 331 1747 seu
350 1716 449 1747 modo
468 1715 673 1755 centesimae3
694 1717 757 1757 jam
780 1716 856 1748 illud
881 1717 1064 1757 quaesiionis

190 1757 256 1795 est,
280 1767 317 1789 an
343 1757 435 1798 poffit
459 1758 604 1790 creditor
627 1758 738 1799 egredi
765 1758 897 1789 modum
929 1758 1062 1790 centesi-

186 1807 270 1837 mae,
294 1799 405 1840 utique
421 1808 478 1838 per
497 1799 735 1840 stipulationem
747 1802 892 1838 pecuniae
911 1808 970 1839 pro
982 1809 1060 1840 ope·

189 1841 230 1872 ris
256 1841 333 1872 servi
361 1841 478 1878 quibus
502 1841 629 1872 interim
655 1848 760 1871 careat
778 1839 795 1872 *ἓ
819 1841 907 1880 quod
936 1842 1060 1880 optime

192 1891 288 1923 negat
307 1882 506 1921 Papinianus,
549 1881 577 1913 Is
596 1880 698 1914 sensus
724 1881 783 1912 erit
807 1881 921 1921 prioris
946 1882 1060 1914 nostrae

185 1924 402 1964 conjesturae3
425 1922 587 1964 expuncto
605 1923 726 1961 verbo,
749 1923 878 1963 duplum.
922 1922 1022 1965 Quod
1038 1924 1059 1956 si

186 1965 259 2004 quis
276 1965 372 1996 malet
384 1965 509 2005 legere,
532 1975 583 1996 nec
596 1965 675 1996 ultra
691 1964 812 2004 duplum
827 1966 959 2003 debetur,
988 1974 1059 2005 quae

186 2005 233 2036 est
263 2006 421 2045 posterior
447 2006 570 2046 nostra,
601 2006 631 2038 &
659 2013 693 2037 ut
721 2005 791 2046 post
810 2006 879 2036 haec
898 2004 1011 2045 scripta
1028 2016 1056 2037 a·

188 2047 377 2079 nimadverti
398 2071 407 2087 ,
439 2047 509 2080 fere
531 2050 626 2080 etiam
645 2046 785 2087 CuJacii,
809 2047 857 2078 lib.
880 2056 909 2086 5.
937 2047 1057 2085 Observ.

186 2098 211 2120 c.
233 2093 283 2129 38.
307 2089 506 2130 conjectura:
530 2097 598 2121 tum
621 2088 724 2120 sensus
750 2088 832 2126 erit,
850 2089 939 2129 quod
956 2089 1056 2120 credi·

187 2136 240 2161 tor
262 2139 321 2170 pro
346 2131 453 2170 operis
478 2131 545 2171 ejus
570 2130 647 2162 servi
675 2130 857 2169 stipulatur,
877 2139 942 2161 non
961 2131 1055 2161 debe-

187 2178 238 2202 tur
260 2172 341 2202 ultra
358 2171 560 2203 centesimam
580 2171 631 2202 seu
655 2172 831 2212 legitimam
849 2170 969 2202 usuram
986 2181 1052 2202 cre-

181 2212 261 2244 ditae
277 2211 387 2252 sortis,
411 2222 517 2253 neque
541 2213 621 2245 ultra
645 2213 775 2253 duplum
792 2212 868 2252 ejus.
893 2213 981 2252 quod
998 2213 1053 2245 etsi

183 2253 216 2285 in
242 2253 371 2286 foenore
394 2255 544 2292 nautico,
574 2254 607 2284 id
634 2253 678 2285 est
706 2252 851 2292 infinito,
881 2262 946 2284 non
969 2255 1051 2285 obti-

180 2303 279 2334 neat;
301 2303 408 2327 tamen
426 2297 457 2326 in
477 2295 627 2336 legitimis
644 2293 760 2333 usuris,
775 2294 828 2325 seu
852 2294 1048 2334 centesimis,

179 2336 214 2368 id
230 2335 295 2376 est,
321 2335 442 2375 finitis,
474 2337 582 2369 locum
606 2336 721 2368 habet:
745 2343 780 2367 ut
803 2335 885 2367 infra
915 2336 932 2367 a
958 2337 1050 2369 nobis

181 2376 469 2409 demonstrabitur:
490 2378 519 2409 δι
536 2379 566 2409 111
586 2378 654 2409 Α113
672 2376 840 2409 Lucullum
855 2377 1050 2410 constituisse

180 2418 370 2450 Plutarchus
387 2418 495 2461 refert.
520 2418 679 2451 Tentavit
698 2427 827 2459 quoque
849 2418 930 2450 hanc
948 2420 1050 2460 legem

180 2459 368 2499 Salmasius,
398 2459 445 2490 De
466 2462 544 2491 modo
561 2462 715 2498 usurarum
731 2470 754 2491 c.
777 2465 805 2493 8.
826 2466 895 2501 pag.
918 2470 988 2499 301.
1016 2461 1051 2495 &³

175 2501 259 2543 seqq.
285 2501 316 2533 &
332 2502 494 2543 corrigere
512 2502 541 2533 ἃ
560 2501 729 2533 illustrare:
754 2501 807 2532 sed
830 2500 967 2533 successu
987 2510 1049 2534 tam

177 2541 329 2579 infelici,
366 2550 401 2573 ut
428 2543 472 2574 nil
489 2552 571 2583 opus
594 2543 654 2582 sit,
695 2543 760 2583 eJus
784 2541 971 2575 sententiam
996 2543 1049 2575 hic

179 2589 235 2614 aut
253 2582 407 2622 attulisse,
431 2590 483 2614 aut
502 2583 661 2615 refutasse.

222 2623 274 2655 Ex
297 2623 509 2662 superioribus
535 2625 664 2657 subnata
690 2625 735 2657 est
756 2626 815 2657 alia
833 2624 984 2665 quaestio:
1008 2625 1047 2657 de

178 2674 241 2706 qua
257 2666 299 2696 ita
323 2665 465 2696 Scaevola
484 2666 503 2696 l.
524 2677 554 2706 ς.
583 2665 624 2697 D.
647 2668 680 2697 de
695 2667 945 2706 nauticofoenore.
993 2667 1045 2698 Pe-

177 2707 265 2738 riculi
284 2706 411 2746 pretium
433 2704 495 2742 ell4
525 2707 562 2741 f?
577 2706 606 2745 fi
633 2709 793 2740 conditione
817 2709 951 2749 quamvis
974 2709 1045 2748 (a)

171 2747 281 2789 poenali
304 2756 361 2777 non
380 2745 516 2787 existente
539 2753 705 2787 recepturas
729 2747 766 2785 lis
787 2751 861 2788 quod
885 2749 991 2780 dederis
1009 2749 1045 2783 ἐφ’)

175 2789 292 2829 insuper
319 2788 429 2830 aliquid
451 2794 552 2828 praeter
569 2791 724 2828 pecuniam
744 2800 752 2821 ε
777 2789 806 2828 fi
828 2791 906 2821 modo
924 2791 956 2821 in
976 2790 1042 2822 alea

165 2829 387 2871 speciemsb)
413 2838 470 2860 non
493 2830 596 2867 cadat,
625 2830 717 2860 veluti
736 2840 768 2861 ea
791 2841 827 2862 ex
849 2833 954 2872 quibus
978 2841 1041 2863 con·

175 2873 296 2903 ditiones
318 2870 389 2911 (c)
409 2870 489 2901 nasci
510 2870 606 2905 solent.
632 2871 707 2910 (d)
731 2877 763 2902 ut
782 2871 810 2910 fi
839 2874 910 2913 (e)
939 2883 1043 2903 mann-

174 2915 293 2951 wactas,
310 2911 339 2950 fi
356 2921 412 2942 non
426 2911 500 2942 illud
517 2911 634 2950 facias,
654 2910 683 2949 fi
710 2921 767 2943 non
793 2913 982 2952 convaluero,
1008 2914 1045 2948 ἐξ

175 2959 286 2985 ειεῐενα.
318 2953 385 2994 (f)
408 2960 458 2983 nec
473 2952 617 2983 dubitabis
640 2975 650 2989 ‚
676 2951 704 2989 fi
725 2953 863 2992 pist-atari
888 2960 1043 2996 erogatura

173 2996 209 3028 in
229 3001 404 3037 apparatum
415 2994 578 3035 plurimum
589 2995 718 3034 pecunia.-
740 2994 862 3025 dederim
873 3018 884 3034 ,
908 3002 940 3026 at
956 2995 986 3034 fi
1002 3006 1043 3028 ce-

214 3078 272 3114 (a)
292 3080 398 3114 quavis.
420 3076 589 3106 Haloander.
616 3075 628 3111 (

835 60 1138 99 Gx—:RAnn1

638 3075 675 3111 b)
699 3075 732 3102 al.
755 3077 998 3114 inaliamspeciem.
1039 3079 1204 3108 Charondas
1222 3079 1248 3108 &
1264 3080 1427 3111 Ruffardus.
1457 3082 1469 3118 (
1499 3081 1512 3118 )

1186 60 1416 99 Noonr

1131 150 1232 192 piffet,
1256 152 1398 183 redderet:
1423 150 1461 187 &⁹
1481 149 1612 189 athleta,
1638 148 1713 180 unde
1718 147 1754 189 se
1770 147 1909 182 exhiberet
1922 152 2000 182 exera

1133 198 1280 233 cereique,
1303 199 1337 224 ut
1357 192 1386 231 fi
1410 192 1539 233 viczffet,
1568 192 1702 222 redderer.
1737 189 1882 235 Recepto
1901 191 1995 231 jure,

1134 233 1175 264 de
1194 242 1258 272 quo
1275 234 1339 265 dixi
1358 255 1367 272 ,
1399 235 1430 265 in
1455 233 1619 274 traJeQitia
1639 232 1771 272 pecunia
1790 253 1800 269 ,
1823 233 1854 261 id
1875 234 1936 270 011,
1960 241 1995 264 ut

1131 275 1273 305 creditor
1289 276 1320 306 in
1347 275 1377 306 se
1400 274 1542 316 suscipiat
1559 274 1652 306 maris
1673 272 1867 311 periculum,
1890 273 1918 303 ἃ
1935 282 1994 312 pro

1133 315 1199 355 ejus
1230 317 1335 356 pretio
1364 315 1501 348 infinitas
1526 316 1642 346 habeat
1667 312 1796 344 usuras:
1835 312 1996 358 quaesitum

1132 356 1178 387 est
1196 380 1205 395 ‚
1228 367 1265 388 an
1288 358 1371 388 idem
1402 358 1438 389 111
1465 358 1495 389 111
1523 356 1670 388 omnibus
1686 356 1716 386 in
1741 353 1855 394 quibus
1877 354 1995 393 adjecta

1134 396 1212 429 effe't
1238 399 1371 438 poenalis
1386 399 1532 430 conditio
1555 407 1616 438 qua
1632 396 1790 428 existente
1808 417 1820 434 ,
1850 395 1900 424 vel
1929 403 1992 428 non

1139 439 1296 470 existente
1319 440 1431 480 (varie
1448 441 1531 471 enim
1550 438 1655 479 potest
1671 436 1800 477 concipi
1824 434 1992 481 formula)

1130 481 1273 512 creditor
1298 481 1459 513 amissurus
1482 481 1559 512 esset
1590 479 1758 521 pecuniam
1775 500 1785 516 ,
1821 475 1991 522 deflerente

1130 522 1181 553 vel
1201 522 1357 553 existente
1377 531 1584 563 recepturus,
1609 521 1638 552 ἃ
1655 517 1905 560 insuperaliquid
1916 526 1993 557 prae-

1129 569 1179 593 ter
1197 564 1396 602 pecuniam?
1426 563 1587 604 quaerendi
1615 562 1705 593 causa
1739 560 1783 591 est
1799 582 1809 597 ‚
1841 560 1929 599 quod
1953 569 1990 591 ea

1125 604 1274 635 conditio
1298 605 1431 644 poenalis
1459 606 1584 636 videtur
1608 603 1697 644 adjici
1722 603 1753 632 in
1779 600 1922 632 fraudem
1947 600 1990 632 le-'

1122 645 1169 716 {is
1196 654 1265 685 quae
1296 644 1400 678 usuras
1425 646 1504 677 intra
1531 653 1653 676 certum
1681 646 1815 675 coercet
1845 642 1986 674 modum.

1137 685 1164 716 ‘t
1180 694 1272 725 putat
1287 684 1448 719 Scaevola:
1472 696 1509 719 ac
1523 694 1635 718 movet
1651 694 1724 716 eum
1749 683 1836 724 quod
1853 683 1986 715 acceflio

1125 735 1195 766 quae
1222 729 1252 758 in
1280 727 1326 759 his
1349 728 1445 760 causis
1471 737 1586 769 praeter
1611 727 1726 758 sortem
1749 725 1779 757 in
1798 725 1989 756 conventio·

1125 776 1198 799 nem
1215 769 1403 808 deducitur,
1425 778 1489 801 non
1508 777 1571 801 tam
1590 768 1679 800 usura
1698 767 1742 799 est
1760 775 1830 806 quae
1845 775 1903 806 pro
1919 775 1987 798 mo-

1124 818 1156 840 ra
1174 809 1359 850 praestetur‚
1384 820 1477 852 quam
1496 813 1632 851 pretium
1657 808 1789 850 periculi
1808 808 1896 854 quod
1921 816 1988 840 cre-

1123 851 1210 882 ditor
1226 849 1371 883 sustinet:
1399 853 1427 883 ἀ
1443 853 1517 884 ideo
1542 852 1677 892 reparari
1696 851 1743 889 ei,
1767 858 1830 880 non
1847 858 1988 889 iniquum

1124 891 1180 923 est.
1221 890 1288 924 Nisi
1310 891 1331 923 11
1355 893 1443 924 causa
1471 893 1507 925 fit
1540 895 1571 925 in
1605 902 1665 934 qua
1690 891 1857 932 pecuniam
1884 891 1987 924 dando

1123 942 1173 964 res
1190 934 1281 964 cadat
1306 934 1336 965 in
1355 934 1492 975 speciem
1523 935 1619 974 aleae3
1643 941 1736 974 puta,
1761 941 1846 963 verae
1869 931 1898 963 ὅ(
1916 941 1988 972 pro-

1121 974 1229 1005 hibitae
1248 983 1319 1015 quae
1346 976 1463 1007 nullam
1491 976 1633 1008 humanis
1656 974 1758 1007 ufibus
1783 973 1909 1014 praestet
1928 975 1987 1005 uti-

1119 1015 1263 1055 litatem3
1289 1016 1341 1047 sed
1366 1024 1490 1048 tantum
1512 1016 1642 1048 fortuna
1665 1023 1792 1057 regatur
1813 1014 1876 1046 sine
1898 1015 1985 1048 civili

1120 1057 1254 1089 ratione.
1286 1066 1352 1089 tum
1378 1059 1461 1089 enim
1491 1059 1654 1098 probanda
1682 1066 1748 1089 non
1779 1055 1823 1088 cst
1846 1065 1986 1088 conven-

1120 1098 1185 1130 tio:
1211 1100 1281 1139 quia
1299 1099 1421 1140 legibus
1440 1100 1638 1139 prohibetur.
1673 1107 1704 1130 at
1725 1099 1745 1129 si
1772 1098 1808 1129 sit
1831 1097 1920 1128 causa
1944 1107 1986 1131 ex
2030 1133 2034 1135 .

1119 1148 1180 1179 qua
1197 1149 1245 1171 res
1275 1149 1339 1172 non
1364 1142 1456 1172 cadat
1479 1142 1510 1172 in
1536 1141 1605 1173 talis
1629 1140 1765 1180 speciem
1789 1139 1884 1170 aleae:
1908 1148 1985 1170 con-

1120 1188 1166 1212 tra
1189 1181 1360 1213 dicendum
1376 1181 1421 1214 est
1438 1206 1447 1221 ‚
1480 1182 1587 1214 valere
1610 1182 1882 1218 conventionem
1908 1181 1983 1212 licet

1115 1222 1147 1253 in
1169 1231 1205 1252 ea
1227 1222 1263 1254 sit
1279 1223 1361 1263 quasi
1381 1224 1447 1255 alea
1471 1232 1542 1264 quae
1562 1224 1684 1265 legibus
1711 1232 1774 1254 non
1791 1221 1986 1263 prohibetur

1115 1262 1134 1294 l.
1160 1267 1188 1297 8.
1211 1263 1239 1305 §
1270 1272 1295 1295 1.
1323 1263 1364 1295 D.
1391 1267 1424 1296 cle
1447 1265 1641 1296 contrahenda
1668 1266 1810 1302 emtione,
1843 1265 1861 1295 l.
1884 1272 1912 1304 7.
1935 1263 1980 1296 D.

1115 1306 1149 1335 de
1165 1305 1321 1336 hereditate
1344 1306 1390 1336 vel
1405 1305 1515 1337 aeliane
1531 1308 1658 1337 vendita.
1684 1308 1712 1337 ἃ
1731 1306 1831 1346 inquit
1854 1305 1982 1337 Scaevo-

1114 1345 1161 1383 la,
1187 1345 1251 1377 hoc
1275 1348 1424 1387 evenire,
1456 1347 1477 1380 fi
1499 1347 1535 1379 sit
1560 1347 1736 1378 conventio
1762 1356 1804 1378 ex
1826 1355 1885 1387 qua
1900 1347 1980 1384 nasci

1113 1386 1217 1418 solent
1242 1389 1423 1420 conditiones.
1449 1388 1490 1420 sic
1514 1387 1685 1420 Florentiae
1710 1388 1838 1420 editur:
1867 1387 1919 1420 sed
1945 1389 1977 1421 in

1111 1428 1178 1460 aliis
1204 1428 1309 1468 libris,
1341 1430 1428 1469 quod
1454 1429 1621 1462 Russardus
1646 1430 1675 1461 &
1701 1429 1887 1461 Charondas
1910 1438 1978 1461 mo·

1109 1476 1187 1501 nent
1212 1470 1303 1501 Notis
1328 1472 1537 1513 marginalibus
1557 1494 1567 1510 ‚
1597 1470 1662 1508 est,
1694 1470 1907 1507 conditiioneM
1947 1471 1979 1503 &

1108 1510 1173 1542 hoc
1191 1512 1306 1551 probat
1322 1511 1470 1552 Cujacius
1493 1513 1541 1545 lib.
1565 1522 1594 1549 9.
1621 1513 1740 1552 Observ.
1765 1522 1791 1544 c.
1816 1516 1865 1546 28.
1891 1522 1977 1545 vere.

1107 1560 1171 1583 non
1196 1553 1281 1584 enim
1305 1555 1428 1585 conditio
1451 1554 1566 1586 dicitur
1597 1554 1703 1593 nasci,·
1742 1553 1794 1584 sed
1819 1552 1978 1591 condistior

1107 1600 1141 1632 ut
1158 1594 1188 1624 in
1211 1594 1230 1625 l.
1262 1598 1291 1625 6.
1316 1594 1352 1629 ὅ)
1372 1595 1392 1627 1,
1417 1605 1468 1636 52.
1491 1595 1518 1636 §.
1547 1605 1573 1627 1.
1598 1594 1641 1626 D.
1666 1596 1700 1626 de
1723 1596 1875 1626 donatione
1903 1597 1979 1630 inter

1106 1635 1207 1666 virum
1222 1635 1259 1670 δέ)
1278 1645 1414 1674 uxorem,
1431 1636 1450 1667 l.
1467 1642 1513 1678 38.
1533 1637 1561 1676 §-
1580 1646 1608 1677 3.
1625 1634 1665 1667 D.
1683 1638 1715 1667 de
1723 1636 1829 1675 usuris.
1852 1638 1974 1668 conditio

1107 1684 1213 1708 autem
1232 1677 1349 1708 dicitur
1365 1680 1471 1718 apponi
1489 1678 1539 1709 vel
1557 1678 1646 1719 adjici
1662 1677 1713 1708 vel
1728 1678 1871 1718 interponi
1886 1678 1904 1709 l.
1922 1687 1974 1718 3¹-

1105 1716 1149 1748 D.
1175 1718 1209 1748 de
1225 1718 1445 1760 obligationibus
1461 1717 1497 1753 ἐξ
1512 1717 1680 1750 actionibus.
1698 1718 1792 1758 igitur
1807 1719 1826 1749 11
1844 1718 1880 1749 111
1897 1727 1975 1755 con->

1106 1758 1218 1790 ventio
1242 1760 1272 1790 in
1298 1768 1360 1799 qua
1381 1759 1460 1791 inest
1488 1760 1633 1791 conditio
1657 1759 1744 1799 quus
1768 1767 1904 1790 eventus
1921 1760 1972 1792 vel

1105 1809 1121 1831 a
1138 1799 1299 1840 potestate
1322 1801 1510 1841 accipientis
1533 1801 1723 1842 pecuniam,
1755 1800 1805 1832 vel
1830 1810 1847 1831 a
1870 1800 1972 1833 fortu-

1104 1849 1143 1871 na
1159 1863 1168 1879 ‚
1200 1842 1252 1873 vel
1277 1841 1315 1872 ab
1339 1848 1499 1882 utraque,
1532 1842 1670 1883 pendeat
1686 1865 1697 1881 ,
1727 1842 1830 1883 (quae
1854 1843 1970 1883 triplex

1103 1882 1251 1914 conditio
1268 1882 1454 1924 indigitatur
1470 1884 1489 1914 l.
1518 1885 1596 1916 unic.
1620 1883 1650 1925 §.
1675 1892 1702 1924 7.
1726 1884 1759 1915 de
1782 1885 1898 1915 caducis
1919 1884 1969 1916 tol-

1102 1923 1218 1963 lendis)
1241 1926 1314 1964 quia
1330 1933 1395 1956 non
1415 1925 1516 1956 inanis
1539 1924 1603 1964 est;
1634 1924 1685 1956 sed
1709 1925 1748 1957 ad
1772 1925 1878 1957 civilia
1904 1924 1969 1967 spe-

1103 1964 1167 1996 ctat
1196 1966 1327 2005 negotia
1344 1989 1354 2004 ‚
1385 1966 1484 1997 veluti
1509 1976 1550 1998 ex
1573 1975 1634 2007 qua
1657 1965 1739 1997 nasci
1762 1965 1868 2007 potest
1891 1976 1968 1999 con-

1102 2005 1200 2037 dictio
1223 2006 1286 2037 sine
1302 2006 1411 2046 causa,
1437 2008 1487 2038 vel
1509 2008 1553 2039 ob
1570 2017 1635 2039 rem
1654 2008 1740 2046 dati,
1772 2015 1863 2048 putat
1887 2008 1967 2040 Scae-

1102 2047 1197 2092 vola,
1220 2047 1299 2080 nihil
1317 2047 1415 2079 causae
1433 2048 1514 2086 effe,
1537 2058 1592 2080 cur
1608 2058 1674 2080 non
1694 2049 1797 2080 valeat
1822 2058 1965 2082 conven-

1102 2095 1165 2120 tio:
1191 2097 1252 2129 qua
1277 2091 1467 2121 coerceatur
1493 2091 1518 2121 is
1542 2089 1593 2131 qui
1618 2090 1793 2130 appositam
1815 2100 1880 2122 non
1904 2092 1965 2123 im·

1100 2130 1185 2169 pleat
1210 2131 1432 2162 conditionem
1456 2140 1526 2171 quae
1552 2131 1617 2171 ejus
1643 2131 1783 2169 arbitrii,
1808 2132 1856 2163 vel
1876 2139 1964 2171 tota,

1100 2171 1152 2203 vel
1176 2180 1215 2202 ex
1239 2179 1346 2212 parte,
1377 2171 1423 2204 sit.
1451 2174 1480 2204 &
1505 2171 1609 2204 adfert
1633 2172 1776 2204 Scaevola
1798 2173 1964 2214 exempla:

1095 2221 1132 2242 ea
1157 2213 1304 2253 exempla
1329 2213 1417 2253 sunt3
1440 2212 1461 2245 11
1488 2213 1544 2245 tibi
1576 2214 1745 2245 credidero
1774 2213 1827 2244 sub
1851 2215 1962 2247 condi-

1096 2254 1206 2291 tione,
1240 2262 1275 2285 ut
1296 2254 1317 2286 si
1339 2254 1575 2294 manumiseris,
1599 2255 1651 2286 vel
1666 2264 1731 2286 non
1748 2255 1823 2287 illud
1844 2254 1964 2296 facias,

1093 2297 1171 2327 item
1190 2295 1210 2326 11
1233 2304 1299 2327 non
1323 2296 1530 2328 convaluero.
1562 2298 1594 2327 in
1618 2296 1666 2328 his
1690 2296 1719 2327 δι
1740 2296 1889 2328 similibus
1907 2307 1963 2338 pu·

1094 2344 1141 2367 tat
1177 2335 1320 2369 Scaevola
1337 2360 1347 2376 ,
1379 2337 1561 2376 existente,
1600 2338 1650 2369 vel
1674 2347 1739 2369 non
1771 2337 1927 2370 existente
1948 2361 1960 2378 ‚

1093 2378 1302 2418 conditione,
1327 2379 1471 2419 quamvis
1497 2379 1630 2420 poenali,
1656 2379 1685 2410 &
1712 2380 1879 2420 pecuniam
1895 2389 1961 2411 cre-

1095 2419 1193 2450 ditam
1212 2420 1278 2460 peti
1304 2419 1410 2461 posse,
1437 2421 1466 2451 ἀ
1484 2423 1734 2458 incrementum,
1758 2430 1818 2461 pro
1836 2423 1960 2461 pericu-

1095 2460 1127 2492 lo
1156 2460 1339 2500 promissum
1357 2483 1367 2499 ,
1405 2462 1500 2494 etiam
1527 2462 1608 2493 ultra
1630 2461 1789 2493 usurarum
1814 2463 1957 2495 modum.

1092 2510 1163 2533 narn
1185 2510 1218 2533 ut
1235 2512 1329 2543 poena
1345 2512 1416 2543 quae
1433 2512 1492 2543 pro
1509 2512 1597 2534 mora
1617 2503 1759 2543 pecuniae
1782 2503 1891 2542 datur,
1915 2513 1957 2535 eo

1092 2541 1217 2574 finiatur
1236 2544 1255 2575 l.
1279 2555 1327 2584 44.
1352 2544 1394 2575 1).
1418 2545 1451 2575 cle
1473 2544 1587 2584 usuris,
1610 2543 1630 2575 l.
1658 2553 1707 2585 13.
1731 2544 1761 2585 ᾗ.
1784 2549 1834 2576 26.
1859 2545 1902 2577 D.
1924 2546 1958 2577 de

1092 2582 1253 2615 ustionibus
1278 2587 1365 2625 empti
1387 2585 1424 2620 &P
1448 2586 1563 2616 venditi
1577 2595 1588 2622 ς
1619 2584 1673 2616 1110
1697 2592 1803 2617 tamen
1826 2595 1956 2627 poenam

1091 2634 1156 2656 non
1173 2635 1232 2665 pro
1251 2635 1340 2658 mora
1358 2626 1454 2665 solvi,
1476 2625 1527 2657 sed
1551 2625 1634 2666 quasi
1660 2627 1798 2667 pretium
1823 2628 1957 2668 periculi

1090 2667 1177 2707 quod
1199 2666 1280 2698 subit
1296 2668 1457 2705 creditor,
1481 2667 1511 2698 δι
1529 2667 1604 2699 ideo
1627 2667 1747 2707 majore
1768 2666 1858 2700 usura
1876 2668 1955 2701 aesti-

1089 2709 1187 2748 mari,
1212 2709 1342 2740 rationis
1369 2708 1424 2741 est.
1446 2717 1543 2748 atque
1566 2709 1631 2740 hoc
1654 2708 1733 2740 ficut
1757 2709 1790 2740 in
1816 2709 1955 2751 superio-

1087 2748 1175 2781 ribus
1210 2750 1239 2781 ei
1264 2750 1371 2790 placet
1387 2772 1397 2788 ,
1428 2749 1460 2781 in
1491 2749 1604 2790 quibus
1628 2750 1731 2791 aliqua
1756 2749 1802 2782 est
1818 2774 1827 2790 ,
1857 2752 1953 2783 etiam

1087 2799 1216 2830 magna,
1241 2791 1326 2830 alea,
1352 2791 1407 2823 etsi
1429 2800 1495 2822 non
1522 2800 1562 2822 ex
1578 2799 1668 2832 parte
1693 2791 1758 2831 ejus
1782 2793 1836 2832 qui
1859 2801 1953 2833 pecu·

1086 2832 1170 2863 niam
1188 2833 1315 2872 accepit
1333 2832 1387 2864 sub
1404 2832 1595 2864 conditione
1611 2832 1821 2873 potestativa,
1847 2842 1952 2866 tamen

1087 2882 1129 2904 ex
1146 2873 1212 2911 ejus
1231 2882 1322 2914 parte
1351 2875 1405 2912 qui
1431 2873 1486 2905 sub
1512 2883 1548 2905 ea
1566 2874 1671 2906 dedit:
1703 2873 1745 2905 sic
1763 2883 1852 2906 certe
1868 2874 1952 2906 obti-

1088 2913 1186 2946 nuisse
1203 2914 1329 2956 inquit;
1352 2914 1551 2957 sipiscatori,
1575 2923 1747 2956 erogaturo
1770 2916 1800 2947 in
1823 2924 1952 2956 appara-

1087 2963 1154 2987 tum
1172 2978 1182 2993 ,
1208 2965 1285 2996 puta
1304 2979 1314 2994 ‚
1346 2957 1377 2988 in
1404 2965 1517 2988 navem
1535 2979 1544 2995 ,
1574 2957 1671 2995 retia,
1699 2955 1824 2995 similia,
1857 2957 1953 2996 pluri-

1085 3005 1172 3029 mum
1198 2998 1346 3037 pecuniae
1372 2998 1537 3038 dederim,
1567 3006 1604 3030 ut
1626 2997 1648 3030 fi
1664 2996 1794 3039 cepisset
1808 3019 1819 3036 ,
1840 2997 1952 3029 redde·

1891 3045 1952 3070 ret.

1477 3090 1491 3109 c
1535 3080 1569 3110 al.
1597 3081 1769 3110 condiaiones.
1790 3078 1953 3108 Charondas

255 3116 280 3143 ἃ
296 3116 453 3144 Ruffiirdus.
484 3115 543 3149 (d)
564 3112 718 3151 nastrimur,
747 3114 909 3142 Haloander
938 3117 1119 3154 Chaonius,
1145 3118 1304 3149 Ruffardus.
1333 3120 1394 3156 (e)
1417 3119 1574 3150 Charondae
1595 3119 1665 3148 llber
1686 3118 1771 3147 habet
1785 3138 1793 3152 ,
1816 3116 1882 3155 urst
1904 3125 1952 3148 non

249 3157 424 3183 manumittas.
446 3153 497 3193 (f)
519 3152 568 3181 Sed
580 3161 647 3188 nec,
674 3151 844 3180 Haloander.
