2036 3495
158 117 228 160 406
557 111 590 146 G
623 121 644 144 E
678 117 700 142 it
733 116 753 142 Δ
792 117 815 142 R
851 114 876 140 D
908 113 922 140 1

162 202 284 245 *effestus
301 202 434 244 privati3
457 199 499 230 ait
515 198 668 236 Ulpianus
685 197 712 227 d.
730 196 749 226 l.
765 202 814 235 32.
838 192 867 236 §.
883 196 913 224 6.
939 193 1034 223 dicen-

168 249 237 277 dum
250 244 318 285 effe,
341 252 397 274 non
412 242 573 280 impletam,
581 238 634 277 sed
645 243 820 277 peremptam
836 234 1034 266 deviationem:

167 287 300 327 quamvis
315 285 399 316 morti
407 281 538 322 servitus
558 284 745 319 comparetur.
788 275 909 309 Addit:
933 275 1036 305 Proim

169 329 202 358 de
221 326 257 361 δ’
268 324 296 364 fi
310 325 370 365 ipsa
384 325 415 353 in
431 321 607 361 servitutem
631 320 804 360 redigatur,
827 318 873 348 ciii
896 318 1036 347 donatum

168 365 225 406 est,
247 364 387 405 exstincta
409 363 462 392 erit
479 361 604 392 donacio.
649 359 730 391 illud
752 359 935 394 videamus,
959 355 1035 396 quid

169 409 245 448 juris
261 406 314 442 sit3
331 404 349 436 li
365 403 527 434 damnatus
541 410 577 432 ac
593 409 735 433 mortuus
751 409 791 431 ex
811 407 905 440 poena
921 398 956 429 fit
973 406 1034 429 rna-

171 448 247 479 ritus
265 446 313 476 vel
332 445 361 475 in
382 442 526 474 servilem
544 443 766 473 conditionem
784 451 822 471 ex
841 448 944 479 poenae
962 447 1036 479 qua·

172 488 258 519 litate
276 486 311 517 sit
333 483 514 516 deductus?
534 485 604 523 J'ure
628 482 856 514 pandectarum
883 489 946 512 non
965 489 1039 510 con·

171 527 353 559 firmabatur
378 524 520 556 donatiui
553 526 703 564 idemque
737 531 828 560 erat3
858 521 879 552 si
910 522 1040 552 maritus

170 567 258 600 uxori
275 566 466 604 donaverit,
488 566 517 596 ἃ
537 572 678 597 mortem
695 563 748 596 fibi
767 564 810 595 ol)
824 563 949 594 sceleris
964 570 1040 592 con-

169 609 330 639 scientiam
353 606 542 638 consciverit
558 629 568 644 ,
598 605 651 637 vel
685 606 780 637 etiam
806 603 876 648 post
900 610 1039 635 mortem

168 649 323 680 memoria
338 649 402 688 ejus
427 648 574 679 damnata
590 645 642 678 fit:
666 645 869 678 revocabitur
884 644 968 676 enim
985 645 1039 684 (ut

170 689 326 731 Ulpianus
349 688 448 721 refert
468 690 496 719 d.
515 689 535 720 l.
560 697 610 729 32.
634 687 663 728 §.
680 688 729 728 7.)
759 687 911 718 donatio:
935 693 1039 725 quam-

168 732 216 763 vis
234 741 269 762 ea
289 740 358 771 quae
382 731 446 761 aliis
470 729 656 766 donaverit,
679 730 789 768 (extra
811 727 966 766 uxorem)
989 734 1039 756 va-

169 773 282 810 leant,
303 771 324 803 fi
344 780 407 803 non
434 771 546 801 mortis
570 768 658 800 causa
681 769 823 800 donavit.
865 767 907 798 Et
931 775 1037 798 tamen

168 814 276 855 (quod
294 813 451 852 subjicitur
467 810 494 851 §A
513 810 563 850 8.)
586 810 607 841 si
637 810 728 842 miles
753 807 846 841 u-xori
867 807 1038 841 donaverit

169 856 209 886 de
228 852 431 885 castrensibus
449 852 558 889 bonis,
584 852 613 882 ἃ
637 850 733 882 fuerit
758 851 941 887 damnatus,
965 848 1038 889 quia

168 894 345 936 permissum
364 894 408 924 est
430 893 457 924 ei
474 891 578 924 dehis
595 891 718 930 testari,
741 890 761 923 fi
777 891 872 923 modo
889 891 1035 931 impetra·

170 936 234 972 vit,
257 943 291 966 ut
317 934 466 972 testetur,
490 943 562 966 cum
582 934 802 971 damnaretur,
825 932 957 963 donatio
981 941 1035 961 va-

167 976 256 1008 lebit.
280 984 351 1007 nam
370 976 397 1006 ὅ(
424 976 534 1007 mortis
558 975 647 1006 causa
670 976 790 1006 donare
815 973 954 1013 poterit,
985 971 1036 1002 cui

168 1016 272 1049 testari
300 1015 487 1057 permissum.
537 1016 588 1047 Sic
611 1015 683 1055 =lui-e
708 1015 950 1047 Pandectamm:
984 1012 1037 1043 sed

168 1059 199 1091 id
225 1058 359 1090 mutavit
385 1057 615 1089 Constantinus
640 1057 660 1088 l.
692 1067 740 1095 24.
766 1056 799 1088 C.
824 1056 852 1086 b.
877 1061 898 1087 t.
928 1053 1034 1094 praeci·

167 1100 278 1140 piens,
299 1098 489 1131 donatione-s
506 1100 537 1130 in
554 1092 730 1138 hujusmodi
749 1096 867 1128 casibus
892 1095 953 1126 esse
979 1094 1035 1139 i11i3

168 1142 277 1173 batas:
311 1149 371 1172 nec
399 1140 491 1172 alieni
521 1139 661 1171 criminis
685 1138 861 1170 infortunio
890 1136 1036 1176 adstringi

166 1191 298 1214 uxorem
317 1191 325 1212 ε
350 1181 520 1222 praefatus,
542 1181 630 1221 quod
646 1179 803 1221 paternis,
825 1178 1036 1215 maternisve,

170 1232 207 1254 ac
225 1223 383 1264 propriis,
406 1223 500 1254 bonis
515 1221 577 1254 frui
595 1231 685 1261 eam,
706 1222 831 1261 integro
853 1220 958 1260 legum
983 1216 1037 1249 sta-

170 1272 242 1296 tuto
259 1263 435 1305 religiosum
451 1263 546 1295 fitz&
562 1261 696 1295 donatio
706 1261 853 1294 maritalis
867 1268 939 1291 ante
957 1267 1037 1290 tem-

169 1314 229 1346 pus
245 1306 386 1337 criminis
403 1314 440 1336 ac
457 1313 562 1336 reatus
588 1305 619 1336 in
646 1312 778 1335 uxorem
804 1301 919 1332 collata
932 1323 942 1339 ,
964 1300 1038 1340 quia

170 1345 333 1388 pudicitiae
358 1347 490 1387 praemio
517 1346 621 1382 ceffit,
660 1342 854 1376 observanda
876 1343 927 1381 fit,
960 1349 1040 1371 tam-

171 1397 265 1429 quam
283 1386 304 1419 ss
328 1388 472 1419 maritum
496 1388 561 1426 ejus
584 1393 710 1424 natura,
731 1393 794 1416 non
815 1393 905 1423 poena
927 1382 1038 1413 subdu-

172 1430 265 1461 xerit.
292 1428 397 1470 Quid,
420 1428 439 1460 fi
460 1428 488 1459 ei
506 1436 586 1467 aqua
602 1428 631 1458 ἂ
649 1427 722 1467 igne
741 1427 801 1456 erit
817 1424 1019 1456 interdictum
1031 1445 1041 1460 ,

174 1472 226 1502 vel
248 1470 432 1510 deportatio
449 1469 552 1505 illata,
576 1477 640 1498 non
659 1475 764 1497 tamen
781 1474 868 1496 mors
888 1475 927 1496 ex
947 1473 1041 1504 poena

171 1511 357 1543 subsecuta?
377 1511 438 1549 jam
464 1509 530 1539 vult
546 1507 791 1545 Constantinus,
815 1507 1005 1538 donationes
1024 1513 1041 1535 a

173 1553 245 1583 viro
265 1553 294 1582 in
312 1553 443 1582 uxorem
461 1550 612 1587 collatas,
628 1549 731 1579 adhuc
751 1548 781 1578 in
799 1547 960 1588 pendente
976 1555 1039 1577 rna·

173 1601 267 1633 nere:
291 1594 382 1632 (quia
399 1600 458 1622 nec
474 1591 708 1622 matrimonium
725 1590 755 1619 in
774 1588 948 1629 hujusmodi
968 1586 1041 1617 cali-

173 1635 232 1666 bus
251 1633 446 1671 dillolvitur)
462 1641 527 1672 quo
544 1631 670 1662 modo?
693 1630 752 1667 ait,
779 1631 824 1660 ita
846 1637 880 1660 ut
904 1629 924 1660 fi
952 1627 1042 1659 mari·

176 1683 227 1707 tus
244 1685 294 1707 eas
312 1683 411 1714 usque
429 1674 468 1704 ad
486 1673 559 1703 vitae
585 1672 643 1703 suae
672 1679 798 1711 tempus
824 1679 889 1702 non
914 1678 1044 1703 revoca,—

175 1718 235 1755 rit,
259 1726 298 1747 ex
317 1716 382 1756 ejus
401 1721 506 1746 morte
522 1712 768 1745 confirmentur:
791 1710 868 1743 fisco
883 1710 989 1742 nostro
1007 1708 1044 1740 ad

174 1758 303 1832 {iisdem
321 1766 370 1788 res
397 1752 514 1788 nullam
538 1755 571 1787 in
596 1753 758 1795 posterum
783 1751 1044 1785 communionem

199 1798 337 1831 abitum.

215 1834 419 1872 Convalescit
434 1831 530 1880 igitur
544 1841 651 1870 morte
673 1828 837 1869 donatoris
861 1833 943 1865 inter
965 1840 1043 1864 con-

171 1881 263 1924 juges
278 1881 431 1919 donati03
455 1878 476 1912 fi
490 1887 565 1912 ante
580 1878 646 1910 vita
673 1887 738 1910 non
761 1875 892 1909 deceffit
907 1876 959 1916 qui
986 1874 1043 1905 do·

174 1930 284 1956 natum
301 1922 438 1962 accepit.
461 1930 522 1953 nec
536 1928 641 1952 tamen
659 1919 708 1951 vel
728 1917 769 1950 fic
785 1918 907 1957 semper
920 1938 931 1955 ,
955 1915 1007 1960 sed
1022 1912 1043 1945 si

175 1966 366 2002 donatorem
382 1972 446 1994 non
472 1962 659 2003 poenituerit
680 1959 883 1992 donationis:
905 1957 936 1988 id
958 1964 1043 1987 enim

174 2005 312 2048 postulat
335 2003 447 2035 Oratio
463 2005 491 2034 cl.
507 2004 526 2034 l.
543 2013 590 2044 32.
612 2002 641 2044 §.
662 2012 690 2034 2.
714 2000 769 2032 Fas
785 2000 852 2042 effe,
876 1998 1043 2043 inquienS,

145 2076 153 2088 Χ
177 2058 241 2079 eum
258 2046 371 2088 quidem
386 2046 438 2086 qui
459 2046 610 2076 donaverit
629 2044 777 2085 poenz'tere.
819 2040 1045 2072 Poenitentiam

178 2096 304 2126 autem,
327 2086 430 2126 inquit
455 2086 607 2125 Ulpianus
624 2107 633 2122 ‚
656 2083 685 2126 ᾗ.
702 2094 731 2125 3.
755 2085 782 2114 d.
801 2082 820 2114 l.
839 2091 868 2122 3.
898 2080 1045 2125 accipere

178 2130 333 2162 debemus
351 2126 543 2168 supremam:
567 2126 596 2157 id
614 2124 677 2163 est,
701 2134 769 2156 eam
786 2123 855 2164 post
874 2130 973 2167 quam.
986 2120 1046 2151 alia

179 2181 244 2203 non
269 2169 323 2201 est.
347 2178 384 2199 ac
409 2167 544 2208 proinde
575 2167 595 2198 si
623 2167 712 2197 uxori
744 2166 873 2196 donavit
899 2170 1045 2206 maritus,

181 2211 297 2244 deinde
316 2219 388 2241 eum
411 2207 559 2250 poenituit
575 2230 583 2245 ‚
607 2217 683 2239 mox
705 2206 794 2238 desiit
810 2204 981 2245 poenitere3
1003 2203 1048 2232 di-

185 2254 319 2285 cendum
339 2247 401 2282 effe
423 2257 514 2291 putat
537 2248 710 2288 Ulpianus,
735 2247 942 2278 donationem
965 2244 1048 2274 vale-

182 2302 278 2332 re,ut
295 2293 472 2333 supremum
489 2291 555 2330 ejus
573 2289 747 2330 spectemus
760 2287 1049 2329 judiciumzquem-

182 2333 352 2367 admodum
379 2334 463 2364 circa
486 2329 725 2364 fideicommissa
751 2329 905 2366 solemus,
942 2326 993 2358 vel
1019 2334 1049 2356 in

181 2376 310 2417 legatis,
334 2384 406 2406 cum
425 2375 465 2404 de
482 2373 547 2404 doli
567 2372 761 2412 exceptione
777 2370 922 2410 opposita
944 2366 1051 2399 tracta-

183 2426 272 2454 mus,
295 2423 328 2447 ut
350 2415 386 2447 fit
409 2413 617 2446 ambulatoria
634 2412 780 2443 voluntas
800 2411 865 2451 ejus
890 2419 988 2450 usque
1012 2407 1051 2439 ad

185 2459 262 2490 vitae
279 2455 455 2496 supremum
474 2456 607 2487 exitum.
653 2453 713 2484 Sed
732 2453 785 2484 ubi
801 2454 990 2483 donatorem
1009 2449 1051 2480 se-

184 2498 249 2532 mel
272 2498 438 2536 poenituit,
468 2494 641 2528 revocandi
668 2494 854 2535 potestatem
880 2492 973 2524 etiam
1000 2490 1052 2522 he-

183 2538 253 2574 redi
271 2537 454 2576 tribuimus·9
481 2537 502 2568 fi
525 2544 693 2577 appareat,
716 2534 901 2566 defunctum
926 2533 1053 2564 eviden-

186 2588 236 2614 ter
251 2577 409 2611 revocasse
425 2578 634 2609 voluntatem.
653 2577 741 2617 quod
759 2575 779 2607 fi
795 2576 825 2606 in
844 2575 980 2606 obscuro
997 2572 1052 2609 fit,

187 2620 364 2664 proclivior
384 2618 443 2656 effe
467 2619 564 2650 debet
589 2618 692 2658 judex
712 2617 752 2648 ad
778 2615 1051 2656 comprobandam

186 2661 405 2695 donationem.
428 2659 457 2699 ᾗ.
482 2669 510 2697 4.
527 2661 554 2690 d.
571 2659 591 2691 l.
633 2657 740 2691 Potest
756 2665 861 2688 autem
887 2657 1053 2688 evidenter

187 2709 336 2738 revocata
357 2699 456 2731 videri
472 2701 634 2737 voluntas,
659 2708 722 2730 non
739 2699 833 2730 modo
857 2699 958 2738 palam
984 2705 1054 2727 ver·

189 2747 257 2784 bis,
279 2743 333 2774 sed
353 2741 450 2772 tacite
467 2749 594 2781 quoque
617 2741 711 2772 rebus
731 2741 760 2771 ἃ
779 2738 886 2770 factis:
911 2738 930 2770 fi
954 2738 1054 2770 modo

187 2787 240 2819 vel
259 2794 299 2816 ex
317 2782 375 2815 illis
393 2781 540 2812 voluntas
555 2781 750 2822 conjiciatur.
774 2779 878 2821 potest
895 2781 978 2810 enim
996 2778 1056 2817 sic,

189 2836 226 2860 ut
241 2827 272 2858 in
291 2822 465 2866 quaestione
479 2821 553 2852 fatti
565 2843 574 2858 ,
596 2823 763 2862 multiplex
780 2822 921 2853 incidere
938 2820 1056 2852 delibe-

190 2869 285 2900 ratio.
316 2866 362 2897 lta
378 2865 409 2896 in
426 2863 454 2905 ᾗ.
469 2872 497 2903 5.
520 2864 549 2893 d.
566 2862 586 2892 l.
629 2863 658 2894 Si
677 2864 804 2895 maritus
820 2872 856 2893 ea
874 2871 944 2902 quae
960 2860 1056 2892 dona-

192 2908 297 2947 verit,
329 2903 456 2948 pignori
481 2902 620 2935 dederit:
652 2904 694 2933 ait
723 2903 879 2943 Ulpianus
897 2927 907 2941 ,
946 2903 1057 2941 utique

191 2959 264 2982 eum
282 2945 480 2990 poenituisse,
502 2944 577 2975 licet
593 2943 766 2987 dominium
784 2945 925 2976 retinuit.
969 2942 1057 2985 Quid

191 2999 318 3027 tamen,
343 2989 361 3020 si
385 2988 448 3019 hoc
469 2987 575 3017 animo
591 2979 672 3021 fuit,
694 2992 728 3014 ut
752 2986 849 3017 vellet
873 2985 977 3016 adhuc
1001 2985 1058 3015 do·

191 3031 326 3064 natum?
350 3037 461 3061 contra
481 3026 544 3065 ait,
565 3025 771 3056 donationem
790 3026 917 3057 valere:
947 3025 978 3056 ὁ(
996 3023 1058 3056 esse

192 3073 288 3104 talem
309 3070 432 3108 casum,
462 3068 482 3100 fi
506 3067 679 3108 fingamus,
702 3065 867 3097 mulierem
889 3066 918 3097 in
941 3065 1055 3107 posses-

193 3113 314 3145 sionem
346 3110 517 3152 precariam
540 3105 744 3151 remansisse,-
762 3114 964 3146 paratamque
994 3105 1056 3137 effe

193 3153 373 3186 satisfacere
402 3152 563 3183 creditori.
598 3149 631 3180 id
655 3147 784 3179 ulterius
810 3146 849 3177 sic
880 3146 1056 3178 confirmat.

194 3205 268 3231 nam
290 3194 310 3228 si
328 3193 366 3225 ab
382 3193 474 3225 initio
492 3191 554 3234 [ei]
570 3199 638 3224 rem
661 3187 834 3231 obligatam
860 3186 926 3218 hoc
950 3188 1056 3220 animo

978 103 1241 139 Nonis-r
1301 102 1510 140 Corin.

1076 190 1235 231 donass‘et,
1260 191 1420 231 dicerem,
1443 191 1508 224 vim
1524 191 1641 225 habere
1658 193 1885 235 donationem,
1908 203 1944 228 ut

1077 241 1183 273 parata
1203 232 1384 266 satisfacere
1399 233 1511 266 mulier
1537 233 1671 267 haberet
1689 237 1754 267 doli
1779 237 1943 277 exceptio-

1077 283 1162 318 nem.
1185 274 1329 314 quinimo
1347 274 1377 307 &
1396 274 1418 307 fi
1435 274 1792 316 satisfeciffet,potuiffe
1810 287 1878 309 eam
1888 282 1946 319 per

1078 315 1144 361 doli
1168 315 1395 356 exceptionem
1420 315 1592 357 consequi,
1624 325 1658 347 ut
1681 317 1732 348 sibi
1755 321 1945 350 mandentur

1078 356 1228 402 aftiones.
1270 356 1433 397 Superiori
1448 356 1599 397 exemplo
1614 358 1726 389 addam
1751 360 1854 398 aliud,
1878 369 1943 391 non

1079 406 1183 429 minus
1197 404 1305 438 aptum
1332 407 1372 429 ex
1388 397 1416 439 ὃ.
1436 407 1480 430 io.
1497 400 1525 429 d.
1542 399 1561 428 l.
1579 408 1628 440 32.
1655 398 1756 431 Ecce:
1774 401 1948 432 divortium

1080 436 1150 478 post
1168 437 1373 470 donationem
1397 439 1577 471 interceffit.
1603 447 1746 472 mortuus
1765 441 1881 473 deinde
1905 440 1951 477 est

1083 480 1239 523 donator,
1261 488 1313 509 aut
1330 481 1383 519 qui
1402 481 1521 512 donum
1540 480 1684 520 accepit,
1708 484 1792 521 prior
1809 482 1949 515 deceffit.

1084 519 1157 559 quid
1179 520 1336 564 dicimus?
1369 520 1540 561 Ulp'ainus,
1572 522 1698 560 Veteri,
1731 523 1859 563 inquit,
1884 524 1952 566 juri

1074 560 1186 601 statur.
1208 560 1240 606 id
1266 570 1344 605 vero
1366 560 1407 592 {ic
1430 562 1643 602 interpretor3
1668 564 1750 603 quasi
1768 567 1871 604 dicat,
1896 575 1951 597 ve·

1083 603 1140 633 teri
1157 602 1215 642 J'uri
1238 601 1311 647 ‘stari
1333 602 1446 646 potest.
1469 611 1623 642 primum,
1647 605 1718 645 quia
1743 604 1883 638 similiter
1904 606 1948 638 lo-

1080 650 1174 675 cutos
1206 643 1281 674 alibi
1308 642 1397 674 fuisse
1426 644 1557 675 Veteres
1580 645 1610 675 in
1640 646 1658 677 l.
1676 655 1726 685 41.
1751 646 1790 678 D.
1813 650 1846 677 cle
1865 649 1949 689 pigri.

1080 683 1191 728 aar&
1209 684 1229 713 l⁴
1251 693 1295 723 13.
1319 683 1347 725 §.
1366 683 1419 714 ult.
1439 683 1479 714 Ι).
1496 685 1529 714 de
1546 685 1589 715 bis
1605 688 1656 725 qui
1680 694 1739 718 not.
1759 688 1865 727 iiisam.
1889 679 1945 720 iio-

1082 733 1145 755 tavi
1164 724 1252 763 supi-a
1270 725 1306 756 ad
1328 733 1400 756 eum
1421 723 1478 755 Tit.
1496 724 1526 756 ἂ
1542 725 1589 756 lib.
1601 725 1680 768 sing.
1696 727 1741 758 De
1747 729 1839 767 form.
1856 739 1948 761 emen·

1081 766 1168 797 danii.
1187 766 1242 811 dol.
1265 765 1333 796 mal.
1350 775 1377 810 ο.
1399 774 1442 796 12.
1487 764 1614 798 Deinde
1630 771 1782 800 convenit
1797 780 1832 802 ea
1848 772 1945 803 inter-

1080 814 1219 847 pretatio
1238 806 1439 847 sequentibus
1456 807 1579 848 Ulpiani
1598 808 1703 839 verbis
1718 808 1812 841 aliurn
1828 812 1946 844 sensum

1080 857 1144 879 non
1163 846 1401 880 admittentibus
1417 849 1446 879 in
1464 849 1491 879 d.
1509 847 1538 889 §-
1557 857 1604 882 ιο.
1627 849 1693 881 Hoc
1708 848 1765 890 est,
1782 850 1809 889 fi
1825 855 1948 885 maritus

1079 891 1166 920 uxori
1188 890 1325 920 donatum
1350 890 1416 920 vult
1433 912 1442 926 ,
1474 891 1573 921 valeat
1595 891 1720 923 donatio.
1748 893 1823 932 quod
1838 892 1867 930 fi
1890 901 1949 926 non

1078 931 1162 968 vult,
1173 927 1377 970 exstinguitur.
1396 930 1526 971 plerique
1539 932 1615 962 enim
1628 938 1693 963 cum
1702 934 1774 963 bona
1787 935 1886 974 gravia
1901 936 1945 966 ‹ii-

1076 973 1194 1010 [coelunt
1205 972 1348 1011 ,plerique
1360 981 1425 1002 cum
1446 974 1491 1002 ira
1504 974 1558 1012 sui
1572 973 1664 1004 animi
1678 972 1715 1007 ὅ)
1729 973 1845 1014 offensa.
1871 969 1948 1007 Sen-

1080 1012 1130 1043 sus
1146 1011 1207 1043 est:
1230 1010 1250 1042 ss
1271 1011 1341 1051 post
1364 1012 1570 1045 donationem
1588 1023 1604 1044 a
1622 1013 1736 1046 marito
1752 1013 1886 1056 fatiam,
1906 1016 1951 1049 se·

1079 1061 1187 1084 cutum
1204 1052 1461 1100 estadivortium,
1492 1061 1545 1084 aut
1567 1056 1652 1096 prior
1674 1056 1838 1088 decesserit
1862 1057 1951 1089 niari-

1081 1101 1129 1126 tus
1143 1097 1266 1134 :poteit
1282 1092 1367 1134 fieri,
1380 1103 1413 1126 ut
1428 1095 1560 1127 donatio
1576 1096 1739 1130 donatoris
1760 1107 1862 1130 morte
1872 1107 1950 1131 con-

1079 1133 1223 1181 firmata,
1242 1136 1336 1167 etiam
1355 1144 1388 1166 ut
1404 1145 1555 1168 revocata
1572 1137 1781 1179 intelligatur:
1803 1139 1847 1170 est
1864 1141 1949 1173 enim

1080 1176 1155 1207 fatti
1171 1176 1311 1213 quaestio.
1335 1177 1453 1221 in-qua
1472 1177 1572 1210 refert
1586 1199 1596 1217 ,
1620 1187 1725 1211 utrum
1750 1179 1833 1211 bona
1850 1183 1950 1222 gratia

1080 1216 1198 1261 fatiam
1218 1216 1253 1248 fit
1270 1219 1459 1257 divortium;
1484 1228 1522 1250 an
1541 1228 1612 1250 cum
1630 1220 1674 1251 ira
1689 1221 1783 1252 animi
1801 1221 1830 1253 &
1847 1221 1950 1254 offen-

1079 1258 1126 1297 sa,
1149 1258 1178 1289 id
1197 1258 1329 1299 est‚per
1342 1259 1602 1300 indignationem.
1628 1261 1688 1292 hoc
1704 1261 1774 1293 casu
1791 1269 1854 1294 non
1873 1271 1951 1301 prax-

1081 1298 1211 1330 sumitur
1229 1299 1436 1344 perseverall'e
1456 1303 1618 1333 voluntas:
1642 1303 1697 1334 illo
1715 1312 1834 1334 contra.
1859 1303 1950 1347 Quid

1082 1349 1178 1387 erg0‚
1202 1339 1221 1371 fi
1240 1340 1408 1372 divortium
1427 1340 1544 1372 factum
1562 1342 1626 1380 est,
1648 1344 1765 1375 deinde
1788 1354 1951 1378 matrimo-

1082 1390 1167 1413 nium
1189 1381 1393 1420 restauratur,
1419 1382 1449 1413 ἃ
1472 1383 1502 1413 in
1528 1383 1669 1414 divortio
1696 1385 1745 1415 vel
1764 1392 1880 1416 mutata
1904 1386 1950 1418 est

1083 1423 1247 1461 voluntas,
1271 1425 1321 1454 vel
1342 1425 1454 1454 eadem
1477 1424 1618 1462 duravit,
1642 1424 1815 1456 restaurato
1841 1435 1949 1459 tamen

1083 1464 1305 1501 matrimonio,
1330 1464 1359 1494 δε
1384 1464 1550 1496 voluntate
1573 1465 1737 1496 donatoris
1766 1467 1950 1499 reconcilia·

1083 1513 1130 1535 ta:
1154 1513 1191 1535 an
1208 1505 1338 1535 donatio
1356 1505 1474 1536 duret?
1497 1504 1566 1535 haec
1591 1504 1721 1545 quaestio
1750 1507 1898 1538 tractatur
1918 1510 1948 1539 d.

1082 1546 1101 1577 l.
1117 1555 1165 1585 32.
1184 1544 1213 1586 ξ.
1238 1553 1281 1576 ii.
1305 1545 1335 1576 ἃ
1353 1547 1394 1575 ait
1413 1545 1563 1583 Ulpianus
1579 1567 1589 1583 ,
1612 1545 1739 1577 defendi
1759 1546 1844 1586 poss'e
1868 1550 1950 1580 vale-

1085 1596 1117 1618 re
1141 1588 1167 1616 d.
1185 1591 1204 1630 l.
1225 1595 1275 1626 32.
1299 1585 1327 1626 §.
1350 1594 1395 1616 ii.
1422 1586 1517 1625 quid,
1541 1585 1560 1616 si
1579 1595 1642 1617 non
1660 1586 1827 1618 divortium
1853 1588 1951 1620 inter-

1086 1626 1207 1658 ccll'crit
1223 1651 1232 1665 ,
1265 1627 1316 1657 sed
1340 1626 1556 1658 fribusculum.
1590 1626 1723 1658 Ilidorus
1745 1629 1794 1658 lib.
1818 1638 1849 1665 9.
1874 1639 1898 1660 c.
1921 1633 1951 1663 8.

1086 1668 1271 1705 Fribolum,
1294 1669 1415 1708 inquit,
1438 1667 1500 1706 est,
1531 1677 1603 1699 cum
1623 1678 1661 1699 eo
1682 1669 1788 1700 animo
1813 1672 1955 1710 leparan-

1087 1718 1156 1748 tur,
1181 1718 1215 1740 ut
1232 1708 1350 1741 rursum
1373 1711 1411 1741 ad
1430 1709 1459 1740 se
1484 1709 1621 1741 invicem
1644 1719 1855 1747 revertantur.
1898 1711 1955 1744 Pa·

1087 1752 1231 1792 pinianus
1254 1752 1272 1781 l.
1298 1759 1348 1791 31.
1375 1751 1422 1782 I).
1444 1752 1479 1781 de
1495 1751 1560 1792 jur.
1591 1753 1648 1782 dot.
1675 1750 1811 1792 jurgium
1838 1761 1955 1792 vocat,

1086 1794 1235 1831 idemque
1250 1791 1390 1824 similiter
1405 1790 1569 1833 distinguit
1592 1800 1608 1822 a
1633 1793 1784 1824 divortio.
1806 1793 1883 1833 quid
1907 1804 1957 1826 ei·-

1084 1842 1146 1874 go,
1170 1832 1191 1864 fi
1207 1842 1270 1864 non
1288 1832 1457 1864 divortium
1479 1831 1707 1871 intercefferit‚
1732 1832 1783 1866 sed
1801 1833 1956 1866 fribuscu-

1085 1876 1167 1906 lum:
1183 1883 1221 1905 an
1242 1874 1361 1905 valebit
1376 1874 1510 1906 donatio
1529 1874 1629 1905 secuta
1647 1880 1750 1906 morte
1767 1874 1927 1908 donatoris
1939 1876 1955 1908 ἓ

1086 1915 1235 1956 Ulpianus
1258 1913 1425 1959 profecto,
1449 1915 1571 1956 inquit,
1596 1914 1732 1955 valebit,
1756 1915 1776 1948 li
1800 1916 1956 1949 fribuscu·

1087 1957 1151 1988 lum
1170 1957 1290 2001 quievit
1307 1957 1336 1988 d.
1355 1956 1374 1987 l.
1391 1965 1440 1997 32.
1462 1956 1492 1997 ᾗ.
1513 1965 1561 1988 12.
1587 1955 1757 1988 Videamus
1771 1980 1780 1996 ,
1803 1957 1823 1989 fi
1843 1957 1954 1990 mulier

1088 1998 1117 2029 c&
1135 2005 1262 2029 maritus
1279 1997 1330 2028 diu
1347 1996 1482 2029 seorsum
1498 1997 1728 2036 habitaverint,
1746 1997 1797 2029 sed
1813 1999 1954 2033 invicem

1087 2038 1256 2070 habuerint
1274 2037 1430 2070 honorem
1450 2038 1651 2070 matrimonii.
1676 2039 1762 2079 quod
1781 2038 1841 2070 effe
1858 2039 1956 2072 inter-

1087 2080 1162 2111 dum
1188 2079 1219 2111 &
1245 2080 1328 2111 inter
1351 2078 1540 2111 Consulares
1565 2079 1715 2120 personas
1738 2080 1956 2121 subsecutum,

1088 2120 1223 2152 constat.
1268 2119 1398 2160 Duplex
1415 2120 1544 2160 quaestio
1561 2121 1623 2152 est:
1647 2130 1724 2159 una,
1748 2130 1784 2152 an
1803 2122 1878 2153 vivo
1901 2122 1958 2154 do·

1089 2171 1202 2194 natore
1219 2161 1387 2193 substiterit
1406 2162 1536 2193 donatio
1551 2161 1634 2193 inter
1649 2171 1704 2193 cos
1720 2162 1818 2194 fasta:
1841 2164 1959 2203 altera,

1090 2213 1128 2235 an
1147 2211 1186 2234 ex
1204 2201 1362 2242 postfacto
1378 2201 1599 2241 convalescat,
1617 2202 1635 2234 fi
1653 2203 1788 2234 donator
1804 2205 1889 2243 prior
1906 2206 1958 2235 de-

1091 2243 1239 2276 cesserit?
1264 2245 1347 2284 prius
1372 2251 1466 2284 negat
1490 2244 1661 2284 Ulpianus:
1685 2245 1849 2284 praefatus,
1871 2246 1960 2286 quod

1093 2287 1285 2317 duraverunt
1312 2286 1464 2324 nuptiae3,
1480 2294 1516 2316 ac
1539 2285 1717 2317 manserunt
1739 2286 1785 2317 vir
1809 2287 1837 2317 ἃ
1861 2295 1957 2324 uxor,

1093 2330 1226 2359 durante
1256 2325 1389 2358 maritali
1422 2324 1619 2365 affessione3
1656 2326 1712 2358 etsi
1741 2327 1865 2358 interim
1894 2335 1957 2358 non

1093 2368 1230 2400 coierint
1246 2376 1391 2407 corpore.
1416 2367 1570 2408 posterius
1589 2366 1720 2399 affirmat
1745 2368 1827 2399 nulla
1850 2368 1957 2398 addita

1094 2411 1236 2441 ratione:
1259 2408 1311 2440 sed
1335 2407 1410 2440 mihi
1436 2408 1533 2440 visum
1557 2407 1620 2446 est,
1652 2408 1788 2448 benigne
1813 2407 1958 2448 praesum-

1094 2449 1180 2491 pflffe
1199 2448 1618 2490 Ulpianum,perseverante
1635 2449 1756 2480 honore
1771 2448 1800 2480 ἀ
1818 2447 1958 2480 affcctio-

1095 2501 1135 2523 ne
1152 2490 1280 2523 maritali
1304 2492 1398 2522 etiam
1423 2491 1562 2523 donandi
1586 2491 1785 2522 voluntatem
1812 2490 1959 2531 perseve-

1094 2532 1169 2565 rasse
1185 2535 1212 2563 ιι.
1237 2532 1256 2563 l.
1272 2541 1321 2572 32.
1338 2531 1365 2573 §.
1391 2541 1437 2572 13.

1136 2572 1300 2605 Hactenus
1313 2573 1376 2604 dixi
1395 2574 1435 2603 de
1457 2572 1528 2602 viro
1546 2571 1576 2602 ἃ
1600 2580 1711 2603 uxore.
1758 2570 1820 2603 Sed
1848 2571 1961 2604 Oratio

1095 2614 1203 2654 (quod
1218 2616 1249 2645 in
1273 2615 1301 2645 ci.
1319 2613 1337 2644 l.
1353 2623 1401 2654 32.
1420 2612 1449 2654 §.
1470 2616 1517 2644 16.
1540 2612 1685 2643 observat
1703 2613 1873 2654 Ulpianus)
1896 2622 1960 2644 non

1096 2657 1195 2687 solum
1218 2655 1288 2685 illos
1310 2653 1550 2693 complectitur,
1573 2652 1624 2685 sed
1641 2653 1734 2685 etiam
1753 2663 1885 2686 caeteros
1910 2654 1963 2694 qui

1096 2704 1228 2737 propter
1250 2695 1482 2726 matrimonium
1515 2695 1635 2726 donare
1660 2695 1893 2734 prohibentur:
1926 2703 1961 2726 ut

1098 2745 1174 2778 puta
1189 2759 1199 2775 ,
1223 2735 1309 2766 socer
1325 2736 1421 2767 donat
1438 2736 1527 2766 nurui
1545 2757 1555 2774 ,
1578 2737 1628 2767 vel
1646 2745 1776 2773 conira3
1801 2737 1850 2767 vel
1876 2735 1963 2767 socer

1097 2787 1219 2820 genero
1241 2777 1292 2808 vel
1317 2784 1447 2815 contra3
1471 2776 1522 2807 vel
1545 2777 1699 2808 consocer
1720 2776 1892 2814 consocero
1909 2778 1963 2815 qui

1098 2819 1267 2859 copulatos
1284 2817 1488 2853 matrimonio
1507 2817 1537 2849 in
1557 2817 1712 2857 potestate
1735 2818 1869 2849 habent:
1893 2828 1964 2850 nam

1099 2870 1138 2891 ex
1157 2867 1265 2891 mente
1280 2858 1443 2890 Orationis
1459 2858 1504 2890 liis
1519 2867 1646 2898 quoque
1665 2859 1811 2891 omnibus
1836 2861 1967 2899 permis·

1100 2901 1165 2933 sum
1183 2895 1244 2932 esse
1259 2901 1289 2931 in
1306 2901 1444 2931 eundem
1461 2899 1564 2931 casum
1579 2901 1713 2938 donare,
1736 2900 1886 2940 Ulpianus
1903 2900 1965 2939 ait,

1101 2943 1131 2973 ἃ
1146 2942 1189 2974 ita
1205 2940 1410 2980 Papinianum
1427 2939 1561 2972 senfiffe:
1583 2940 1625 2972 sic
1641 2941 1724 2972 enim
1740 2941 1894 2980 scribere3
1909 2940 1965 2971 So-

1100 2992 1154 3014 cer
1171 2983 1262 3014 nurui
1286 2981 1337 3012 vel
1348 2991 1473 3055 1{enero
1489 2982 1637 3013 donavit:
1659 2982 1768 3022 postea
1794 2981 1875 3013 filius
1900 2982 1965 3020 ejus

1100 3024 1152 3055 vel
1177 3022 1259 3062 filia,
1282 3031 1345 3054 con
1375 3032 1447 3054 ante
1470 3022 1701 3061 matrimonio,¹
1730 3023 1795 3053 vita
1824 3022 1965 3054 deceffit.

1101 3073 1280 3105 quanquam
1298 3064 1408 3096 vitium
1432 3064 1613 3095 donationis
1637 3062 1835 3105 perseveret,
1859 3071 1965 3095 tamen

1098 3106 1119 3138 fi
1138 3105 1226 3137 socer
1241 3105 1358 3137 nullam
1375 3104 1579 3144 quaestionem
1598 3104 1822 3135 donationibus
1838 3103 1964 3143 intulit,

1098 3146 1168 3187 post
1183 3155 1320 3178 mortem
1338 3147 1403 3186 eius
1422 3154 1532 3177 contra
1552 3146 1684 3178 heredes
1709 3143 1871 3175 Orationis
1899 3145 1963 3176 sen=

1100 3187 1198 3221 tentia
1214 3188 1339 3222 videtur
1362 3186 1568 3220 intervenire.
1590 3195 1664 3219 nam
1687 3194 1754 3225 qua:
1769 3187 1850 3217 ratio
1867 3186 1964 3218 dona-

1905 3235 1963 3257 tio·
