2036 3495
144 135 216 178 426
546 126 580 163 ‘G
615 138 635 162 iz
670 135 693 159 n
725 132 746 159 Λ
785 134 807 159 n
843 132 868 158 n
901 131 914 157 ι

147 223 190 254 tis
211 227 335 253 tutores
353 215 492 251 dederit:
521 224 586 247 non
616 212 746 246 subsistit
762 212 830 253 ipso
844 212 913 250 jure
936 214 1020 242 tute-

145 264 194 296 la:
226 262 317 303 Lege
340 269 399 293 xii.
428 257 625 288 Tabularum
657 254 737 286 hanc
769 255 929 299 dationem
954 260 1020 284 non

145 303 368 336 confirmante.
400 307 471 330 nain
497 298 527 328 &
559 295 817 337 patremfamilias
848 295 1019 332 desiderat,

146 345 178 377 &
204 345 323 376 liberos
348 339 402 380 qui
425 337 480 379 ipsi
501 345 650 379 tempore
678 338 791 369 mortis
816 336 859 368 sui
885 336 1020 367 heredes

151 386 233 424 sint,
250 384 301 416 vel
318 381 446 414 fictione
459 380 535 420 juris
550 378 613 411 effe
628 378 854 419 intelligantur.
878 377 949 417 plus
965 385 1020 417 po-

147 424 259 464 stulat;
282 432 316 455 ut
340 422 387 452 his
412 429 537 452 tutores
563 421 593 452 in
619 419 810 452 testamento
830 420 967 456 dentur,
991 417 1021 449 &
1051 444 1055 446 ,

149 467 277 507 quidem
294 462 401 494 verbis
422 462 616 502 imperativis
632 470 670 492 ac
687 461 823 492 direftis.
858 459 1020 497 Caeterum

147 504 170 541 fi
211 507 264 543 uid
279 503 407 543 deficit3
431 503 474 534 ait
492 503 695 536 Modestinus
718 503 746 533 d.
764 502 783 533 l.
804 508 829 533 1.
851 501 880 542 §.
903 510 928 532 1.
953 502 1020 539 pla-

142 546 198 586 cui
225 557 242 581 e
260 546 442 586 Principum
462 542 768 584 Constitutionibus,
792 543 853 574 hoc
871 540 1020 573 Consula-

146 582 364 629 ri'potestatc,
387 587 419 620 id
439 584 504 625 est,
525 584 739 628 iurisdiffione
755 591 852 621 atque
867 582 1018 628 imperio,

145 628 302 671 suppleri,
325 628 355 660 ἃ
370 627 538 662 secundum
557 634 698 660 mentem
715 625 905 662 confirmari.

183 670 232 708 Ita
248 676 352 710 patet,
377 667 557 708 confirmari
574 675 711 699 tutorem
728 667 780 707 qui
805 675 869 699 non
884 666 951 706 jure
966 666 1018 699 da·

145 719 196 745 tus
214 711 425 750 testamento,
450 710 582 749 decreto
599 707 766 747 Consulis,
786 707 1017 744 Praetoris,aut

142 750 250 786 fi'milis
271 749 476 793 Magistratus
491 747 541 781 cui
563 750 611 788 ius
632 749 726 786 dandi
753 748 866 780 tutoris
888 756 1018 788 compe·

144 794 204 835 tit,
231 794 322 827 datur
339 792 512 826 secundum
535 789 695 827 testatoris
718 790 933 825 voluntatem.
974 789 1017 819 Ea

143 845 226 870 vero
244 833 446 867 confirmatio
468 832 506 864 fit
531 841 596 870 non
626 838 693 865 uno
716 830 821 871 modo.
851 837 924 865 nam
946 838 1019 862 cum

140 876 240 920 iustus
255 884 345 916 pater
367 872 472 905 liberis
488 879 629 909 tutorem
653 873 707 910 dat
724 871 828 910 minus
853 871 1018 911 legitime,

142 917 224 951 nihil
246 924 312 955 turn
330 914 463 956 amplius
479 922 514 946 ut
537 913 706 955 plurimum
724 913 856 954 requirit
883 914 1018 944 Praetor:

144 952 199 997 fed
216 957 400 998 simpliciter
416 963 558 994 tutorem
574 953 762 993 confirmat,
786 955 921 994 perinde
944 962 981 984 ac
998 954 1019 985 si

144 998 336 1034 testamento
353 998 444 1031 datus
461 996 539 1032 esset
552 998 594 1028 A.
607 997 627 1028 l.
646 1005 671 1028 1.
694 995 723 1037 ᾗ.
741 1005 770 1028 2.
794 996 813 1027 l.
833 1005 862 1036 3.
885 995 928 1026 D.
948 995 976 1025 h.
995 1001 1017 1026 i.

138 1040 236 1073 Hoc:
261 1039 283 1073 fi
302 1037 582 1086 apparet‚duraffe
598 1037 694 1079 patris
712 1035 1020 1076 voluntatemaquod

140 1079 163 1116 fi
181 1089 301 1114 mutata
319 1078 419 1113 videri
440 1079 562 1121 potest3
579 1080 609 1111 in
629 1078 695 1110 hoc
713 1077 934 1118 inquirendum
953 1076 1015 1108 est:

137 1133 200 1157 nec
217 1123 329 1164 utique
344 1122 492 1162 sequetur
517 1121 638 1153 Praetor
658 1119 790 1161 primam
816 1120 1014 1151 voluntatem

138 1174 156 1203 a
176 1174 235 1206 qua
261 1163 394 1196 discessit
411 1171 501 1205 pater
526 1162 546 1194 l.
572 1166 601 1196 8.
624 1170 653 1198 9.
671 1157 708 1197 ἐξ
727 1170 774 1193 10.
798 1159 840 1191 D.
858 1161 884 1192 h.
900 1166 921 1191 t.
944 1160 963 1190 l.
983 1169 1014 1198 4.

138 1206 183 1238 D.
200 1207 233 1237 de
249 1203 358 1246 tellam.
376 1204 456 1241 tute!-
480 1203 528 1235 lta
544 1203 574 1242 in
590 1202 672 1244 justo
712 1210 789 1239 atre.
831 1201 864 1232 In
883 1201 1016 1232 naturali

142 1256 222 1280 vero
236 1246 278 1278 fic
301 1245 425 1278 Hermo
450 1244 614 1282 enianusl,
631 1253 659 1285 7.
683 1211 726 1275 Β
741 1243 769 1274 h.
789 1248 812 1274 t.
835 1242 905 1273 Filio
928 1247 1014 1274 natu-

140 1288 198 1321 rali
217 1289 263 1319 cui
279 1287 352 1319 nibil
368 1287 420 1318 reli
451 1297 500 1323 um
514 1283 573 1326 eft,
595 1291 674 1316 tutor
680 1282 799 1324 frustra
815 1284 904 1315 datur
924 1293 942 1314 a
964 1289 1017 1324 pa-

141 1336 204 1368 tre,
227 1338 278 1360 nec
287 1327 351 1367 sine
369 1326 554 1370 inquisttione
568 1325 765 1366 confirmatus.
797 1324 957 1369 Obscurus
974 1323 1020 1356 est

142 1370 398 1410 Hermogeniani
416 1368 535 1401 sensus:
556 1367 609 1400 sed
623 1367 644 1399 fi
661 1367 737 1409 quid
755 1366 899 1407 intelligo
911 1365 1017 1407 3signi«

143 1407 238 1451 ficat,
261 1411 294 1443 Si
310 1418 400 1452 pater
415 1409 563 1447 naturalis
582 1415 724 1445 tutorem
741 1408 867 1445 dederit
881 1407 949 1439 filio
967 1416 1020 1438 na-v

145 1452 256 1491 turali,
281 1451 394 1487 frustra
414 1449 548 1483 dedisse:
566 1448 621 1487 nisi
637 1448 658 1480 si
674 1448 794 1488 aliquid
807 1448 874 1481 filio
892 1448 1021 1489 reliquit

144 1495 178 1527 in
198 1493 403 1531 testamento:
429 1498 497 1522 tum
514 1491 599 1528 enim
624 1489 732 1528 datum
748 1488 949 1528 confirmari,
961 1498 1022 1521 nec

145 1533 336 1572 tamensine
358 1529 572 1571 inquisitione.
596 1530 684 1571 quod
703 1530 722 1562 si
740 1530 767 1567 ei
791 1529 869 1567 nihil
894 1530 1022 1572 reliquit

145 1573 255 1621 pater:
278 1580 368 1617 putat
384 1572 684 1618 HermogenianuS,
706 1564 821 1611 frustra
836 1571 955 1606 dedisse
974 1579 1021 1605 tu-

147 1623 271 1651 torem·
297 1624 357 1654 nec
373 1614 552 1654 confirmari
567 1613 696 1652 datum3
719 1622 760 1645 rie
783 1622 824 1645 ex
848 1612 1022 1654 inquisitio-

144 1669 189 1699 ne
206 1641 346 1700 quidem.
379 1655 408 1696 Is
426 1654 531 1696 sensus
547 1655 663 1692 horum
681 1654 874 1694 verborum,
889 1664 951 1689 nee
969 1664 1023 1687 vei

146 1698 240 1739 ireor,
263 1709 304 1738 ne
322 1697 432 1730 omnia
449 1706 512 1729 non
529 1696 588 1731 sint
604 1695 864 1736 Hermogeniaiii.
890 1696 944 1729 etsi
961 1693 1023 1728 ess'o

148 1740 233 1780 scio,
256 1741 310 1781 qui
329 1745 448 1783 putent
471 1747 488 1777 a
512 1731 715 1778 Triboniano
739 1736 803 1775 effe
828 1737 1023 1778 interpolata

148 1792 189 1823 ex
202 1782 310 1818 -l..ult.
333 1781 368 1817 C,
387 1781 416 1819 h.
432 1785 456 1818 t..
498 1779 580 1818 Satis
597 1779 637 1815 de
653 1786 754 1819 patre.

156 1824 163 1848 ἰ
188 1823 225 1857 In
241 1830 341 1864 matre
358 1830 490 1864 quoque
505 1819 734 1858 desideramus:
752 1826 787 1853 ut
801 1820 939 1859 liberos,
950 1824 1025 1853 cum

148 1866 195 1901 eis
221 1872 361 1904 tutorem
390 1863 444 1895 dat
459 1886 469 1902 ‚
492 1861 628 1901 heredes
653 1861 811 1897 instituat:
835 1871 1024 1903 quamquam

145 1907 243 1949 justus
260 1913 351 1948 pater
368 1904 463 1946 posfit
478 1911 620 1938 tutorem
640 1904 715 1934 dare
737 1904 833 1938 etiam
850 1902 1025 1937 exhereda-

150 1949 202 1981 t'is.
234 1946 366 1981 interest
390 1946 496 1983 enim,
524 1946 613 1986 quod
637 1952 725 1985 pater
749 1944 845 1985 magis
868 1946 898 1976 in
922 1944 1025 1986 perso-

149 1998 243 2029 nam,
273 1995 374 2021 mater
405 1986 503 2027 magis
528 1986 559 2018 in
587 1995 654 2018 reni
670 2009 680 2025 ,
713 1993 852 2018 tutorem
871 1986 935 2017 dat.
959 1985 978 2018 l.
997 1996 1027 2024 4.

151 2031 196 2064 D.
213 2033 246 2063 cie
265 2029 375 2071 testam.
398 2029 483 2060 tuiec.
514 2027 558 2059 At
581 2027 685 2059 obstat
704 2027 885 2061 Alexander
907 2027 925 2058 l.
942 2037 970 2065 4.
994 2027 1027 2059 C,

150 2075 210 2106 eod.
228 2074 274 2104 tii.
316 2069 381 2102 Nisi
398 2068 570 2110 probabilis
593 2067 638 2100 est
663 2068 847 2109 conjectura
875 2067 916 2099 D.
936 2068 1028 2108 Cuja·

151 2116 210 2155 cii3
234 2113 388 2154 legentis,
406 2110 534 2155 Quando
550 2116 646 2141 autem
664 2119 708 2141 eos
722 2111 835 2142 heredes
851 2108 1026 2149 instituerit:

154 2155 310 2198 expuncta
337 2154 520 2193 negatione.
563 2151 694 2190 Sensus,
724 2149 886 2182 Tutorem
914 2151 984 2182 siliis
1010 2160 1027 2182 a

153 2206 254 2230 matre
277 2205 342 2227 non
366 2193 432 2226 dari
462 2192 552 2224 aliter
568 2215 578 2231 ‚
608 2202 703 2233 quarn
726 2191 875 2224 institutis
905 2192 1028 2224 heredi·

153 2239 229 2270 bus:
251 2237 291 2268 sic
306 2243 415 2268 autem
431 2235 523 2267 datos
542 2242 608 2265 non
627 2233 689 2265 effe
705 2233 772 2274 ipso
786 2233 855 2273 J'ure
878 2241 1001 2264 tutores
1018 2253 1027 2272 2

156 2279 210 2311 sed
234 2288 249 2310 a
282 2278 422 2310 Praetore
449 2274 632 2307 confirmari
658 2283 700 2306 ex
723 2282 832 2306 mente
857 2274 1029 2306 defuneiaei

156 2320 277 2352 Verum
298 2325 476 2360 repugnant
494 2316 654 2358 sequentia
671 2315 787 2355 verba,
811 2314 904 2347 Nullo
920 2325 987 2346 vero
996 2325 1033 2347 ex

157 2363 219 2400 his,
244 2362 273 2392 ἃ
288 2360 417 2400 reliqua.
464 2358 525 2390 Sed
542 2367 707 2397 parcamus
726 2357 899 2397 captationi
918 2357 1034 2388 verbo-

157 2411 237 2436 rum.
260 2411 323 2432 non
341 2400 426 2432 enim
443 2400 511 2431 vult
536 2399 735 2437 Alexander,
759 2398 944 2430 alterutrum
972 2397 1033 2429 suf-

157 2443 276 2481 ficere;
300 2443 331 2473 id
348 2442 410 2479 est,
434 2449 468 2472 ut
482 2440 535 2472 vel
555 2441 645 2477 heres
661 2439 856 2477 instituatur,
881 2440 933 2471 vel
955 2449 1033 2471 con·

158 2486 319 2518 firmetur:
343 2483 394 2514 sed
412 2490 582 2522 utrumque
599 2480 713 2521 requiri
731 2481 941 2520 conJunstim3
965 2480 1030 2512 hoc

161 2526 225 2564 est,
249 2531 283 2555 ut
299 2524 328 2555 ὃ(
345 2523 442 2555 filium
460 2523 612 2554 heredem
630 2522 788 2560 instituat,
814 2522 843 2553 &
867 2529 954 2554 tutor
975 2523 1028 2554 da·

158 2577 211 2600 tus
228 2564 443 2596 confirmetur.
465 2564 600 2605 primum
618 2573 696 2605 ergo
712 2563 811 2605 exigit
828 2562 1028 2603 Imperator,

161 2618 199 2641 ut
214 2614 315 2640 mater
339 2604 457 2644 filium,
480 2606 530 2636 cui
548 2614 689 2637 tutorem
714 2606 786 2643 dat,
809 2604 959 2637 heredem
985 2606 1030 2635 in-

160 2651 287 2684 stituat:
310 2645 442 2682 deinde,
466 2654 500 2677 ut
522 2647 546 2677 is
570 2655 658 2678 tutor
678 2647 795 2686 praevia
826 2645 1030 2685 inquisitione

162 2689 381 2724 confirmetur.
405 2687 581 2727 Utrumque
597 2687 629 2718 in
648 2695 737 2728 patre
753 2686 840 2719 secus
856 2686 1030 2728 est‚quam·

163 2740 259 2775 quain
281 2728 363 2760 filius
379 2735 442 2759 nec
458 2726 493 2757 sit
516 2729 546 2760 in
564 2729 630 2769 ejus
647 2727 825 2768 potestate.
868 2727 943 2759 Hoc
968 2735 1033 2760 tam

161 2768 274 2805 variez'
287 2770 360 2811 quia
375 2768 407 2800 in
424 2771 511 2809 patre
528 2770 626 2801 haeret
642 2770 806 2810 vestigium
826 2769 962 2808 pristinae
978 2779 1034 2810 po-

164 2813 284 2848 testatis
304 2812 354 2842 cui
372 2810 465 2841 etiam
483 2809 598 2841 sublata
616 2812 715 2851 patria
727 2810 886 2851 potestate
903 2812 1036 2842 inultum

165 2857 347 2889 tribuerunt
367 2851 513 2883 Veteres.
536 2860 605 2882 nam
621 2852 650 2882 &
667 2852 737 2891 post
746 2852 1037 2892 emancipationem

167 2898 212 2930 est
233 2897 280 2936 jus
303 2891 503 2925 successionis
525 2891 592 2931 jure
618 2891 770 2924 Praetorio
793 2903 851 2933 per
876 2895 1037 2925 bonorum

167 2937 388 2981 posseffionern
401 2958 409 2972 ‚
433 2932 489 2964 etsi
507 2931 595 2964 desiit
613 2931 674 2962 effe
693 2935 739 2972 jus
756 2934 796 2965 sui
818 2935 954 2968 liei-edis,

210 2977 319 3011 Potest
338 2976 389 3007 liic
408 2975 437 3006 &
455 2974 540 3004 circa
563 2981 750 3013 patronum,
775 2976 911 3007 aliumve
930 2986 1039 3017 quem.

169 3021 220 3051 vis
241 3026 427 3050 extraneum
445 3015 506 3046 effe
526 3015 729 3046 deliberatio:
753 3015 773 3045 si
797 3018 938 3048 andimus
966 3019 1039 3049 Pau-

170 3062 235 3093 lum
253 3060 271 3089 l.
288 3069 315 3097 4.
341 3059 386 3089 D.
406 3058 432 3087 l).
449 3062 470 3088 t.
501 3056 685 3094 dicentem,
706 3056 755 3086 vel
777 3057 808 3086 in
833 3057 878 3089 his
903 3057 964 3090 ess'e
995 3058 1039 3090 se.

172 3101 334 3140 quendum
356 3099 509 3137 judicium
526 3106 664 3128 tutorem
683 3097 785 3128 dantis
804 3099 925 3135 pupillo
952 3100 1040 3130 liere-

173 3144 205 3175 ὀὶ
222 3152 239 3172 a
262 3140 291 3171 se
317 3140 479 3178 instituto,
502 3148 574 3170 cum
592 3139 617 3169 is
636 3142 786 3178 practerea
811 3138 886 3168 nihil
909 3138 1041 3172 haberet

171 3186 205 3216 in
221 3182 326 3213 bonis.
351 3191 420 3211 nam
438 3190 454 3211 a
481 3181 532 3211 tali
557 3181 626 3210 viro
648 3189 713 3211 non
737 3179 826 3210 aliam
850 3178 918 3209 fieri
936 3182 1043 3221 conJ'e·

171 3225 311 3262 euram,
335 3230 429 3263 quain
446 3220 533 3262 quod
547 3221 689 3263 pupillo,
714 3229 809 3263 quem
822 3219 899 3253 niliil
923 3219 1040 3253 haben·

971 116 1231 162 Noun-r

1292 119 1501 158 eonii.

1064 218 1128 242 tem
1144 210 1186 241 ita
1203 210 1377 250 dilexit,ut
1391 219 1464 243 eum
1480 209 1931 256 heredeminstituere'tmms

1062 250 1143 289 fecit
1168 251 1334 291 personam
1360 253 1425 293 eJ'us
1451 251 1604 291 opinione
1634 256 1792 293 idoneam.
1835 257 1932 298 igitui⁶

1063 300 1156 333 putat
1173 292 1306 333 Paulus,
1329 303 1394 325 non
1418 294 1499 332 male
1523 294 1604 333 dici,
1627 295 1692 334 imo
1716 297 1779 334 effe
1804 301 1936 338 ερρωμ-

1051 334 1122 372 tis,
1149 335 1232 366 utin
1250 345 1310 374 eo,
1334 336 1478 376 quamvis
1499 335 1570 368 Lex
1585 335 1730 378 deficiat,
1756 347 1863 375 tamen
1880 349 1938 371 vo-

1061 376 1166 412 luntas
1181 374 1332 413 servetur.
1413 409 1422 417 ,
1473 405 1476 408 .
1879 407 1883 411 i

1102 414 1134 451 N
1139 426 1200 448 unc
1216 417 1256 448 de
1271 416 1388 455 effessu
1402 416 1576 455 confirmati
1595 418 1715 457 tutoris
1726 418 1935 462 dispiciamus.

1063 458 1108 490 est
1133 465 1241 495 autem
1265 458 1406 500 insignis:
1429 469 1475 492 ,ut
1500 471 1538 492 ex
1562 461 1618 492 illo
1644 470 1790 500 tempore
1809 472 1876 502 quo
1897 460 1935 496 sit

1063 497 1270 539 confirmatus
1282 522 1292 539 ,
1316 503 1445 537 demum
1461 499 1515 532 fiat
1533 511 1639 541 tutor3
1664 502 1693 535 ὁὶ
1710 502 1729 534 si
1747 504 1828 539 nolit
1850 503 1935 543 effe,

1063 540 1136 578 inde
1156 540 1271 577 habeat
1288 541 1492 574 excusatione
1508 552 1589 584 opus
1606 544 1625 574 l.
1647 553 1682 581 1„-
1698 545 1731 578 C.
1751 545 1780 576 h.
1797 550 1819 579 t.
1843 545 1863 576 l.
1884 554 1933 586 13.

1061 582 1090 623 ὃ.
1114 591 1157 618 122
1184 581 1225 613 D.
1244 583 1276 613 de
1292 583 1498 623 excusationis).
1543 584 1619 621 Hoc¹
1636 593 1770 622 certum.

1101 622 1184 661 Illud
1201 624 1370 664 quaeritur,
1393 625 1491 663 qualis
1511 624 1674 663 habendus
1700 626 1735 662 sii:
1764 626 1934 663 confirma*

1061 671 1112 697 tus
1128 673 1233 700 tutor,
1257 663 1528 704 testamentarius,
1552 675 1591 702 an
1607 666 1741 705 dativus,
1765 668 1832 703 sunt
1849 670 1936 703 enim

1060 708 1114 745 qui
1140 712 1277 745 putant,
1302 714 1375 736 eum
1400 706 1499 745 magis
1525 705 1813 749 testamentarium,
1838 719 1935 750 quam

1058 746 1234 783 Atilianum
1252 746 1366 783 videri,
1394 747 1422 777 &
1442 754 1553 778 movet
1567 748 1785 786 eos-lulianus,
1799 750 1819 788 l,
1835 761 1864 792 3.
1889 751 1933 783 D.

1062 788 1092 819 h.
1111 793 1132 819 Β.
1157 797 1173 819 a
1220 796 1261 825 uo
1281 786 1397 822 dicitur
1417 789 1547 828 perinde
1564 789 1747 826 confirmari
1765 798 1872 828 tutor,
1895 802 1933 826 ac

1062 828 1084 867 fi
1103 838 1142 865 ex
1163 829 1206 862 tes
1224 836 1353 867 amento
1376 837 1462 866 tutor
1485 828 1572 865 esset.
1595 831 1722 867 accedit
1745 833 1835 870 quod
1855 832 1934 865 Priu-

1063 878 1114 902 tor
1134 870 1186 910 qui
1204 878 1345 901 tutorem
1364 869 1553 907 confirmat,
1576 871 1692 908 dicitur
1710 871 1796 912 sequi
1819 873 1934 906 defun-

1062 911 1101 942 cti
1120 911 1271 951 judiciuin
1291 911 1376 955 l.·32'.
1399 912 1446 943 D.
1463 914 1496 942 cle
1515 912 1754 952 excusationibus.
1778 912 1855 949 Non
1871 915 1933 946 aliu

1063 953 1170 991 ducit,
1204 952 1291 992 quod
1314 962 1345 982 in
1367 952 1387 992 l.v
1405 962 1434 994 3.
1460 953 1493 984 C.
1512 954 1539 984 h.
1560 960 1580 984 ι.
1606 962 1694 990 tutor
1719 955 1858 989 creditur
1884 955 1938 988 lia·

1063 994 1139 1025 bere
1161 993 1315 1033 iudicium
1339 992 1493 1026 defuncti.
1528 993 1587 1025 Sic
1604 995 1744 1035 quidam.
1788 997 1865 1030 Aliis
1887 997 1932 1029 se-

1063 1035 1138 1074 det,
1162 1042 1303 1066 tutorem
1328 1033 1550 1067 confirmatum
1569 1037 1748 1077 magis-nro
1771 1038 1935 1078 Atiliano,

1062 1075 1113 1107 seu
1137 1075 1267 1114 dativo,
1297 1084 1390 1116 quarn
1415 1086 1473 1118 pro
1499 1077 1753 1116 testamentario,
1777 1080 1936 1120 accipere.

1057 1117 1090 1162 hi
1108 1126 1166 1157 pro
1185 1116 1214 1148 se
1237 1116 1387 1148 adferunt
1401 1118 1420 1149 l.
1441 1127 1506 1160 130.
1531 1119 1578 1150 D.
1597 1120 1629 1150 cie
1645 1121 1722 1158 vers).
1738 1118 1862 1162 fignific.
1887 1125 1934 1152 ar÷

1057 1159 1184 1196 bitrati,
1207 1159 1275 1189 dare
1300 1158 1361 1189 di'ci
1381 1158 1474 1190 etiam
1493 1169 1563 1190 euin
1589 1161 1640 1201 qui
1667 1157 1855 1196 confirmat:
1878 1172 1935 1193 eo.-

1060 1209 1122 1239 que
1139 1198 1241 1238 effici,
1265 1207 1406 1231 tutorem
1421 1209 1447 1233 ,a
1473 1201 1613 1236 Praetore
1634 1202 1857 1238 confirmatum
1880 1213 1935 1244 po-

1058 1242 1120 1272 tius
1138 1241 1300 1279 dativum,
1324 1250 1417 1281 quam
1442 1241 1708 1278 testamentarium
1728 1243 1801 1277 esse.
1825 1254 1935 1285 quam·

1061 1291 1154 1323 quam
1171 1282 1224 1323 qui
1241 1290 1259 1312 a
1285 1281 1404 1314 diversa
1430 1290 1518 1323 parte
1542 1283 1845 1325 stant„reponurit‚
1871 1283 1934 1318 hoc

1061 1324 1093 1355 in
1111 1325 1139 1355 d.
1156 1324 1175 1355 l.
1204 1327 1270 1363 130'.
1295 1323 1443 1360 obtinere
1466 1325 1496 1356 in
1522 1324 1766 1359 confirmatione
1792 1328 1936 1359 volunta·

1061 1366 1124 1404 ria;
1147 1364 1178 1396 in
1195 1362 1364 1396 necessaria
1378 1373 1443 1395 non
1460 1374 1562 1405 aeque.
1606 1367 1650 1396 Ut
1671 1375 1706 1401 uc
1724 1367 1798 1398 crit:
1823 1369 1934 1409 negari

1062 1406 1193 1446 nequit,
1216 1414 1288 1436 eum
1305 1405 1359 1445 qui
1377 1414 1394 1441 a
1421 1404 1562 1437 Praetore
1587 1405 1810 1447 confirmatur,
1833 1409 1872 1440 ab
1889 1419 1932 1440 eo

1062 1446 1127 1481 dari
1144 1446 1314 1483 secundum
1338 1446 1537 1478 voluntatem
1561 1447 1737 1482 testatoris:
1760 1458 1797 1480 ac
1818 1449 1872 1481 nisi
1892 1450 1933 1481 ab

1063 1498 1104 1524 eo
1121 1488 1232 1526 detur,
1257 1496 1319 1518 non
1336 1486 1398 1519 esl'e
1415 1494 1566 1519 tutorem.
1591 1489 1666 1527 quid
1684 1499 1761 1530 ergo
1777 1490 1847 1522 est?
1870 1486 1934 1523 non

1063 1530 1172 1570 sequar
1196 1535 1313 1569 partes.
1345 1529 1412 1560 imo
1436 1527 1525 1559 stabo
1550 1528 1589 1560 ab
1611 1536 1767 1570 utraque3
1787 1540 1883 1571 atque
1899 1539 1936 1565 ut

1064 1580 1126 1605 non
1143 1578 1256 1611 negem
1267 1592 1280 1608 ,‚
1300 1568 1522 1601 confirmatum
1539 1576 1678 1605 tutorem
1699 1572 1847 1610 quaedam
1870 1581 1937 1604 mue

1066 1612 1147 1647 tuari
1171 1621 1188 1643 a
1212 1617 1319 1645 tutore
1343 1611 1470 1645 dativo:
1493 1619 1557 1642 non
1583 1618 1688 1643 tamen
1715 1611 1779 1644 hoc
1801 1622 1853 1644 me
1876 1620 1938 1651 ter,-

1066 1661 1132 1692 ret3
1157 1662 1196 1688 ne
1213 1661 1285 1684 eum
1303 1651 1335 1683 in
1348 1651 1445 1688 causis
1468 1652 1534 1685 aliis
1551 1652 1657 1692 potius
1683 1653 1939 1694 testamentario,

1067 1704 1159 1736 quam
1175 1694 1336 1731 Atiliano,
1357 1693 1528 1729 assimilem.
1553 1693 1623 1727 fane
1638 1702 1712 1727 cum
1734 1704 1774 1727 ex
1799 1696 1941 1734 utrisque

1067 1735 1258 1777 parti-cipet3
1297 1734 1341 1766 nil
1365 1742 1471 1773 vetat,
1493 1744 1566 1770 cum
1591 1734 1760 1774 aliquando
1788 1737 1826 1769 ad
1850 1737 1943 1768 testa-

1067 1777 1275 1814 mentarium,
1305 1777 1475 1816 aliquando
1505 1776 1542 1808 ad
1570 1775 1739 1810 Atilianum
1766 1781 1939 1812 accedere:

1068 1819 1150 1852 utin
1166 1819 1287 1849 cieteris
1310 1816 1415 1853 mixtis
1434 1817 1530 1851 causis
1555 1817 1721 1851 observavi
1748 1819 1795 1850 lib.
1817 1829 1842 1851 1.
1867 1820 1941 1851 Pro-

1067 1861 1204 1899 babilium
1219 1869 1243 1890 c.
1260 1859 1356 1891 >inita
1372 1860 1515 1898 quiedam
1530 1858 1648 1890 liabcrc
1667 1869 1682 1889 a
1701 1860 1830 1898 dativo,
1842 1869 1940 1902 appa-

1069 1910 1119 1933 ret
1135 1910 1175 1934 ex
1191 1901 1211 1932 l.
1235 1910 1261 1932 1.
1286 1899 1322 1934 ἐξ
1341 1909 1368 1931 2.
1393 1899 1425 1930 C.
1441 1900 1469 1931 h.
1489 1906 1510 1931 t.
1535 1907 1684 1934 c-aeterum
1703 1903 1774 1939 quia
1791 1910 1880 1933 tutor
1897 1912 1943 1934 te-

1069 1942 1289 1975 stamentarius
1306 1940 1459 1981 praecedit
1477 1947 1618 1976 tutorem
1636 1941 1813 1982 legitimum
1834 1944 1863 1975 ὃ(
1878 1945 1945 1976 Ati-

1070 1985 1205 2022 lianum,
1228 1992 1292 2014 non
1314 1985 1395 2014 male
1412 1982 1704 2020 dicetur-‚tutorem
1720 1983 1946 2019 confirmatum

1071 2025 1221 2057 liastenus
1243 2023 1306 2056 esse
1331 2024 1513 2055 habendum
1539 2032 1597 2064 pro
1621 2024 1872 2058 testamentario:
1903 2037 1945 2059 tie

1071 2066 1213 2107 alioquin
1229 2072 1339 2106 pereat
1359 2065 1404 2100 vis
1421 2065 1450 2096 ἃ
1474 2065 1587 2104 scopus
1610 2065 1866 2099 confirmationis
1888 2078 1947 2108 per

1071 2109 1211 2147 regulam
1229 2106 1308 2147 juris
1327 2105 1437 2138 Civilis
1449 2129 1458 2145 ,
1482 2116 1542 2147 qua
1559 2107 1687 2138 habenti
1704 2116 1844 2140 tutorem
1868 2110 1946 2142 alius

1071 2149 1135 2182 dari
1158 2158 1223 2180 non
1249 2147 1388 2188 potestl.
1412 2158 1461 2188 αῖ.
1486 2149 1532 2178 D.
1559 2149 1591 2180 cle
1617 2146 1726 2187 tesiam.
1750 2150 1832 2181 tirtel.
1881 2151 1947 2183 Sed

1071 2190 1131 2222 hac
1148 2198 1277 2230 quoque
1295 2190 1326 2221 in
1344 2197 1433 2229 parte
1449 2188 1493 2221 est
1511 2188 1597 2221 casus
1613 2190 1705 2221 valde
1732 2190 1890 2231 singularis
1913 2194 1947 2224 in

1073 2231 1092 2262 l.
1111 2241 1141 2272 3.
1165 2231 1196 2262 C.
1212 2231 1241 2262 h.
1260 2237 1282 2262 t.
1306 2230 1359 2262 ubi
1377 2240 1453 2269 ριό,
1476 2230 1561 2272 cujus
1578 2230 1712 2272 interest,
1733 2232 1795 2273 jam
1826 2234 1946 2265 dudum

1074 2273 1122 2303 ΖΗ).
1143 2281 1169 2304 1.
1197 2273 1247 2303 De
1257 2271 1405 2314 jurisdift.
1422 2272 1458 2306 ἐπ’
1478 2272 1594 2313 imperio
1621 2282 1644 2303 c.
1665 2282 1689 2305 i.
1716 2273 1788 2305 suasi
1806 2274 1944 2312 restitui,

1075 2314 1160 2355 cujus
1169 2313 1337 2355 jurisdieiio
1354 2312 1401 2353 eft.

1117 2355 1198 2386 Sunt
1214 2356 1267 2395 qui
1290 2363 1427 2394 putent,
1451 2354 1514 2386 effe
1529 2355 1623 2390 etiam
1647 2354 1795 2395 superiori
1818 2365 1945 2396 compa-

1075 2395 1188 2428 rationi
1204 2396 1419 2436 consequens3
1442 2397 1529 2436 quod
1547 2396 1751 2428 confirmatus
1769 2404 1856 2427 tutor
1879 2406 1944 2428 nori

1074 2439 1202 2478 cogitur
1226 2437 1389 2469 satisdare*
1419 2439 1464 2469 uti
1494 2437 1539 2469 est
1562 2437 1742 2478 responsum
1768 2437 1800 2468 in
1823 2447 1864 2468 eo
1889 2440 1945 2479 qui

1074 2479 1119 2510 est
1144 2488 1161 2510 a
1187 2487 1276 2519 patre
1301 2480 1403 2510 minus
1432 2479 1573 2520 legitime
1597 2481 1684 2510 datus
1708 2478 1725 2509 l.
1742 2487 1771 2518 3.
1797 2479 1843 2509 D.
1867 2480 1894 2510 b.
1920 2489 1942 2512 ῐ.4

1072 2519 1153 2551 Item
1171 2521 1203 2551 in
1219 2530 1258 2551 eo
1272 2519 1325 2560 qui
1348 2530 1364 2551 a
1380 2529 1481 2552 matre
1499 2521 1590 2552 datus
1614 2520 1633 2550 b.
1650 2529 1679 2550 2.
1704 2520 1751 2550 D.
1768 2519 1796 2550 h.
1815 2526 1836 2550 i.
1867 2520 1947 2553 item

1072 2563 1126 2602 qui
1145 2562 1183 2592 ab
1207 2563 1275 2593 avia
1301 2562 1319 2592 l.
1336 2561 1388 2592 ult.
1411 2562 1440 2602 §.
1462 2570 1490 2592 ι.
1511 2561 1558 2592 D.
1582 2562 1640 2591 eod.
1681 2560 1744 2591 Sed
1766 2570 1839 2592 cuin
1861 2562 1947 2594 idem·

1070 2605 1119 2643 Jus
1136 2602 1171 2633 sit
1187 2602 1216 2634 in
1242 2603 1390 2634 omnibus
1412 2602 1464 2641 qui
1481 2611 1498 2633 a
1515 2601 1681 2641 majoribus
1708 2601 1947 2641 Magistratibus

1074 2653 1115 2675 ex
1140 2643 1344 2682 inquisitione
1370 2644 1500 2681 dantur,
1530 2645 1625 2673 etiam
1656 2652 1720 2674 non
1745 2642 1832 2674 satio
1856 2645 1947 2676 testa-

1075 2692 1184 2716 mento
1199 2692 1243 2725 pr.
1265 2682 1333 2723 Infi.
1358 2683 1522 2722 Desiztisd.
1540 2690 1596 2715 tut.
1620 2683 1664 2714 est
1689 2684 1795 2715 forsan
1822 2686 1948 2725 verius.

1077 2727 1110 2758 id
1129 2735 1194 2758 non
1212 2733 1361 2766 oportere
1378 2724 1415 2756 ad
1432 2725 1626 2764 propositam
1649 2724 1867 2758 definitionem
1891 2734 1953 2763 ῑι-εῒι-Ἰ

1079 2767 1122 2799 hi.
1145 2768 1233 2808 quod
1251 2767 1279 2797 ἀ
1298 2766 1404 2797 suadet
1429 2766 1560 2806 sequens
1583 2766 1743 2807 Papiniani
1768 2767 1856 2798 locus
1878 2768 1898 2799 l.
1915 2779 1948 2809 5.

1079 2810 1128 2840 D.
1144 2809 1171 2839 b.
1187 2814 1209 2839 t.
1235 2807 1352 2849 species
1378 2808 1457 2839 talis.
1504 2809 1633 2839 Patruus
1658 2808 1848 2840 testamento
1867 2817 1951 2840 tuto-

1080 2860 1129 2882 res
1155 2849 1243 2881 dedit
1267 2859 1330 2880 non
1346 2849 1425 2889 jure.
1469 2849 1588 2880 Praetor
1610 2849 1712 2889 justit,
1745 2850 1803 2881 lios
1832 2850 1950 2882 confir-

1080 2892 1156 2923 mai-i
1174 2901 1190 2922 a
1211 2890 1447 2931 Magistratibus
1469 2891 1720 2930 municipalibus.
1746 2891 1850 2932 potest
1865 2891 1951 2923 eniin'

1081 2933 1198 2965 I'raetor
1222 2932 1286 2962 lioc
1311 2931 1501 2972 pi-aecipere:
1526 2932 1597 2971 quia
1622 2931 1857 2972 Magistrrtibus
1880 2933 1951 2974 lege

1081 2972 1226 3005 concessa
1244 2974 1309 3013 ejus
1331 2972 1404 3011 jusi'u
1423 2973 1466 3004 est
1492 2974 1599 3003 tutelae
1618 2972 1726 3011 datio,
1750 2973 1769 3004 si
1801 2983 1865 3005 non
1889 2984 1952 3005 rna-

1081 3025 1150 3056 gnae
1169 3014 1226 3045 sirit
1245 3014 1355 3055 pupilli
1372 3013 1558 3045 facultates:
1577 3022 1610 3044 ut
1627 3011 1699 3045 alibi
1718 3014 1823 3045 veniet
1845 3015 1952 3045 dieen-

1083 3059 1114 3088 <ii
1133 3057 1233 3087 locus.
1279 3055 1398 3092 Dedit,
1416 3056 1561 3095 inquam,
1574 3063 1704 3094 pati-uus
1724 3063 1862 3086 tutores:
1884 3066 1954 3087 eos-

1084 3107 1146 3137 que
1164 3107 1179 3127 a
1197 3097 1431 3136 Magistratibus
1449 3095 1627 3128 confirmari
1636 3098 1804 3127 mandavit
1820 3096 1950 3128 Praetor.

1085 3138 1286 3178 Magistratus
1319 3138 1438 3178 sequuti
1477 3138 1623 3170 Praetoris
1657 3137 1767 3177 jussum
1784 3160 1794 3175 ,
1830 3146 1953 3170 tutores

1086 3179 1340 3217 confirmarunt,
1369 3188 1433 3209 non
1454 3179 1573 3209 *exactis
1606 3177 1815 3209 satisdatione.
1860 3179 1958 3221 Quar-

1086 3222 1184 3259 fitur,
1214 3230 1253 3253 aii
1278 3221 1313 3252 in
1334 3219 1498 3255 subsidium
1522 3220 1687 3253 conveniri
1712 3219 1825 3260 possint
1854 3221 1957 3294 Magi-

1919 3272 1959 3293 rz-
