2108 3479
540 99 863 135 PRoaAmmuM
914 97 1043 145 Junis
1093 97 1274 134 CiV1L1s.

145 191 340 227 concedatur
356 194 434 229 aqua
451 194 461 225 ς
484 185 625 218 refistere
641 186 780 228 regulam
793 209 803 226 ,
831 196 902 228 quae
918 184 1003 219 suam

147 236 263 275 cuique
291 241 354 264 rem
373 237 467 269 negat
490 227 626 270 servire:
648 227 691 259 fin
713 228 802 268 istis3
826 229 896 260 laedi
911 228 1004 259 aliam

148 286 208 316 qua
229 274 409 316 prohibetur
427 269 582 301 [ervitutis
600 270 748 308 servitus,
772 269 823 301 seu
847 269 1003 301 servitutis

148 317 266 350 fructus
283 337 293 353 ,
331 311 491 343 constitui.
530 310 679 350 placuisse
718 320 824 342 tamen
859 311 1003 342 utilitatis

149 356 259 393 causa,
291 352 467 393 hujusmodi
497 352 614 392 regulis
637 359 714 383 tunc
737 354 866 384 demum
891 353 1000 384 locum

150 398 234 435 csse;
266 394 287 426 fi
312 394 494 435 ssmpliciter
521 393 557 424 iit
579 393 750 424 constituta
780 393 910 425 servitus
929 417 939 432 ‚
968 393 1002 425 id

150 437 212 476 est,
243 435 298 467 nifi
322 436 353 466 in
382 434 613 466 constitutione
637 434 795 466 servitutis
814 435 904 467 aliter
926 444 1003 466 con-

147 478 294 511 venerit:
323 486 395 507 nam
418 476 514 516 paftis
538 475 840 516 &stipulationibus
864 477 1003 507 interve-

146 518 304 552 nientibus
329 518 358 548 ἃ
383 517 448 548 hoc
473 517 609 548 concedi
635 516 763 556 solere3
794 525 828 548 ut
848 527 918 558 quae
944 516 1005 548 sei·-

147 561 230 592 vitus
254 568 295 590 ex
312 559 418 599 rigore
434 557 516 598 juris
530 567 594 589 non
613 559 698 589 valet
712 559 792 590 ultra
817 558 902 590 usum
926 567 1006 599 pra:-

147 602 210 640 dii,
240 610 276 631 ea
302 600 509 631 nihilominus
529 600 677 638 praetoria
699 600 836 631 tuitione
856 599 1003 631 subsistat.

185 647 214 673 6.
240 640 410 680 Denique,
435 648 469 671 ut
491 650 554 672 non
574 642 687 673 modus
708 642 920 681 praediorum,
952 640 1006 671 sed

146 682 294 720 servitus,
317 691 406 721 aquae
430 682 584 713 ducendae
609 682 777 714 terminum
798 681 894 714 faciat
915 683 934 714 l.
956 691 1002 713 12.

148 725 182 756 C.
204 724 236 755 de
250 724 444 764 ser-vitutibus
462 722 498 757 δέ)
514 733 609 764 aqua:
625 724 656 755 id
672 723 717 754 est
735 747 744 762 ‚
777 733 813 754 ut
828 734 889 765 ego
910 725 1007 754 inter-

147 773 275 807 pretor,
307 774 372 795 non
402 765 593 804 praediorum
622 766 737 796 modus
760 772 813 796 aut
842 765 1006 796 necess'itas

147 814 200 838 aut
217 806 391 846 quantitas,
404 806 455 836 sed
473 805 653 836 constitutae
670 804 828 837 servitutis
840 807 1004 847 placitum.

147 848 194 880 lta
216 847 287 878 sane
306 846 488 877 lervitutein
511 846 541 878 ὅ(
561 846 712 887 Ulpianus
735 849 853 888 accipit
875 847 907 878 in
928 847 947 877 l.
973 857 1003 887 3.

146 889 174 931 §.
203 897 248 928 14.
273 887 316 919 D.
340 889 373 918 de
393 889 493 919 itinere
510 887 633 930 (itiaque
646 889 782 929 privato:
804 898 876 919 cum
892 909 901 924 ,
925 887 1004 926 Uti,

146 931 266 968 lnquit,
283 929 336 970 jus
351 927 406 969 est,
432 930 481 960 hoc
504 927 562 969 est,
586 929 675 968 ficuti
695 937 746 970 per
755 930 929 971 servitutem
953 930 1006 959 im-

140 970 339 1013 pofitcimlicet
354 984 363 1001 .-
394 980 453 1011 pro
478 978 534 1011 pei·
559 971 683 1011 paetum
702 978 897 1003 conventum
916 970 1005 1011 quod

145 1022 177 1045 iii
201 1012 395 1052 imponenda
413 1010 564 1043 servitute
580 1013 763 1044 intervenit.

185 1064 216 1094 7.
240 1054 279 1084 At
299 1061 412 1093 praetei·
436 1053 594 1093 superiora
618 1054 722 1085 adhuc
746 1053 860 1094 probat
886 1060 1003 1084 utram-

146 1104 227 1135 que,
251 1103 345 1134 quam
368 1094 453 1132 dixi,
483 1104 547 1126 non
570 1096 709 1136 regulam
736 1096 835 1126 modo
854 1117 864 1132 ,
904 1093 956 1125 sed
976 1094 1006 1124 &

146 1135 409 1168 consuetudinem
431 1136 458 1167 ei
477 1145 686 1174 contrariam,
713 1134 867 1176 Ulpianus
884 1134 902 1166 l.
927 1144 952 1166 1.
976 1134 1005 1176 §.

149 1187 198 1209 11.
223 1178 265 1209 1).
288 1179 415 1217 neuqua
431 1178 601 1217 quocicn'ana
620 1176 656 1210 &³
671 1174 790 1216 aestiva:
820 1185 891 1208 nam
908 1185 1003 1217 agens

147 1219 187 1250 de
215 1218 385 1249 interdicto
420 1220 459 1248 de
490 1227 569 1258 aqua
601 1219 786 1257 quotidiana
817 1217 847 1249 <St
875 1217 1003 1256 aestiva,

147 1260 235 1300 quod
263 1260 300 1288 :id
324 1259 470 1289 tuendam
499 1258 582 1298 quafi
600 1258 819 1298 poffeffionem
844 1258 1004 1290 servitutis

146 1299 346 1340 aquaeductus
362 1301 519 1338 pertinet,
549 1299 588 1330 lic
605 1300 757 1340 loquitur.
799 1300 878 1331 Illud
895 1309 1005 1341 quoque

145 1342 301 1382 quaeritur,
314 1348 412 1371 utrum
428 1350 461 1371 eu
477 1346 592 1371 tuntum
610 1352 687 1382 aqua
702 1342 744 1372 his
761 1340 921 1372 inierdiuz‘s
939 1351 1005 1372 con-

146 1388 273 1413 tineatur
291 1404 300 1419 ,
329 1392 390 1422 quce
411 1384 448 1412 acl
468 1392 573 1424 ugrum
588 1384 772 1423 irrigantium
792 1384 933 1423 pertinet,
965 1391 1005 1414 an,

146 1433 212 1454 vero
239 1425 352 1461 omnis,
383 1424 469 1453 etiam
491 1434 523 1454 ea
539 1447 548 1460 ‚
581 1434 643 1465 quae
669 1426 706 1455 acl
730 1424 812 1463 usum
836 1433 943 1465 quoque
969 1422 1005 1457 δέ)

146 1466 318 1496 commodum
340 1462 465 1504 nostrum
481 1465 497 1496 ἱ)
530 1464 569 1495 Et
585 1468 636 1496 hoc
646 1466 715 1506 jure
739 1468 870 1503 utimur,
900 1471 932 1496 ut
949 1465 1007 1496 haec

145 1515 254 1547 quoque
276 1508 464 1536 contineatur.
509 1506 629 1547 Propter
646 1508 738 1548 quod,
761 1508 846 1537 etiam
855 1505 884 1544 fi
907 1507 939 1537 in
957 1515 1006 1537 ur-

146 1549 222 1578 bana
236 1548 344 1587 praedia
372 1548 437 1588 quis
460 1557 567 1589 aquam
593 1549 692 1579 ducere
716 1548 812 1586 velit,
843 1548 894 1579 hoc
918 1548 1006 1579 inter-

147 1588 257 1619 diuum
274 1588 477 1620 locunisiuhere
493 1588 594 1630 potest.
639 1590 690 1620 Sic
716 1588 889 1630 Ulpianus:
920 1590 1005 1620 addo

146 1630 176 1661 δι
196 1630 394 1670 Pomponius
413 1631 460 1661 lib.
478 1641 526 1671 34.
552 1632 589 1661 acl
613 1630 763 1662 Sabinum.
788 1629 896 1662 Verba
911 1630 1005 1662 Pom-

145 1671 236 1711 ponii
253 1671 272 1702 l.
288 1681 317 1711 3.
335 1670 376 1702 D.
394 1673 452 1704 coci.
472 1678 515 1703 tit.
540 1671 606 1703 Hoc
617 1671 686 1714 jure
701 1673 834 1711 utimur,
865 1677 899 1703 ut
921 1673 1007 1703 etiam

146 1721 203 1743 non
225 1712 263 1743 cul
284 1713 466 1753 irrigantium
483 1737 491 1749 ,
516 1714 567 1753 secl
588 1715 694 1753 pecoris
715 1716 800 1753 causa
820 1713 867 1744 vel
888 1713 1006 1745 anzoeni-

147 1755 217 1784 tatis
234 1763 310 1794 aqua
334 1756 401 1785 auci
424 1753 515 1795 poffit.
558 1754 705 1796 *Uterque
728 1753 882 1796 fignificat
897 1777 907 1793 ,
942 1756 1008 1786 hoc

145 1795 215 1835 jure
231 1804 289 1825 nos
313 1796 379 1834 uti,
402 1795 522 1827 tametsi
537 1797 619 1827 ratio
635 1796 715 1836 Juris
736 1795 917 1828 adversetur
936 1807 945 1828 ι
973 1804 1008 1827 ut

148 1845 229 1876 aqua
253 1835 324 1866 duci
348 1836 441 1876 possit
463 1847 529 1868 non
557 1846 680 1868 tantum
707 1839 745 1868 ad
764 1837 955 1877 irrigandum
979 1847 1010 1867 a·

148 1886 258 1918 grum,
282 1877 313 1907 id
333 1877 395 1914 est,
419 1887 483 1908 non
501 1885 621 1909 tantum
639 1879 678 1909 ad
693 1877 757 1919 agri
773 1878 1007 1910 necess'itatem:

149 1920 191 1948 de
215 1927 274 1958 qua
294 1918 335 1948 ita
360 1918 535 1950 Columella
557 1920 596 1950 lili
622 1930 650 1950 2.
681 1918 722 1952 De
737 1929 766 1950 re
788 1917 896 1959 rustica
913 1929 937 1950 c.
960 1916 1023 1959 17(

147 1958 226 2002 Ejus
250 1960 342 2000 igitur
370 1961 505 1999 (prati)
526 1962 786 1992 animadvertimus
808 1962 861 1991 duo
882 1969 1008 2000 genera,

148 2010 270 2042 quorum
298 2000 419 2031 alterurn
448 1999 486 2041 est
505 2000 670 2038 ficulneum
686 2025 696 2038 ,
727 2001 851 2032 alterum
878 2003 1007 2042 riguum.

149 2041 229 2072 Laeto
243 2042 404 2082 pinguique
426 2050 522 2082 cuinpo
543 2052 599 2073 non
621 2041 796 2080 desideratur
818 2040 943 2082 influens
967 2043 1007 2073 η’-

149 2092 223 2120 vus,
255 2084 405 2123 meliusque
429 2084 549 2114 hczhetur
566 2084 683 2123 frenum
705 2086 778 2125 quod
792 2088 898 2124 suapte
920 2089 1006 2115 nutu-

150 2133 185 2154 ra
204 2126 313 2161 luccow
335 2125 539 2165 gigniturjttlo
557 2148 566 2163 ‚
599 2135 684 2166 quam
702 2126 776 2166 quad
798 2127 954 2166 irrigatum
978 2135 1008 2155 a·

150 2165 215 2204 quis
237 2165 349 2194 elicitur
367 2188 373 2195 .
406 2176 466 2205 quae
486 2176 580 2196 minen
598 2170 673 2205 sunt
700 2165 875 2207 neceffurz'ae,
900 2165 929 2204 fi
949 2176 1008 2200 ma-

149 2206 204 2236 cies
221 2210 299 2236 terrae
312 2204 448 2246 pqliulat.
488 2207 672 2248 Significat,
685 2210 812 2248 inquam
825 2230 834 2246 ,
851 2217 1007 2248 uterque,

152 2248 182 2278 ἃ
198 2245 372 2286 Ulpianus,
397 2259 424 2279 tx
444 2248 657 2288 Pomponius.
691 2250 755 2280 hoc
775 2249 844 2289 jure
869 2259 927 2281 nos
943 2250 1007 2280 uti:

151 2295 188 2319 ut
212 2296 292 2327 aqua
315 2289 387 2319 duci
410 2290 503 2329 possit
525 2300 588 2321 non
615 2298 736 2322 tantum
753 2292 792 2321 ad
815 2291 1007 2332 irrigandum

152 2337 281 2369 agrum,
304 2338 436 2369 propter
453 2332 538 2369 quod
554 2331 775 2371 aquaedufflss,
801 2335 896 2363 etiam
911 2333 942 2363 id
964 2332 1008 2363 in—

153 2369 320 2401 tei-ditium
343 2372 380 2402 ab
403 2372 494 2402 initio
522 2380 689 2412 receptum
706 2373 831 2405 videtur
849 2383 888 2405 ex
907 2373 936 2415 §.
958 2382 1005 2413 13.

153 2412 181 2442 d.
198 2411 217 2442 l.
237 2421 284 2449 1.;
307 2411 358 2443 sed
377 2414 472 2444 ctiam
489 2414 527 2444 ad
545 2415 762 2446 amoenitatem
781 2414 810 2445 &
825 2415 1008 2454 qualecum-

152 2461 216 2493 que
237 2454 444 2485 commodum
470 2454 610 2486 nostrum
628 2479 637 2495 ,
667 2464 733 2495 quo
757 2456 924 2487 occafione
945 2455 1010 2487 five

153 2494 282 2532 urbani,
305 2494 368 2525 sive
391 2495 494 2527 rustici
516 2497 642 2536 praedii,
666 2506 732 2528 non
758 2497 867 2529 nostro
889 2496 1009 2528 benefi-

153 2537 224 2574 cio,
248 2535 403 2568 fruimur:
428 2537 460 2568 id
477 2537 539 2575 est,
562 2546 596 2568 ut
619 2539 735 2570 dicitur
750 2538 782 2570 in
801 2539 830 2570 d.
853 2538 883 2580 ᾗ.
902 2548 947 2579 13.
973 2536 1010 2572 &¹

156 2585 204 2615 14.
228 2579 370 2617 quamvis
390 2579 429 2609 ad
450 2578 599 2619 rigandos
623 2589 798 2620 agros'non
822 2580 858 2612 fit
874 2579 1010 2612 necessa-

153 2619 199 2648 ria
213 2641 222 2655 ,
247 2620 277 2649 oc
300 2618 363 2650 five
382 2619 462 2650 intra
480 2621 609 2659 urbem,
641 2622 704 2653 live
722 2629 811 2652 extra
832 2621 944 2652 urbem
961 2619 1009 2651 sit.

154 2657 296 2690 Tantum
319 2659 390 2691 usus
409 2661 532 2700 valuit3
565 2661 731 2703 postquam
758 2662 876 2694 habere
901 2671 1010 2703 coepe-

156 2707 228 2731 runt
250 2700 384 2732 Veteres
400 2711 465 2734 non
490 2704 588 2734 modo
604 2704 642 2735 ad
661 2705 807 2744 rigandos
830 2713 923 2745 agros
940 2727 950 2742 ‚
979 2703 1012 2734 id

159 2739 223 2779 est,
244 2742 282 2773 acl
299 2752 409 2774 eoi-um
426 2745 640 2776 neceffitatem
656 2768 666 2784 ,
688 2745 742 2776 sed
759 2747 789 2776 in
808 2745 909 2776 hortis
932 2753 1012 2784 quo-

161 2788 250 2826 que,
263 2783 310 2828 ὃς,
333 2793 373 2816 ne
391 2786 429 2815 de
447 2785 494 2817 liis
512 2787 613 2817 (licam
626 2810 635 2825 ‚
656 2788 750 2818 etiam
767 2787 796 2816 in
817 2786 937 2817 aedibus
953 2786 1012 2816 suis

159 2829 197 2850 ac
215 2823 355 2855 tricliniis
377 2826 405 2856 &
423 2827 593 2864 cubiculis,
625 2829 752 2868 euripos
776 2827 846 2859 suos
865 2828 894 2858 ὅ(
913 2827 1013 2858 flumi-

160 2870 200 2892 na
218 2883 228 2899 ,
257 2871 327 2895 cum
352 2868 390 2897 ad
414 2867 552 2900 diversos
577 2867 645 2900 usus
662 2892 672 2907 ‚
707 2878 773 2900 turn
791 2870 828 2900 ad
851 2870 1013 2899 amoenita-

161 2908 236 2934 tem.
286 2902 337 2935 De
359 2906 407 2938 his
429 2908 549 2939 Seneca
571 2909 620 2941 lib.
644 2921 672 2950 3.
696 2910 840 2942 Natural.
865 2907 961 2951 quaeft.
987 2920 1011 2941 c.

162 2952 210 2991 1⁸7.
236 2943 354 2986 Quanto
373 2949 583 2981 incredibiliora
596 2951 665 2987 lunt
680 2959 763 2990 opera
784 2952 928 2989 luxuriae,
945 2961 1012 2991 quo-

159 2991 233 3016 tiens
253 2993 388 3017 naturam
412 2997 463 3019 aut
484 2993 620 3023 mentitur
644 3000 696 3023 aut
716 2994 810 3024 vincit
828 2992 845 3024 .9
874 2995 911 3024 ln
925 2993 1013 3024 cubili

159 3033 265 3073 natant
277 3028 383 3067 pisces,
407 3028 442 3062 {2⁴³
459 3032 507 3066 [ub
523 3034 581 3071 ipsu
599 3034 692 3073 mensu
713 3036 829 3074 cupitur
848 3057 858 3071 ,
891 3031 1012 3074 quista·

159 3073 212 3099 tun
238 3070 434 3109 transfiratnr
460 3072 490 3101 in
514 3078 647 3111 mensum.
694 3074 797 3106 Etiam
822 3075 939 3107 Plinius
962 3076 1010 3107 lib.

158 3120 190 3151 5.
214 3108 305 3156 Epist.
325 3115 353 3142 6.
379 3112 484 3143 Verba
505 3113 602 3144 Plinii.
634 3114 686 3156 Est
701 3115 737 3150 ἐξ
754 3117 835 3147 uliud
852 3117 1014 3148 cubiculum

159 3161 177 3182 cz
191 3158 322 3191 proxima
340 3153 460 3192 platano
485 3156 577 3185 viride
596 3155 632 3190 ὅ)
657 3160 844 3195 umbrosum,
875 3168 1013 3189 marmore

160 3193 337 3233 exsculptum
352 3198 434 3235 potiiv
460 3204 561 3229 tenus:
591 3208 641 3229 uec
658 3200 729 3230 cedit
742 3200 844 3241 gratiae
865 3201 1013 3231 marmoris

1327 95 1419 132 LiB.
1471 92 1496 131 Ι.
1887 102 1907 137 7

1046 194 1139 218 ramos
1155 184 1361 227 insidentesque
1377 184 1464 216 ramis
1482 192 1550 214 aves
1566 183 1683 214 imitata
1695 179 1831 223 pinum,
1861 181 1910 213 cui

1036 226 1136 269 subest
1145 228 1325 268 fonticulus.
1350 227 1387 258 ln
1401 227 1450 257 hoc
1459 226 1546 265 sonte
1565 231 1677 262 crater,
1702 226 1776 254 circa
1789 223 1910 263 fiphun-

1045 269 1228 342 c‘uZ-“fflum
1236 269 1351 308 miscent
1357 264 1595 310 jucundiffimum
1604 274 1746 296 murmur.
1773 265 1889 296 Statius
1900 286 1911 303 ,

1044 320 1076 342 in
1113 321 1122 342 i
1142 318 1249 342 urtuzo.

1083 371 1134 404 An
1146 370 1296 412 pit‘izcrata
1317 369 1443 401 lucentia
1465 376 1607 400 marmora
1628 374 1714 398 vena.

1085 418 1182 450 Mirer
1194 442 1203 457 ‚
1225 428 1264 449 (in
1282 416 1392 457 ennffas
1402 425 1455 458 per
1469 414 1574 447 euntia
1594 416 1700 446 cubilia
1716 412 1843 455 lymphas
1853 411 1871 444 ζ’

1048 478 1165 510 Rursus
1185 478 1304 509 Seneca
1331 477 1379 508 lib.
1401 487 1427 508 1.
1452 475 1595 508 Natural.
1621 473 1717 517 quaest.
1739 475 1771 505 in
1788 473 1908 514 praefat.

1050 520 1121 551 Non
1145 517 1232 559 potest
1254 524 1320 550 aute
1343 524 1523 549 contemmere
1541 518 1672 556 porticus
1701 515 1737 550 ὅ)
1760 515 1913 550 lacunaria

1048 561 1284 602 eborefulgentici
1311 558 1347 594 &2³
1360 558 1589 600 penfilessylvas
1607 557 1643 592 δ’
1663 559 1795 588 derivata
1817 557 1847 586 in
1865 557 1912 586 do-

1047 612 1105 633 nzos
1112 601 1257 642 flumina,
1275 611 1362 642 quam
1377 601 1436 631 ἃς.
1456 600 1542 631 Idem
1561 599 1607 630 De
1622 597 1833 639 tranquillitate
1842 598 1913 642 *ani-

1047 645 1088 673 mi
1104 654 1128 673 c.
1152 653 1177 674 1.
1196 642 1272 683 'Jum
1297 645 1395 673 domus
1420 643 1505 672 etiam
1528 649 1587 681 qua
1607 640 1738 670 calcatur
1758 640 1912 679 prcettqsa.

1049 684 1085 718 ὅ)
1112 685 1224 715 divitiis
1235 692 1288 723 per
1303 692 1395 713 omnes
1418 682 1540 723 angulos
1560 679 1697 721 diſjipatis
1714 703 1723 718 ,
1755 678 1828 710 tetta
1851 680 1913 719 ipsa

1041 726 1214 767 fulgentia,
1238 724 1275 758 ἐξ)
1293 723 1442 765 affettator
1459 726 1600 763 conieyque
1612 722 1852 762 patrimoniorum
1861 727 1911 760 pe-

1049 768 1194 797 reuntium
1215 767 1349 806 populus.
1399 765 1482 811 Quid
1502 764 1680 804 perlucentes
1706 763 1743 794 cul
1768 762 1858 792 imum
1882 771 1913 791 a·

1048 818 1139 849 qitzar,
1163 806 1199 841 ὅ)
1216 805 1446 846 circunffluenzes
1463 807 1523 846 ipsa
1547 803 1707 835 convivia?
1727 805 1796 844 quid
1814 802 1912 843 epulas

1049 850 1174 890 loquar?
1206 847 1306 878 Vides
1332 847 1460 878 delicias
1481 848 1509 877 ἁ
1538 845 1693 876 luxuriam
1714 846 1832 875 civium
1849 843 1913 874 Ro-

1048 898 1213 921 manorum
1227 913 1235 926 ,
1260 889 1398 920 immane
1422 895 1575 928 quantum
1593 887 1799 918 recedentem
1823 894 1839 915 a
1857 895 1911 916 ve-

1048 938 1116 961 tere
1146 930 1344 970 simplicitate
1362 952 1371 968 ,
1403 929 1466 960 sive
1490 927 1673 960 rusticitate.
1723 927 1780 972 llla
1805 934 1911 972 tamen

1047 971 1215 1012 postquam
1233 971 1387 1008 invaluit,
1410 970 1485 1011 quid
1503 970 1639 1007 mii-um,
1669 968 1690 1000 fi
1714 977 1767 1009 qui
1789 967 1911 1008 grassati

1047 1012 1116 1043 sunt
1132 1022 1188 1052 per
1209 1021 1315 1043 mores
1335 1012 1413 1043 tales
1429 1034 1438 1049 ,
1470 1011 1599 1042 tandem
1623 1009 1825 1050 neglexerint
1846 1018 1911 1040 ma-

1045 1055 1149 1094 jorum
1166 1053 1367 1084 severitatem
1379 1061 1494 1092 ,atque
1511 1053 1592 1083 adeo
1613 1051 1771 1092 coeperint
1786 1049 1852 1081 hoc
1867 1051 1913 1090 ju-

1048 1105 1082 1127 re
1100 1095 1143 1125 uti
1164 1102 1276 1127 conti-a
1293 1094 1432 1134 regulam
1450 1093 1548 1132 Juris3
1564 1099 1600 1123 ut
1617 1102 1686 1132 qua:
1703 1101 1782 1132 aqua
1798 1093 1836 1124 ad
1853 1100 1913 1123 do-

1048 1136 1123 1168 mini
1149 1134 1212 1166 five
1238 1136 1458 1166 amoenitatem
1483 1133 1547 1165 five
1567 1134 1657 1164 aliam
1685 1136 1809 1173 qualem
1836 1142 1911 1174 qua-

1048 1178 1110 1209 lem
1130 1177 1300 1208 utilitatem
1324 1176 1525 1216 pertineret,
1549 1184 1587 1205 ea
1611 1175 1772 1206 videretur
1793 1174 1831 1206 ad
1855 1175 1912 1206 do-

1046 1219 1193 1251 minantis
1210 1217 1318 1258 praedii
1335 1218 1505 1248 utilitatem
1521 1224 1557 1246 ac
1573 1215 1757 1247 servitutem
1781 1215 1912 1255 referri,

1047 1261 1077 1292 ὅ(
1094 1260 1214 1291 idcirco
1228 1259 1323 1290 etiam
1341 1257 1510 1289 interdicto
1526 1257 1697 1288 contineri.
1722 1258 1763 1288 At
1778 1257 1913 1288 ininter-

1048 1301 1135 1332 dicto
1146 1309 1210 1341 quo
1227 1301 1267 1331 de
1286 1297 1608 1340 aguntJurisconsulti
1627 1299 1657 1329 in
1667 1299 1695 1329 d.
1707 1297 1736 1338 §.
1750 1307 1796 1329 ii.
1808 1298 1836 1329 <St
1850 1300 1876 1329 d.
1889 1300 1910 1330 l.

1046 1352 1075 1383 3.
1091 1351 1156 1374 nou
1173 1341 1355 1382 respicitur3
1382 1349 1486 1372 utrum
1503 1340 1588 1372 utilis
1604 1340 1632 1371 &
1649 1339 1820 1371 necessaria
1835 1348 1913 1379 prze-

1049 1385 1103 1415 dio
1120 1382 1157 1414 fit
1173 1392 1273 1423 aqua;
1297 1391 1335 1413 ari
1352 1382 1392 1414 ad
1411 1382 1611 1422 voluptatem
1635 1389 1687 1412 aut
1708 1381 1792 1412 aliud
1819 1381 1913 1421 quale

1048 1425 1151 1465 quale·
1167 1424 1377 1455 commodum
1403 1423 1520 1454 ducta:
1551 1422 1820 1463 quemadmodum
1852 1430 1913 1453 nec

1049 1465 1220 1507 quaeritur,
1241 1472 1348 1496 uti-um
1369 1473 1449 1504 aqua
1465 1464 1554 1504 jure,
1570 1474 1609 1495 an
1627 1463 1734 1502 secus,
1759 1464 1913 1495 debeatur
1952 1467 1956 1471 ⁴

1047 1508 1066 1539 l.
1087 1516 1112 1539 1.
1131 1507 1159 1549 ᾗ.
1180 1516 1226 1538 10.
1244 1506 1286 1538 D.
1303 1507 1361 1537 eod.
1379 1507 1424 1537 tit.
1443 1504 1578 1543 scilicet,
1600 1506 1672 1545 quia
1690 1507 1721 1536 iii
1737 1504 1914 1537 auionibus

1049 1558 1120 1589 quae
1138 1549 1177 1580 de
1195 1547 1398 1579 servitutibus
1417 1545 1504 1585 sunt,
1527 1548 1574 1585 jus
1592 1546 1751 1585 versatur,
1770 1547 1801 1577 in
1817 1547 1913 1577 inter-

1049 1589 1140 1622 dietis
1155 1589 1274 1621 fattum
1292 1589 1310 1619 l.
1329 1599 1358 1620 2.
1376 1588 1404 1630 §.
1417 1588 1475 1629 fin.
1489 1587 1530 1620 D.
1548 1588 1581 1619 Si
1586 1588 1718 1628 firvitus
1731 1589 1913 1619 vindicetur:

1050 1632 1160 1671 itaque
1179 1640 1220 1662 cx
1236 1630 1292 1662 illo
1308 1631 1424 1669 titulo,
1450 1638 1521 1670 quoe
1536 1630 1645 1669 praedii
1657 1653 1666 1668 ‚
1689 1638 1824 1669 quaeque
1841 1639 1911 1669 per-

1050 1672 1135 1704 sonae
1154 1696 1164 1712 ,
1194 1671 1231 1703 fit
1245 1678 1299 1702 aut
1317 1671 1450 1703 servitus
1468 1694 1479 1710 ,
1511 1678 1564 1702 aut
1582 1671 1737 1712 obligatio
1758 1694 1767 1708 ,
1802 1680 1913 1711 parum

1050 1714 1136 1746 recte
1158 1713 1327 1745 evincitur.
1372 1712 1493 1744 Verum
1521 1712 1590 1752 quis
1613 1722 1678 1744 non
1698 1712 1811 1751 videt,
1843 1712 1914 1743 lizec

1050 1755 1150 1796 magis
1168 1753 1311 1793 diversa,
1337 1763 1431 1795 quam
1447 1754 1606 1785 contraria
1633 1753 1695 1785 esse
1714 1753 1731 1784 ,9
1762 1753 1794 1784 ln
1819 1754 1915 1785 inter-

1051 1797 1142 1828 dietis
1164 1795 1284 1827 factum
1300 1795 1459 1834 versatur,
1483 1804 1548 1826 non
1566 1795 1632 1835 jus:
1662 1795 1817 1835 numquid
1834 1804 1913 1835 ergo

1050 1837 1179 1869 obtinet
1205 1836 1437 1874 interdistum‚
1467 1835 1556 1867 simul
1584 1845 1680 1877 atque
1711 1845 1792 1877 aqua
1818 1837 1913 1867 unua

1052 1877 1097 1910 est
1111 1878 1128 1909 Ξ)
1150 1879 1181 1909 in
1202 1877 1372 1909 interdicto
1390 1886 1456 1908 non
1474 1877 1642 1916 quaeritur,
1671 1878 1739 1917 jure
1757 1877 1927 1920 debeatur¹

1052 1928 1157 1957 aqua:
1189 1928 1266 1959 ergo
1292 1918 1371 1950 nihil
1397 1917 1498 1949 refert
1516 1941 1525 1956 ,
1556 1917 1689 1949 sei-vitus
1715 1918 1789 1958 Jure
1817 1918 1912 1950 Civili

1052 1959 1115 1991 esse
1134 1960 1227 2000 poffit
1242 1982 1252 1998 ,
1283 1968 1344 1990 nec
1368 1968 1408 1990 ne
1424 1959 1440 1990 ἱ)
1472 1957 1560 2001 Quin
1582 1960 1690 1999 potius
1714 1961 1865 1999 dicimus,
1892 1959 1914 1991 fi

1052 2000 1204 2039 constet,
1237 2000 1363 2032 duCtam
1396 1999 1459 2032 effe
1482 2009 1596 2040 aquam
1628 2010 1699 2042 quae
1729 2001 1915 2033 servitutem

1051 2051 1118 2074 non
1135 2041 1252 2083 respuit
1272 2053 1280 2075 ε
1312 2050 1379 2073 tum
1403 2051 1468 2073 nou
1492 2042 1610 2081 quaeri3
1643 2050 1748 2073 utrum
1770 2043 1837 2081 jure
1861 2044 1915 2074 de-

1050 2084 1162 2115 beatur
1183 2092 1264 2124 aqua
1282 2093 1322 2114 ex
1340 2083 1461 2115 domini
1478 2084 1665 2122 voluntate3
1698 2093 1736 2114 an
1761 2083 1825 2115 sine
1845 2085 1913 2124 Jure

1050 2125 1142 2156 ducta
1166 2124 1220 2156 fit:
1243 2125 1375 2156 alterum
1397 2125 1481 2155 enim
1500 2148 1508 2162 ‚
1539 2125 1612 2164 quia
1636 2124 1708 2156 faeti
1728 2124 1794 2164 est,
1817 2124 1848 2156 in
1867 2125 1913 2156 in-

1051 2166 1241 2203 terdicium3
1264 2166 1418 2204 alterum,
1443 2166 1516 2207 quia
1532 2166 1628 2206 juris,
1653 2167 1684 2197 in
1708 2167 1914 2207 proprietatis

1050 2207 1258 2247 quaestionem
1276 2231 1286 2246 ,
1313 2208 1432 2239 venire.
1476 2205 1543 2247 Ipse
1568 2216 1657 2239 certe
1686 2206 1840 2248 Ulpianus
1863 2217 1913 2239 au-

1051 2249 1120 2280 tior
1138 2247 1184 2280 est
1206 2249 1237 2280 in
1264 2248 1284 2280 l.
1306 2258 1333 2280 1.
1349 2248 1377 2290 §.
1394 2259 1423 2288 5.
1440 2247 1476 2282 δέ)
1493 2252 1524 2280 6,
1548 2248 1589 2279 D.
1609 2250 1642 2280 de
1666 2259 1742 2291 aqua
1770 2250 1914 2289 quotidin-

1050 2299 1090 2321 na
1106 2289 1143 2324 &P
1158 2287 1258 2331 aestivu
1276 2313 1286 2328 ,
1317 2289 1492 2321 Praetorem
1520 2290 1607 2330 loqui
1634 2291 1674 2322 de
1697 2300 1734 2321 ea
1747 2290 1811 2322 sola
1832 2299 1913 2330 aqua

1050 2340 1121 2372 quae
1140 2332 1289 2371 perennis
1305 2330 1369 2363 est:
1392 2340 1453 2362 nec
1471 2332 1511 2362 de
1528 2332 1658 2369 pei-enni
1680 2339 1803 2363 tantum
1821 2355 1830 2369 ,
1860 2331 1914 2364 sed

1051 2382 1122 2413 quae
1147 2372 1220 2404 duci
1245 2372 1360 2412 potest.
1402 2371 1445 2403 Et
1471 2373 1502 2404 in
1523 2372 1552 2414 §.
1575 2383 1602 2412 7.
1627 2373 1749 2414 ejusdem
1770 2373 1824 2404 loci
1850 2374 1913 2412 ait,

1052 2414 1122 2445 haec
1143 2414 1311 2445 interdieta
1331 2414 1371 2445 de
1390 2422 1486 2454 aqua,
1512 2413 1590 2445 item
1605 2414 1645 2445 de
1667 2413 1761 2446 sonte
1778 2438 1787 2452 ‚
1819 2415 1914 2455 perti-

1052 2465 1129 2486 nere
1148 2455 1186 2486 ad
1205 2464 1272 2486 eam
1294 2464 1407 2495 aquam
1425 2464 1496 2495 qua:
1519 2464 1535 2485 a
1553 2457 1658 2496 capite
1677 2456 1821 2493 ducitur,
1846 2465 1914 2488 non

1053 2498 1197 2528 aliunde:
1222 2505 1293 2527 nam
1309 2496 1419 2527 harum
1437 2505 1589 2535 aquarum
1609 2497 1705 2528 etiam
1729 2496 1913 2529 servitutem

1052 2537 1126 2577 Jure
1150 2537 1254 2569 Civile
1277 2537 1364 2578 poffe
1391 2537 1551 2569 constitui.
1597 2537 1690 2570 Unde
1714 2538 1915 2579 consequens

1054 2578 1118 2617 est,
1142 2586 1178 2610 ut
1191 2579 1305 2619 quibus
1329 2578 1449 2612 casibus
1466 2578 1539 2619 Jure
1560 2578 1654 2611 Civili
1680 2579 1787 2621 potest
1807 2581 1913 2611 valere

1053 2619 1185 2651 servitus
1209 2620 1411 2661 aquaeducuis
1428 2643 1438 2659 ,
1467 2620 1579 2652 iisdem
1605 2630 1735 2662 quoque
1762 2622 1915 2652 interdic-

1054 2668 1121 2692 tum
1138 2661 1247 2693 locuni
1271 2661 1407 2693 habeat:
1429 2661 1542 2702 quibus
1565 2671 1671 2694 autem
1696 2662 1827 2694 servitus
1846 2671 1911 2693 non

1053 2702 1160 2743 potest
1176 2704 1299 2740 valere,
1325 2711 1386 2734 nec
1402 2703 1438 2734 iis
1461 2703 1589 2743 quidem
1608 2704 1810 2736 interdiCtum
1829 2704 1913 2735 obti-

1038 2752 1152 2785 ‘neatt
1185 2745 1304 2785 quippe
1334 2745 1373 2775 acl
1398 2744 1613 2785 obligationes
1643 2744 1823 2785 personales
1847 2755 1912 2776 non

1054 2786 1218 2826 pertinens
1241 2795 1304 2827 arg.
1322 2786 1341 2816 l.
1362 2796 1390 2817 2.
1415 2785 1457 2816 D.
1481 2785 1615 2828 Quorum
1632 2788 1767 2818 bonorum
1789 2786 1913 2818 Posti-e·

1054 2836 1128 2865 1110,
1153 2836 1225 2858 cum
1243 2828 1356 2858 volunt
1379 2825 1612 2867 jurisconsulti,
1643 2829 1682 2859 ad
1708 2827 1913 2859 interdiClum

1055 2877 1185 2899 omnem
1204 2869 1363 2908 pertinere
1379 2878 1509 2908 aquam3
1534 2869 1596 2900 five
1615 2869 1731 2900 habeat
1747 2869 1913 2900 amoenita-

1055 2917 1140 2948 tem3
1163 2909 1226 2941 five
1248 2910 1379 2950 pecoris
1396 2911 1505 2946 usum3
1535 2909 1599 2941 five
1627 2911 1711 2942 aliud
1729 2910 1912 2949 qualecum-

1054 2960 1117 2992 que
1138 2951 1248 2991 praedii
1274 2952 1482 2983 commodum
1507 2952 1595 2991 quod
1621 2961 1684 2983 non
1714 2954 1822 2991 utique
1845 2951 1911 2990 ejus

1054 2992 1271 3024 necessitatem
1300 2993 1494 3024 concernit:
1525 3001 1591 3024 tum
1620 2991 1744 3024 necess'e
1774 2990 1843 3026 est,
1875 2999 1912 3022 ut

1054 3033 1143 3074 poffe
1166 3035 1260 3065 etiam
1285 3036 1428 3066 omnium
1456 3034 1566 3065 harum
1589 3042 1738 3074 aquarum
1761 3031 1912 3064 constitui

1055 3076 1239 3108 servitutem
1261 3085 1333 3107 cum
1357 3075 1465 3115 praedii
1479 3099 1489 3114 ‚
1514 3083 1579 3106 tum
1598 3074 1739 3114 persouae
1757 3097 1766 3111 ,
1796 3073 1912 3115 signifi-

1056 3124 1154 3148 cent.-
1187 3126 1258 3148 nam
1275 3119 1315 3149 de
1338 3126 1470 3156 utraque
1489 3116 1626 3156 praediali
1646 3114 1815 3154 servitute,
1847 3117 1912 3146 hoc

1056 3157 1102 3189 est
1119 3182 1129 3195 ,
1156 3158 1186 3189 δε
1211 3159 1322 3190 rustica
1341 3160 1369 3189 ἃ
1399 3158 1540 3194 urbana,
1569 3157 1616 3197 agi
1641 3157 1669 3188 in
1695 3158 1723 3188 zi.
1745 3157 1774 3199 §.
1801 3165 1847 3188 11.
1871 3157 1912 3187 de

1054 3199 1211 3240 personali
1229 3210 1306 3232 vero
1324 3203 1355 3232 in
1372 3200 1399 3231 d.
1416 3198 1444 3239 ὃ.
1468 3207 1514 3231 12.
1539 3198 1639 3229 ibidem
1653 3198 1804 3240 sentiente,
1828 3198 1911 3228 clare

1868 3248 1916 3269 izi·
