2052 3487
330 124 856 166 D1octtr1ANus

728 249 941 284 CAPUT

921 127 989 156 Ετ
1051 120 1515 159 ΜΑκΙΜῙΑΝσε.

1747 135 1818 173 233

1009 244 1129 286 VIII.

37 344 107 384 Rea
130 347 268 394 quidem,
291 343 324 392 si
356 356 423 381 cum
455 340 627 389 accusatore
661 342 849 385 transegerit
881 341 916 375 de
951 341 1078 376 crimine
1113 339 1191 386 qiioil
1220 340 1328 374 mortis
1358 347 1481 386 poenam
1514 339 1684 380 contineat,
1712 344 1818 372 trans-

111 397 239 432 actionis
271 396 392 430 veniam
425 393 493 427 dari
503 400 512 424 .·

536 389 599 437 sed
631 389 825 424 nihilominus
858 389 975 424 iiiillain
1001 387 1060 435 effi
1085 389 1333 424 transatiionem.

1389 389 1542 433 Ulpianus
1575 388 1597 422 l.
1624 388 1680 421 ult.
1708 387 1752 421 D.
1779 387 1817 421 de

108 444 377 492 proevaricatione,
403 439 444 480 ἐξ
471 441 491 474 l.
522 451 551 475 1.
578 439 621 473 D.
648 438 684 471 de
708 438 792 471 bonis
818 448 920 471 eorum
946 439 996 483 qui
1030 446 1102 473 ante
1120 436 1309 484 sententiam
1343 443 1469 472 mortem
1494 434 1558 481 fibi
1589 435 1819 481 consciverunt,

114 491 272 541 expositus.
321 491 523 537 Imperatores
546 498 675 535 quoque,
703 486 831 521 Severus
859 483 900 525 &J
925 487 1126 530 Antoninus,
1151 487 1232 533 apud
1255 488 1407 521 Macrum
1432 485 1452 519 l.
1483 495 1513 520 2.
1540 485 1584 520 D.
1611 485 1673 521 eod.
1700 486 1749 519 tit.

127 604 185 633 na,
208 593 347 634 inquies,
379 591 418 622 ab
441 590 500 621 hac
524 589 644 630 Regula
668 588 842 629 exceptio,
865 586 904 620 In

138 636 300 677 sanguine:
329 642 421 674 quam
448 630 597 662 observat
622 628 777 671 Ulpianus
800 630 819 660 l.
844 629 901 660 ult.

39 679 84 710 D.
103 679 136 709 de
147 675 389 717 prevaricatione.
434 671 563 713 Nempe
581 672 604 704 is
620 672 667 703 lib.
691 684 721 710 4.
746 670 792 701 De
811 669 904 708 Censi-

40 723 104 757 bus,
115 727 155 749 ex
165 727 228 757 quo
245 725 279 747 ea
292 717 342 747 lex
356 714 418 754 est,
430 714 608 755 disputabat
623 715 662 744 de
678 713 810 744 crimine
821 711 904 742 frau-

40 761 105 793 dati
119 758 251 790 census:
275 756 336 797 (fic
348 763 482 787 vocatur
500 755 519 786 l.
535 765 560 787 1.
579 755 610 785 C.
629 756 662 785 de
676 751 906 796 quaestionibus)

38 809 176 840 cumque
193 806 374 830 occurreret
384 796 515 838 quaestio
531 797 570 828 de
586 797 654 836 Jure
665 794 884 826 transactionis
896 816 906 832 ,

41 843 92 876 Ne
105 842 163 882 fiat
183 840 323 880 accusatio
331 839 471 879 fraudati
486 838 583 878 census
590 848 601 874 ‚-
626 837 780 878 negabm,
806 836 905 866 videri

41 882 281 917 transactionem
298 880 520 921 pastionemve
542 888 612 918 quae
634 879 673 909 de
699 877 832 909 crimine
849 875 905 908 fie-

44 933 104 957 ret.
126 922 366 963 corruptionem
385 920 465 960 effe,
489 920 695 952 existimabat.
720 920 795 960 quin
812 919 906 949 adde-

42 967 115 1005 bat,
138 965 173 997 In
196 965 324 995 omnibus
347 960 460 1001 causis,
479 968 676 1003 praeierquani
692 961 724 991 iii
743 961 906 1001 languine,

44 1009 95 1049 qui
119 1007 266 1038 delatorem
290 1005 434 1045 corrupit,
458 1013 495 1034 ex
521 1002 770 1041 Senatusconsulto
792 1010 842 1041 pro
859 1002 906 1031 vi-

46 1049 87 1080 tto
115 1048 219 1079 baberi.
261 1045 314 1077 Est
337 1054 413 1086 ergo
439 1045 470 1076 in
496 1045 663 1075 criminum
696 1042 908 1074 transactione

45 1090 115 1122 haec
137 1087 259 1129 insignis
283 1086 450 1127 exceptio,
486 1085 684 1126 Praeerquam
704 1087 737 1115 in
752 1084 905 1125 languine.

48 1131 110 1163 Sed
127 1139 195 1170 quae
214 1129 278 1169 eius
297 1129 344 1159 vis
360 1137 396 1159 ac
412 1126 549 1168 potestas
565 1126 619 1165 lit,
643 1127 783 1158 nondum
795 1126 906 1166 liquet.

47 1171 121 1205 Nec
137 1179 239 1202 tamen
256 1169 437 1208 intercedo,
460 1178 523 1209 quo
536 1169 638 1199 minus
649 1168 691 1198 ita
707 1175 907 1206 exponatur,

50 1214 245 1253 Praeterquam
260 1212 290 1242 in
308 1212 423 1242 crimine
439 1211 520 1252 cujus
534 1217 619 1250 paena
634 1208 674 1247 fit
692 1219 767 1240 mors
783 1214 907 1239 natura-

49 1255 95 1287 lis.
118 1254 196 1285 lllud
212 1261 274 1283 non
291 1260 379 1288 aeque
397 1252 513 1292 patiar,
538 1251 592 1282 etsi
609 1260 721 1282 omnes
739 1249 908 1287 suadeant,

51 1305 119 1329 eam
134 1294 264 1335 perinde
278 1293 437 1330 exaudiri3
459 1302 496 1324 ac
510 1292 533 1325 fi
548 1293 645 1331 velit,
662 1291 909 1323 transactionem

51 1346 120 1378 quae
136 1336 166 1367 in
182 1335 327 1374 sanguine
343 1334 397 1365 fiat
410 1357 418 1372 ‚
440 1334 523 1366 inter
540 1334 755 1365 accusatorem
774 1333 803 1364 δι
819 1342 909 1364 reum

49 1377 173 1413 valere,
196 1374 279 1416 quasi
294 1375 414 1416 legibus
433 1376 660 1417 approbatam,
686 1383 738 1406 aut
755 1384 819 1405 non
838 1383 910 1414 pro-

46 1418 188 1451 hibitam.
211 1417 243 1448 id
259 1417 341 1448 enim
358 1427 468 1449 verum
484 1426 549 1449 non
566 1416 628 1452 est;
652 1426 757 1456 neque
780 1415 910 1456 Ulpiani

45 1459 151 1491 verbis
167 1458 322 1499 congruit.
346 1458 390 1490 ait
406 1458 450 1497 is,
474 1468 562 1490 reum
581 1460 610 1489 in
625 1457 715 1489 causa
732 1457 908 1498 sanguinis,

45 1501 90 1533 ob
106 1499 363 1538 transactionem,
387 1498 408 1532 fi
433 1509 527 1540 quam
552 1500 685 1538 fecerit,
709 1509 773 1530 non
801 1498 910 1529 haberi

45 1551 107 1583 pro
130 1541 214 1573 victo
229 1564 239 1580 ,
261 1540 294 1572 id
317 1540 362 1573 est
377 1564 387 1580 ,
411 1542 454 1572 ob
478 1551 546 1573 eam
563 1551 603 1572 ex
628 1539 910 1572 Senatusconsulto

46 1593 114 1616 non
131 1584 249 1623 puniri:
273 1582 351 1614 nihil
384 1591 546 1622 praeterea.
588 1582 754 1614 Postremo
776 1582 831 1613 ista
853 1581 909 1612 mi—

47 1625 82 1656 hi
99 1623 231 1664 suspicio
247 1624 311 1662 est,
332 1634 461 1664 poenam
487 1627 630 1665 corrupti
657 1624 807 1655 delatoris
826 1622 911 1663 apud

46 1665 223 1707 Ulpianum
241 1666 271 1697 in
288 1667 315 1697 d.
340 1666 360 1696 l.
385 1666 439 1696 ult.
465 1665 747 1697 Senatusconsulto
757 1664 911 1703 adscribi3

45 1707 102 1739 :sed
124 1707 372 1746 exceptionem,
397 1707 604 1748 Praeterquam
619 1707 822 1748 insanguine,
845 1714 912 1737 non

46 1747 329 1780 Senatusconsulto
362 1747 470 1778 deberi
489 1758 498 1785 3
536 1747 588 1778 sed
621 1747 768 1780 Decreto
791 1747 910 1779 Princi-

44 1798 150 1831 pum:
180 1789 293 1829 quibus
310 1788 424 1819 deinde
449 1788 546 1820 visum
575 1789 606 1820 in
631 1789 827 1829 Cognitione
849 1787 912 1820 fuit

50 1829 468 1870 Senatusconsultirigorem
482 1829 512 1861 in
523 1828 610 1860 causa
626 1829 780 1871 sanguinis
798 1830 911 1861 laxare.

47 1871 218 1909 ¹intererit,
248 1870 317 1901 haec
342 1871 449 1910 paucis
472 1869 692 1903 confirmasse:
723 1871 794 1911 quia
817 1870 914 1901 facile

53 1913 225 1950 evincunt,
250 1912 336 1952 quod
354 1912 444 1950 dixi,
469 1912 714 1944 transastionem
731 1914 770 1943 de
786 1912 915 1952 capitali

50 1954 184 1986 crimine
201 1953 251 1984 illa
263 1954 476 1993 exceptione,
499 1953 694 1995 Proeterquani
710 1953 914 1993 insanguine,

52 1996 136 2036 apud
155 1993 328 2035 Ulpianum
345 1996 376 2025 in
392 1995 420 2025 il.
445 1995 464 2025 l.
488 1995 542 2026 ult.
568 2004 632 2026 non
647 1995 828 2035 approbari.
853 1993 915 2025 Cu-

49 2037 98 2078 jus
114 2045 218 2067 autem
240 2036 345 2075 potius
363 2045 432 2066 utar
449 2036 651 2075 testimonio,
677 2046 769 2076 quam
790 2035 916 2075 Ulpiani

51 2079 139 2118 cujus
158 2076 309 2108 sententia
325 2077 488 2117 quaestioni
503 2077 574 2109 cst?
598 2078 622 2108 is
641 2087 718 2108 vcro
737 2078 768 2109 in
784 2078 803 2107 l.
833 2086 856 2108 1.
874 2076 916 2108 D.

54 2121 88 2151 de
107 2120 185 2150 bonis
202 2128 298 2149 eorum
313 2119 364 2159 qui
385 2125 453 2149 ante
463 2119 642 2158 sententiam
657 2125 774 2149 mortem
785 2117 839 2156 fibi
855 2128 918 2149 con-

46 2162 219 2202 sciverunt,
243 2160 259 2199 (
270 2169 340 2199 quae
359 2159 403 2191 est
420 2169 460 2191 ex
476 2160 524 2191 lib.
548 2165 577 2194 8.
604 2159 862 2201 Diſjoutiiiz'oiiuin,
877 2169 918 2191 ex

56 2211 121 2242 quo
147 2201 190 2232 est
214 2210 344 2241 quoque
366 2201 386 2232 l.
412 2211 460 2237 29-
491 2201 533 2232 D.
557 2202 677 2243 dejure
695 2200 778 2241 fisci,
801 2202 841 2232 de
859 2211 920 2241 qua

55 2243 218 2283 superiore
242 2242 349 2273 monui
366 2243 500 2283 capite)
523 2242 560 2273 In
584 2243 770 2284 capitalibus,
795 2243 919 2283 inquit,

58 2284 226 2315 criminibus
241 2283 259 2314 ci
284 2284 467 2324 Principibus
492 2285 635 2315 decretum
657 2283 696 2325 est
712 2307 721 2322 ‚
744 2294 801 2315 nori
824 2294 921 2315 nocere

59 2326 85 2355 ei
103 2327 153 2366 qui
168 2325 366 2363 adversarium
383 2327 508 2366 corrupit
525 2336 533 2357 :
555 2327 611 2365 sed
627 2328 658 2357 in
673 2327 716 2356 bis
733 2327 845 2357 demum
860 2336 921 2367 quae

53 2373 170 2407 pinnam
178 2367 276 2396 mortis
286 2366 443 2397 continent.
466 2377 534 2398 nani
543 2367 744 2408 ignoscendum
753 2369 922 2402 censuerunt

59 2410 88 2438 ei
99 2408 154 2479 lqui
166 2408 344 2448 sanguinem
356 2406 443 2446 suum
466 2408 591 2449 qualiter
606 2409 731 2450 qualiter
747 2411 924 2449 redemptum

60 2459 96 2480 vo
111 2450 164 2480 uit.
195 2448 246 2479 Sic
265 2446 440 2489 Ulpianus;
458 2450 514 2480 tria
530 2449 581 2481 illa
594 2460 663 2490 quae
679 2451 771 2481 attuli
791 2460 849 2489 pro
870 2460 923 2482 ex-

59 2489 218 2530 politione
239 2490 267 2520 d.
283 2489 302 2520 l.
326 2488 379 2520 ult.
405 2490 488 2522 clare
512 2491 737 2524 demonstrans.
782 2491 923 2523 Primum

61 2532 144 2562 enim
155 2539 258 2571 negat,
268 2540 324 2562 reo
334 2540 465 2571 nocere,
474 2531 495 2563 fi
504 2533 713 2564 adversarium
725 2534 923 2574 corruperit,

61 2573 93 2603 id
105 2571 199 2609 est‚s1
216 2581 288 2603 cum
306 2582 346 2603 eo
364 2574 570 2614 transegerit,
582 2573 695 2613 five,si
712 2575 819 2615 aliquo
830 2576 924 2613 dato,

62 2613 116 2658 yel
137 2612 306 2653 promisso,
331 2623 404 2645 cum
426 2624 467 2645 eo
490 2615 598 2655 pactus
621 2615 674 2654 sit,
698 2616 748 2647 Ne
761 2616 795 2655 sc
815 2617 926 2657 accuset

65 2661 98 2697 in
112 2654 226 2697 capitali
249 2656 389 2687 crimine:
413 2664 473 2687 nec
496 2664 601 2688 tamen
621 2657 741 2697 semper
766 2666 862 2696 atque
882 2658 926 2688 in-

66 2691 222 2739 distincta
243 2696 299 2739 sed¹
310 2696 421 2727 demum
435 2720 445 2735 ,
461 2696 490 2735 fi
511 2699 610 2728 mortis
629 2705 762 2739 pieriam,
786 2707 880 2738 quam
897 2699 928 2730 ἃ,

66 2733 233 2772 [αηστηηεπι
255 2745 351 2767 vocat
365 2760 375 2776 ,
405 2739 672 2778 comprehendat.
715 2739 797 2771 Haec
827 2740 928 2780 prima

66 2756 172 2820 nostra
194 2777 232 2806 ad
250 2777 280 2821 a.
302 2777 321 2807 l.
349 2786 374 2810 1.
398 2778 580 2811 observatio
601 2792 608 2812 ε
642 2790 744 2820 eaque
769 2782 864 2818 illud,
897 2783 929 2812 in

66 2816 225 2862 languine,
248 2825 279 2847 in
295 2819 322 2848 d.
344 2818 364 2848 l.
385 2820 439 2850 ult.
463 2819 505 2851 D.
528 2822 827 2862 ileproevaricatione,
852 2823 929 2853 item

66 2856 217 2902 fiinguzms
230 2863 361 2897 poenarn,
386 2860 415 2891 &
434 2862 554 2900 capitale
568 2865 673 2894 crimen
689 2863 719 2894 in
734 2863 753 2894 l.
783 2869 828 2898 18.
852 2863 884 2894 C.
898 2864 932 2894 de

68 2895 336 2945 transabtiom'bzis,
351 2907 473 2932 tantum
488 2905 660 2935 naturalem
670 2905 829 2944 indigitari
846 2914 930 2936 mor-

66 2946 152 2976 tem,
180 2946 241 2969 tam
258 2939 419 2971 manifeste
445 2951 594 2982 apparet,
618 2953 651 2976 ut
668 2946 710 2977 nil
735 2945 859 2977 neceffe
876 2944 930 2984 fit,

66 2979 209 3025 pluribus
227 2979 459 3025 demonstrare,
484 2984 614 3016 crimina
638 2995 709 3025 quae
725 2986 846 3018 summo
864 2985 931 3026 sup-

66 3020 165 3062 plicio
184 3021 400 3059 vindicantur,
424 3022 444 3054 fi
461 3032 530 3062 quae
547 3026 576 3056 in
594 3026 642 3057 his
667 3028 855 3066 transaCtio,
880 3028 931 3058 seu

66 3062 252 3101 corruptio,
276 3072 292 3093 a
308 3072 364 3093 reo
383 3063 465 3095 fafita
482 3065 622 3105 dicatur,
646 3068 677 3099 in
693 3071 721 3101 a,
737 3070 756 3100 i,
779 3069 833 3100 uit,
852 3067 930 3100 ase.

67 3104 297 3135 natusconlulti
319 3103 487 3137 severitate
502 3108 618 3148 excipi.

107 3142 334 3190 Dabo-tamen
357 3145 472 3178 honori
498 3145 748 3189 Imperatorum,
772 3151 881 3183 Severi
900 3151 930 3183 &

67 3185 239 3217 Antonini:
261 3194 294 3218 ut
311 3196 351 3218 ex
367 3197 476 3219 eorum
496 3188 660 3230 Rescripto
680 3193 766 3231 quod
783 3202 798 3223 a
815 3191 929 3225 Macro

65 3225 245 3299 adffi'tburll
262 3238 291 3264 2·
309 3227 353 3266 D·
365 3229 397 3266 <ie
412 3231 594 3268 boniseoriim
610 3233 660 3273 qui
668 3233 928 3277 aritesententi'am,

948 588 1057 620 tollam
1081 587 1286 629 scrupulum:
1318 587 1372 627 qui
1396 586 1578 627 neglectus,
1601 585 1708 618 forsan
1733 585 1819 618 male

948 631 1081 662 haberet
1099 629 1264 661 Studiosos
1280 628 1372 668 Juris.
1406 628 1514 659 Verba
1529 628 1598 658 haec
1617 626 1695 660 sunt.
1727 627 1824 666 Impe-

948 678 1055 703 ratores
1078 672 1201 703 Severiis
1229 670 1264 705 ἐξ
1284 671 1455 702 Antoninus
1479 669 1562 709 Julio
1585 668 1721 709 Juliano.
1758 669 1820 700 Eos

948 715 999 755 qui
1022 724 1041 745 a
1070 714 1229 744 latronibus
1256 713 1398 743 nominati
1430 711 1571 751 corruptis
1603 710 1822 750 accusatoribus

950 756 1023 785 diem
1032 755 1121 795 suum
1137 755 1257 784 obierint
1268 776 1277 791 ,
1300 759 1333 784 ut
1349 752 1483 793 confeffos
1501 753 1534 782 de
1547 752 1687 789 crimine,
1710 761 1767 782 non
1777 760 1823 781 re-

949 796 1076 836 linquere
1092 794 1279 834 defenfionern
1295 795 1457 832 heredibus,
1475 795 1595 824 rationis
1609 791 1658 831 elit.
1685 792 1732 824 lta
1743 791 1820 823 Flo-

948 838 1059 868 rentiae
1083 838 1196 868 editur.
1243 837 1304 867 Sed
1322 836 1426 876 probo
1451 834 1666 874 conjecturam
1693 833 1732 865 V.
1757 833 1822 865 CL.

948 878 1058 918 Jacobi
1084 877 1224 917 Cujacii,
1258 878 1304 909 lib.
1329 881 1360 908 6.
1387 876 1507 915 Observ.
1539 886 1562 906 c·
1588 886 1636 915 24.
1663 876 1823 916 legentis,

949 920 1070 951 rationis
1085 929 1143 949 non
1160 917 1208 959 esi.
1233 918 1274 950 fic
1296 920 1380 950 enim
1398 918 1551 949 convenit
1568 917 1689 949 Severo
1709 917 1739 949 &
1758 918 1825 949 An·

951 963 1065 992 tonino
1085 969 1157 991 cum
1179 959 1319 1000 Ulpiano
1337 960 1356 990 l.
1382 969 1430 996 29.
1458 958 1497 990 D.
1524 960 1557 990 de
1580 960 1643 997 jure
1655 957 1741 998 fisci,
1765 958 1825 998 qui.

951 1001 1006 1033 sub
1025 1002 1085 1034 illis
1102 1001 1219 1032 floruit.
1244 1001 1372 1032 Thema
1389 1001 1451 1031 hoc
1469 1000 1524 1031 est.
1545 1001 1828 1041 proponunturla-

951 1051 1061 1075 trones
1078 1044 1182 1083 capti,
1199 1043 1228 1074 &
1241 1066 1249 1080 ‚
1269 1051 1300 1073 ut
1319 1043 1353 1073 fit
1365 1065 1374 1079 ‚
1392 1042 1580 1083 interrogati
1597 1065 1605 1079 ,
1623 1042 1702 1073 alios
1719 1042 1826 1073 norni-

950 1084 1052 1117 nasse:
1076 1086 1129 1124 qui
1148 1085 1263 1116 deinde
1281 1085 1320 1114 ab
1342 1084 1427 1121 aliis,
1450 1084 1564 1124 quibus
1584 1084 1633 1124 jus
1657 1081 1829 1114 accusandi

952 1135 1038 1163 erat,
1063 1126 1218 1164 accusati,
1250 1126 1335 1156 diem
1359 1124 1445 1156 suum
1463 1125 1621 1164 obierint,
1654 1123 1828 1165 postquam

952 1167 1120 1208 pecuniam
1137 1165 1373 1198 accusatoribus
1398 1167 1537 1203 dedere3
1558 1175 1595 1196 ea
1618 1167 1710 1207 lege,
1735 1174 1769 1197 ut
1785 1166 1827 1197 ab

951 1208 1152 1240 accusatione
1169 1207 1364 1239 desisterent.
1390 1206 1532 1247 quaesivit
1547 1207 1646 1246 Julius
1661 1207 1827 1247 julianus,

951 1260 989 1282 an
1007 1249 1142 1281 confeffi
1159 1258 1273 1290 poena,
1298 1258 1369 1289 quae
1386 1258 1458 1279 reos
1477 1256 1566 1279 tenet
1584 1248 1637 1288 qui
1661 1248 1829 1280 accusato-

952 1301 1001 1324 res
1012 1290 1081 1322 suos
1097 1298 1327 1331 corruperunt,
1343 1290 1404 1321 reis
1422 1290 1575 1328 mortuis,
1593 1290 1632 1320 ad
1641 1299 1753 1321 eorum
1771 1289 1831 1320 he-

953 1333 1045 1365 redes
1066 1332 1233 1373 pertingat.
1279 1331 1490 1371 Imperatores
1516 1339 1622 1362 autem
1641 1330 1672 1362 id
1697 1332 1830 1362 rationis

954 1373 1016 1406 esse
1033 1383 1199 1415 negarunt.
1225 1372 1317 1404 nimis
1334 1372 1460 1404 secure:
1486 1370 1539 1403 nisi
1559 1380 1729 1412 putarunt3
1753 1382 1830 1404 reos

953 1416 997 1447 ob
1016 1415 1284 1454 transactionem,
1309 1414 1361 1445 vel
1378 1415 1408 1445 in
1426 1413 1575 1454 sanguine
1591 1412 1726 1452 fatiam,
1750 1423 1831 1445 con-

953 1457 1021 1489 feffi
1048 1466 1141 1497 poena
1166 1458 1291 1492 teneri3
1324 1464 1397 1486 cum
1422 1454 1596 1495 praesertim
1622 1455 1850 1492 latrocinium..

953 1500 993 1530 de
1011 1507 1075 1538 quo
1087 1497 1270 1538 interpoiita
1280 1507 1315 1528 ea
1333 1496 1501 1528 transactio
1511 1495 1575 1534 est,
1594 1497 1725 1528 naturali
1742 1506 1832 1528 mor-

955 1549 986 1572 te
1003 1540 1183 1571 vindicetur
1200 1539 1219 1570 l.
1243 1545 1292 1572 225.
1317 1537 1345 1579 ἓ.
1373 1547 1420 1578 15.
1444 1537 1487 1568 D.
1512 1538 1659 1577 depoenis.
1682 1535 1834 1570 Tantum.

954 1583 994 1614 de
1021 1581 1085 1612 loci
1114 1580 1292 1621 asperitate.
1317 1579 1413 1611 Nunc
1437 1588 1495 1619 age
1514 1601 1524 1617 ,
1553 1588 1623 1610 eam
1648 1578 1835 1611 molliamus

954 1622 1156 1664 expositione
1175 1619 1245 1654 usus
1260 1622 1338 1662 legis
1356 1619 1517 1652 Corneliae
1536 1619 1578 1652 de
1602 1619 1731 1652 ficariis,
1756 1629 1833 1653 nam

955 1675 992 1697 ea
1019 1665 1158 1696 latrones
1183 1663 1310 1704 puniri,
1343 1661 1467 1694 ostendi
1493 1661 1542 1692 lib.
1565 1672 1596 1700 4.
1629 1660 1834 1694 Probabilium

956 1713 1018 1747 cap.
1041 1715 1071 1745 7.
1094 1703 1167 1737 Nec
1188 1713 1296 1736 tamen
1314 1713 1369 1745 par
1384 1711 1452 1735 erat
1472 1703 1630 1734 latronum
1645 1703 1747 1742 ratio,
1773 1704 1837 1735 uti-

955 1757 1020 1788 que
1036 1747 1146 1778 Severi
1163 1746 1193 1777 &
1211 1746 1365 1777 Antonini
1378 1752 1542 1785 tempore:
1564 1744 1616 1776 sed
1634 1745 1685 1776 alii
1697 1744 1834 1785 altiore,

957 1790 1008 1821 alii
1024 1787 1164 1819 secundo
1175 1810 1184 1826 ,
1200 1787 1251 1818 alii
1262 1783 1391 1824 infimo,
1407 1785 1738 1827 consistebantgradu.
1754 1796 1840 1827 por-s

955 1840 993 1862 ro
1010 1830 1040 1860 in
1056 1829 1219 1860 altioribus
1236 1828 1404 1859 obtinuisse
1416 1829 1494 1869 legis
1512 1826 1671 1860 Corneliae
1681 1837 1836 1868 poenam,

957 1871 1141 1903 Marcianus
1164 1870 1273 1900 austor
1298 1868 1342 1900 est
1366 1870 1386 1900 l.
1417 1879 1447 1910 3.
1476 1868 1506 1910 §.
1535 1879 1565 1910 5.
1597 1869 1640 1901 D.
1670 1869 1721 1901 Aa
1743 1869 1836 1911 legem

959 1912 1121 1943 Corneliam
1142 1912 1175 1941 de
1189 1909 1323 1950 ficariis:
1346 1919 1480 1950 eamque
1497 1919 1625 1951 poenam
1647 1918 1715 1943 tum
1738 1910 1835 1943 fuisse

959 1953 1221 1994 deportationem
1240 1961 1313 1983 cum
1337 1954 1482 1983 omnium
1509 1953 1668 1984 bonorum
1694 1953 1837 1994 publica-

961 1996 1066 2026 tione:
1090 1994 1121 2024 in
1138 1993 1261 2025 caeteris
1277 2002 1414 2025 mortem
1436 1992 1593 2033 placuiffe.
1619 2004 1690 2026 nam
1714 1995 1768 2034 qui
1787 1993 1838 2025 se-

960 2036 1054 2067 cundi
1085 2042 1176 2066 erant
1200 2034 1283 2074 loci,
1307 2035 1416 2066 solitos
1443 2036 1548 2076 capite
1565 2036 1687 2074 puniri:
1710 2035 1764 2076 qui
1788 2035 1837 2067 in-

960 2075 1048 2115 fimi,
1072 2077 1159 2108 cruci
1181 2075 1285 2117 affigi,
1309 2077 1359 2108 vel
1385 2076 1491 2108 bestiis
1515 2077 1624 2116 objici.
1669 2076 1702 2109 ld
1719 2076 1838 2118 proba-

962 2119 994 2149 vi
1012 2119 1155 2159 pluribus
1171 2119 1198 2149 ii.
1220 2125 1282 2158 cap.
1308 2128 1335 2157 7.
1370 2118 1507 2158 necjam
1530 2118 1665 2156 dubito,
1689 2120 1765 2159 quin
1788 2118 1837 2150 fa-

962 2160 1025 2192 cile
1047 2159 1236 2199 expediatur
1260 2159 1427 2192 difficultas
1451 2160 1479 2190 al.
1510 2159 1529 2191 1.
1553 2169 1582 2191 2.
1606 2159 1626 2191 fi
1652 2158 1807 2200 fingamus
1823 2183 1837 2199 ‚

962 2202 1102 2233 latrones
1121 2202 1174 2242 qui
1198 2202 1229 2231 in
1248 2210 1284 2232 ea
1302 2202 1386 2233 diem
1403 2199 1508 2237 suum,
1532 2202 1691 2241 corruptis
1708 2201 1837 2233 accusa-

964 2243 1109 2281 toribus,
1132 2243 1261 2280 obiere,
1284 2243 1414 2274 altiores
1438 2240 1540 2273 fuiffe.
1588 2241 1665 2274 Non
1690 2243 1775 2276 enim
1800 2243 1840 2274 hi

963 2285 1073 2322 aliter,
1089 2293 1183 2324 quam
1199 2284 1447 2324 deportatione,
1471 2284 1656 2316 &omnium
1673 2284 1840 2317 bonorum

963 2325 1126 2357 amilliotie
1144 2324 1387 2357 coercebantur.
1411 2325 1455 2356 ob
1471 2324 1562 2366 hujus
1584 2334 1691 2356 autem
1710 2334 1839 2358 metum

965 2377 1069 2409 poenae
1086 2377 1150 2398 non
1176 2367 1308 2398 dabatur
1330 2367 1392 2398 reis
1418 2367 1509 2398 venia
1528 2367 1747 2399 transactionis
1765 2368 1792 2398 cl.
1816 2368 1839 2399 l.

969 2419 994 2441 1.
1020 2407 1062 2440 D.
1087 2410 1120 2439 de
1145 2409 1223 2439 bonis
1247 2418 1343 2439 eorum
1367 2409 1418 2449 qui
1440 2414 1508 2439 anie
1522 2409 1711 2449 sententiani.
1742 2408 1840 2450 igitur

966 2458 1093 2492 poterat
1116 2460 1132 2480 a
1147 2449 1231 2490 Julio
1257 2450 1382 2490 juliano
1409 2450 1529 2490 quaer13
1554 2457 1659 2481 utrum
1678 2450 1842 2484 latrocinii

965 2490 1099 2524 accusati
1116 2493 1207 2532 primi
1226 2490 1348 2523 ordinis
1364 2489 1525 2529 latrones,
1548 2500 1622 2522 cum
1644 2490 1714 2522 suos
1730 2500 1842 2523 corru-

966 2541 1082 2574 perunt
1105 2532 1326 2571 accusatores,
1356 2540 1478 2564 tantum
1505 2532 1560 2573 ipsi
1582 2531 1717 2564 confeffi
1741 2542 1842 2573 poena

969 2583 1171 2612 tenerentur3
1203 2584 1240 2605 an
1265 2584 1300 2605 ea
1319 2583 1439 2615 penna,
1471 2574 1506 2605 iis
1530 2574 1682 2612 mortuis,
1706 2583 1841 2615 quoque

969 2615 1117 2648 adversus
1133 2625 1243 2647 eorum
1263 2615 1397 2646 heredes
1416 2614 1569 2646 transiret.
1594 2615 1705 2647 lsthaec
1720 2626 1770 2647 res
1781 2615 1844 2648 est.

970 2658 1000 2689 Si
1024 2658 1153 2698 quidem
1178 2657 1209 2688 in
1241 2655 1350 2687 Severi
1375 2656 1406 2688 ὅ(
1429 2657 1584 2688 Antonini
1610 2657 1716 2689 verbis
1747 2656 1842 2689 fiercc

971 2698 1189 2730 honestiorum
1213 2698 1336 2729 mentio
1362 2697 1540 2730 latronum:
1564 2707 1595 2730 at
1618 2708 1773 2739 nusquam
1794 2698 1844 2730 fa-

972 2740 1032 2772 cia.
1058 2739 1104 2771 Ita
1116 2738 1179 2778 est3
1203 2738 1256 2771 sed
1273 2748 1333 2771 nec
1348 2748 1429 2780 opus
1444 2748 1511 2771 erat
1527 2739 1615 2772 fieri:
1632 2741 1752 2782 quippe
1765 2749 1842 2772 cum

972 2781 1185 2812 rescriberent
1211 2780 1423 2822 Imperatores
1447 2781 1487 2812 ad
1511 2781 1671 2814 Libellum
1695 2781 1767 2822 Julii
1788 2781 1844 2821 Ju-

973 2823 1065 2861 liani,
1089 2823 1119 2853 in
1137 2830 1243 2860 eoque
1268 2825 1407 2864 proponi
1432 2823 1591 2855 latronum
1617 2824 1841 2855 conditionem

974 2863 1142 2895 sufficeret.
1166 2862 1264 2895 Nunc
1287 2873 1365 2896 vero
1383 2872 1417 2896 ut
1435 2866 1467 2896 in
1493 2864 1661 2906 Rescripto
1686 2864 1769 2896 nulla
1786 2871 1845 2902 ap-

973 2912 1103 2945 pareat3
1127 2912 1230 2937 tamen
1248 2906 1319 2946 quia
1343 2915 1405 2937 nec
1429 2907 1587 2938 contraria
1609 2907 1784 2940 indicatur,
1807 2903 1843 2934 δε

972 2947 1100 2978 interim
1125 2945 1204 2978 solet
1226 2946 1345 2979 fastum
1374 2948 1406 2979 in
1430 2947 1564 2980 Libellis
1589 2947 1740 2983 enarrari,
1766 2944 1795 2975 &
1817 2944 1845 2976 ii

973 2987 1087 3018 alicubi
1106 2989 1181 3028 quid
1204 2988 1240 3020 fit
1265 2989 1469 3030 neglectum,
1491 2987 1694 3030 reprehensio
1718 2985 1781 3023 est,
1805 2993 1845 3017 ut

973 3029 1004 3060 in
1022 3029 1041 3060 i.
1061 3033 1089 3063 8.
1116 3029 1149 3060 C.
1174 3031 1207 3060 de
1230 3032 1411 3071 impuberum
1438 3030 1475 3065 &⁹
1492 3031 1558 3062 aliis
1567 3026 1844 3070 substitutionibus,

973 3069 1009 3104 ὅ)
1023 3070 1042 3101 l.
1058 3080 1088 3111 3.
1107 3070 1138 3101 C.
1157 3072 1190 3102 de
1204 3073 1311 3103 duobus
1328 3074 1383 3103 reis
1391 3070 1573 3113 stipiilancli3
1591 3069 1666 3109 quid
1684 3069 1843 3109 impedit,

973 3120 1038 3152 quo
1055 3112 1179 3151 minus,
1203 3114 1291 3153 quod
1317 3113 1485 3154 Rescripto
1510 3111 1615 3149 deest,
1639 3119 1680 3140 ex
1704 3116 1842 3151 recepto

970 3153 1038 3193 J'ure
1054 3154 1245 3193 conjiciam:
1268 3155 1420 3194 exemplo
1441 3152 1586 3193 Ulpiani,
1610 3152 1663 3191 qui
1689 3151 1719 3182 in
1744 3152 1763 3182 l.
1787 3161 1842 3192 23.

971 3194 998 3236 §.
1013 3204 1040 3226 1.
1057 3194 1097 3227 D.
1114 3196 1147 3226 de
1163 3195 1339 3227 conciieiione
1355 3195 1472 3227 indebiti
1482 3193 1618 3239 *fimilem
1636 3193 1738 3225 tenuit
1754 3193 1843 3227 viam

971 3236 1009 3272 ad
1025 3237 1212 3279 eorumdem
1231 3236 1464 3309 Irgperatorum
1480 3234 1689 3271 intellectum.
1777 3274 1795 3307 S
1820 3273 1843 3308 d

1295 3286 1315 3318 g
1800 3283 1816 3306 e
