2036 3495
157 114 227 150 268
273 162 276 166 Ι

163 206 227 232 tum
242 207 330 231 morte
353 195 523 236 diffulvitnr.
566 192 681 224 Paulus
700 193 775 233 duas
793 195 948 237 proponit
967 193 1031 233 spe-

161 242 246 280 cies,
262 247 392 281 quarum
411 234 568 277 posterior
585 233 631 265 est
649 233 740 274 hujus·
758 234 842 268 loci.
860 234 947 275 prior
966 243 1031 266 non

163 282 218 313 est.
250 287 419 319 utrumque
443 280 549 307 tamen
565 297 576 313 ,
600 274 673 315 quia
699 274 808 306 suadet
831 276 1032 307 continentia

162 322 281 360 causae,
296 327 456 360 exponam
473 316 626 348 breviter.
644 316 734 356 prior
747 317 816 351 haec
831 316 885 349 est.
909 317 1034 357 Aliquis

161 373 235 396 meo
267 361 417 394 mandatu
449 357 503 390 fibi
537 356 703 398 stipulatus
728 356 774 389 est
797 358 870 398 post
893 366 1031 390 mortem

160 413 274 437 meam.
299 402 469 442 quaeritur‚
482 407 522 431 an
539 399 567 430 ei
584 398 656 439 post
671 407 809 431 mortem
827 409 930 433 meam
946 399 1032 432 recte

159 444 325 478 solvatur?
347 442 390 474 Et
407 448 498 482 putat
519 440 651 473 Paulus:
674 440 757 472 clara
771 442 918 482 ratione3
934 451 971 473 ea
987 451 1033 473 ra-

159 488 206 518 tio
222 486 286 524 est,
302 484 392 526 quod
408 485 434 515 is
450 482 505 514 fibi
522 481 749 523 stipulatus'est
768 484 920 514 mandatu
938 487 1032 518 meo:

157 537 219 560 nec
242 527 370 559 debitor
392 524 488 561 mihi,
511 523 565 555 'sed
586 524 638 560 ei,
665 532 795 561 tenetur
821 534 862 556 ex
885 524 1033 565 stipulatu

158 569 304 607 actione3
326 576 363 599 ac
377 566 399 599 fi
418 567 447 598 ei
466 565 558 597 solvit
577 564 646 606 post
663 573 801 596 mortem
818 566 940 604 meamg
964 574 1033 596 cre-

159 611 255 642 ditori
282 609 337 641 suo
364 607 435 650 post
461 614 599 639 mortem
623 615 727 638 meam
750 605 872 647 solvit,
899 606 1034 638 volente

159 653 228 693 lege
256 651 474 693 obligationis,
506 647 672 689 postquam
691 648 775 680 enim
793 647 850 680 fibi
866 647 1031 689 stipulatus

157 694 203 726 est
227 694 376 726 mandatu
395 699 488 728 meo;
512 690 627 721 deinde
645 688 710 720 sola
728 691 864 722 vertitur
881 691 933 722 lex
949 689 1032 721 obli-

155 735 312 777 gationis,
329 735 357 765 ei
373 731 534 773 adquilitae
551 731 702 763 mandatu
721 740 816 764 meo:
839 742 904 764 non
924 739 1031 763 meum

157 786 288 819 quoque
314 775 516 808 mandatum:
541 772 683 814 ideoque
706 773 815 813 (quod
838 774 927 806 addit
950 773 1029 805 Pau·

155 819 224 859 lus)
247 819 341 850 etiam
368 825 419 848 me
445 814 571 852 invit0,
595 815 624 846 ei
650 814 736 845 reste
760 814 901 847 solvetur
922 826 930 847 :
956 815 1030 855 quia

157 862 208 899 ei,
232 869 297 892 non
321 858 399 891 mihi
419 879 428 895 ,
459 856 606 888 debetur.
655 854 798 897 Exposui
822 866 916 888 unam
940 856 1031 888 Pauli

156 901 305 943 speciem.
352 898 434 941 Quae
457 897 582 929 altera?
603 897 691 938 juffi,
715 896 898 930 debitorem
922 906 1030 930 meum

156 944 215 975 tibi
242 942 364 974 solvere
392 939 463 980 post
485 947 624 971 mortem
645 948 759 971 meam.
797 949 836 972 an
860 940 919 972 tibi
942 938 1030 972 reste

156 984 270 1023 solvit,
294 993 346 1015 me
364 981 518 1015 mortuo?
539 979 593 1013 sed
612 988 708 1022 negat
722 980 856 1021 Paulus3
879 982 909 1014 ὅ(
925 979 1030 1013 causa·

877 1093 1092 1128 CAPUT

754 103 1061 140 G-ERARnr
1112 100 1338 139 Noon'r

1074 199 1143 231 tur,
1167 192 1240 232 quia
1258 191 1443 231 mandatum
1460 195 1567 224 morte
1583 187 1772 226 dissolvitur.
1805 195 1945 236 optimet

1074 232 1216 265 debebat
1231 234 1318 265 enim
1333 233 1412 266 mihi
1428 233 1577 272 debitor,
1594 240 1668 264 ante
1693 243 1766 267 uam
1780 234 1947 276 juffi,eum

1074 275 1133 306 'tibi
1158 274 1291 307 solvere.
1314 276 1400 306 idem
1426 274 1536 307 mansit
1560 274 1637 306 mihi
1659 284 1680 306 o
1707 275 1838 317 ligatus,
1860 279 1946 318 post.

1074 325 1170 357 quam
1194 317 1272 356 juffi.
1305 317 1349 348 nil
1377 317 1473 358 igitur
1503 316 1680 348 intervenit
1701 324 1818 357 praeter
1840 326 1946 355 meum

1074 358 1278 391 mandatum:
1301 366 1338 390 ae
1364 357 1385 389 fi
1408 358 1537 390 debitor
1564 358 1621 389 tibi
1637 381 1648 396 ‚
1671 366 1706 389 ut
1726 358 1795 398 jussi
1812 381 1823 398 ‚
1852 359 1948 395 solvit

1075 398 1147 439 post
1162 408 1299 431 mortem
1318 408 1441 438 meam3
1465 399 1554 430 nullo
1568 398 1636 440 jure
1655 397 1768 431 solvit:
1791 402 1864 440 quia
1879 401 1950 436 haec

1076 440 1216 472 mandati
1240 440 1346 479 forma
1368 441 1413 472 est
1428 463 1438 479 ‚
1461 448 1496 472 ut
1520 449 1573 472 me
1598 447 1729 473 mortuo
1752 441 1873 476 nullum
1885 442 1948 485 fit3

1076 476 1266 522 quamquam
1283 482 1421 514 maxime
1431 482 1583 514 collatum
1594 481 1665 523 post
1675 486 1813 514 mortem
1825 479 1945 517 me‘an'i'*

1075 522 1155 555 ficut
1171 523 1210 561 fi,
1229 523 1412 564 priusquam
1428 522 1553 565 solvat,
1563 523 1592 555 ei
1611 524 1819 564 denuntiem,
1836 533 1877 568 ne
1892 508 1950 572 soss

1077 573 1141 596 vat.
1166 574 1237 595 nam
1248 587 1258 602 ‚
1282 572 1317 595 ut
1334 565 1405 596 illic
1416 574 1487 596 mea
1503 574 1627 604 morte,
1645 565 1688 597 fic
1704 566 1756 596 hic
1772 566 1842 597 m'ea
1856 570 1947 600 revo-

1076 607 1225 644 catione,
1249 604 1568 639 mandatunrfinitur.
1600 615 1656 645 ae,
1681 609 1770 646 quod
1788 606 1887 646 Gajus
1903 610 1945 642 ait
1978 640 1983 643 s

1075 647 1096 679 l.
1118 651 1184 679 106.
1202 647 1244 678 D.
1269 648 1307 678 cle·
1324 647 1530 685 solutionibus,
1557 648 1651 680 Aliud
1673 647 1729 690 est,
1747 649 1817 690 jure
1823 647 1947 690 stipula.

1075 690 1160 719 tionis
1185 688 1260 719 Titio
1273 688 1353 728 solvi
1370 688 1469 729 pqffe3
1493 689 1591 729 aliud,
1609 688 1708 730 postea
1729 691 1866 730 permilsu
1888 701 1946 725 meo

1073 731 1104 760 ia
1129 731 1300 771 contingere.
1326 739 1395 761 nam
1418 730 1478 769 (fic
1495 731 1619 772 pergit)
1641 733 1691 762 cui
1698 732 1768 774 jure
1782 730 1948 773 stipulatio-

1073 773 1119 802 nis
1141 770 1213 802 reste
1228 772 1358 811 solvitur
1365 794 1375 809 ,
1399 774 1424 803 ei
1447 773 1534 803 etiam
1546 773 1712 812 prohibente
1726 783 1770 805 me
1785 773 1859 804 reite
1869 774 1946 812 fiilvi

1068 811 1169 853 potest.
1195 815 1244 843 cui
1266 822 1333 843 vero
1359 813 1432 844 alias
1452 815 1605 854 permisero
1619 814 1700 852 stilvz·
1716 838 1726 853 ,
1747 815 1775 845 ei
1797 825 1855 846 non
1876 815 1947 847 reffte

1070 855 1218 894 solvitur,
1234 852 1263 892 fi
1274 854 1610 895 priusquanzsolvetur,
1632 857 1946 897 denunciaverimpro-

1073 895 1199 936 miffiari,
1223 905 1258 926 ne
1276 896 1301 926 ei
1314 896 1485 934 solveretur.
1511 895 1574 928 Sed
1599 896 1727 938 longior
1746 897 1829 937 sum3
1853 898 1883 930 &
1900 899 1945 931 ni-

1073 939 1133 969 mis
1157 937 1255 969 claret
1267 957 1276 972 ‚
1296 937 1478 968 mandatum
1502 946 1519 968 a
1535 938 1723 970 mandatore
1740 938 1852 970 frustra
1869 949 1945 972 con-

1073 978 1149 1010 ferri
1167 978 1238 1020 post
1256 978 1322 1020 ejus
1340 987 1498 1014 mortem,
1525 986 1658 1011 vetante
1675 976 1816 1013 mandati
1831 980 1945 1015 forma.

1126 1090 1218 1127 ¹11.-

153 1194 189 1229 Si
214 1194 280 1238 quis
307 1193 429 1227 ntandei
445 1218 454 1235 ‚
487 1199 522 1226 ut
547 1192 614 1237 quis
634 1188 699 1235 fibi
719 1190 788 1238 post
814 1197 940 1225 mortem
956 1189 1053 1235 suain
1070 1187 1178 1234 faciat
1205 1195 1461 1227 monumentum,
1493 1195 1548 1222 aut
1575 1195 1610 1223 ut
1625 1187 1765 1235 fundum
1791 1197 1873 1225 emat
1896 1190 1945 1226 he.

199 1243 346 1277 reditur-zo
373 1249 589 1282 monumento3
615 1240 795 1275 mandatum
821 1239 889 1286 posi}
916 1241 982 1285 ejus
1008 1245 1136 1273 mortem
1164 1237 1306 1283 adversus
1332 1238 1471 1271 mandati
1487 1237 1632 1282 formam
1659 1241 1853 1274 veneratione
1878 1240 1944 1275 reli-

197 1293 300 1337 gionis
323 1289 475 1336 sustineri.
533 1289 685 1334 Ulpianus
711 1288 733 1324 l.
765 1291 820 1325 12.
844 1287 875 1335 §
902 1289 957 1325 ult.
986 1288 1030 1324 D.

201 1337 418 1386 manuscriptis
443 1339 530 1373 libris
556 1336 679 1374 lacuna.

193 1435 315 1466 ncurrit
333 1442 438 1466 tamen
458 1432 626 1474 (inquies)
643 1433 767 1474 insignis
778 1431 934 1463 haelitatio
952 1441 968 1463 a
985 1431 1029 1463 se-

155 1438 187 1510 1
213 1476 386 1516 quentibus
413 1473 544 1515 Ulpiani
570 1473 696 1513 verbis,
721 1483 792 1515 quae
809 1473 924 1505 suntin
940 1474 960 1505 l.
980 1483 1029 1506 12.

155 1516 185 1559 §.
202 1517 258 1548 ult.
277 1516 319 1548 D.
339 1515 484 1548 Mandati
498 1516 545 1546 vel
560 1521 671 1546 contra.

195 1557 278 1590 Idem
304 1556 465 1588 Marcellus
483 1557 606 1596 scribit,
628 1556 680 1595 Si,
703 1561 737 1587 ut
754 1553 817 1597 post
840 1563 956 1588 mortem
972 1555 1030 1595 fibi

229 1603 448 1630 monumentum
463 1597 569 1637 fieret,
593 1599 658 1639 quis
673 1599 847 1637 mandavit,
872 1599 951 1629 heres
966 1599 1030 1640 ejus

226 1641 332 1681 poterit
347 1639 482 1671 mandati
497 1648 594 1681 agere,
622 1639 705 1671 illum
726 1649 811 1678 vero,
837 1640 889 1681 qui
908 1641 1029 1672 manda-

226 1689 291 1713 tum
305 1680 455 1722 suscepit,
472 1679 501 1719 fi
516 1684 577 1720 sua
598 1682 723 1721 pecunia
742 1681 836 1720 fecit,
855 1687 927 1721 puto
944 1691 1029 1723 agere

174 1738 175 1743 =
226 1723 378 1758 mandati,
397 1720 426 1760 si
447 1732 504 1753 non
526 1723 570 1754 ita
595 1723 621 1753 ei
643 1723 813 1754 mandatum
834 1721 891 1763 est,
917 1729 952 1754 ut
968 1724 1029 1762 sua

223 1765 349 1805 pecunia
356 1764 474 1804 faceret
491 1769 716 1795 monumentum.
735 1765 834 1805 potuit
850 1765 927 1795 enim
945 1773 1029 1806 agere

230 1808 317 1838 etiam
344 1815 411 1837 cum
437 1814 466 1836 eo
489 1806 539 1846 qui
560 1805 735 1844 mandavit,
759 1811 792 1835 ut
802 1803 860 1843 fibi
873 1808 1030 1845 pecuniam

222 1848 311 1878 daret
327 1847 558 1887 adfacienclum.
575 1848 720 1886 maxime,
730 1845 759 1885 fi
768 1847 834 1888 jam
849 1849 978 1889 quiedam
992 1848 1031 1879 ad

225 1889 401 1928 faciendum
413 1889 606 1930 praeparavit.

150 1930 223 1962 Nec
247 1929 403 1971 Ulpianus
431 1938 575 1969 tantum,
598 1928 650 1961 sed
676 1927 774 1970 Gajus
801 1938 951 1971 quoque,
980 1936 1029 1962 tu·

148 1973 321 2004 multuatur
337 1972 355 2003 l.
380 1978 425 2011 153.
447 1971 487 2002 D.
504 1972 562 2002 eod.
580 1972 625 2002 tit.
651 1970 761 2002 Verba
779 1970 861 2011 Gaji.

190 2013 270 2045 Idem
294 2011 333 2053 est
351 2037 360 2050 ‚
388 2012 424 2047 ὃ
441 2011 470 2051 fi
492 2013 636 2044 mandavi
661 2013 715 2043 tibi
730 2035 739 2048 ,
771 2019 806 2043 ut
827 2011 890 2054 post
913 2018 1029 2045 mortem

231 2064 322 2086 meam
343 2055 492 2085 heredibus
508 2055 576 2085 meis
593 2063 696 2085 emeres
707 2053 851 2092 fundum.

150 2094 271 2128 Verum
289 2096 376 2136 quod
399 2096 437 2127 ad
463 2094 639 2136 Ulpianum
658 2095 793 2134 attinet3
816 2098 908 2136 (nam
928 2096 968 2127 de
987 2105 1028 2127 eo

149 2137 288 2177 primum
309 2137 432 2177 dicam)
448 2146 501 2169 me
512 2137 627 2168 liberat
643 2135 858 2176 respondendi
874 2146 1026 2168 verecun-

151 2178 202 2209 dia
219 2201 229 2217 ,
259 2179 346 2217 quod
377 2188 443 2209 non
476 2178 632 2218 proponit
658 2177 817 2218 Ulpianus
841 2179 1028 2218 exemplum

151 2219 307 2250 mandatae
339 2219 583 2259 qualiscumque
612 2218 683 2260 post
706 2227 843 2251 mortem
870 2221 941 2258 rei3
975 2218 1028 2251 sed

153 2260 339 2301 exemplum
357 2261 496 2291 mandati
512 2259 583 2299 post
598 2269 735 2292 mortem
753 2261 963 2293 monumenti.
993 2260 1029 2292 fit

150 2303 237 2334 enim
263 2301 340 2332 mihi
366 2301 554 2340 verisimile,
580 2300 716 2334 Veteres
741 2303 773 2333 in
799 2303 851 2333 tali
876 2303 1027 2334 mandato

151 2344 181 2375 ὅ(
197 2343 287 2375 fimili
307 2343 396 2383 quod
420 2343 458 2374 ad
483 2342 676 2374 funerariam
701 2342 825 2375 causam
843 2343 985 2384 spect-et,
1009 2354 1027 2375 a

151 2393 237 2415 certa
257 2384 338 2424 Juris
361 2384 470 2425 regula
495 2383 618 2416 idcirco
640 2384 813 2417 rcceffiffe:
837 2386 925 2425 quod
942 2386 1024 2426 rigo-

151 2436 216 2457 rem
241 2425 439 2466 benignitate
464 2424 600 2464 inflecti,
625 2424 769 2457 suaderet
796 2427 923 2467 publica
941 2428 1024 2459 utili-

152 2475 218 2506 tas,
242 2477 282 2498 ne
305 2466 460 2504 insepulta
479 2466 623 2506 jacerent
649 2468 825 2505 cadavera3
847 2476 966 2507 atque,
991 2476 1026 2499 ut

153 2508 340 2546 Papinianus
358 2508 401 2539 ait
416 2508 435 2539 l.
453 2517 503 2549 43.
523 2507 564 2539 D.
583 2509 615 2539 de
631 2507 783 2550 religiosis,
808 2507 924 2541 summa
942 2511 1024 2541 ratio

154 2548 230 2581 esset
248 2558 318 2589 quae
336 2558 395 2589 pro
417 2550 570 2589 religione
585 2548 675 2580 facit.
724 2549 854 2589 Nempe
870 2551 1024 2582 credebat

151 2590 294 2622 vetustas
311 2612 320 2626 ‚
344 2591 462 2630 inepta:
487 2591 580 2630 plena
606 2590 835 2630 superstitionis
853 2612 867 2629 ‚-
892 2592 1024 2623 miserri-

153 2641 237 2664 mam
269 2630 522 2670 defunctorum,
553 2633 704 2673 quamdiu
733 2631 877 2673 insepulti
903 2633 1021 2671 effent,

149 2673 375 2705 conditionem
400 2671 486 2703 esse:
510 2682 575 2704 non
601 2674 686 2705 enirn
711 2674 819 2705 venire
837 2697 846 2712 ‚
876 2674 929 2706 nisi
951 2675 1022 2713 post

150 2714 360 2755 sepulturam,
384 2713 423 2743 ad
446 2713 585 2753 placidas
608 2716 638 2746 in
655 2723 761 2746 morte
778 2714 879 2753 sedes;
909 2714 961 2748 sed
976 2726 1022 2747 er-

151 2765 219 2788 rare
243 2762 373 2786 centum
399 2762 507 2786 annos.
554 2754 589 2786 Id
609 2756 720 2787 docuit
736 2766 787 2788 me
804 2757 955 2798 Virgilius
971 2757 1021 2788 lib.

151 2802 181 2830 6.
199 2795 401 2835 AEneidwers.
412 2804 481 2834 325.
501 2794 538 2829 ἐπ’)
552 2798 739 2837 sequentibus.
764 2797 870 2829 Verba
889 2797 1024 2839 Virgilii.

190 2838 262 2870 Haec
286 2839 376 2868 omnis
399 2845 485 2876 quam
508 2840 600 2867 cernis
617 2838 698 2879 inops
714 2839 924 2881 inhumataque
940 2842 1024 2872 turba

230 2890 244 2910 e
274 2901 280 2908 .

192 2877 322 2954 Possim
334 2918 381 2950 ille
397 2918 527 2949 Charon:
550 2918 580 2950 bi
595 2929 663 2960 quos
678 2920 758 2952 vehit
774 2923 854 2954 unda
868 2921 980 2962 sepulti.

193 2962 260 2995 Nec
275 2962 353 3002 ripas
368 2960 455 2992 datur
469 2960 644 2998 horrendas,
667 2970 718 2991 nec
736 2971 827 2994 rauca
837 2962 955 3004 fluenta

194 3004 404 3044 Transportare
415 3003 518 3041 prius,
540 3011 628 3042 quam
639 3002 754 3039 sedibus
772 3004 828 3043 offa
844 3004 990 3046 quierunt.

193 3046 317 3078 Centum
341 3047 441 3075 errant
455 3051 564 3082 annos,
586 3041 766 3084 volitantque
781 3045 838 3076 haec
852 3047 950 3078 littora
966 3048 1022 3079 cir-

234 3096 317 3118 cum:

195 3128 269 3159 Tum
287 3128 398 3158 aemam
412 3123 524 3166 admiffi
532 3123 643 3167 stagna
659 3131 793 3165 exoptata
809 3127 951 3162 revisunt.

156 3169 203 3202 Ita
227 3177 339 3209 magna
362 3169 443 3199 ratio
467 3166 531 3199 fuit
554 3176 625 3207 quae
641 3167 808 3206 sepulturae
825 3167 968 3205 faveret;
990 3171 1023 3202 in

153 3210 261 3253 primis
288 3209 457 3251 legitimae,
477 3207 499 3242 fi
524 3208 633 3242 haberi
657 3208 771 3251 poffit3
793 3208 837 3243 fin
855 3209 976 3250 minus,
1001 3212 1025 3242 i-

1063 1287 1218 1322 Mana'ati
1251 1286 1300 1321 vel
1334 1293 1437 1321 contra
1469 1285 1643 1331 expostum,-
1668 1285 1710 1327 ἐξ
1732 1286 1875 1335 suppleta
1907 1298 1945 1326 ex

1074 1431 1274 1472 maginariae,
1291 1439 1362 1471 quae
1379 1431 1463 1463 inter
1476 1439 1591 1463 caetera
1608 1433 1810 1475 cenotaphiis
1827 1430 1945 1475 fiebat,

1074 1480 1263 1513 tantumque
1286 1471 1452 1512 praestare,
1475 1481 1627 1514 quantum
1645 1485 1738 1513 vera,
1762 1474 1945 1517 putabatur.

1073 1513 1195 1546 Auctor
1218 1513 1344 1545 Servius
1365 1513 1404 1545 ad
1421 1514 1491 1546 haec
1521 1514 1643 1556 Virgilii
1660 1517 1776 1556 verba,
1801 1516 1887 1558 Inops
1901 1517 1947 1549 in·

1072 1555 1249 1596 humataque
1272 1556 1359 1586 turba
1380 1556 1409 1586 d.
1426 1555 1477 1588 loc.
1497 1555 1587 1595 Duo,
1611 1558 1779 1598 inquiens,
1802 1560 1892 1598 dicit,
1913 1556 1947 1591 ia

1072 1594 1132 1637 est,
1154 1606 1246 1638 neque
1272 1596 1430 1637 legitimam
1441 1597 1623 1637 sepulturam
1638 1600 1740 1638 babet,
1765 1609 1856 1642 neque
1871 1601 1946 1632 inm·

1069 1639 1230 1679 ginariam.
1277 1636 1412 1677 Inopem
1437 1639 1512 1669 enim
1535 1641 1608 1670 dicit
1617 1639 1682 1678 fine
1693 1641 1825 1683 pulveris
1838 1640 1947 1683 jaan.-

1071 1681 1160 1720 (nam
1176 1688 1237 1720 ops
1254 1684 1331 1710 terra
1347 1676 1405 1719 est)
1429 1680 1459 1710 id
1474 1678 1531 1720 est,
1539 1679 1605 1718 fine
1616 1682 1791 1714 humatione.
1814 1683 1880 1715 vult
1894 1691 1948 1715 au-

1071 1726 1127 1752 tem
1142 1718 1302 1761 ostendere,
1320 1725 1438 1751 tantum
1452 1722 1549 1752 valere
1564 1723 1701 1763 inanem,
1723 1730 1868 1765 quantum
1881 1723 1944 1764 ple-

1070 1772 1140 1794 nam
1152 1761 1338 1803 sepulturam.
1364 1771 1434 1793 nam
1453 1761 1490 1797 ὅ)
1506 1760 1647 1803 Deiphobi
1660 1766 1762 1796 umbra
1780 1765 1946 1797 transvecta

1072 1802 1130 1845 esi,
1149 1803 1316 1835 cuiAEneas
1332 1804 1530 1843 cenotaphium
1542 1805 1683 1844 fecitzut
1700 1805 1797 1838 Hunc
1814 1814 1946 1848 egomet

1073 1844 1230 1877 tumulum
1257 1844 1400 1877 Rhoeteo
1426 1846 1457 1877 in
1491 1846 1603 1878 littore
1632 1848 1759 1880 inanem
1784 1847 1946 1881 constitui.-

1072 1886 1149 1918 Bene
1172 1892 1269 1918 autem
1292 1885 1433 1924 sepultos
1448 1910 1458 1925 ‚
1481 1888 1512 1918 id
1533 1886 1572 1928 est
1587 1887 1691 1928 fletos.-
1714 1899 1782 1921 narn
1792 1889 1859 1928 fine
1898 1895 1946 1922 eta

1062 1928 1219 1969 sepultura
1234 1937 1291 1959 non
1305 1926 1355 1968 esl.
1399 1927 1486 1959 Unde
1504 1929 1641 1969 legimus,
1663 1931 1818 1963 inhumata
1832 1932 1861 1962 in
1887 1937 1946 1962 erae

1071 1979 1127 2011 que
1143 1971 1240 2002 turha.
1282 1968 1344 2001 Sed
1367 1978 1499 2010 apparet
1515 1970 1671 2003 Veterum
1688 1971 1890 2013 superstitio;
1910 1971 1946 2005 fi-

1072 2011 1137 2042 mul
1154 2011 1234 2042 ratio
1251 2008 1443 2042 differentiae
1460 2012 1545 2043 inter
1562 2014 1745 2046 mandatum
1762 2014 1803 2046 de
1819 2013 1942 2046 facien·

1072 2053 1109 2083 da
1133 2052 1217 2092 quali
1245 2052 1328 2092 quali
1352 2062 1387 2084 re
1410 2052 1483 2092 post
1505 2063 1664 2093 mortem,
1688 2055 1719 2087 ὅ(
1736 2055 1824 2097 quod
1840 2057 1881 2088 ad
1897 2055 1944 2087 se·

1071 2093 1196 2134 pulchri
1218 2095 1463 2127 monumentive
1486 2097 1746 2134 procurationem
1763 2099 1943 2137 pertineat:

1071 2136 1205 2166 alterum
1216 2157 1225 2172 ,
1242 2135 1316 2175 quia
1331 2135 1535 2168 mandantem
1551 2145 1612 2168 nec
1628 2139 1805 2170 commodo
1821 2138 1942 2178 afficit,

1071 2185 1133 2208 nec
1157 2176 1368 2208 incommodo
1386 2199 1397 2215 ,
1427 2185 1493 2209 non
1523 2178 1650 2210 videtur
1673 2181 1812 2212 mandati
1835 2179 1941 2212 forma

1072 2218 1259 2250 continere:
1273 2218 1407 2249 alterum
1424 2226 1556 2258 contra,
1572 2220 1644 2260 quia
1659 2221 1724 2261 ejus
1736 2220 1865 2254 salutem
1882 2228 1943 2253 tra-

1071 2259 1136 2296 hit,
1159 2268 1194 2290 ut
1213 2259 1334 2297 valeat,
1356 2260 1502 2300 religioni
1522 2262 1694 2293 convenit:
1717 2263 1800 2295 adeo
1824 2261 1860 2294 fic
1876 2262 1942 2303 ejus

1071 2301 1251 2332 reverentia
1267 2324 1276 2340 ‚
1300 2307 1337 2331 ut
1359 2301 1391 2332 in
1416 2301 1481 2333 hoc
1503 2303 1654 2334 mandato
1676 2304 1759 2335 aftio
1782 2313 1849 2336 non
1875 2312 1940 2336 tam

1069 2342 1212 2383 incipere
1228 2342 1266 2373 ab
1285 2341 1425 2380 herede,
1448 2352 1542 2382 quarn
1559 2353 1576 2375 a
1600 2344 1757 2377 defuncto
1773 2346 1940 2378 mandato-

1069 2394 1103 2415 re
1127 2384 1165 2415 ad
1189 2393 1261 2417 eum
1286 2384 1474 2422 pervenire,
1498 2385 1701 2427 intelligatur.
1745 2387 1852 2427 Atque
1876 2387 1938 2419 huc

1069 2423 1177 2456 nescio
1201 2434 1237 2456 an
1265 2423 1420 2463 Ulpianus
1445 2425 1565 2465 spectet
1588 2427 1606 2457 l.
1630 2436 1654 2458 1.
1677 2428 1714 2458 D.
1735 2429 1768 2460 de
1784 2427 1936 2470 religiosis,

1069 2466 1133 2510 Qui
1150 2489 1160 2505 ‚
1191 2466 1336 2506 inquiens
1355 2489 1365 2502 ‚
1390 2472 1507 2507 propter
1521 2468 1622 2507 funus
1645 2469 1757 2511 aliquid
1780 2471 1936 2511 impendit,

1069 2518 1134 2539 cum
1156 2507 1292 2548 defunblo
1319 2508 1486 2539 contrahere
1508 2511 1652 2547 creditur.
1675 2520 1732 2541 non
1748 2521 1813 2543 cum
1828 2512 1935 2542 herede.

1070 2549 1167 2580 Exeo
1178 2557 1266 2580 certe
1283 2548 1377 2580 fonte
1393 2549 1423 2580 in
1436 2550 1463 2580 d.
1474 2550 1493 2580 l.
1510 2558 1555 2582 12.
1566 2551 1594 2592 §.
1606 2551 1658 2582 nlt.
1671 2551 1712 2583 D.
1734 2552 1877 2584 Mandati
1890 2552 1936 2584 vel

1067 2597 1166 2621 contra
1194 2590 1308 2631 probat
1333 2590 1540 2622 Marcellum:
1565 2593 1618 2632 qui
1642 2593 1741 2632 dixit,
1765 2594 1799 2624 Si
1823 2600 1856 2626 ut
1871 2590 1934 2635 post

1066 2640 1184 2662 mortem
1195 2630 1252 2669 fibi
1268 2638 1483 2662 monimentum
1490 2631 1595 2672 fieret,
1612 2635 1677 2675 quis
1693 2636 1867 2673 mandavit,
1889 2636 1931 2667 he.

1065 2674 1157 2704 redem
1173 2674 1234 2715 ejus
1247 2672 1319 2713 poffe
1334 2674 1465 2704 mandati
1478 2683 1570 2715 agere.
1616 2675 1664 2707 Ad
1681 2676 1782 2717 quid?
1804 2683 1839 2707 ut
1848 2675 1935 2716 perfi-

1066 2716 1168 2745 ciatur.
1213 2713 1290 2745 Hoc
1316 2712 1456 2750 Ulpiano
1481 2716 1566 2746 addo
1593 2726 1633 2747 ex
1657 2717 1876 2758 manuscriptis
1899 2718 1934 2749 li-

1067 2756 1151 2788 bris:
1170 2755 1199 2787 δι
1220 2754 1316 2786 recte.
1340 2756 1412 2795 quia
1429 2756 1514 2788 enim
1532 2756 1568 2788 fit
1587 2759 1934 2800 venerationereligio-

1067 2797 1132 2835 nis,
1157 2805 1190 2827 ut
1218 2797 1280 2827 tale
1306 2797 1487 2828 mandatum
1506 2799 1631 2830 initium
1648 2809 1665 2830 a
1682 2802 1868 2832 mandatore
1883 2808 1934 2830 ac-

1065 2838 1182 2879 cipiat3
1207 2838 1293 2877 quod
1313 2839 1378 2878 ejus
1400 2838 1547 2870 inter-effe
1563 2842 1728 2880 credatur,
1752 2841 1806 2874 fibi
1821 2849 1934 2873 monu-

1065 2887 1210 2911 mentum
1226 2878 1294 2910 fieri
1313 2880 1383 2919 post
1402 2888 1541 2912 mortem
1557 2882 1659 2914 suam:
1681 2883 1760 2914 nihil
1778 2883 1930 2923 impedit,

1064 2922 1097 2952 id
1108 2921 1147 2952 ad
1158 2921 1222 2960 ejus
1241 2921 1392 2952 heredem
1411 2921 1538 2953 transire
1555 2924 1609 2962 qui
1621 2933 1694 2955 eum
1709 2923 1780 2964 post
1794 2931 1931 2954 mortem

1065 2962 1149 2994 suam
1165 2961 1381 3002 repraesentat.
1415 2971 1476 2994 nec
1493 2963 1587 3005 igitur
1603 2965 1737 3003 mirum,
1760 2964 1780 2996 fi
1795 2964 1821 2994 is
1839 2964 1929 2994 heres

1065 3004 1159 3044 poffit
1176 3004 1285 3043 (quod
1295 3002 1450 3043 Ulpianus
1461 3004 1503 3035 ait
1513 3006 1540 3036 d.
1550 3005 1580 3047 §.
1590 3006 1665 3046 ult.)
1682 3005 1751 3044 post
1765 3005 1930 3035 mandato-

1065 3047 1105 3077 ris
1122 3053 1260 3077 mortem
1270 3045 1409 3077 mandati
1419 3054 1533 3086 agere,
1543 3047 1575 3078 id
1585 3047 1648 3085 est,
1659 3045 1775 3078 diresta
1789 3044 1928 3076 mandati

1064 3087 1193 3119 afflone
1208 3095 1313 3126 agere,
1323 3092 1358 3117 ut
1371 3086 1550 3126 perficiatur.
1573 3088 1626 3119 Sic
1641 3088 1737 3119 enim.
1748 3093 1782 3116 ut
1799 3085 1874 3122 dixi,
1885 3086 1929 3116 le·

1065 3138 1107 3170 go
1122 3129 1206 3169 apud
1216 3127 1407 3166 Ulpianum:
1429 3128 1700 3160 consentientibus
1716 3126 1802 3158 libris
1819 3134 1928 3158 manu-

1068 3169 1191 3210 scriptis
1202 3180 1210 3209 ;
1221 3169 1276 3201 etsi
1288 3170 1318 3200 in
1332 3169 1520 3200 Florentino
1529 3169 1699 3207 exemplari
1711 3167 1808 3197 desint
1818 3168 1926 3207 verba,

1066 3217 1100 3243 ut
1110 3210 1291 3252 perficiatur.
1316 3210 1379 3243 Sed
1396 3219 1461 3243 non
1478 3211 1516 3243 ad
1533 3210 1596 3243 hoc
1613 3207 1742 3241 subsistit
1753 3206 1906 3250 Ulpianus
1917 3219 1928 3240 z

1874 3258 1928 3289 pu*
