2036 3495
594 136 619 148 f!

587 144 954 172 bBRARDI

193 231 359 264 debitoris.
381 229 501 258 Verum
521 224 587 256 hoc
612 233 743 264 quoque
770 226 870 263 habet
899 225 1063 266 exceptio-

195 274 269 305 'n'em
280 274 309 303 el.
325 272 344 301 l.
362 269 416 300 ult.
433 267 467 297 C.
483 266 542 297 eod.
552 267 600 297 tit.
620 266 795 306 specialiter
806 267 942 308 placit03
957 274 991 298 ut
1000 266 1063 298 five

192 314 290 354 plus,
317 310 382 342 five
413 307 542 345 minus,
573 307 684 338 redeat
707 317 748 339 ex
785 309 918 340 vendito
952 317 1062 349 pigno-

194 363 247 392 re,
270 350 407 383 creditor
431 356 472 378 eo
495 348 584 387 quod
609 349 770 382 redaClum
795 349 858 388 est,
888 357 1062 380 contentus

192 395 239 427 sit.
262 392 316 424 De
332 399 372 421 eo
390 383 656 433 suitrquaesitum‚
680 400 717 422 an
736 393 896 428 creditor,
921 391 1061 421 nondum

193 435 296 465 soluto
321 432 361 462 ab'
383 438 533 471 emptore
556 440 678 472 pretio.
710 431 834 464 afflone
859 431 1062 472 pigneratitia

191 474 308 506 directa
320 481 337 503 a
354 472 503 504 debitore
519 473 558 503 de
575 472 734 513 superfluo
752 478 951 511 conventus,
975 474 1060 504 audi-

191 516 290 547 endus
306 513 361 551 fit,
385 513 498 545 volens
521 513 701 555 emptorem
727 515 861 545 debitori
890 514 1063 554 delegare?

191 556 300 600 Negat
317 554 505 595 Papinianus
523 555 540 585 l.
556 564 606 593 42.
627 556 674 586 D.
685 557 717 586 de
728 557 809 596 pign.
827 549 883 587 ιιὲῒ.
901 555 1063 585 &siccam

192 598 294 636 satur,
317 596 391 627 Cum
406 597 438 627 in
461 597 626 628 venditione
646 606 711 637 quae
734 596 831 639 [rite]
850 595 910 636 fit,
932 605 968 627 ex
978 595 1063 636 fabio

180 639 275 678 ficum
293 637 416 669 creditor
430 640 577 677 negotium
590 644 686 678 gerat.

233 678 397 711 Hactenus
414 679 497 710 dicta
514 679 683 716 obtinent,
707 678 842 720 pignore
869 688 887 710 a
901 678 1063 710 creditore

189 721 337 753 vendito,
361 720 412 751 sed
427 719 499 757 fac,
522 729 586 751 non
602 719 736 751 inveniri
752 725 945 760 emptorem.
962 718 1062 750 solum

193 763 253 794 'am
270 762 382 801 restat3
406 769 441 791 ut
458 770 475 791 a
493 760 640 800 Principe
658 761 704 800 jus
716 762 848 792 dominii
869 762 1061 799 impetretur

209 813 297 836 orma
324 813 360 834 ea
384 811 476 843 quam
502 801 623 833 indicat
642 801 831 843 Jnstinianus
856 802 875 833 1.
899 801 955 834 ult.
981 800 1014 833 C.
1030 801 1064 832 de

186 847 255 888 jure
272 846 377 876 domin.
395 846 507 883 impetr.

197 921 200 923 ,
234 885 391 922 Iudicavi,
423 893 516 924 quam
540 883 658 916 difficili
682 883 712 916 ἃ
737 883 870 917 molesta
895 883 1062 922 asperitate

191 926 324 959 inventa
346 926 414 966 jure
438 925 523 957 civili
547 925 583 957 fit
599 925 702 957 forma
718 927 881 967 pignoris,
904 924 1062 956 actionem

192 970 226 1001 in
248 978 313 1000 rem
333 969 486 1008 paritura,
512 966 542 998 δε
576 975 691 1004 quanta
721 965 919 1008 benignitate
940 975 1009 997 eam
1034 975 1065 997 e-

189 1009 366 1043 molliverit
384 1007 513 1040 Praetor.
562 1007 650 1049 Quid
675 1007 790 1040 deinde
812 1006 990 1040 insecutum
1008 1005 1066 1044 fit,

189 1050 341 1083 omittere
367 1059 418 1081 me
442 1059 506 1081 non
525 1047 596 1081 sinit
613 1049 768 1089 elegantia
794 1049 944 1081 materiae.
968 1047 1067 1089 Igitur

191 1102 266 1125 curn
283 1092 405 1123 Praetor
423 1091 505 1122 intra
524 1091 778 1122 conventionem
805 1088 980 1122 retinuiss'et
997 1097 1066 1120 mo-

192 1136 268 1166 dum
294 1132 509 1164 constituendi
536 1130 674 1173 pignoris
698 1130 763 1163 five
791 1131 1003 1173 hypothecae,
1035 1129 1066 1161 ἀ

193 1175 430 1214 consequenter
453 1174 516 1205 vim
540 1182 577 1204 ac
600 1171 792 1212 potestatem
815 1173 944 1204 actionis
963 1172 1065 1214 hypo->

193 1216 361 1249 thecariae:
375 1214 483 1256 postea
501 1213 545 1246 est
562 1213 605 1245 illi
622 1214 727 1245 addita
748 1213 824 1254 legis
841 1213 1065 1254 providentia;

194 1259 345 1299 quodque
363 1266 400 1287 ea
418 1257 576 1287 inducitur
588 1255 717 1296 pignus,
734 1255 809 1286 inde
826 1255 957 1286 tacitum
976 1254 1006 1285 ἃ
1022 1253 1065 1284 le-

192 1301 339 1342 gitimum
359 1294 546 1338 appellatur.
570 1295 666 1336 coepit
682 1306 759 1327 vero
777 1297 842 1336 ejus
859 1295 982 1327 initium
1001 1304 1017 1324 a
1035 1293 1067 1325 fi-

195 1342 300 1372 ctione
315 1341 403 1371 taciti
421 1337 519 1379 pacti:
542 1336 698 1368 servatura
723 1338 934 1368 reverentiam
961 1335 1065 1367 Edisti

191 1382 366 1420 Praetoris,
389 1389 448 1419 pro
471 1379 684 1410 fundamento
713 1376 846 1410 aetionis
864 1376 1065 1419 hypotheca-

191 1424 248 1456 riae
259 1422 506 1455 conventionem
525 1420 691 1451 creditoris
709 1428 779 1451 cum
797 1429 838 1451 eo
856 1420 943 1459 cujus
960 1419 988 1450 in
1005 1417 1065 1448 bo-

192 1466 243 1498 nis
259 1473 307 1496 res
324 1463 388 1500 est,
412 1459 625 1492 desiderantis.
649 1461 769 1499 placuit
784 1457 853 1491 haec
871 1462 977 1502 imago
995 1468 1064 1490 mo-

193 1506 281 1540 ribus
306 1506 337 1535 in
360 1501 496 1534 inductis
521 1501 551 1532 ὅ(
570 1500 662 1533 illatis
680 1510 697 1532 a
721 1502 919 1533 conductore
938 1503 968 1532 in
986 1502 1064 1541 prae-

195 1548 281 1586 dium
302 1544 478 1582 urbanum,
499 1542 625 1582 neseio,
651 1551 688 1574 an
713 1543 889 1583 approbata
908 1542 1063 1581 Principis

192 1587 372 1627 Rescripto.
396 1585 499 1617 Mitto
518 1584 648 1616 Paulum
664 1584 683 1616 l.
695 1593 724 1623 4.
738 1585 783 1615 I).
801 1586 834 1615 tle
846 1583 925 1625 past.
944 1585 986 1615 ita
1001 1582 1065 1615 Ne·

192 1630 291 1662 ratius
307 1629 326 1660 l.
344 1637 373 1667 4.
393 1626 434 1658 D.
449 1626 486 1658 In
502 1627 578 1667 quib.
593 1625 672 1666 confi
684 1628 766 1666 pigra.
783 1626 829 1657 vel
846 1626 992 1667 hypothec.
1008 1631 1064 1655 tac.

192 1669 322 1711 ,onure
337 1670 468 1706 utimur,
492 1674 526 1699 uc
569 1677 609 1698 ατε
631 1669 663 1698 in
680 1668 789 1707 praedia
814 1669 927 1698 urbana
944 1665 1065 1698 initum

194 1711 421 1751 illotasunt‚pz'
444 1677 567 1749 norieſjqe
578 1707 842 1749 credantur,qunfi
856 1710 886 1739 id
896 1709 984 1738 tacite
1003 1716 1065 1737 con·

191 1753 316 1784 venerit.
329 1753 361 1784 in
376 1761 411 1783 ru
441 1751 492 1782 icis
499 1751 615 1792 prediis
626 1756 726 1781 contra
736 1749 914 1788 observatur.
925 1748 1065 1786 Pompo-

187 1795 259 1827 nius
276 1795 295 1825 l.
314 1803 341 1835 7.
359 1794 388 1825 d.
405 1800 427 1824 τ.
445 1792 509 1823 hoc
526 1792 596 1832 plus
622 1791 728 1823 addit:
753 1791 790 1822 ln
810 1792 928 1831 praediis
950 1788 1066 1830 rusticis

184 1835 330 1878 frustm,
352 1835 403 1876 qui
419 1835 458 1866 ibi
474 1836 655 1873 nascuntur,
680 1830 766 1863 tacite
788 1832 997 1874 intelliguntur
1018 1832 1064 1870 pi·

188 1878 277 1920 gnoti
298 1875 349 1917 effe
372 1876 485 1907 domino
501 1874 597 1914 fundi
615 1873 720 1913 locati,
742 1873 830 1905 etiam
845 1872 876 1912 fi
895 1873 1065 1904 nominatim

192 1920 225 1950 id
241 1928 299 1950 non
317 1917 494 1948 convenerit.
518 1915 581 1947 Sed
601 1915 641 1947 de
663 1914 710 1947 his
727 1923 768 1946 ex
786 1913 927 1955 professo
944 1913 995 1955 egi
1017 1913 1065 1945 lib.

186 1959 267 2002 fing.
287 1959 336 1991 Ad
350 1957 450 1990 Edift.
469 1957 560 1989 Praet.
583 1957 635 1988 De
646 1955 725 1996 past.
743 1954 780 1990 {9⁹
800 1955 941 1987 tramae.
961 1965 986 1986 c.
1005 1963 1034 1986 2.

236 2000 289 2034 Ab
313 2000 378 2031 hoc
404 1998 494 2030 initio
519 1996 702 2039 profestum
725 1996 838 2038 pignus
861 1996 1037 2041 legitimum
1055 2017 1066 2034 ‚

194 2040 313 2076 deinde
329 2041 513 2073 liberiorem
538 2038 661 2071 invenit
683 2039 767 2070 viam
791 2039 824 2071 in
849 2037 1066 2079 compluribus

194 2083 333 2117 casibus:
363 2081 507 2123 prorsus,
536 2086 572 2112 ut
594 2084 659 2112 non
687 2088 799 2121 egeret
823 2080 933 2116 colore
960 2078 1066 2110 tacitae

194 2123 454 2162 conventionis3
483 2121 537 2154 sed
567 2120 721 2162 Principis
747 2119 988 2153 Constitutione
1012 2127 1066 2150 aut

193 2162 479 2200 senatusconsulto
502 2163 668 2194 subnixum
720 2161 805 2203 quau
831 2171 872 2194 eir
895 2161 1068 2202 privilegio

195 2209 356 2243 actionem
380 2203 648 2248 hypothecariam
671 2185 736 2235 sine
753 2202 884 2235 fictione
900 2202 1069 2247 conventi-

197 2252 268 2283 onis
291 2249 396 2290 palam
425 2246 598 2288 acciperet.
621 2243 696 2276 Fuit
712 2244 777 2276 hoc
793 2244 835 2276 fic
850 2244 1070 2276 traCtandum:'

195 2299 235 2324 ut
252 2290 486 2331 intelligeretur
502 2286 654 2318 notabilis
669 2286 745 2326 juris
766 2285 944 2327 progressus
955 2309 964 2324 ,
986 2284 1070 2331 aju-

197 2333 334 2365 stiniano
358 2330 491 2362 traditus
505 2327 526 2360 l.
555 2336 581 2359 1.
606 2327 638 2358 C.
663 2327 812 2359 Cominun.
837 2328 870 2358 de
885 2327 971 2400 ῐεῗιιι.
994 2326 1072 2358 licet

198 2373 287 2406 simul
304 2373 347 2405 ibi
364 2372 495 2409 videre,
509 2370 528 2402 fi
544 2369 653 2408 lubet,
668 2368 713 2400 illi
730 2367 898 2408 placuisse,
927 2368 1072 2409 egatariis

199 2414 233 2446 δι
261 2411 551 2446 fideicommissariis
584 2419 650 2443 non
675 2410 776 2442 modo
808 2410 938 2442 tacitam
955 2412 1075 2440 conce-

200 2455 278 2488 dere
309 2454 529 2497 hypothecam
554 2451 587 2484 in
624 2451 716 2483 bonis
743 2449 887 2483 defunssi
915 2450 1073 2482 testatoris

199 2505 263 2539 pro
288 2495 455 2528 securitate
471 2494 568 2535 legati
587 2500 642 2524 aut
660 2491 912 2524 fideicommiffi:
930 2490 982 2523 sed
999 2499 1074 2522 eum

201 2539 236 2571 in
253 2536 349 2569 finem
367 2538 463 2569 etiam
477 2536 636 2568 actionem
653 2533 918 2575 hypothecariam
926 2531 1074 2564 adversus

202 2583 315 2611 eorum
337 2576 529 2616 possessores.
553 2575 695 2607 Similem
719 2575 962 2616 praerogativam
986 2574 1073 2605 idem

201 2620 381 2660 Imperator
396 2618 416 2648 2.
430 2627 455 2649 1.
470 2619 498 2660 ᾗ.
512 2627 537 2650 1.
559 2617 592 2649 C.
613 2618 645 2648 de
661 2616 703 2647 rei
720 2625 807 2648 uxor.
823 2614 880 2647 αὲἶ.
898 2613 1024 2646 indulsit
1041 2615 1073 2646 in

203 2659 406 2694 securitatem
429 2659 529 2691 dotis:
562 2658 694 2696 volens,
724 2657 847 2688 mulieri
874 2665 915 2688 eo
941 2656 1075 2688 nomine

203 2702 305 2735 tacite
322 2698 383 2731 esse
406 2697 545 2738 obligata
567 2699 670 2732 mariti
696 2698 801 2738 bona;
824 2697 855 2730 &
877 2697 950 2728 vice
965 2695 1074 2734 versa,

204 2744 295 2777 bona
310 2739 416 2772 uxoris
433 2740 554 2771 marito.
577 2741 696 2773 Praeter
725 2740 794 2772 haec
818 2739 915 2771 docet
930 2738 1074 2779 Papinia-

207 2794 270 2819 nus
287 2781 308 2814 l.
328 2790 353 2814 1.
370 2781 418 2813 D.
435 2779 472 2811 In
490 2781 566 2821 quib.
583 2781 662 2823 coust
672 2781 815 2824 pign.vel
830 2780 977 2822 hypothec.
994 2779 1077 2811 tacit.

209 2821 482 2858 senatusconsulto
518 2823 605 2860 quod
648 2822 704 2854 sub
743 2822 860 2854 Marco
897 2820 1072 2861 Imperato-

208 2877 245 2902 re
268 2865 410 2902 fastum,
430 2860 553 2908 insuIoe,
581 2862 613 2892 id
639 2863 700 2902 est,
723 2864 857 2902 domus,
879 2863 993 2904 pignus
1014 2859 1076 2893 esse

209 2911 322 2941 datum
338 2905 487 2937 creditori
504 2903 557 2943 qui
575 2902 619 2933 ob
630 2904 860 2937 restitutionem
880 2902 1007 2935 aedificii
1023 2909 1076 2933 ex-

209 2946 353 2983 struendi
369 2952 511 2978 mutuam
528 2942 616 2975 dedit
630 2947 806 2983 pecuniam.
823 2944 956 2986 amplius
972 2943 1077 2976 voluit

208 2990 257 3025 D.
282 2989 430 3025 Marcus,
455 2984 633 3026 huiusmodi
655 2985 866 3026 creditorem,
890 2994 1006 3028 praeter
1026 2986 1075 3025 jus

212 3031 317 3064 tacitae
334 3026 529 3070 hypothecae
543 3025 575 3058 in
592 3032 628 3057 ea
645 3023 762 3062 insula,
775 3027 900 3070 *habere
918 3025 1076 3067 privilegi-

212 3083 267 3105 um
283 3069 430 3111 exigendi
449 3076 523 3099 ante
540 3067 679 3107 reliquos
696 3066 871 3100 creditores
887 3069 905 3099 l.
917 3080 967 3108 25.
983 3068 1028 3100 D.
1044 3068 1081 3098 de

213 3116 270 3148 reb.
285 3114 359 3142 cred.
379 3109 506 3149 Insuper
524 3107 672 3140 observat
685 3105 893 3148 Papinianus,
907 3117 1078 3148 utrumque

215 3157 255 3189 ad
265 3162 336 3185 eum
347 3150 506 3187 pertinere
522 3158 653 3190 quoque
668 3147 721 3189 qui
737 3148 952 3188 redemptori.
968 3149 999 3179 id
1012 3149 1078 3187 est,

217 3197 249 3230 ei
264 3193 317 3236 qui
334 3192 464 3225 domum
488 3191 715 3223 restituendam
738 3188 912 3227 conduxit,
933 3197 1079 3221 nummos

215 3237 387 3273 mandante
403 3231 537 3271 domino
557 3231 757 3270 ministravit.
779 3231 917 3266 alterum
932 3228 1080 3273 intelligi-

1011 136 1273 173 Noonr
1332 138 1540 174 coarat.

1106 233 1157 257 tur
1172 235 1213 258 ex
1235 227 1262 257 d.
1288 227 1307 258 l.
1332 237 1358 259 1.
1378 228 1512 260 alterum
1537 237 1577 261 ex
1600 228 1619 260 l.
1646 239 1694 269 24.
1711 230 1752 262 D.
1769 232 1803 262 de
1820 234 1875 263 reb.
1891 233 1972 266 oiri-Ji

1105 268 1193 314 judie.
1207 266 1304 314 poffid.
1322 268 1358 303 ἐξ
1375 270 1393 300 l.
1412 281 1462 310 52.
1479 270 1509 311 §.
1530 279 1577 302 10.
1594 269 1635 301 D.
1653 271 1708 302 Pro
1719 272 1806 312 fficio.
1824 273 1909 305 Huic
1929 283 1973 306 ta-

1105 316 1172 339 cito
1189 309 1312 355 pignori
1328 311 1448 343 causam
1468 312 1602 352 praebuit
1621 310 1774 345 Veterum
1791 313 1974 355 diligentia;

1107 359 1148 380 ne
1167 359 1262 396 ruinis
1286 350 1448 391 adspectus
1475 353 1560 384 urbis
1588 352 1805 386 deformetur:
1828 355 1908 387 ficut
1930 357 1975 387 ob

1106 399 1175 421 eam
1194 399 1321 433 inventa
1332 393 1425 424 etiam
1442 393 1512 425 sunt
1524 395 1588 425 'ura
1597 394 1654 425 alia
1667 394 1829 435 singularia
1845 399 1883 427 ad
1900 406 1975 427 con-

1106 430 1299 477 sequentiam
1318 434 1449 477 minime
1465 405 1628 467 tralienda.
1655 435 1674 466 l.
1696 444 1742 471 ω.
1761 435 1797 470 &⁹
1818 446 1863 477 15.
1883 436 1923 468 D.
1942 440 1976 468 de

1105 472 1186 513 legib.
1206 471 1303 512 igitur
1318 482 1387 505 cum
1407 476 1438 506 iu
1457 476 1623 516 proposito
1637 477 1685 516 jus
1702 476 1978 519 tacitaehypothe-

1106 523 1151 543 cae
1168 513 1492 559 Senatusn01ninatim
1510 519 1565 549 det
1582 517 1626 548 ob
1636 518 1803 558 pecuniam
1822 519 1977 551 creditam

1106 555 1144 585 ad
1161 553 1391 586 restitutionem
1409 557 1508 588 exusti
1524 566 1577 589 aut
1593 559 1719 599 collapfi
1730 559 1870 598 aedificii,
1886 567 1978 600 pute-

1106 605 1195 637 mus,
1221 604 1293 626 eurn
1311 605 1383 640 non·
1401 597 1517 628 dediffe
1544 597 1606 629 hoc
1631 601 1673 631 ob
1690 601 1857 640 pecuniam
1876 601 1980 633 credi-

1106 645 1169 667 tam
1186 636 1225 668 ad
1241 636 1484 679 aedificationem
1501 638 1615 670 domus
1625 649 1716 671 novae
1736 651 1805 682 quae
1822 650 1896 673 ante
1912 651 1979 675 non

1107 677 1216 710 fuerit.
1240 676 1314 720 Nec
1332 678 1429 718 magis
1445 679 1484 708 ad
1507 687 1621 710 navem
1648 683 1835 722 emendam,
1858 692 1980 715 arman-

1106 719 1198 757 dam,
1230 725 1284 749 aut
1303 718 1530 762 reficiendam,
1560 720 1661 759 aliave
1686 722 1805 755 similia:
1840 724 1911 765 quia
1936 725 1980 756 de

1106 759 1222 791 talibus
1254 760 1381 791 locutus
1413 760 1479 792 non
1517 759 1579 792 fuit
1613 761 1745 801 Senatus
1767 774 1775 794 :
1806 765 1834 796 ὁ(
1857 766 1905 805 jus
1934 773 1981 796 ta-

1106 800 1177 831 citae
1188 800 1384 842 hypothecae
1395 803 1458 833 non
1470 800 1629 843 competit
1639 803 1735 835 causis
1745 813 1780 834 ea
1790 804 1982 846 hypotheca

1105 843 1228 887 dignis:
1251 840 1302 873 sed
1319 842 1431 881 quibus
1448 843 1605 884 ejusmodi
1617 843 1668 883 jus
1678 844 1858 885 aliqualege
1872 848 1981 879 datum

1106 883 1150 914 sit.
1174 883 1205 914 id
1225 893 1300 913 vero
1319 883 1362 915 est
1381 883 1475 921 faui,
1499 893 1605 924 eoque
1623 884 1775 916 Veterum
1795 886 1982 919 auctoritate

1108 931 1244 961 tantum,
1256 933 1319 955 non
1331 926 1425 957 etiam
1437 924 1680 957 ratiocinatione
1690 926 1982 960 demonstrandum.

1108 965 1156 997 Sit
1175 966 1225 996 ita.
1249 973 1279 995 at
1295 965 1445 1005 Ulpianus
1466 967 1496 998 in
1514 967 1534 998 l.
1552 978 1582 1007 5.
1599 966 1717 1008 &seqq
1742 967 1776 999 l).
1797 967 1861 1011 Qui
1873 970 1982 1008 potior.

1109 1007 1141 1037 in
1149 1008 1231 1048 pign.
1251 1005 1299 1043 Si,
1312 1007 1415 1049 inquit
1426 1030 1435 1046 ,
1452 1008 1539 1039 navis
1551 1008 1584 1039 lit
1595 1009 1716 1049 pignori
1733 1009 1870 1049 obligata
1883 1033 1891 1046 ‚
1904 1009 1932 1040 ὅ(
1943 1011 1984 1041 ad.

1110 1057 1180 1078 eam
1205 1048 1385 1079 armandam
1412 1049 1462 1080 vel
1488 1047 1693 1081 reficiendam
1714 1059 1775 1090 ego
1794 1051 1984 1090 credidero,

1110 1087 1165 1119 etfi
1182 1087 1235 1120 sim
1251 1088 1405 1127 posterior
1424 1097 1591 1130 tempore,
1615 1098 1719 1122 tamen
1742 1091 1813 1131 quia
1840 1101 1909 1123 mea
1927 1101 1984 1131 pe-

1109 1130 1203 1161 cunia
1219 1128 1332 1161 salvam
1350 1130 1409 1161 feci
1435 1133 1535 1162 totius
1552 1131 1694 1172 pignoris
1712 1133 1852 1171 causam,
1876 1131 1983 1173 priore

1109 1172 1218 1215 potior
1234 1181 1299 1203 ero.
1315 1173 1335 1202 ii
1352 1181 1428 1203 vere
1446 1172 1514 1204 ille:
1537 1174 1703 1213 quomodo
1722 1183 1891 1214 negamus,
1909 1183 1984 1205 cum

1110 1212 1162 1255 qui
1181 1221 1211 1242 in
1230 1212 1361 1252 pignore
1381 1214 1488 1253 potior
1505 1214 1569 1252 est,
1581 1214 1698 1255 habere
1710 1214 1761 1256 jus
1777 1216 1863 1245 taciti
1875 1215 1984 1256 pigno-

1108 1262 1149 1285 ris
1163 1253 1180 1284 ‘2
1202 1253 1295 1292 Scio,
1318 1250 1382 1285 hoc
1401 1254 1463 1285 ell'e
1483 1254 1650 1287 molestum
1676 1255 1790 1288 multis.
1816 1255 1865 1286 sed
1883 1256 1983 1293 abfit‚

1110 1303 1144 1340 ut
1164 1302 1315 1335 putetur,
1340 1305 1380 1325 eo
1404 1294 1433 1326 in
1453 1296 1521 1327 casu
1539 1306 1590 1327 me
1609 1297 1660 1336 qui
1676 1298 1843 1338 pecuniam
1863 1297 1984 1329 credidi

1109 1345 1142 1366 in
1161 1337 1338 1366 armandam
1352 1343 1405 1368 aut
1420 1335 1625 1368 reficiendam
1641 1347 1754 1369 navem
1766 1360 1775 1377 ,
1794 1347 1833 1368 ex
1852 1338 1921 1379 lege
1939 1346 1984 1368 ta-

1109 1377 1205 1408 citam
1224 1376 1377 1417 accepiss'e
1394 1377 1634 1418 hypothecam
1649 1387 1765 1419 meque
1786 1379 1816 1409 in
1832 1388 1887 1415 ea,
1909 1380 1984 1410 licet,

1109 1424 1257 1460 tempore
1276 1417 1430 1458 posterior
1449 1416 1501 1450 sim
1514 1442 1522 1457 ,
1544 1420 1611 1459 jure
1631 1419 1791 1459 potiorem
1816 1419 1887 1450 effe.
1907 1429 1985 1450 con-

1108 1466 1156 1489 tra
1173 1458 1331 1496 dicamus,
1351 1456 1371 1489 fi
1393 1460 1480 1490 navis
1495 1459 1556 1490 fuit
1574 1457 1774 1501 obligatn,&
1793 1470 1865 1492 cum
1885 1461 1922 1491 ad
1940 1469 1988 1493 ar-

1107 1500 1256 1531 mandam
1273 1509 1343 1531 cam
1364 1500 1413 1530 vel
1432 1499 1637 1532 reficiendam
1657 1501 1777 1532 credidi
1794 1503 1984 1540 pecuniam.

1108 1540 1197 1572 fimul
1218 1541 1325 1580 paetus
1342 1541 1405 1572 sum
1417 1563 1426 1578 ‚
1438 1549 1472 1572 ut
1491 1550 1528 1572 ea
1544 1541 1621 1572 mihi
1639 1542 1762 1583 pignori
1781 1541 1910 1573 (iurum
1927 1542 1984 1574 cti}

1109 1582 1263 1623 posterior
1281 1582 1332 1613 lim
1350 1581 1708 1622 tempore,adhucjure
1725 1581 1786 1613 esse
1806 1589 1986 1622 potiorema

1110 1624 1183 1661 quia
1202 1632 1271 1654 mca
1287 1623 1423 1663 pecunia
1433 1623 1547 1655 salvam
1560 1622 1625 1655 feci
1641 1624 1738 1655 totius
1755 1624 1899 1664 pignoris
1912 1632 1986 1655 cau-

1108 1664 1181 1696 sam.
1223 1664 1310 1696 lstaec
1333 1674 1382 1695 res
1408 1661 1475 1695 est:
1499 1662 1645 1702 facitque
1671 1664 1746 1696 huic
1772 1665 1990 1705 conjecturae„

1108 1706 1197 1750 quod
1212 1707 1239 1736 d.
1254 1706 1273 1736 l.
1292 1716 1321 1746 3.
1340 1706 1492 1747 cuinseqq.
1511 1705 1556 1737 est
1570 1705 1670 1748 posita
1694 1705 1748 1737 sub
1763 1704 1897 1744 Titulo,
1922 1706 1987 1750 Qui

1108 1749 1233 1788 potiores
1248 1748 1280 1778 in
1291 1748 1432 1788 pignore:
1455 1750 1484 1778 in
1503 1756 1568 1787 quo
1588 1756 1654 1778 non
1674 1747 1845 1788 quaeritur,
1869 1752 1988 1787 quibus

1108 1789 1211 1820 modis
1229 1789 1342 1829 pignus
1359 1788 1586 1820 constituatur:
1611 1787 1663 1820 sed
1687 1789 1756 1829 quis
1770 1788 1806 1820 fit
1822 1787 1989 1820 constituti

1108 1830 1252 1871 pignoris
1268 1828 1413 1862 effeetus.
1459 1830 1618 1869 Accedit,
1642 1830 1728 1870 quod
1747 1829 1882 1870 pecunia
1899 1829 1938 1861 ad
1955 1838 1988 1861 e-

1109 1872 1256 1903 mendam
1275 1871 1405 1903 domum
1426 1870 1493 1903 aliis
1519 1871 1692 1912 obligatam
1717 1871 1857 1907 credita,
1888 1870 1915 1902 is
1930 1870 1989 1910 qui

1109 1912 1265 1950 credidit,
1289 1911 1345 1944 etfi
1365 1919 1513 1953 tempore
1538 1912 1572 1944 sit
1589 1910 1765 1954 posterior,
1786 1910 1987 1955 consimilem

1108 1953 1207 1985 habet
1229 1953 1303 1993 juris
1327 1954 1594 1995 praerogativam,
1618 1953 1670 1986 sed
1688 1963 1755 1986 non
1773 1954 1866 1993 alias,
1889 1961 1987 1993 quam

1107 1995 1129 2027 fi
1148 1995 1188 2026 de
1214 1995 1349 2036 pignore
1375 1994 1477 2027 statim
1501 1995 1674 2026 convenit:
1699 1994 1740 2027 fic
1759 1995 1844 2027 enim
1860 1993 1988 2034 Juliano
2028 2001 2036 2007 ‘

1108 2036 1235 2067 cuidam
1262 2036 1484 2077 rescripserunt
1516 2034 1740 2068 Diocletianus
1764 2035 1794 2067 ὅτ.
1820 2035 1989 2067 Maximia-

1111 2086 1170 2109 nus
1187 2077 1206 2108 l.
1222 2086 1250 2117 7.
1269 2077 1303 2107 C.
1324 2080 1353 2109 d.
1374 2078 1395 2108 t.
1419 2077 1494 2117 quid
1513 2077 1567 2108 nii
1595 2078 1657 2108 itur
1676 2078 1717 2108 de
1734 2086 1815 2108 nave
1834 2077 1919 2108 idem
1940 2076 1988 2108 di-

1110 2118 1245 2150 camus?
1268 2117 1322 2150 sed
1336 2118 1398 2150 hoc
1416 2118 1535 2150 clarum
1551 2128 1567 2149 e
1616 2118 1646 2150 in
1665 2118 1783 2150 Novell.
1800 2127 1852 2158 97.
1876 2128 1901 2148 c.
1919 2127 1950 2158 53.

1150 2158 1317 2199 Vidimus,
1340 2159 1454 2201 pignus
1468 2169 1484 2190 a
1501 2161 1572 2200 lege
1598 2159 1710 2191 favore
1736 2159 1833 2190 causae
1853 2159 1904 2190 vel
1922 2160 1986 2190 sine

1114 2201 1226 2232 colore
1250 2201 1476 2232 conventionis
1501 2200 1660 2232 constitui.
1684 2200 1856 2238 addamus,
1880 2209 1916 2231 ca
1940 2200 1988 2231 in-

1113 2242 1186 2274 duci
1210 2250 1341 2282 quoquc
1364 2241 1527 2274 beneficio
1551 2241 1634 2275 fisci:
1666 2243 1719 2282 qui
1745 2243 1865 2282 semper
1888 2241 1986 2272 habet

1112 2284 1161 2324 jus
1177 2283 1320 2324 pignoris
1337 2283 1357 2315 l.
1382 2286 1432 2322 46.
1457 2283 1484 2325 §.
1509 2292 1539 2323 3.
1558 2283 1606 2314 D.
1632 2284 1665 2314 de
1675 2282 1815 2324 junfisc.
1841 2282 1920 2314 ubi?
1942 2290 1984 2313 ex

1116 2324 1207 2355 causa
1231 2325 1419 2355 tributorum
1445 2324 1464 2356 l.
1492 2333 1518 2355 1.
1545 2324 1579 2355 C.
1597 2324 1634 2356 In
1653 2326 1730 2365 quib.
1746 2324 1824 2364 caus.
1837 2324 1920 2364 pigri.
1938 2328 1983 2353 ta-

1117 2366 1190 2397 cite:
1214 2366 1268 2396 aut
1290 2365 1470 2397 contractus
1495 2364 1538 2396 sui
1562 2365 1581 2396 l.
1600 2376 1627 2397 2.
1658 2365 1690 2396 C.
1718 2366 1745 2396 d.
1769 2371 1790 2395 t.
1824 2364 1930 2402 ejusve
1951 2363 1984 2394 in

1117 2407 1205 2447 quus
1229 2406 1337 2438 locum
1361 2405 1503 2438 succeffit
1527 2406 1548 2438 l.
1574 2410 1604 2438 6.
1627 2406 1664 2438 D
1687 2407 1720 2436 cle
1737 2405 1806 2447 jure
1818 2403 1891 2444 fisci.
1918 2413 1984 2436 non

1116 2448 1194 2480 item
1211 2454 1252 2479 ex
1269 2447 1357 2478 causa
1375 2449 1510 2488 poenali:
1534 2454 1568 2478 ut
1586 2448 1617 2478 in
1634 2448 1661 2477 d.
1677 2446 1770 2487 §.3.l.
1787 2449 1837 2489 46.
1858 2452 1990 2476 annota·

1116 2488 1165 2521 vit
1179 2488 1346 2520 Accurfius
1364 2498 1405 2519 ex
1422 2489 1502 2529 l.37.
1515 2489 1542 2519 d.
1554 2493 1574 2518 t.
1591 2486 1658 2526 Ipse
1671 2497 1735 2517 non
1752 2486 1883 2524 dubito,
1908 2488 1984 2529 quin

1115 2529 1290 2562 secundum
1306 2529 1370 2561 hoc
1382 2530 1497 2560 debeat
1513 2528 1613 2569 accipi
1630 2529 1716 2566 quod
1732 2528 1762 2558 in
1781 2527 1800 2559 l.
1822 2536 1867 2559 10.
1888 2527 1934 2558 D.
1952 2530 1985 2558 de

1111 2570 1207 2612 pactis
1232 2568 1385 2612 Ulpianus
1404 2570 1500 2605 dicit,
1523 2564 1587 2599 effe
1602 2567 1688 2599 casus
1706 2567 1736 2598 in
1755 2568 1868 2608 quibus
1892 2567 1985 2599 fiscus

1115 2621 1181 2643 non
1200 2611 1297 2642 habet
1310 2611 1360 2652 jus
1378 2610 1583 2652 hypothecae.
1605 2609 1687 2641 illud
1709 2608 1860 2650 singulare
1877 2609 1908 2639 in
1926 2610 1987 2649 pri·

1115 2653 1251 2693 mipilari
1272 2652 1401 2689 debito,
1427 2651 1515 2690 quod
1532 2660 1596 2682 non
1622 2651 1721 2682 modo
1737 2651 1884 2691 primipili
1902 2650 1988 2689 bona·

1117 2703 1158 2725 ex
1176 2693 1241 2734 ejus
1258 2691 1424 2724 contractu
1448 2690 1524 2722 fisco
1550 2692 1646 2723 tacite
1671 2692 1739 2723 sunt
1758 2691 1908 2732 obligata.
1933 2690 1988 2722 sed

1118 2735 1214 2766 etia'm
1232 2734 1291 2765 dos
1307 2732 1434 2769 uxoris,
1457 2733 1511 2765 ubi
1532 2732 1690 2764 exhaustis
1709 2734 1857 2763 univertis
1882 2732 1988 2763 mariti

1118 2784 1156 2807 ac
1173 2775 1407 2807 nominatorum
1417 2773 1622 2806 facultatibus
1633 2797 1642 2813 ‚
1660 2773 1743 2805 unde
1753 2772 1828 2804 fisco
1839 2773 1990 2812 satisfiat,

1120 2825 1185 2849 non
1213 2816 1380 2856 reperitur.
1401 2815 1421 2846 l.
1445 2825 1475 2854 4.
1502 2814 1536 2846 C.
1562 2815 1599 2847 In
1623 2816 1699 2857 quib.
1716 2815 1792 2855 caefi
1806 2816 1889 2856 pign.
1905 2816 1988 2845 tacit.

1119 2857 1246 2890 Durum
1271 2857 1354 2894 hoc,
1377 2865 1442 2888 non
1468 2866 1572 2898 nego:
1597 2856 1648 2887 sed
1673 2856 1791 2894 visum,
1822 2855 1992 2895 utilitatem

1118 2899 1279 2941 publicam
1303 2906 1424 2937 ponere
1448 2906 1522 2929 ante
1538 2898 1691 2938 privatam
1709 2897 1727 2927 l.
1744 2907 1774 2938 3.
1796 2893 1828 2928 C.
1845 2897 1878 2927 de
1887 2895 1991 2936 primi-

1113 2941 1173 2982 pilo
1193 2940 1241 2971 lib.
1270 2948 1317 2970 12.
1344 2939 1390 2970 tit.
1413 2942 1465 2980 63.
1497 2937 1575 2970 Erat
1595 2938 1770 2978 primipilus
1796 2937 1852 2978 <ut
1879 2944 1992 2968 notum

1119 2991 1161 3014 ex
1177 2980 1318 3022 Vegetio
1332 2979 1380 3011 lib.
1403 2989 1430 3011 2.
1447 2980 1499 3011 De
1513 2989 1543 3011 re
1556 2980 1639 3011 milit.
1655 2989 1680 3009 c.
1702 2980 1751 3019 8.)
1767 2978 1885 3019 primus
1900 2977 1931 3007 in
1947 2975 1991 3021 le«

1121 3023 1219 3065 gione
1235 3022 1392 3053 centurio.
1416 3029 1549 3062 praeerat
1567 3021 1592 3052 is
1610 3019 1734 3052 militari
1760 3026 1890 3051 annonae
1912 3016 1993 3048 milia·

1123 3064 1208 3096 tibus
1223 3062 1278 3094 suo
1293 3069 1441 3102 tempore
1458 3062 1694 3106 distribuendae.
1716 3060 1764 3106 ob·
1777 3059 1907 3099 ejusque
1922 3066 1992 3104 mo-

1121 3114 1188 3137 ram
1208 3103 1412 3137 defectumve
1424 3104 1559 3135 militum
1574 3103 1671 3134 fidem
1687 3101 1782 3144 solvi,
1805 3106 1871 3129 erat
1887 3108 1993 3140 reipu-

1121 3146 1216 3178 blicae
1232 3143 1456 3187 periculosum.
1480 3153 1577 3185 quare
1594 3143 1625 3175 &
1641 3144 1723 3174 bona
1738 3140 1913 3186 liberorum·
1929 3141 1989 3182 pri·-

1122 3188 1242 3228 mipili‚
1266 3186 1320 3218 etsi
1338 3185 1418 3227 patri
1434 3194 1496 3217 non
1515 3185 1574 3216 (int
1590 3183 1742 3218 heredes,
1757 3179 1832 3212 fisco
1849 3181 1993 3222 obligata

1121 3224 1193 3265 suat
1213 3228 1234 3264 l.
1252 3237 1284 3269 4.
1300 3225 1342 3271 vC.
1365 3229 1397 3264 4.-
1417 3231 1440 3262 t.
1464 3224 1520 3261 Est
1533 3226 1628 3269 igitur
1644 3221 1742 3262 fisco,
1765 3221 1829 3263 ejus
1845 3230 1991 3305 ςοηιὲῗέἰ
