2036 3495
527 116 593 155 An
618 117 707 153 Lis.
735 113 818 152 XV.
855 113 958 150 TzT.
987 112 1045 153 111.
1073 115 1172 152 Dein
1190 127 1253 153 rem
1265 110 1360 164 versit.

47 223 113 248 non
136 214 288 256 loquitur.
309 211 405 253 igitur
431 208 514 252 quod
540 209 570 240 in
586 208 677 239 servo
694 212 748 237 aut
759 201 918 251 filiofami-

47 258 103 289 lias
121 258 173 298 qui
191 258 221 288 in
249 253 342 294 patris
365 261 417 284 aut
444 250 562 294 domini
580 246 837 292 potestateiunt,
861 247 915 276 {in-

47 299 196 340 gulariter
214 296 381 328 aPraetore
397 293 441 324 est
457 291 679 333 constitutum:
693 289 733 334 ad
750 288 914 318 bominem

49 341 185 372 liberum
202 337 253 378 qui
271 337 301 367 in
312 334 469 376 potestate
479 341 543 364 non
556 331 618 369 est,
634 337 736 360 invito
753 329 912 365 Praetore,

46 390 107 422 pei·
129 379 384 418 consequentiam
408 373 595 406 trahendum
622 380 684 416 non
708 369 762 401 est.
786 369 855 400 fac:
880 377 913 399 ut

49 422 199 462 exemplo
227 429 274 450 res
299 418 412 449 clarior
437 415 517 446 fiat:
550 420 752 452 negotiorum
779 409 885 455 gestor
902 432 912 448 ‚

49 462 185 494 fulturus
201 460 325 492 alterius
342 459 469 489 domurn
481 453 657 491 ruinosam,
674 460 816 484 mutuam
837 451 916 495 sum-

49 503 108 544 psit
123 504 307 543 pecuniam,
331 505 465 537 eamque
487 495 653 527 fulciendo
671 495 802 525 domum
821 499 917 523 vertit

49 546 81 575 in
100 545 164 575 rem
182 543 254 582 ejus.
271 539 332 580 ipse
343 538 386 570 est
396 536 716 575 creditoriobligatus
726 544 764 565 ex
784 542 916 565 mutuo:

50 585 104 616 sed
123 585 284 615 dominum
300 577 449 611 creditori
468 587 532 608 non
551 577 727 617 obligavit,
751 583 917 615 quantum-

47 626 97 658 ·vis
122 624 204 655 versa
229 624 258 654 in
281 630 347 653 rem
373 620 438 660 ejus
463 619 614 659 pecunia:
638 617 801 662 quia-non
819 615 908 647 estin

53 665 207 706 potestate
224 663 287 703 ejus
302 662 389 702 cujus
405 661 570 701 negotium
586 659 694 699 gestit:
719 657 910 703 ideoqueatl

49 707 195 740 Edictum
213 713 275 735 non
293 704 440 744 pertinet.
477 701 530 732 Sic
548 700 624 732 milii
644 699 786 731 videtur:
815 699 844 729 &
867 706 911 738 Ju-

46 756 102 780 vat
127 747 189 778 hoc
213 745 341 776 Senecae
368 743 415 774 lib.
440 753 469 783 5.
494 743 545 773 De
571 739 686 780 benefic.
709 750 732 771 c.
755 749 800 776 19.
826 739 911 783 Que-

49 791 114 821 dam
130 789 161 818 in
176 788 244 818 ulios
259 786 468 825 conferuntur,
483 783 539 823 sed
561 785 598 814 ad
622 791 673 813 izos
694 791 782 823 usque
799 788 911 821 perma-

47 836 131 862 nam.
161 830 196 859 ab
218 837 246 859 eo
271 833 364 858 amem
387 827 464 867 exigi
487 825 610 865 quidque
636 824 714 854 debet
731 845 741 861 ,
770 823 802 853 in
830 830 913 868 querit

49 871 195 911 confertur
210 880 219 899 .·
246 868 322 906 fictir
343 869 466 908 pecunia
495 867 529 896 ab
560 875 588 896 eo
614 866 727 905 petitur
754 866 802 895 cui
824 864 914 894 creciz-

47 919 81 944 τα
106 909 144 952 eft
161 934 169 948 ,
199 910 332 952 quamvis
355 909 405 939 illa
432 909 469 938 ad
493 916 535 937 me
555 907 648 948 aliquo
672 906 749 935 modo
768 905 911 945 pervenit.

49 954 92 986 At
109 953 214 983 turbat
230 959 262 982 te
280 952 296 981 l.
314 960 339 991 7.
358 950 385 991 §.
407 958 430 980 i.
444 949 474 979 C.
492 947 653 991 ‚Qiodcum
670 956 697 977 eo
706 948 759 986 qui
781 947 812 976 in
828 947 912 977 alien.

44 992 145 1036 potest.
168 993 229 1025 Sed
248 1001 311 1023 non
330 991 534 1031 intelligenda
550 988 594 1020 est
616 989 666 1019 lex
684 989 723 1018 de
740 986 862 1018 astione
873 987 912 1017 de

48 1037 81 1071 in
101 1044 166 1066 rem
181 1033 289 1072 vers03
305 1041 414 1063 verum
428 1034 467 1063 de
485 1031 552 1062 utili
570 1029 695 1061 actione
712 1028 915 1069 negotiorum

51 1075 222 1119 gestorum.
245 1072 383 1113 Species.
409 1072 530 1112 Aliquis
555 1071 681 1102 alterius
703 1070 734 1101 in
759 1070 845 1110 cujus
863 1078 914 1109 po>

52 1118 165 1149 testate
189 1125 250 1148 non
277 1123 343 1146 erat
359 1137 368 1152 ,
399 1113 539 1155 gesturus
562 1112 743 1153 negotium,
774 1118 916 1141 mutuam

53 1160 179 1198 accepit
199 1157 364 1197 pecuniam
377 1179 386 1193 ,
403 1157 431 1186 <St
450 1156 506 1185 hac
525 1152 610 1185 fulsit
628 1153 693 1191 ejus
709 1153 839 1183 domum
856 1152 916 1182 rui-

53 1199 172 1232 nosam.
197 1201 221 1230 is
239 1197 342 1239 gestor
359 1197 479 1237 negotii
499 1195 661 1237 postquam
679 1194 803 1237 accepit
820 1202 914 1233 pecu-

53 1243 155 1278 niam,
167 1238 315 1272 creditori
333 1238 400 1278 jure
420 1237 505 1268 civili
523 1245 564 1267 ex
580 1236 669 1266 caula
688 1242 788 1265 mutui
803 1233 846 1264 est
860 1234 915 1278 ob-

55 1282 179 1323 ligatus.
205 1288 235 1311 at
260 1280 379 1320 negotii
406 1279 552 1309 dominus
570 1299 579 1315 ,
612 1277 687 1320 licet
714 1274 798 1305 versa
823 1274 859 1306 fit
883 1284 914 1305 in

55 1333 121 1355 rem
147 1323 210 1362 ejus
233 1321 384 1361 pecunia,
407 1328 510 1358 neque
532 1319 599 1358 jure
623 1316 707 1347 ciVili
732 1323 859 1359 tenetur
876 1324 917 1346 ex

53 1373 186 1401 mutuo,
209 1363 279 1402 quia
297 1360 360 1401 ipse
377 1361 542 1400 pecuniam
561 1367 622 1389 non
641 1365 789 1395 accepit;
813 1366 918 1397 neque

51 1406 120 1446 jure
142 1404 292 1435 Praetorio
310 1403 348 1433 de
366 1402 395 1432 in
422 1409 487 1431 rem
512 1399 621 1437 vers0‚
645 1399 718 1438 quia
735 1397 856 1429 Praetor
875 1398 918 1429 nil

56 1447 157 1478 edixit
174 1445 212 1477 de
233 1444 361 1475 homine
376 1442 495 1479 libero,
512 1450 528 1471 a
548 1449 612 1480 quo
630 1440 763 1479 pecunia
781 1439 865 1470 versa
883 1439 919 1470 fit

55 1490 88 1519 in
106 1496 171 1518 rem
189 1485 327 1516 alterius.
352 1482 445 1514 restat
469 1483 563 1523 igitur
581 1480 679 1512 solum
689 1503 703 1525 ,Ι
723 1481 919 1525 utnnegotio-

55 1536 125 1561 rum
142 1526 241 1567 gestor
266 1535 304 1556 ex
329 1532 441 1555 mutuo
458 1531 603 1554 teneatur
619 1522 788 1553 creditori:
813 1524 843 1552 ὁ(
862 1522 916 1553 ἀοι

58 1570 162 1601 minus
178 1566 292 1608 gestori
309 1566 434 1596 actione
451 1562 652 1604 negotiorum
662 1562 838 1607 gestorum,
856 1562 919 1603 ipsa

60 1609 148 1641 utili:
171 1617 209 1639 ex
228 1616 292 1647 quo
309 1605 455 1638 dominus
474 1613 570 1635 ratam
592 1604 706 1634 habeat
727 1611 826 1634 mutui
843 1603 920 1635 dati-

60 1658 173 1686 onem,
196 1657 249 1679 aut
271 1647 302 1678 in
328 1656 394 1678 rem
420 1646 484 1685 ejus
501 1645 586 1676 versa
602 1644 636 1676 sit
655 1645 786 1684 pecunia
802 1654 919 1677 mutua.

104 1690 203 1721 Porro
220 1689 260 1719 ait
279 1688 413 1726 Praetor,
431 1688 476 1717 De
491 1696 518 1717 eo
527 1687 601 1727 quod
616 1687 646 1716 iii
657 1695 715 1716 rem
731 1686 791 1727 ejtis
807 1690 921 1726 versum

58 1733 122 1764 erit.
146 1730 187 1761 Et
211 1736 360 1769 apparet,
384 1737 455 1759 eum
483 1728 657 1764 atilionem,
681 1735 835 1766 quatenus
853 1738 920 1759 ver-

58 1772 126 1804 sum
142 1772 205 1808 est,
231 1772 260 1801 in
280 1769 410 1801 solidum
436 1769 591 1810 polliceri.
618 1767 770 1807 Ulpianus
788 1768 806 1799 l.
828 1778 871 1801 10.
892 1769 920 1811 §-

61 1823 91 1852 4.
110 1815 136 1844 b.
155 1819 175 1843 t.
195 1811 438 1850 interpretatur,
461 1818 556 1848 prout
577 1809 694 1849 aliquid
719 1809 840 1841 versum
860 1813 923 1842 est:

62 1856 92 1886 &
111 1853 243 1895 proinde
260 1852 301 1884 sic
318 1851 434 1890 infert,
457 1851 486 1882 Si
504 1860 573 1890 pars
590 1850 673 1882 versa
690 1850 733 1881 est
745 1873 754 1889 ,
778 1852 817 1882 de
834 1860 922 1891 parte

61 1897 122 1927 erit
139 1894 231 1925 aCtio.
255 1894 342 1934 quod
358 1893 387 1924 ἃ
407 1901 422 1922 a
437 1891 609 1931 justiniano
632 1891 830 1924 observatum
846 1893 873 1935 §.
892 1903 921 1932 4.

61 1934 133 1976 Inst.
150 1936 235 1978 Quod
252 1944 316 1965 cum
330 1944 358 1964 eo
381 1935 432 1974 qui
447 1935 477 1964 in
500 1934 581 1964 alien.
594 1939 653 1974 pot.
675 1932 725 1964 De
741 1942 781 1964 eo
799 1935 923 1966 dubitat

61 1976 215 2016 Ulpianus
230 1977 256 2006 cl.
273 1975 289 2006 l.
305 1984 347 2006 io.
363 1974 390 2016 §.
409 1985 437 2014 5.
456 1981 560 2006 utrum
578 1978 607 2005 iii
627 1973 740 2005 sortem
757 1975 921 2008 dumtaxat

60 2026 206 2050 teneatur
223 2017 387 2053 dominus,
410 2025 446 2046 an
466 2015 495 2046 &
515 2016 545 2046 i'n
564 2015 696 2047 usuras?
717 2015 758 2047 sic
775 2026 852 2048 vero
868 2019 918 2049 de-

63 2058 151 2090 finit:
172 2058 322 2098 siquidem
342 2056 482 2096 promisit
499 2056 620 2095 usuras,
633 2057 802 2089 Marcellus
819 2058 871 2089 lib.
888 2069 919 2100 5.

60 2099 266 2141 Digestorum
286 2098 410 2135 scribit,
435 2099 598 2130 dominum
618 2098 851 2138 praestaturum:
869 2098 921 2131 sed

61 2140 84 2173 fi
111 2150 174 2171 non
198 2140 256 2171 sint
280 2138 453 2179 promiffae,
479 2140 588 2179 utique
610 2148 672 2170 non
695 2140 896 2172 debebuntur
912 2164 922 2179 ,

62 2182 136 2223 quia
155 2182 187 2212 in
203 2180 433 2220 stipulationem
452 2180 593 2212 dedustae
611 2190 671 2211 non
690 2180 768 2212 sunt.
793 2183 885 2222 plane
902 2182 923 2214 si

64 2223 341 2263 contemplatione
367 2221 484 2252 domini
510 2224 675 2261 pecuniam
702 2221 773 2253 dedi
792 2233 854 2254 non
871 2233 922 2265 ge·

60 2263 145 2296 renti
161 2263 249 2294 servo
264 2261 391 2303 negotia
409 2261 545 2300 domini,
568 2262 619 2294 sed
640 2261 703 2302 ipse
718 2273 849 2303 gerens,
874 2275 925 2296 ue-

61 2305 221 2346 gotiomtn
238 2304 396 2345 gestorum
414 2302 538 2335 afflone
553 2313 669 2345 potero
688 2306 782 2336 etiam
801 2305 839 2337 de
859 2306 925 2337 usu-

58 2347 100 2378 ris
116 2346 262 2386 experiri.

103 2387 263 2418 Promittit
278 2386 374 2427 igitur
385 2386 450 2418 hoc
460 2385 572 2418 Edicto
582 2385 867 2419 Praeeoraffionem
884 2388 923 2420 de

63 2437 103 2460 eo
122 2429 208 2469 quod
232 2430 263 2459 in
288 2437 353 2459 rem
378 2427 499 2459 versum
524 2429 592 2458 erit.
617 2428 661 2459 est
684 2436 790 2460 autem
809 2431 838 2460 in
856 2439 923 2461 rem

62 2478 207 2508 vertere,
231 2470 260 2500 in
278 2468 447 2500 utilitatem
472 2477 605 2500 vertere.
632 2479 691 2500 nec
708 2469 753 2500 est
770 2471 899 2502 dubium
913 2494 923 2510 ,

64 2511 138 2550 quin
157 2510 196 2540 sic
213 2511 354 2541 videatur
371 2510 511 2547 versum,
536 2511 690 2551 quidquid
706 2507 876 2543 necessario
892 2513 923 2544 in

66 2560 133 2582 rem
150 2550 270 2581 domini
284 2550 474 2591 impenderit
490 2552 612 2583 servus:
632 2553 729 2583 veluti
747 2553 766 2583 si
783 2561 924 2585 mutuam

65 2591 232 2631 pecuniam
247 2593 456 2624 creditoribus
474 2593 539 2631 ejus
555 2593 702 2631 solverit,
726 2602 777 2624 aut
792 2593 924 2626 aedifici'a

63 2633 186 2664 ruentia
204 2631 320 2662 fulserit
337 2633 364 2673 §.
381 2642 410 2671 4.
434 2633 504 2674 [nst.
524 2633 611 2679 Quod
626 2644 689 2665 cum
714 2643 742 2665 eo
758 2637 808 2675 qui
823 2637 854 2666 in
870 2636 923 2666 ali-

66 2670 219 2713 en.potest.
236 2672 254 2702 l.
271 2672 337 2714 3s§
367 2683 390 2704 1.
411 2674 452 2706 D.
468 2678 494 2707 b.
511 2681 530 2706 t.
554 2677 639 2707 idem
658 2675 723 2714 est,
746 2675 766 2707 si
782 2678 857 2716 quid
874 2679 929 2709 im-

67 2716 214 2753 penderit
232 2714 438 2753 nonquidem
460 2716 652 2755 necessario,
676 2716 727 2747 sed
744 2719 864 2749 utiliter
882 2726 923 2749 ta-

62 2764 148 2786 men.
164 2756 192 2786 &
209 2754 315 2785 differt
334 2762 472 2787 tantuin:
489 2759 575 2797 quod
590 2759 641 2789 ubi
661 2758 832 2790 necessario
850 2760 926 2799 quid

63 2795 220 2835 impendit
237 2795 367 2835 geffitve
379 2818 387 2833 ‚
405 2803 507 2828 totum
527 2798 678 2838 spcstatur
696 2801 833 2838 pretium
850 2810 924 2832 con-

61 2845 212 2868 ventum:
237 2837 288 2867 ubi
306 2845 381 2866 vero
396 2845 459 2867 non
479 2839 645 2870 necessario
661 2840 837 2881 impendit,
860 2851 924 2873 non

63 2887 193 2919 putatur
211 2879 240 2908 in
259 2886 324 2908 rem
343 2877 463 2908 versum
481 2878 557 2917 esle,
573 2880 626 2911 nisi
644 2891 753 2913 verum
771 2882 862 2922 ipsius
881 2884 925 2914 rei

63 2919 200 2960 pretium
217 2920 234 2948 l.
250 2929 279 2957 5.
298 2919 324 2948 b.
341 2923 362 2948 t.
381 2916 479 2958 igitur
502 2928 535 2950 ut
559 2919 706 2953 suminam
723 2923 816 2954 faciat
835 2922 923 2964 Ulpi-

63 2969 141 2991 anus
164 2961 191 2990 d.
218 2959 238 2991 l.
257 2969 285 2999 3.
302 2958 330 2999 §.
351 2968 377 2990 2.
398 2960 598 2999 regulariter,
622 2963 745 3003 inquit,
769 2965 923 3004 dicimus,

63 3002 182 3032 totiens
196 3000 235 3030 de
251 3001 280 3030 in
299 3009 365 3030 rem
380 3001 468 3031 verso
486 3000 547 3032 esse
564 3002 715 3036 aaronem
726 3028 735 3043 ‚
746 3007 859 3044 quibus
876 3015 924 3037 ca·

62 3042 143 3075 fibus
163 3048 350 3079 procurator
365 3043 501 3073 mandati
537 3044 587 3074 vel
605 3045 655 3083 qui
673 3049 799 3086 negotia
816 3047 924 3087 geffit,

59 3082 261 3124 negotiorum
278 3082 436 3123 gestorum
461 3083 592 3115 haberet
616 3085 795 3125 astionem,
821 3089 924 3127 quoti·

61 3133 181 3163 ensque
197 3123 314 3162 aliquid
331 3123 520 3163 consumpsit
547 3126 668 3165 servus,
692 3136 725 3159 ut
743 3137 795 3158 aut
813 3129 923 3160 mello-

56 3174 123 3198 tem
141 3174 205 3195 rem
224 3165 353 3196 liaberet
369 3165 536 3205 domiuus,
562 3175 615 3198 aut
639 3177 699 3199 non
718 3169 921 3204 deteriorem.

56 3205 295 3281 EtTginffiYnit
305 3208 506 3249 exemplum,
521 3207 655 3246 siservus
672 3217 726 3243 aut
741 3209 824 3244 filius
842 3211 921 3247 sum·

1762 127 1831 164 273

959 202 1017 248 psit
1026 207 1242 246 pecuniam,ut
1254 206 1282 238 se
1290 208 1388 239 aleret
1397 207 1426 239 ὅ(
1435 205 1565 239 vestiret
1572 203 1744 238 secundum
1755 214 1832 237 con-

959 246 1155 279 suetudinem
1173 250 1313 287 domini,
1331 250 1360 279 id
1378 249 1442 287 est,
1460 258 1558 289 usque
1570 249 1607 279 ad
1618 257 1689 279 eum
1701 248 1831 280 modum

960 294 1055 325 quem
1083 290 1228 320 dominus
1252 298 1305 320 aut
1328 298 1416 330 pater
1441 291 1468 321 ei
1493 289 1638 330 praestare
1655 289 1831 321 consueve-

957 335 1014 357 rat.
1041 326 1128 369 Quid
1140 339 1216 370 ergo
1229 330 1242 360 Ρ
1259 331 1280 361 si
1292 340 1399 361 mutua
1410 332 1541 369 pecunia
1552 339 1683 370 accepta
1694 333 1857 370 domumfi

958 368 1148 413 dominicam
1167 373 1334 401 exornavit
1352 372 1492 403 tectoriis
1511 372 1539 403 &
1557 373 1744 411 quibusdam
1761 372 1829 403 aliis

957 417 1027 447 quae
1045 419 1142 451 mzigffs
1158 412 1195 442 ad
1217 413 1412 451 voluptatem
1429 413 1607 452 pertinent,
1632 423 1724 452 quam
1740 416 1778 444 ad
1795 421 1830 442 u-

960 449 1133 483 tilitatem?
1157 461 1222 483 non
1240 453 1337 483 videri
1355 453 1476 484 versum
1489 476 1498 491 ,
1523 453 1673 494 Ulpianus
1692 463 1779 493 putat
1798 453 1828 494 §.

959 501 990 528 4.
1009 493 1036 520 d.
1055 492 1072 522 l.
1091 492 1250 532 causatus,
1275 494 1363 533 quod
1386 503 1445 525 nec
1472 503 1659 533 procurator
1685 496 1753 527 haee
1770 497 1829 526 irn-

963 540 1108 572 putaret:
1132 533 1184 565 nifi
1205 534 1289 565 forte
1308 537 1488 566 mandatum
1509 536 1627 566 domini
1646 545 1697 567 aut
1715 536 1831 567 voluu-

965 581 1060 605 tatein
1079 574 1208 607 habuit:
1233 585 1294 606 nee
1313 577 1432 607 debere
1458 578 1622 608 dominum
1640 587 1677 608 ex
1695 588 1734 608 eo
1750 586 1829 608 one-

954 616 1023 645 rari.
1048 624 1169 647 tantum
1203 617 1286 657 pati,
1310 617 1432 657 inquit,
1456 618 1594 655 debere,
1625 627 1641 647 a
1665 619 1830 649 creditore

954 654 1022 685 litet*
1049 656 1188 695 auferri,
1221 657 1283 689 sinc
1306 659 1417 690 domus
1439 657 1496 689 suae
1525 658 1675 689 videlicet
1699 660 1827 699 injuriae

954 706 1090 737 nempe,
1122 708 1160 729 nc
1188 701 1351 740 cogendus
1375 700 1429 737 sit,
1454 700 1582 731 domum
1608 700 1768 736 vendere,
1791 708 1828 730 ut:

955 740 1063 777 quanti
1088 740 1254 779 pretiosior
1280 740 1361 772 fasta
1386 741 1430 772 est
1447 763 1457 779 ,
1489 741 1520 772 id
1550 740 1686 780 praestet.
1719 739 1772 771 Est
1795 741 1828 772 δε

956 779 1032 810 illud
1050 779 1260 819 superioribus
1276 782 1489 820 consequens,
1514 783 1601 821 quod
1617 782 1647 812 in
1664 780 1691 823 ᾗ.
1708 784 1738 812 6.
1759 783 1786 812 d.
1803 781 1827 811 l.

957 819 1129 865 Ulpianus,
1156 821 1342 854 Labeonem
1367 823 1536 863 sequutus,
1567 822 1757 859 confirmat,
1782 823 1829 853 iu-

956 862 1055 901 telligi
1081 871 1210 903 quoque
1228 864 1258 894 in
1277 873 1343 895 rem
1369 865 1489 896 domini
1513 863 1634 895 versum
1657 864 1745 903 quod
1761 872 1830 895 mu-

957 911 1061 933 tuatus
1087 904 1213 941 servus,
1238 906 1366 936 domino
1391 915 1466 936 emit
1491 905 1610 937 volenti
1636 906 1674 936 ad
1694 905 1829 937 luxuriae

956 945 1136 983 materiam,
1162 954 1320 986 unguenta
1337 945 1442 983 forte,
1467 947 1516 978 vel
1534 946 1554 978 si
1573 947 1648 986 quid
1666 947 1704 977 ad
1720 946 1831 978 delici-

957 996 1008 1023 as,
1026 987 1074 1030 vel
1095 985 1114 1017 si
1133 988 1209 1025 quid
1228 990 1265 1017 ad
1283 996 1390 1028 turpes
1410 988 1547 1028 sumptus
1566 987 1828 1019 subministravit:

960 1027 1018 1057 hac
1036 1026 1170 1067 subjecta
1196 1031 1315 1059 ratione
1339 1038 1407 1069 quae
1426 1030 1469 1060 est
1492 1031 1630 1069 optima:
1655 1030 1743 1069 quod
1763 1036 1832 1062 non.

959 1067 1152 1108 spectamus,
1176 1078 1213 1100 an
1239 1070 1327 1102 bono
1353 1069 1471 1102 domini
1497 1069 1641 1109 cesserit,
1666 1070 1718 1101 sed
1736 1078 1774 1101 an
1795 1069 1831 1101 in

961 1111 1123 1149 negotium
1141 1111 1270 1142 domini.

1003 1150 1065 1182 Vix
1081 1160 1159 1190 opus
1180 1152 1271 1191 addi,
1296 1152 1383 1193 quod
1400 1151 1537 1191 Praetor,
1550 1152 1601 1184 ubi
1620 1151 1776 1193 postulat,
1795 1149 1830 1183 in

959 1202 1024 1223 rem
1040 1192 1249 1231 versumesse,
1268 1195 1420 1225 convenit
1435 1194 1621 1235 proprietati
1635 1193 1744 1230 verbi,
1762 1192 1830 1233 ipso

958 1233 1043 1264 fusto
1060 1233 1089 1264 in
1107 1243 1171 1266 rem
1191 1234 1313 1266 versum
1338 1234 1409 1266 effe.
1435 1238 1477 1266 ita
1500 1245 1563 1266 non
1584 1234 1715 1273 sufficit,
1738 1243 1832 1265 acce-

960 1283 1046 1315 ptam
1066 1274 1127 1306 effe
1146 1276 1330 1316 pecuniam,
1354 1276 1413 1307 hac
1431 1277 1518 1317 lege,
1537 1285 1570 1307 ut
1591 1277 1621 1307 iii
1642 1285 1707 1307 rem
1724 1285 1832 1305 verte-

962 1325 1067 1347 retur:
1085 1316 1138 1347 nisi
1157 1326 1227 1348 cum
1240 1317 1358 1349 effe-&u
1368 1317 1453 1349 versa
1463 1318 1497 1349 sit
1518 1317 1831 1357 fueritexemplum:

962 1356 1068 1388 servus
1088 1366 1214 1398 accepit
1232 1359 1315 1398 quasi
1329 1360 1359 1390 in
1379 1368 1443 1390 rem
1455 1359 1573 1390 domini
1594 1357 1747 1389 versurus.
1764 1366 1832 1388 non

963 1400 1075 1429 vertit:
1099 1398 1150 1430 sed
1176 1401 1305 1439 decepit
1330 1401 1532 1432 creditorem.
1556 1408 1649 1440 negat
1676 1400 1831 1442 Ulpianus

961 1440 979 1469 l.
996 1449 1023 1479 3.
1038 1439 1066 1480 §.
1082 1449 1110 1476 9.
1127 1441 1154 1471 h.
1174 1447 1195 1473 t.
1216 1442 1315 1472 videri
1335 1441 1475 1480 versum,
1492 1442 1521 1473 ἀ
1542 1441 1833 1472 teneridominum.

962 1483 1036 1521 quid
1056 1490 1178 1518 tamen,
1204 1481 1223 1513 fi
1241 1485 1265 1512 is
1284 1491 1349 1512 erat
1366 1482 1471 1513 servus
1487 1484 1539 1523 qui
1557 1481 1661 1513 solitus
1679 1490 1745 1513 erat
1763 1490 1834 1512 ver-

963 1522 1054 1553 tere?
1079 1523 1184 1554 adhuc
1195 1524 1531 1564 putatuipianus‚non
1544 1532 1662 1554 nocere
1679 1523 1833 1560 domino,

963 1562 982 1594 si
994 1563 1050 1593 alia
1061 1572 1168 1595 mente
1178 1563 1322 1604 accepit3
1339 1574 1411 1602 aut,
1428 1564 1448 1595 fi
1467 1573 1538 1595 cum
1550 1564 1725 1596 hacmente
1742 1572 1833 1594 accc-

963 1603 1073 1645 piss'et,
1098 1605 1158 1635 alio
1180 1608 1284 1636 vertit.
1311 1606 1447 1646 aliquem
1474 1613 1621 1639 moveat,
1646 1606 1733 1644 quod
1750 1604 1832 1635 solet

964 1646 1026 1676 dici
1039 1669 1047 1683 ‚
1065 1648 1226 1677 neminem
1245 1648 1362 1678 debere
1373 1646 1434 1677 effe
1444 1646 1472 1677 in
1492 1657 1524 1677 re
1543 1647 1645 1677 aliena
1661 1644 1834 1676 curiosum.

964 1687 1015 1717 sed
1033 1689 1062 1717 in
1084 1687 1247 1728 proposito
1265 1697 1377 1719 contra
1392 1687 1484 1718 sentit
1502 1686 1674 1726 Ulpianus,
1691 1687 1835 1717 credito-

964 1734 1048 1766 rem,
1073 1738 1137 1768 quo
1155 1737 1315 1767 vertatur,
1339 1729 1496 1760 curiosum
1522 1729 1583 1760 ess'e
1599 1736 1766 1768 oportere:
1791 1736 1834 1758 ne

964 1769 1029 1808 ejus
1047 1769 1217 1802 credulitas
1234 1772 1367 1803 domino
1384 1778 1534 1810 noceret,
1549 1770 1601 1802 vel
1619 1768 1698 1802 servi
1716 1767 1836 1801 callidi·

964 1817 1010 1842 tas
1027 1820 1171 1843 noceret.

1004 1852 1119 1890 Plane,
1142 1853 1163 1884 si
1182 1853 1257 1894 quid
1275 1853 1310 1886 sit
1327 1855 1357 1885 in
1377 1863 1444 1885 rem
1460 1853 1602 1889 versum,
1626 1851 1759 1889 sufficit,
1781 1860 1838 1883 ne·

964 1893 1089 1934 gotium
1105 1893 1167 1925 esse
1185 1895 1304 1936 gestum
1317 1895 1406 1926 bono
1421 1904 1517 1935 atque
1529 1895 1593 1926 utili
1613 1893 1755 1926 consilio:
1773 1901 1836 1924 nec

965 1934 1175 1966 desideramus
1199 1939 1318 1968 bonum
1346 1937 1410 1976 ejus
1436 1945 1599 1968 eventum.
1632 1937 1673 1966 ita
1698 1935 1836 1975 pulchre

965 1976 1117 2016 Ulpianus
1135 1979 1162 2009 d.
1180 1978 1198 2009 l.
1219 1988 1247 2018 3.
1263 1978 1282 2019 §
1312 1987 1329 2018 7
1354 1978 1557 2012 &8.duobus
1571 1976 1638 2007 usus
1656 1976 1836 2015 exemplis:

963 2018 1048 2057 prius
1064 2017 1128 2056 est,
1153 2018 1173 2050 si
1200 2018 1395 2050 frumentum
1421 2019 1654 2058 comparaverit
1671 2019 1776 2048 servus
1793 2016 1835 2047 ad

963 2058 1106 2090 alendam
1130 2059 1252 2091 domini
1268 2059 1418 2092 familiam
1430 2085 1438 2095 .
1466 2061 1494 2091 ἃ
1511 2062 1545 2091 in*
1563 2059 1681 2090 horreo
1700 2057 1838 2089 domini·

966 2109 1007 2130 co
1024 2099 1191 2140 repositum
1212 2102 1304 2142 periit
1324 2103 1373 2133 vel
1392 2109 1578 2141 corruptum
1596 2099 1659 2138 est,
1683 2101 1732 2131 vel
1750 2098 1838 2130 arsit.

949 2141 1096 2173 -altetuin
1115 2142 1208 2181 est,si
1227 2142 1350 2174 servum
1368 2144 1500 2174 domino
1520 2141 1723 2173 necessarium
1741 2142 1839 2171 emis-

967 2182 1031 2219 set,
1056 2184 1145 2221 isque
1169 2183 1360 2223 deceffiffct,
1387 2184 1436 2215 vel
1460 2183 1587 2215 insulam
1606 2177 1754 2219 summer,
1786 2189 1838 2211 ea-

967 2232 1030 2263 que
1049 2224 1164 2256 ruiss'et.
1191 2227 1232 2255 At
1256 2227 1340 2257 enim
1365 2226 1446 2257 idem
1473 2224 1623 2265 Ulpianus
1646 2224 1655 2253 l
1697 2232 1740 2255 io.
1759 2222 1787 2264 §.
1803 2224 1838 2253 6.

966 2265 994 2295 h.
1013 2271 1033 2295 t.
1050 2275 1162 2297 contra
1189 2266 1230 2298 sic
1252 2267 1376 2298 scribit:
1401 2266 1523 2302 Versum
1538 2264 1582 2303 fic
1607 2266 1778 2305 accipimus,
1801 2268 1837 2294 ut

967 2307 1050 2336 duret
1077 2307 1200 2348 versiam.
1224 2307 1331 2339 Novi:
1355 2317 1465 2338 verum
1491 2316 1530 2337 ex
1555 2307 1660 2338 verbis
1681 2304 1839 2344 sequenti-

968 2347 1024 2378 bus
1044 2348 1161 2388 liquet,
1186 2359 1257 2380 eum
1276 2358 1339 2380 non
1363 2357 1526 2387 quaerere;
1549 2357 1586 2378 an
1605 2349 1634 2377 in
1654 2347 1777 2378 actione
1793 2346 1837 2376 de

966 2389 996 2419 in
1014 2399 1078 2420 rem
1095 2390 1185 2420 verso
1203 2391 1316 2422 debeat
1333 2390 1362 2420 in
1376 2399 1441 2420 rem
1457 2390 1540 2420 bono
1550 2387 1679 2420 consilio
1695 2387 1838 2424 versum,

967 2429 1087 2461 bonum
1104 2431 1221 2462 habere
1248 2438 1416 2462 eventum:
1439 2434 1535 2471 (quae‘
1552 2429 1597 2461 est
1625 2429 1754 2469 praesens
1779 2427 1837 2459 dis-

967 2473 1118 2512 putatio)
1147 2472 1198 2504 sed
1222 2472 1242 2503 si
1266 2481 1337 2503 nata
1361 2471 1457 2502 fuerit
1480 2470 1577 2509 affio,
1602 2480 1734 2511 pecunia
1750 2471 1837 2500 bono

968 2512 1099 2544 consilio
1114 2514 1144 2544 in
1163 2523 1228 2545 rem
1245 2513 1350 2551 versa3
1366 2514 1476 2553 quaerit
1513 2522 1551 2544 an
1569 2522 1605 2544 ea
1623 2512 1703 2543 attio
1721 2513 1838 2548 duret,

968 2563 1008 2584 ex
1028 2563 1090 2594 quo
1108 2557 1241 2594 pecunia
1262 2555 1313 2585 illa
1329 2554 1418 2585 servo
1435 2554 1469 2585 sit
1485 2564 1500 2585 a
1519 2555 1649 2586 domino
1666 2551 1835 2584 restituta?

968 2595 1029 2625 hoc
1049 2605 1125 2626 vero
1143 2604 1252 2637 negat:
1269 2605 1384 2636 nempe
1401 2594 1472 2635 quia
1489 2595 1576 2626 causa
1596 2595 1683 2635 hujus
1702 2594 1835 2625 actionis

967 2636 1021 2675 (ut
1039 2637 1068 2667 in
1087 2637 1114 2678 §.
1134 2647 1160 2677 7.
1182 2639 1244 2677 ipse
1268 2646 1343 2668 mox
1369 2637 1516 2677 annotat)
1536 2635 1598 2676 est,
1623 2646 1663 2667 ne
1686 2636 1835 2668 dominus

975 2679 1096 2709 lucrum
1113 2678 1208 2709 faciat
1223 2687 1295 2709 cum
1312 2679 1412 2709 aliena
1430 2678 1546 2718 injuria.
1569 2679 1630 2709 hoc
1645 2686 1750 2709 aurem
1772 2684 1836 2720 not}

970 2727 1077 2757 extat,
1103 2719 1204 2750 refusa
1219 2720 1307 2750 servo
1325 2721 1457 2760 pecunia
1473 2720 1511 2750 ab
1527 2728 1566 2751 eo
1583 2721 1611 2750 in
1632 2729 1697 2750 rem
1715 2717 1836 2749 domini

970 2760 1064 2791 versa.
1088 2760 1140 2790 nisi
1158 2760 1305 2797 interest,
1323 2770 1424 2792 utrum
1443 2761 1517 2792 nihil
1531 2761 1621 2791 initio
1635 2759 1730 2790 fuerit
1750 2758 1834 2795 tale;

968 2810 1005 2831 an
1025 2802 1110 2840 quod
1128 2800 1208 2839 fuit,
1224 2802 1322 2833 rursus
1338 2803 1470 2833 solutum
1489 2802 1534 2833 sit.
1558 2801 1651 2842 igitur
1669 2801 1739 2838 quia
1756 2798 1836 2828 solu·

969 2843 1056 2872 tione
1070 2841 1180 2872 desinit
1198 2842 1259 2873 ess'e
1276 2843 1394 2875 versum
1416 2845 1500 2882 quod
1521 2852 1594 2873 ante
1611 2848 1678 2884 erat
1692 2838 1835 2870 versum:

968 2882 1063 2914 cessat
1079 2882 1159 2914 aetio
1174 2885 1213 2914 de
1229 2893 1258 2914 in
1277 2893 1342 2915 rem
1358 2884 1456 2915 verso.
1480 2885 1511 2915 Si
1541 2891 1643 2914 tamen
1671 2889 1700 2910 in
1719 2888 1834 2911 necem

968 2923 1155 2964 creditoris,
1176 2925 1206 2956 id
1225 2924 1287 2964 est,
1312 2927 1475 2964 perdituro
1491 2925 1579 2956 servo
1604 2921 1652 2951 vel
1671 2918 1737 2965 filio
1755 2921 1836 2951 solu-

970 2973 1035 2996 tum
1053 2965 1107 3003 fit,
1130 2967 1272 3006 quamvis
1289 2966 1423 2999 solutum
1441 2967 1495 3003 fit,
1524 2972 1625 2994 tamen
1643 2960 1744 2996 delinit
1769 2962 1836 3002 qui-

968 3007 1046 3044 dem,
1070 3008 1187 3047 inquit,
1211 3017 1340 3043 versum:
1355 3006 1537 3049 aequiffimum
1556 3010 1650 3035 autem
1668 3000 1706 3040 ⁶³st
1722 3004 1755 3032 ΑΒ
1772 3002 1835 3033 ‘101⁰

968 3047 1040 3078 malo
1063 3049 1200 3083 adversus
1224 3055 1333 3089 patrem
1350 3051 1396 3080 vel
1411 3048 1556 3078 domimini
1572 3050 1722 3083 competere
1745 3042 1834 3074 afflo-

968 3098 1038 3119 nem.
1083 3089 1124 3120 Et
1150 3090 1231 3121 hanc
1256 3091 1377 3130 subjicit
1393 3095 1564 3120 rationem:
1587 3082 1723 3132 Nam&
1743 3091 1834 3133 pecu:

967 3129 1049 3161 liaris
1072 3132 1177 3162 debitor
1190 3156 1198 3170 ‚
1217 3131 1246 3170 fi
1266 3131 1469 3167 fraudulenter
1478 3126 1700 3168 servosvlverzt
1715 3128 1790 3168 quod
1805 3134 1834 3158 ez

965 3172 1099 3212 debebat,
1123 3182 1181 3205 non
1198 3174 1345 3208 liberatur.

1039 3252 1083 3288 M
1094 3263 1122 3289 m
1702 3247 1831 3289 Titui«
