2036 3495
514 55 580 95 AD
615 56 706 94 Lm.
740 56 869 92 xxiii.
906 55 1009 91 TIT.
1047 55 1095 94 V.
1147 56 1431 105 Defiina'oclotali.

71 159 163 191 opus.
189 148 293 192 Quid,
314 144 335 180 ss
353 149 524 188 praedium,
540 155 576 181 ut
590 146 696 193 dotale
711 145 765 193 sit,
788 155 830 177 rie
847 146 939 195 tradi-

76 200 141 224 tum
169 195 297 231 quidem
322 190 384 221 else
412 190 544 229 sufficit;
568 189 619 235 sed
635 187 940 236 inaestimatuinesse

78 235 227 265 traditum
253 232 409 272 oportet?
434 231 474 263 fic
498 239 632 272 proprie
649 229 938 276 dotalehappellari,

72 275 258 315 justinianus
276 271 375 304 refert
391 274 408 303 l.
423 274 501 305 unic.
518 272 546 314 §.
560 275 606 304 16.
627 270 657 301 C.
677 272 710 301 cie
724 279 765 300 rei
782 280 865 301 uxor.
882 270 938 317 ⁰5}-

72 318 256 351 arbitratus,
279 314 484 352 aestimatum,
509 322 571 345 non
591 311 652 343 effe
668 311 790 343 dotale:
813 312 863 342 sed
879 311 940 358 elie

73 358 148 389 viri·
173 356 256 397 quasi
273 357 302 386 ei
321 365 394 386 vere
405 353 569 387 venditum
585 353 604 383 i.
625 362 670 384 10.
681 353 711 395 §.
721 363 750 391 4.
770 352 811 383 D.
829 355 862 383 de
873 359 938 400 yur.

72 400 128 429 clar.
141 382 167 430 ἰ.
184 409 214 439 5.
232 398 250 428 l.
272 406 318 428 10.
336 397 368 427 C.
384 398 409 427 d,
430 400 451 427 t.
470 403 679 440 praeterquam
697 403 762 425 uno
779 394 867 424 casii:
884 403 938 440 qui

71 441 134 475 est,
157 440 178 471 li
197 442 226 470 in
241 438 447 469 aestimatione
461 441 634 474 convenit3
658 442 692 466 ut
709 434 811 466 soluto
829 444 933 483 matri-

69 483 180 512 monio
201 480 336 511 mulieris
354 479 388 509 lit
407 477 537 513 elet'tio,
555 485 659 508 utrum
676 476 808 508 fundum
831 477 937 515 malit,

72 532 108 553 an
128 521 382 553 aestimationem:
406 527 471 550 tum
489 519 573 549 enim
592 518 696 549 adliuc
711 518 818 564 locum
839 518 936 549 habet

71 563 140 594 Lex
158 563 235 602 Julia
251 562 270 592 ί.
291 571 314 592 1.
335 561 366 591 C.
383 560 410 590 b.
429 566 449 590 ι.
476 559 647 598 ceffatura3
670 558 691 591 fi
709 559 823 590 electio
838 557 873 589 fit
888 568 933 590 re-

71 605 141 636 litia
158 604 284 635 arbitrio
302 602 403 632 mariti
422 601 441 632 l.
463 610 510 632 11.
527 602 572 632 D.
591 603 619 632 h.
636 607 660 647 ²:
699 643 703 646 θ
829 641 835 646 .
919 641 924 646 ⁸

113 645 208 676 Vetat
224 644 317 684 igitur
335 641 419 680 Lex,
438 642 542 674 dotale
558 642 710 684 praedium
728 649 751 688 a·
761 649 872 672 marito
888 642 939 673 ali*

71 688 173 724 enai-i,
197 693 227 716 at
244 694 306 715 non
323 693 439 722 omne,
463 683 513 715 sed
539 690 660 729 tanturn
686 682 836 729 ¹Italicum.
861 692 933 728 riam

70 729 109 759 de
126 728 185 758 hoc
201 725 264 757 solo
281 726 437 765 loquitur:
454 729 494 756 de
504 725 691 765 provmciali
703 733 765 755 non
785 724 933 771 loquitur.

67 769 169 809 potuit
192 769 287 808 igitur
309 767 522 805 provinciale,
546 766 617 811 quia
641 774 706 796 non
731 765 775 796 est
789 766 933 813 prohibi·

67 818 133 841 tum
146 833 155 847 ‚
172 803 308 840 alienari.
326 807 386 838 Sed
404 808 480 846 lmp.
501 807 687 853 justinianus
703 806 721 837 l.
738 816 816 851 icnzf.
836 807 864 847 §.
884 816 932 846 15.

68 852 93 881 C
109 852 189 881 deici·
198 859 281 880 uxor.
292 848 348 880 ati.
360 857 465 880 motus
477 848 678 880 similitudine
687 855 835 893 rationis..
847 847 933 885 quod

64 892 153 924 Leae
168 891 247 930 Julia
263 889 325 920 fuit
342 889 473 928 speciale
487 891 519 921 in
528 890 628 921 fundo
637 888 766 936 italico,
782 896 878 920 etiam
895 890 935 920 ad

67 916 298 974 prS'vincialem
316 932 470 970 porrexit.
495 932 534 962 tle
550 931 667 972 praedio
684 929 766 961 satis.
869 970 875 976 η
905 970 911 975 ι

109 973 204 1005 Nunc
230 973 349 1012 reliqua
376 974 555 1004 videamus:
580 971 666 1019 Lex,
690 979 724 1002 ut
742 970 828 1010 supra
846 970 931 1010 dixi,

68 1024 156 1046 vetat
173 1014 306 1046 fundum
325 1014 465 1045 dotalem
477 1014 621 1049 alienari,
638 1022 702 1044 non
721 1012 860 1052 semper3
877 1012 928 1043 sed

70 1057 170 1088 invita
197 1056 339 1087 muliere.
364 1056 499 1095 proinde
521 1054 541 1086 fi
559 1064 632 1100 eum
648 1054 782 1091 vendat,
803 1063 838 1084 ea
855 1062 927 1100 con-

69 1097 244 1127 sentiente:
267 1096 361 1127 cess‘at
379 1095 445 1128 Lex
464 1096 553 1133 julia.
571 1095 661 1135 quid,
677 1095 699 1127 fi
716 1104 780 1126 non
798 1095 930 1134 mulier,

66 1138 117 1170 scd
134 1139 241 1176 socer,
265 1137 465 1170 consentiat?
481 1136 705 1184 Papinianus'l.
726 1145 770 1170 12.
790 1135 818 1178 §.
839 1145 865 1168 1.
884 1137 933 1184 D.

67 1180 93 1210 b.
112 1188 134 1211 t.
154 1180 190 1210 lic
213 1178 298 1210 infit:
324 1179 419 1209 Soceri
438 1179 574 1209 voluntas
596 1179 628 1209 in
651 1175 826 1224 distrahendo
842 1178 932 1209 dotalz

60 1222 168 1262 praeclio
192 1220 272 1251 nulla
298 1218 345 1258 eli.
381 1219 507 1260 Nempe
534 1219 626 1264 Lex,
644 1219 716 1249 sicut
742 1228 794 1249 uni
811 1218 931 1250 consul-

67 1270 135 1293 tum
162 1262 263 1293 voluit
288 1255 393 1299 uxori,
418 1263 459 1291 ita
487 1261 551 1300 ejus
575 1260 664 1292 solius
682 1259 864 1306 consensum
881 1260 932 1292 ad-

65 1304 174 1334 mittit.
212 1302 282 1334 Hac
299 1312 424 1341 quoque
448 1304 572 1333 ratione
586 1324 595 1338 ,
619 1301 638 1332 si
659 1301 797 1346 mulieris
814 1301 932 1333 interfit

66 1353 127 1382 non
146 1343 274 1375 alienari
291 1343 441 1380 fundum,
467 1342 600 1382 impedit
617 1341 844 1388 alienationem
866 1342 931 1388 fine

63 1386 126 1424 ejus
141 1384 289 1414 consensu
308 1382 430 1414 fatiam.
448 1384 465 1414 si
484 1392 548 1414 non
565 1382 778 1429 intersit,non
798 1383 930 1423 impedit

62 1423 144 1465 quafi
162 1425 219 1455 'am
232 1424 592 1464 supervacuoconsensu.
611 1424 658 1455 Ae
673 1425 798 1470 nescio,
810 1434 849 1457 an
866 1425 929 1456 hoc

59 1466 135 1496 velit
180 1465 265 1497 aulus
283 1467 314 1496 in
334 1465 352 1496 l.
369 1475 396 1506 3.
414 1463 451 1506 ’.ἓ
473 1466 590 1496 1.D.d.
610 1470 632 1496 t.
650 1464 691 1496 fic
709 1465 931 1515 sc1·ibens:‡b3

63 1508 137 1538 tiens
160 1516 217 1536 non
238 1504 326 1546 forest
349 1507 472 1537 alienari
493 1507 626 1546 fundus,
656 1508 784 1547 quotiens
814 1508 930 1555 mulieri

61 1547 134 1579 αέἶίο
159 1549 191 1578 de
214 1549 274 1577 dole
304 1548 459 1587 competit,
489 1553 542 1578 aut
566 1548 720 1578 omnimodo
742 1554 928 1588 competitura

59 1587 109 1625 eft.
154 1589 263 1624 Pone,
288 1596 321 1618 ut
346 1597 411 1619 rem
435 1588 587 1628 exemplo
616 1587 783 1635 illustrem:
808 1590 928 1631 legatus

58 1629 149 1661 servo
173 1628 269 1660 dotali
297 1628 342 1660 cst
372 1628 508 1668 fundus,
542 1628 595 1660 sed
620 1638 745 1668 uxoris,
777 1640 841 1662 non
864 1641 929 1679 ma-

59 1672 110 1703 riti
129 1694 139 1709 ,
173 1671 458 1709 contemplatione.
495 1672 520 1702 is
554 1669 674 1717 fundus
707 1670 752 1702 est
785 1672 900 1708 dotalis
919 1683 930 1712 ;

59 1712 131 1752 quia
149 1711 278 1743 testator
292 1721 354 1742 non
372 1713 543 1752 voluit,ad
560 1720 724 1758 maritum,
736 1711 787 1744 se'd
805 1714 842 1744 ad
862 1723 928 1746 mu-

58 1754 188 1791 lierem,
212 1761 283 1784 eum
311 1752 480 1793 pertinere.
504 1761 692 1794 anqmaritus
717 1754 819 1799 potest
842 1754 928 1788 hunc

56 1796 214 1832 alienare,
237 1792 335 1825 invita
355 1794 478 1826 uxore?
500 1800 596 1836 negat
619 1795 815 1835 Pomponius
839 1796 856 1842 ²:
873 1801 924 1837 65.

58 1837 105 1868 D.
122 1837 155 1866 de
166 1835 228 1876 jur.
255 1836 311 1866 dot.
343 1835 507 1867 causatus:
529 1836 614 1877 quod
641 1836 748 1883 soluto⁸
767 1845 926 1884 matrimo-

56 1877 111 1910 nio
134 1876 315 1907 reddendus
340 1876 384 1907 est
407 1877 540 1909 mulieri.
564 1877 803 1925 habebitigitur
818 1880 930 1923 mulier

58 1928 97 1950 co
111 1919 239 1949 nomine
255 1917 412 1949 actionem
430 1919 475 1950 rei
496 1919 627 1950 uxoriae:
652 1919 682 1950 ἀ
700 1927 734 1950 ut
753 1928 796 1950 ait
813 1921 927 1953 Paulus

58 1960 86 1990 d.
108 1959 125 1989 l.
149 1969 176 1999 3.
193 1958 221 2000 §.
245 1967 268 1989 1.
290 1959 417 1996 quoties
437 1960 670 1991 mulieri·a6l:io
686 1962 725 1991 de
743 1962 817 1993 dote
838 1971 924 2008 corn-

56 2001 155 2042 petit‚
178 2007 230 2029 aut
259 2000 447 2031 omnimodo
473 2002 686 2046 competitura
710 2002 776 2041 est3
809 2011 924 2052 totiens

57 2050 121 2073 non
147 2040 252 2080 potest
275 2040 392 2073 fundus
407 2041 544 2073 alienari.
571 2042 740 2082 videlicet,
764 2053 835 2090 quia
858 2054 923 2085 ejus

58 2081 204 2119 interest,
237 2091 308 2113 eum
339 2092 404 2113 non
428 2083 566 2115 alienari.
597 2081 712 2125 Longe
737 2085 828 2130 aliter
852 2086 922 2119 eir:

57 2123 78 2154 fi
101 2122 212 2154 mulier
230 2131 297 2154 non
321 2123 365 2154 est
388 2121 531 2156 habitura
562 2123 654 2156 fundi
685 2127 925 2173 repetitionem:

56 2169 123 2195 tum
139 2165 242 2201 enim,
266 2173 338 2195 cum
357 2174 418 2196 non
442 2165 563 2197 interfit
600 2166 683 2206 eJ'us,
707 2173 771 2198 non
789 2167 850 2199 ess'e
867 2169 922 2199 ali-

57 2214 206 2242 enatum,
246 2203 452 2236 confirmatur
474 2207 629 2239 venditio.
657 2206 763 2239 Ecce:
792 2210 856 2240 inl.
879 2219 924 2251 17.

56 2247 103 2277 D.
115 2248 140 2276 iv.
160 2252 181 2276 t.
197 2246 246 2276 ciii
267 2245 371 2276 similis
384 2245 453 2277 esti.
468 2255 518 2285 42.
537 2248 581 2278 D.
591 2249 623 2278 de
638 2250 735 2292 usurp.
753 2249 789 2284 δ’
805 2253 924 2296 usucap.

52 2288 102 2318 vir
118 2287 268 2327 praedium
286 2288 390 2318 dotale
402 2288 545 2319 vendidit
555 2311 564 2327 ‚
577 2290 708 2320 muliere
717 2299 781 2321 non
793 2293 924 2338 consen-

54 2328 164 2360 tiente.
178 2329 262 2359 nulla
273 2327 316 2359 est
328 2328 537 2367 venditio‚ex
556 2339 658 2370 eaque
675 2330 779 2377 secuta
797 2334 924 2377 traditio

49 2378 114 2401 non
131 2368 281 2401 transfert
299 2370 490 2408 dominium,
512 2379 616 2416 neque
631 2371 830 2412 usucapiendi
847 2383 922 2405 con-

54 2410 228 2449 ditionem,
252 2411 326 2441 viva
349 2410 489 2442 muliere.
516 2412 590 2453 quid
615 2411 636 2443 fi
663 2420 788 2444 mortua
811 2413 871 2447 fit?
901 2414 923 2447 fi

53 2450 178 2490 quidem
204 2451 233 2482 in
259 2451 461 2484 matrimonio
482 2453 517 2484 sit
541 2452 707 2485 defuncta:
731 2454 760 2485 δι
779 2462 845 2485 tota
863 2456 922 2501 dos

55 2491 142 2522 ceffit
156 2493 244 2522 lucro
260 2492 378 2524 mariti:
402 2493 520 2535 (qualis
536 2493 581 2525 est
598 2494 685 2525 casus
701 2495 731 2526 in
749 2496 920 2543 advent-itia

57 2532 133 2562 dote
148 2553 158 2568 ,
192 2531 213 2563 si
236 2534 275 2564 de
301 2544 337 2565 ea
360 2535 551 2567 restituenda
574 2536 598 2567 is
631 2537 684 2577 qui
710 2538 824 2584 dedit,⁴
841 2538 920 2571 nihil

56 2571 102 2603 est
126 2572 249 2611 paetus:
279 2575 403 2607 auctore
433 2576 572 2616 Ulpiano
603 2577 634 2608 in
658 2576 773 2618 Fragm.
800 2585 845 2609 tit.
870 2581 919 2624 οἵ)

53 2621 150 2653 negat
166 2612 364 2654 Marcianus,
387 2617 520 2649 fundum
543 2619 677 2659 emptori
704 2619 792 2659 posse
807 2621 919 2668 avelli:

48 2654 146 2694 idque
166 2654 334 2685 confirmat
355 2657 540 2699 Papinianus
563 2661 591 2690 d.
607 2659 627 2690 l.
651 2669 701 2699 42.
729 2660 791 2692 sine
814 2662 918 2694 discri-

53 2696 159 2733 mine,
182 2703 286 2726 utrum
310 2695 434 2737 scienti,
455 2708 493 2730 an
517 2699 695 2740 ignoranti,
719 2702 753 2732 fit
771 2703 918 2735 venditus

54 2737 260 2776 traditusque.
284 2746 344 2776 qua
363 2740 510 2771 ratione?
527 2742 585 2772 hac
598 2744 734 2783 optima:
751 2745 836 2782 quod
852 2753 918 2776 mu-

54 2777 113 2808 lier
130 2786 191 2808 non
210 2776 270 2808 fuit
287 2777 430 2810 habitura
455 2781 676 2822 repetitionem
701 2783 826 2816 alienati
845 2784 917 2817 fun-

54 2819 105 2850 di:
128 2818 268 2857 ideoque
285 2828 350 2850 non
368 2820 496 2852 interest
511 2823 668 2866 eJus‚qu0
685 2828 789 2856 minus
805 2827 919 2858 aliena-

52 2858 100 2890 tio
117 2868 253 2898 emptori
272 2859 630 2897 confirmeturadversus
647 2868 813 2906 maritum,
831 2868 919 2900 illum

55 2901 273 2932 vindicantem
305 2909 462 2941 praetextu
478 2903 605 2937 dominii
631 2907 738 2947 postea
761 2908 916 2948 adquifiti.

49 2950 123 2975 nam
147 2949 182 2973 ut
204 2941 325 2974 directo
353 2943 436 2975 nulla
460 2942 496 2975 fit
510 2947 652 2981 venditio
667 2955 781 2980 contra
798 2949 919 2991 Legem

48 2982 149 3015 facta:
174 2991 278 3014 tamen
304 2992 437 3025 oportet
459 2989 660 3020 venditorem
685 2989 782 3021 fidem
798 2990 919 3024 servare

49 3025 187 3065 emptori
215 3034 288 3056 cum
312 3034 376 3065 quo
400 3027 579 3066 contraxit,
603 3028 667 3061 five
692 3029 829 3070 sciente,
852 3032 915 3065 five

48 3067 224 3108 ignorante.
248 3066 288 3097 sin
316 3067 436 3098 minus:
467 3077 591 3108 aequum
607 3070 673 3110 est,
698 3080 849 3113 agentem
867 3084 913 3105 re-

48 3108 169 3139 moveri
187 3107 379 3148 exceptione
396 3108 458 3140 doli
476 3111 556 3141 mali.
742 3153 747 3158 .
828 3155 835 3161 ⁸
886 3155 892 3161 .

83 3146 180 3180 Nunc
202 3149 291 3191 quod
313 3149 425 3190 restat,
455 3150 578 3192 dicam,
608 3153 686 3194 quid
709 3154 909 3190 alienationis

1794 81 1864 118 397

986 146 1085 177 verbo
1109 146 1178 179 Lex
1200 148 1368 192 indigitet:
1401 153 1540 186 dotalem
1569 154 1703 188 fundum
1730 159 1859 193 alienari

984 196 1105 219 vetans.
1129 188 1173 221 est
1191 199 1297 224 autem
1315 194 1442 235 elegans
1458 193 1526 227 haec
1539 196 1684 229 definitio
1701 198 1810 243 Severi
1829 203 1859 234 ὅ(

984 228 1136 261 Antonini
1158 231 1177 260 l.
1198 240 1223 262 1.
1244 233 1276 264 C.
1295 235 1320 265 l).
1346 240 1368 266 t.
1409 235 1564 269 Alienatio
1584 238 1629 270 est
1647 248 1751 272 omnis
1770 242 1858 275 astus

983 277 1042 309 per
1061 280 1156 311 quem
1172 272 1343 307 dominium
1361 277 1558 311 transfertur.
1575 278 1768 321 Exemplum
1787 284 1856 316 talis

982 311 1067 342 actus
1085 312 1115 343 in
1142 314 1342 347 venditione:
1367 318 1471 350 secuta
1495 320 1618 353 domini
1641 322 1810 356 traditione
1825 325 1857 366 ξς.

980 360 1032 389 40.
1054 351 1125 393 inst.
1143 355 1176 384 de
1195 364 1251 386 rer.
1269 357 1375 389 domin.
1392 366 1465 391 ante
1480 370 1544 392 non
1563 362 1617 395 est.
1644 362 1685 395 ita
1701 362 1856 406 Ulpianus

981 392 999 422 l.
1019 396 1068 432 oy.
1089 395 1135 424 l).
1159 396 1192 425 de
1214 398 1292 428 verb.
1311 397 1418 440 figitis.
1445 400 1614 435 alienatum
1637 406 1759 445 inquit,
1790 411 1855 440 nori

980 433 1109 473 proprie
1126 436 1261 477 dicitur,
1278 440 1365 479 quod
1382 440 1486 473 adhuc
1501 443 1532 474 in
1549 444 1690 477 dominio
1709 448 1855 480 vendito-

978 475 1019 505 ris
1037 484 1161 508 manct:
1186 479 1352 512 venditum
1380 489 1487 514 tamen
1506 485 1592 516 reste
1612 488 1738 520 dicitur.
1760 489 1855 522 Simi-

978 515 1015 546 lis
1031 517 1214 550 obiervatio
1234 520 1263 551 in
1282 521 1376 561 dote,
1391 524 1419 554 dt
1439 524 1632 566 tlonatioiie3
1649 538 1721 561 nam
1737 531 1788 562 vel
1805 532 1853 564 his

977 566 1017 588 ex
1034 559 1129 589 caulis
1150 560 1322 593 dominium
1342 565 1514 596 traditione
1531 568 1726 602 manasei-tur.
1742 580 1774 603 at
1791 580 1853 605 nec

984 598 1122 639 legatum
1134 602 1261 639 quidem
1272 607 1416 645 quamvis
1426 607 1533 640 militis
1543 608 1732 643 testamento
1741 615 1852 647 datum

982 640 1021 670 ab
1038 640 1231 674 alienatione
1247 644 1407 686 excipitur
1423 648 1442 679 l.
1463 653 1507 680 16.
1526 649 1568 681 D.
1587 652 1621 680 de
1634 653 1717 684 mitit.
1737 652 1849 694 testam.

982 690 1041 712 nec
1061 683 1196 714 multum
1219 683 1296 716 facit
1326 688 1412 727 quod
1429 689 1473 721 est
1497 690 1750 732 privilegiatum:
1775 698 1851 736 quia

977 720 1006 753 id
1030 723 1231 764 privilegium
1257 733 1378 760 tanturn
1404 731 1443 762 ad
1467 732 1575 763 militis
1603 733 1705 774 bona,
1729 745 1794 768 non
1810 739 1851 769 ad

975 762 1075 794 aliena
1096 763 1213 804 speciae
1228 768 1246 799 l.
1271 778 1293 799 1.
1310 771 1337 800 d.
1353 776 1374 802 t.
1394 770 1522 813 Insuper
1537 774 1649 806 Paulus
1665 778 1761 809 ctiam
1782 778 1853 809 usu-

976 804 1144 843 capionem
1163 808 1216 838 sub
1234 810 1427 843 alienatione
1443 815 1688 854 comprehendit
1701 818 1720 850 l.
1732 823 1779 853 28.
1800 821 1848 852 J).

976 846 1009 875 cie
1023 847 1102 876 verb.
1115 845 1222 888 fignif.
1240 851 1269 882 ἃ
1287 861 1378 883 vere:
1396 863 1459 885 non
1476 854 1626 889 inchoata
1637 859 1847 901 usucapione,

978 895 1147 927 antequam
1171 888 1289 922 fundus
1315 896 1561 929 constitueretur
1584 900 1716 932 dotalis:
1746 903 1847 934 enim-

979 935 1057 958 vero
1080 937 1217 974 coeptam
1235 955 1245 970 ,
1276 942 1447 975 antequam
1473 938 1587 970 dotalis
1614 940 1725 990 fieret,
1756 943 1847 985 Lege

973 968 1054 1007 Julia
1070 978 1137 1001 non
1154 974 1369 1015 interpellari,
1393 978 1491 1010 docet
1507 978 1741 1022 Tryphoninus
1757 985 1777 1017 Ι.
1797 990 1845 1017 16.

974 1012 1021 1041 D.
1038 1010 1066 1041 h.
1085 1018 1106 1041 r.
1124 1011 1153 1042 &
1171 1013 1274 1054 clai-c,
1299 1025 1453 1056 quatenus
1472 1021 1510 1052 ad
1521 1022 1707 1061 praesentem
1725 1026 1847 1065 quaesti-

973 1060 1080 1082 onem.
1104 1061 1173 1084 nam
1193 1058 1278 1095 quod
1297 1057 1386 1090 initio
1404 1060 1464 1092 loci
1481 1062 1575 1103 dicit,
1600 1066 1763 1098 mulierem
1784 1078 1848 1100 ma-

973 1091 1036 1123 rito
1053 1102 1092 1124 ex
1108 1095 1195 1126 causa
1214 1096 1299 1130 dotis
1325 1102 1451 1133 tradere
1475 1103 1608 1137 fundum
1626 1113 1720 1147 quem
1738 1105 1847 1141 Titius

975 1129 1152 1173 poffidebat
1165 1138 1193 1167 ἃ
1214 1138 1435 1181 usucapiebat‚
1458 1143 1486 1176 id
1505 1146 1570 1186 est,
1595 1153 1667 1179 curn
1686 1158 1751 1182 non
1768 1150 1848 1184 effet

975 1176 1040 1214 ejus
1058 1185 1154 1207 vacua
1178 1179 1338 1218 poss'cffio:
1363 1184 1440 1215 item
1464 1188 1552 1226 quod
1576 1189 1695 1222 ibidem
1718 1192 1846 1231 scribit,

975 1224 1076 1248 virum
1095 1219 1286 1261 iiegiexiffe‚
1309 1222 1444 1257 fundum
1462 1234 1573 1267 petere
1587 1252 1597 1268 ,
1622 1238 1694 1263 cum
1711 1233 1741 1265 id
1758 1233 1847 1265 face-

975 1267 1009 1289 re
1027 1258 1144 1298 poss‘et,
1170 1261 1201 1292 id
1220 1263 1279 1302 est,
1307 1264 1407 1297 virum
1431 1269 1567 1308 potuiffe
1594 1272 1753 1306 vindicare
1772 1275 1845 1308 fun-

976 1299 1048 1330 dum
1068 1301 1155 1341 cujus
1172 1311 1236 1336 non
1255 1314 1322 1337 erat
1337 1309 1504 1342 dominus:
1528 1310 1573 1343 est
1588 1313 1717 1353 quidem
1735 1316 1845 1348 obscu-

974 1348 1061 1379 rum,
1085 1342 1114 1373 i&
1132 1344 1262 1384 dignum
1281 1348 1449 1389 exrricari3
1473 1350 1524 1383 sed
1553 1352 1598 1384 est
1623 1362 1711 1387 extra
1726 1366 1844 1397 propo-

974 1381 1056 1413 fitam
1074 1392 1233 1418 materiam
1245 1410 1253 1425 ,
1270 1387 1299 1421 &
1316 1390 1504 1429 explicitum
1523 1395 1659 1427 antehac
1675 1407 1691 1428 a
1706 1396 1747 1429 D.
1767 1398 1846 1432 Vin-

974 1424 1028 1453 nio
1045 1425 1082 1454 ad
1097 1424 1124 1466 §.
1144 1436 1192 1465 40.
1217 1426 1291 1467 Inst.
1316 1431 1350 1460 de
1364 1441 1417 1461 rer.
1442 1434 1525 1471 divis
1551 1445 1621 1476 n.3.
1646 1447 1743 1478 quare
1762 1441 1846 1472 dabo

973 1465 1104 1496 eruditae
1120 1467 1290 1509 diligentia:
1308 1470 1374 1503 Viri
1391 1473 1473 1506 illius
1492 1475 1676 1518 Clarissimi,
1696 1488 1729 1512 ut
1745 1483 1774 1514 ei
1793 1483 1848 1516 ad-

973 1506 1141 1545 quiescam.

1011 1546 1090 1578 Fcre
1114 1550 1397 1592 excideratmilii,
1423 1557 1509 1595 quod
1537 1559 1673 1600 ignorari
1696 1570 1760 1594 non
1790 1564 1847 1596 de-

972 1587 1064 1627 beat,
1090 1589 1209 1631 Legem
1228 1594 1360 1634 juliam,
1385 1597 1441 1629 etsi
1459 1598 1641 1640 simpliciter
1664 1611 1754 1635 vetet
1772 1606 1847 1638 alie-

973 1637 1136 1661 nationem
1157 1641 1249 1673 quam
1262 1637 1390 1668 maritus
1407 1638 1523 1679 faciat,
1535 1641 1635 1674 invita
1652 1653 1847 1680 uxor-emon

972 1670 1062 1701 aliam
1084 1674 1264 1714 impedire,
1288 1686 1382 1718 quam
1399 1688 1415 1710 a
1438 1683 1539 1713 mariti
1564 1685 1730 1718 voluntate
1747 1688 1847 1727 profi-

972 1710 1166 1745 ciscentem:
1188 1716 1272 1749 illam
1284 1727 1363 1753 vero
1380 1729 1450 1760 quae
1464 1731 1526 1754 non
1547 1724 1659 1763 sponte
1674 1729 1846 1770 maritifit,

971 1752 1023 1784 sed
1045 1756 1202 1795 originem
1222 1758 1298 1797 juris
1328 1759 1427 1793 habet
1449 1764 1672 1808 neceffariarn,
1703 1770 1846 1811 denique

970 1793 1007 1826 fit
1022 1804 1063 1826 ex
1081 1797 1272 1834 auctoritate
1288 1799 1529 1843 Magistratuum
1541 1830 1550 1845 ‚
1573 1810 1689 1841 morari
1713 1811 1846 1846 nullam.

972 1835 1013 1867 fic
1031 1835 1060 1867 in
1080 1838 1239 1881 plerisque
1255 1841 1497 1879 alienationibus
1511 1848 1580 1888 jure
1595 1849 1770 1884 interdictis
1787 1863 1845 1887 cu-

972 1876 1098 1917 stodiri,
1121 1881 1193 1912 alibi
1213 1882 1258 1913 est
1275 1886 1527 1920 animadvertere
1544 1889 1563 1922 l.
1581 1900 1610 1932 3.
1634 1891 1663 1934 §.
1686 1893 1846 1937 1.&seqq.

972 1919 1020 1949 D.
1045 1922 1078 1950 cle
1100 1923 1155 1952 reb.
1174 1932 1228 1954 eor.
1260 1926 1311 1965 qiiz'
1326 1927 1388 1966 sub
1408 1930 1489 1962 rutel.
1511 1930 1548 1965 ὅ)
1563 1932 1580 1964 l.
1601 1942 1648 1974 13.
1678 1933 1720 1967 D.
1737 1935 1843 1971 Famil.

969 1961 1064 1999 ercisc.
1087 1962 1118 1993 in
1148 1964 1309 2004 praesentia
1326 1976 1432 2002 autem
1457 1971 1605 2005 observat
1630 1973 1744 2008 Paulus
1766 1977 1786 2009 l.
1813 1988 1842 2012 1.

970 2002 1016 2032 D.
1035 2002 1063 2033 h.
1083 2008 1104 2034 t.
1130 2004 1161 2036 iri
1182 2006 1268 2038 causa
1288 2009 1395 2041 damni
1424 2011 1555 2053 infesti,
1578 2014 1600 2046 fi
1624 2016 1669 2048 ob
1697 2018 1730 2050 id
1753 2020 1843 2059 quod

968 2044 1098 2075 maritus
1116 2055 1179 2078 non
1197 2049 1351 2088 cavebat,
1375 2052 1499 2085 vicinus
1514 2065 1555 2087 ex
1578 2057 1681 2097 primo
1705 2060 1841 2093 decreto

967 2082 1003 2114 fit
1021 2085 1126 2117 missus
1145 2087 1175 2118 in
1201 2088 1420 2128 pofl'effionem
1436 2095 1550 2128 dotalis
1568 2099 1694 2139 praedii,
1717 2101 1747 2132 ἀ
1770 2101 1843 2142 post

969 2126 1086 2158 deinde
1103 2137 1143 2159 ex
1157 2128 1400 2172 secundojuss'us
1419 2137 1595 2176 poffidere:
1620 2149 1683 2171 non
1712 2141 1757 2173 est
1783 2143 1842 2175 du·

968 2166 1054 2199 bium
1066 2190 1074 2206 ,
1100 2171 1173 2209 quin
1193 2171 1258 2203 hoc
1279 2174 1350 2206 casu
1368 2175 1422 2208 fiat
1436 2179 1584 2210 alienatio
1602 2181 1714 2214 dotalis
1729 2182 1841 2217 fundi:

969 2207 1120 2247 fiquidem
1139 2212 1263 2244 vicinus
1280 2215 1317 2246 fic
1334 2215 1371 2248 fit
1388 2218 1453 2258 ejus
1470 2220 1634 2254 dominus:
1650 2220 1680 2253 id
1698 2222 1758 2263 est,
1772 2234 1843 2264 pos-

969 2247 1062 2281 seffor
1081 2253 1111 2282 ὅ(
1129 2254 1257 2286 tandem
1276 2257 1465 2298 usucapione
1481 2262 1640 2294 dominus.
1658 2263 1709 2296 sed
1727 2266 1843 2298 nihilo·

967 2292 1070 2322 minus
1088 2293 1139 2324 liic
1162 2293 1278 2328 ceffare
1299 2296 1420 2340 Legem
1437 2300 1568 2340 juliam,
1595 2303 1707 2339 Paulus
1733 2308 1841 2340 existi-

968 2339 1053 2371 mat,
1075 2334 1209 2374 subjecta
1226 2336 1286 2367 hac
1301 2339 1408 2371 causa:
1429 2343 1502 2381 quia
1527 2344 1678 2377 alienatio
1701 2357 1766 2380 non
1792 2350 1838 2383 est

968 2373 1154 2406 voluntaria.
1197 2377 1349 2411 Similiter
1371 2380 1431 2413 fuit
1447 2384 1626 2425 quesitum,
1650 2387 1671 2419 fi
1695 2398 1839 2423 commu·

966 2414 1013 2444 nis
1031 2413 1147 2448 fundus
1163 2416 1200 2448 fit
1223 2420 1255 2449 in
1272 2420 1383 2452 dotem
1401 2425 1515 2463 datus3
1538 2436 1575 2457 an
1599 2428 1727 2462 actione
1746 2441 1836 2465 com-

965 2455 1052 2486 muni
1071 2457 1247 2490 dividundo
1265 2461 1357 2500 poffit
1373 2463 1422 2505 agi
1438 2465 1474 2496 aci
1490 2467 1675 2502 divisionem
1694 2481 1839 2506 commu·

965 2496 1011 2526 nis
1025 2496 1136 2530 fundi:
1159 2500 1348 2542 manifesto,
1368 2513 1424 2546 per
1440 2507 1629 2542 divisionem
1645 2513 1751 2553 aliquo
1769 2525 1838 2547 mo-

963 2536 1006 2567 do
1028 2536 1327 2576 fierivenditionem
1345 2545 1363 2575 l.
1386 2556 1410 2578 1.
1440 2548 1474 2579 C.
1500 2549 1650 2583 Commun.
1667 2561 1726 2585 utr.
1743 2556 1833 2595 indic.

964 2577 1025 2610 Sed
1048 2579 1093 2611 est
1110 2580 1173 2612 huc
1189 2583 1382 2626 deventum3
1406 2597 1440 2619 ut
1465 2599 1593 2630 putetur
1608 2594 1776 2636 interesse,
1802 2608 1834 2629 u-

965 2628 1012 2651 ter
1024 2629 1183 2661 provocet
1197 2625 1236 2655 ad
1253 2624 1460 2667 divisionem,
1483 2634 1630 2672 maritus,
1654 2646 1691 2668 an
1709 2638 1833 2670 socius?

963 2661 1027 2691 hoc
1042 2663 1112 2694 casu
1128 2665 1313 2707 necefl'aria,
1331 2669 1387 2701 illo
1407 2672 1581 2709 voluntaria
1598 2677 1745 2709 alienatio
1762 2689 1834 2710 cen·

963 2702 1056 2734 setur.
1081 2706 1182 2737 altero
1207 2708 1302 2748 igitur
1325 2711 1513 2746 divisionem
1538 2717 1671 2758 impedit
1691 2718 1758 2750 Lex
1779 2721 1833 2759 Ju-

962 2745 1020 2782 lia,
1044 2745 1146 2777 altero
1163 2757 1228 2779 non
1246 2750 1380 2789 impedit
1396 2754 1416 2786 l.
1439 2764 1468 2788 2.
1492 2756 1524 2787 C.
1541 2758 1569 2789 h.
1588 2766 1609 2790 t.
1634 2758 1685 2790 sed
1714 2760 1775 2791 late
1801 2763 1832 2793 ὅ(

961 2786 1057 2824 plene
1075 2796 1110 2817 ea
1131 2788 1170 2819 de
1185 2799 1219 2820 re
1236 2790 1255 2821 l.
1278 2797 1326 2831 78.
1349 2793 1377 2835 §.
1395 2805 1425 2834 4.
1447 2796 1489 2829 D.
1507 2799 1539 2829 de
1549 2800 1614 2841 jur.
1630 2802 1684 2831 dor.
1728 2800 1831 2833 Caete·

963 2835 1030 2858 rum
1049 2827 1162 2860 Paulus
1178 2831 1205 2862 d.
1223 2831 1242 2862 l.
1266 2841 1290 2863 1.
1314 2833 1340 2876 §.
1364 2845 1388 2867 1.
1411 2837 1439 2868 h.
1456 2843 1478 2869 t.
1503 2841 1564 2878 ait,
1589 2841 1617 2871 &
1634 2849 1688 2879 per
1702 2842 1829 2874 univer-

962 2867 1083 2900 fiiatem
1104 2871 1231 2903 transire
1254 2877 1425 2916 pra-dium,
1449 2879 1616 2912 secundum
1633 2883 1720 2921 quod
1736 2884 1827 2922 poffi-

962 2908 1026 2940 bile
1044 2910 1108 2950 est,
1130 2913 1169 2943 ad
1186 2914 1338 2950 alterum:
1362 2920 1462 2952 veluti
1485 2923 1522 2951 ad
1540 2923 1640 2954 mariti
1664 2922 1827 2957 heredem.

962 2949 1058 2989 itique
1081 2952 1113 2984 in
1135 2953 1155 2985 1.
1181 2959 1231 2987 62.
1257 2958 1303 2989 D.
1329 2961 1362 2990 de
1387 2963 1451 3002 adq.
1476 2972 1527 2993 rer.
1558 2963 1630 2993 dom.
1659 2964 1826 3007 observat,

962 2993 1056 3024 etiam
1076 2994 1147 3026 alibi
1166 2999 1368 3043 contingere.
1391 3003 1483 3042 plane
1498 3003 1527 3033 in
1551 3002 1581 3043 §.
1595 3012 1619 3034 1.
1637 3005 1667 3036 d.
1683 3005 1702 3035 l.
1717 3014 1825 3041 rcum

959 3033 997 3064 ad
1015 3033 1166 3068 heredem
1187 3039 1292 3072 transit
1310 3043 1459 3081 praedium
1473 3065 1482 3082 ,
1507 3050 1599 3074 notat
1614 3053 1687 3077 curn
1707 3046 1762 3079 suo
1777 3050 1826 3090 ju-

956 3083 991 3105 re
1014 3076 1161 3118 tranfire,
1185 3088 1219 3111 ut
1244 3081 1372 3113 alienari
1400 3092 1464 3113 non
1487 3084 1589 3124 poffit.
1633 3086 1782 3122 Similiter
1804 3091 1827 3124 si

955 3115 1085 3149 maritus
1100 3119 1241 3154 fueritin
1266 3123 1465 3162 servitutem,
1492 3133 1566 3161 puta
1583 3127 1756 3170 privatam,
1780 3143 1826 3164 re-

954 3157 1088 3198 destun
1110 3161 1196 3203 (quo
1214 3162 1382 3236 casibsloclivi
1408 3165 1644 3201 matrimonium
1669 3169 1724 3203 suo
1747 3173 1824 3244 logo

1374 3213 1392 3242 ’ζ
1790 3223 1819 3245 ,i-
