2036 3495
583 139 648 175 Ar>
675 137 765 173 Lrn.
794 135 856 172 IV.
894 135 995 171 Tit.
1023 134 1088 171 IV.
1126 136 1176 173 De
1195 141 1362 175 munoribus

72 236 135 269 line
153 235 251 267 dubio
267 232 415 273 intelligit
429 239 498 263 eam
514 237 584 269 quae
598 225 727 260 excedit
743 226 873 273 modum
884 224 944 257 Le-

72 278 119 319 gis
143 276 309 308 Laetoriae:
333 273 432 314 (teste
458 271 636 308 Cicerone,
660 266 708 312 Da
734 267 821 308 Offic.
845 268 945 312 liu-3.

72 328 134 359 cap.
157 318 223 359 15.)
247 313 457 347 succurrentis
482 311 654 344 minoribus
681 309 941 355 circumscriptis:

71 369 145 392 cum
176 359 295 390 Praetor
321 355 478 387 succurrat
501 352 589 395 lapfis
613 350 784 398 fragilitate
813 350 942 396 consili-i.

70 401 158 433 reste
181 400 274 441 igitur
295 397 446 438 Ulpianus
469 396 549 427 hanc
571 400 755 434 aequitatem
783 401 847 423 non
866 401 942 423 civi-

69 443 151 481 lem,
169 441 220 473 sed
235 440 406 472 naturalem
419 462 428 473 ,
446 445 557 468 vocat:
573 436 658 476 quod
672 432 819 465 similibus
837 443 944 464 exem·

71 485 133 524 plis
152 482 317 520 illustravi,
333 480 380 511 lib.
398 479 449 510 Ad
463 477 600 510 Edistum
613 477 646 507 de
654 474 733 517 pa&-
753 474 790 510 ὃ)
805 473 941 506 transiret.

87 549 94 556 .
132 549 139 556 .
230 533 258 553 n.

69 535 86 556 c
111 522 274 606 {ligicigjiitur
298 563 438 598 Praetor,
464 560 551 604 Quod
570 569 635 591 cum
657 560 765 606 minore
787 567 873 600 quam
895 559 941 589 vi·

67 608 148 649 ginti
163 608 288 648 quinque
306 605 392 635 annis
407 609 480 633 natu
494 599 607 646 gestum
621 602 684 632 eric.
721 599 773 647 ‘iat-
789 608 940 646 apparet,

69 658 142 680 eum
169 644 311 688 polliceri
335 654 432 684 opem
458 643 633 675 minoribus
664 649 776 687 Viginti
799 650 940 686 quinque

68 690 175 727 annis;
191 697 254 719 non
272 685 457 726 majoribus:
474 693 589 726 atque,
607 692 639 715 ut
656 683 796 729 Ulpiano
816 683 939 714 Videtur

69 733 98 762 d.
113 731 129 761 l.
148 739 173 761 1.
191 729 218 770 §.
230 739 256 760 2.
272 727 394 767 optima
407 726 539 758 ratione.
557 735 593 756 ea
610 733 691 756 ratio
710 723 773 762 est,
789 726 864 766 quod
876 722 939 770 ppft

67 772 117 803 hoc
132 777 240 810 tempus
256 769 388 809 compleri
403 770 514 799 virilem
530 769 658 808 ‘uigorem
674 764 792 811 curzlch.
833 765 878 796 Ita
891 775 935 810 Ju-

66 812 184 844 dicavit
204 811 270 842 Lex
295 809 432 841 Laetoria
455 809 562 850 (quod
582 809 700 840 dudum
716 807 938 850 animadvertit

64 853 236 886 Briffonius
253 853 298 883 lib.
319 862 346 894 3.
363 850 461 883 Sele&
480 851 571 891 antiq.
589 860 614 880 c.
633 852 681 894 2:)
697 849 827 893 ejusque
846 848 937 888 Legis

63 895 246 935 exemplum
264 892 393 933 arripuit
410 891 542 924 Praetor.
574 891 636 922 Sed
652 900 681 921 in
701 899 807 936 primis
826 898 937 934 notan-

66 937 159 968 dum:
175 936 261 975 quod
277 936 307 966 in
324 935 352 976 §.
374 944 401 975 3.
419 935 445 965 d.
463 934 483 964 l.
498 942 523 965 1.
539 941 616 964 mox
633 931 755 976 subjiCit
767 930 935 971 Ulpianus,

64 978 107 1010 Et
122 979 182 1009 ideo
197 977 277 1008 bodie
291 978 322 1007 in
338 977 411 1007 hanc
427 984 516 1016 usque
531 979 641 1005 etatem
656 973 838 1019 adolescentes
854 982 935 1002 cura-

67 1025 161 1051 torum
176 1017 288 1050 auxilio
298 1022 460 1059 reguntur3
480 1025 531 1047 nec
545 1021 612 1046 ante
629 1016 669 1045 rei
681 1018 740 1054 [ναι
754 1012 934 1054 admmistra·

66 1062 105 1092 tio
119 1061 157 1090 eis
174 1060 312 1090 committi
326 1059 433 1089 debebit
443 1060 595 1099 ,quamvis
605 1058 670 1087 hene
686 1066 745 1086 rem
746 1062 832 1096 suam
838 1065 937 1097 geren-

64 1103 150 1133 ribus.
174 1101 210 1133 Id
225 1108 259 1132 ut
277 1099 487 1140 intelligatur:
505 1098 664 1142 sciendum
682 1097 725 1128 est
737 1120 746 1136 ,
764 1100 851 1142 quod
870 1095 939 1127 Lex

61 1142 250 1175 Duodecim
278 1141 473 1172 Tabularum
499 1149 569 1171 cum
602 1138 733 1170 infirmae
757 1147 841 1170 aetati
867 1148 938 1179 pro-

64 1184 186 1225 spexit3
209 1191 331 1215 tantum
349 1182 475 1222 pupillis
493 1182 580 1212 dedit
595 1188 727 1225 tutores.
750 1179 865 1226 hisque
882 1189 933 1218 pu-

64 1223 365 1257 bertas'adferebat
384 1223 491 1255 finem.
516 1222 588 1253 inde
615 1221 723 1261 pupilli
750 1222 936 1252 dicebantur

66 1266 177 1299 venire
193 1267 223 1297 in
241 1265 323 1297 suam
342 1265 493 1296 tutelam:
509 1272 570 1294 nec
585 1263 628 1294 eis
645 1263 778 1294 dabatur
789 1271 935 1301 curator,

65 1308 123 1340 etfi
141 1307 324 1339 minoribus.
342 1306 429 1346 quod
446 1315 487 1336 ne
504 1313 584 1344 opus
603 1304 731 1344 quidem
749 1304 935 1343 putabatur,

64 1350 109 1381 ob
125 1355 344 1389 paupertatem
359 1345 470 1378 seculi:
494 1354 558 1386 quo
573 1344 688 1385 integri
707 1353 797 1376 erant
812 1345 935 1390 adoles-

65 1391 207 1422 centium
235 1398 355 1427 mores,
383 1388 412 1419 &
438 1386 568 1418 honesta
587 1386 761 1417 habebatur
780 1395 936 1427 parcimo-

63 1432 126 1464 nia.
151 1430 261 1472 postea
279 1428 492 1462 crescentibus
507 1426 640 1473 publicis
658 1428 938 1475 privatisquetopi-

62 1472 123 1505 bus
139 1495 148 1511 ,
179 1471 310 1504 invaluit
336 1470 484 1509 luxuria;
509 1479 631 1510 periere
655 1478 761 1501 mores
788 1471 875 1501 boni.
900 1480 937 1501 ea

64 1522 198 1555 propter
221 1513 330 1554 (quod
356 1522 406 1543 res
433 1510 600 1552 suadebat)
623 1509 825 1558 restituendae
847 1511 934 1543 disci-

65 1554 160 1596 plinae
186 1555 246 1585 lata
267 1553 312 1586 est
333 1552 403 1585 Lex
424 1551 576 1584 Laetoria:
602 1561 671 1591 quae
689 1561 862 1594 praecepit,
885 1563 936 1585 cu-

64 1602 187 1628 ratores
212 1595 276 1627 dari
301 1594 555 1626 adolescentibus
574 1593 716 1633 lascivis,
740 1603 794 1626 aut
809 1595 935 1627 demen-

68 1637 164 1668 tibuS.
187 1637 261 1668 inde
284 1635 305 1667 fi
326 1635 393 1676 quis
418 1645 433 1666 a
461 1635 600 1666 Praetore
624 1634 821 1676 postularet,
844 1636 935 1668 alicui

67 1679 136 1710 dari
150 1684 347 1709 curatorem:
369 1678 393 1708 is
412 1676 548 1708 debebat
564 1677 628 1717 ejus
645 1675 802 1709 lasciviam
818 1687 870 1709 aut
885 1680 936 1710 de·

65 1728 219 1752 mennam
245 1719 388 1759 probare.
415 1717 552 1758 alioquin
571 1717 639 1749 Lex
656 1728 718 1750 non
739 1718 856 1750 sinebat
873 1719 937 1752 dai-i

68 1770 261 1792 cuz‘atorem.
282 1759 313 1791 id
335 1761 382 1800 ius
407 1760 588 1800 perduravit
611 1769 710 1800 usque
734 1762 770 1792 ad
794 1759 835 1792 D.
853 1761 934 1793 Mar-

68 1811 161 1834 cum:
178 1803 228 1842 qui
249 1801 365 1842 primus
378 1802 481 1840 cavit,
502 1808 536 1832 ut
553 1801 704 1841 deinceps
722 1811 833 1835 ornnes
850 1804 935 1836 adul-

37 1876 39 1879 ,
67 1845 92 1875 ti
108 1851 270 1874 curatores
281 1844 481 1882 acciperent,
498 1852 561 1874 non
580 1843 707 1875 redditis
724 1844 831 1876 caufis.
851 1845 934 1878 testis

69 1884 293 1925 Capitolinus,
318 1884 348 1915 in
370 1886 430 1915 vitu
457 1885 561 1916 iilarci
583 1884 728 1916 Antonini
750 1895 773 1917 c.
799 1895 828 1918 x.
846 1910 856 1925 ,
888 1887 934 1919 his

66 1927 182 1957 verbis.
209 1926 253 1956 De
278 1926 455 1956 curatoribus
478 1935 560 1961 vero,
586 1935 648 1956 cum
672 1932 737 1957 ante
757 1937 814 1958 non
830 1927 885 1965 nisi
900 1938 936 1960 ex

65 1967 145 2008 Lege
163 1967 285 1999 Laetorici
298 1967 343 1998 vel
356 1972 469 2006 propter
484 1967 633 2006 lasciviam
650 1969 695 1998 vel
700 1974 815 2009 propter
827 1970 934 2001 clemen-

68 2010 141 2040 tiam
166 2010 322 2047 darentur,
346 2010 387 2040 itu
402 2006 532 2048 stituit,
555 2014 588 2039 ut
604 2018 697 2040 onmes
714 2011 807 2042 adulti
824 2018 934 2043 curato-

66 2059 108 2080 res
125 2051 300 2090 acciperent,
326 2059 381 2080 non
399 2050 516 2080 redditis
532 2049 630 2088 causis.
672 2049 767 2083 Unde
784 2061 933 2094 apparet,

66 2090 163 2122 Hodie
178 2092 260 2131 apud
285 2090 455 2131 Ulpianum
473 2092 499 2122 η’.
518 2091 546 2133 §,
561 2101 590 2132 3.
608 2093 698 2131 (nam
724 2092 786 2124 huc
815 2095 933 2135 redeo)

65 2131 195 2170 sonare,
218 2133 313 2163 Hodie
333 2132 402 2172 post
423 2133 542 2164 Divum
563 2134 726 2166 Marcum:
745 2135 773 2166 ὅ(
791 2134 851 2166 effe
870 2136 933 2167 sen-

65 2171 151 2204 sum:
168 2172 240 2213 quia
256 2172 296 2204 D.
314 2172 419 2204 Marci
436 2173 672 2206 Constitutione
689 2176 835 2209 omnibus
851 2178 934 2210 adul-

67 2214 108 2246 tis
126 2215 237 2245 dantur
252 2222 430 2246 curatores:
446 2216 520 2246 ideo
536 2225 592 2246 eos
609 2216 706 2248 hodze
722 2227 822 2258 usque
839 2220 878 2250 ad
893 2219 935 2250 le-

66 2255 207 2296 gitimam
226 2263 350 2287 aetatem
373 2255 436 2297 regi
455 2265 635 2288 curatorum
652 2258 789 2298 auxili03
811 2269 870 2291 nec
888 2260 934 2292 his

62 2305 137 2328 ante
157 2297 298 2335 liberari,
319 2298 460 2337 quamvis
477 2308 542 2329 rem
560 2298 641 2330 suam
659 2300 742 2331 bene
756 2310 874 2341 gerant.
899 2302 933 2334 ll·

62 2337 118 2369 lud
135 2339 284 2378 quaeritur
299 2338 330 2370 in
348 2338 366 2369 l.
385 2348 413 2369 2.
431 2339 458 2369 h.
474 2344 494 2370 t.
517 2349 554 2370 an
574 2349 638 2371 non
659 2349 714 2381 per
730 2341 847 2374 liberos
865 2342 934 2375 suos

64 2388 132 2411 rem
151 2379 233 2411 suam
257 2384 409 2411 maturius
435 2389 451 2410 a
475 2382 673 2414 curatoribus
697 2383 871 2424 recipiant:
896 2394 935 2416 eo

66 2421 155 2460 quod
191 2420 328 2462 Legibus
358 2422 409 2461 (id
443 2421 488 2465 est
506 2445 515 2459 ‚
556 2422 641 2464 Lege
664 2423 744 2463 julia
769 2425 798 2456 ἃ
823 2425 933 2466 Papia,

65 2470 158 2501 quam
176 2463 295 2493 indicat
309 2463 373 2494 loci
398 2463 585 2505 Inlcriptio)
603 2473 754 2505 cavetur3
777 2474 813 2497 ut
830 2466 937 2508 singuli

65 2502 138 2534 anni
153 2512 208 2543 per
223 2503 362 2544 singulos
380 2503 497 2535 liberos
519 2505 727 2547 remittantur.
764 2507 826 2539 Sed
843 2517 937 2549 negat

64 2541 237 2582 Ulpianus:
256 2545 397 2576 causatus
408 2569 416 2584 ,
433 2546 520 2588 Quod
532 2546 660 2588 Legibus
675 2555 816 2588 cavetur,
833 2559 866 2580 ut
882 2550 937 2582 fin·

63 2584 131 2625 guli
146 2585 215 2616 anni
231 2594 287 2624 pei·
303 2585 439 2626 singulos
459 2587 574 2619 liberos
593 2589 814 2629 remittantur,
838 2592 874 2622 (ld
889 2591 935 2622 ho·

64 2634 144 2655 nores
153 2627 312 2665 periinere,
339 2627 439 2659 Divus
457 2629 582 2660 Severus
606 2631 667 2669 ait,
691 2641 748 2663 non
764 2633 802 2663 ad
815 2641 871 2663 rem
888 2633 934 2667 su-

63 2675 111 2696 am
126 2668 320 2706 recipiendam.
351 2667 426 2699 Hoc
442 2670 534 2710 igitur
550 2669 621 2711 quia
638 2671 669 2703 in
686 2672 863 2705 honoribus
879 2672 935 2705 sm-

63 2706 161 2747 gulari
186 2707 389 2752 jureplacuit
404 2719 444 2741 ex
469 2710 733 2752 interpretatione
750 2714 792 2746 D.
809 2714 934 2746 Severi:

63 2747 106 2779 ait
124 2746 294 2787 Ulpianus,
315 2759 344 2780 in
372 2751 535 2790 proposito
559 2752 598 2784 ad
616 2755 859 2797 consequentias
876 2764 935 2788 tra·

65 2788 207 2820 tiendum
224 2798 287 2820 non
304 2789 376 2821 effe.

104 2829 151 2861 Sit
168 2829 229 2867 ita,
254 2830 339 2861 dicat
363 2830 491 2872 aliquis,
514 2836 661 2873 quamdiu
684 2846 746 2868 non
763 2836 937 2868 intervenit

64 2870 193 2911 aliquod
212 2870 404 2910 Consulum,
426 2873 651 2915 Praefidumve‚
675 2879 859 2915 decretum,
882 2878 936 2909 mi·

65 2912 137 2944 nori
152 2912 253 2943 aetatis
271 2912 395 2944 veniam
410 2911 655 2956 indulgentium.
679 2927 710 2950 at
725 2918 819 2959 quid,
835 2919 856 2950 fi
873 2919 937 2950 hoc

66 2953 263 2985 intervenit?
286 2953 328 2985 nil
346 2962 446 2998 mutat
463 2955 614 2996 Ulpianus
630 2960 647 2989 l.
666 2969 695 3000 3.
713 2960 741 2992 b.
759 2966 780 2991 t.
795 2960 860 2991 imo
876 2959 936 2999 ait,

64 2994 219 3027 Severum
236 2995 265 3026 &
286 2995 480 3027 Antoninum
499 2996 530 3028 id
545 2999 592 3038 jus
609 2999 663 3031 sibi
681 3000 865 3038 reservasse,
890 3000 935 3042 ip-

57 3035 180 3076 ,sosque
202 3035 375 3068 minoribus
397 3046 525 3077 perraro
549 3049 650 3072 rerum
675 3040 793 3074 suarum
810 3041 938 3074 admini-

63 3076 248 3109 strationem
265 3085 354 3109 extra
367 3079 512 3110 ordinem
523 3078 693 3114 indulfiffe:
711 3082 741 3114 δι
758 3081 938 3123 hujusmodi

66 3117 241 3151 Consulum
264 3119 393 3151 decreta
418 3119 480 3151 effe
504 3120 588 3161 quasi
604 3122 769 3155 ambitiosa
785 3125 938 3165 interpre-

65 3164 167 3191 tatos:
185 3160 249 3192 hoc
266 3159 330 3200 est,
346 3169 381 3192 ut
400 3160 570 3194 Raevardus
587 3164 636 3196 lib.
651 3174 681 3205 5.
700 3164 776 3197 Var.
792 3175 816 3196 c.
833 3169 862 3196 6.
883 3175 936 3198 ex-

63 3199 179 3240 plicat,
203 3209 315 3234 contra
334 3202 382 3242 jus
397 3202 427 3234 &
446 3211 572 3242 aequum
587 3204 618 3236 in
644 3205 772 3246 aliquus
790 3205 935 3239 favorem

62 3241 255 3316 mffiyplofilt}
273 3243 445 3287 *Fornerius
461 3245 509 3276 lib.
523 3255 557 3289 1,
569 3246 669 3280 Seleu.
685 3257 711 3279 c.
726 3257 773 3289 17.
791 3247 852 3288 ait,
867 3258 934 3291 gra-

1825 150 1868 191 39

991 224 1084 263 dosa,
1109 235 1177 267 quae
1204 228 1294 260 causa
1317 239 1432 262 vacant
1453 231 1482 263 δι
1508 232 1620 264 colore
1640 233 1770 274 quaefito
1792 234 1863 267 sunt

989 268 1137 300 conflata.
1184 270 1225 300 Ut
1248 279 1283 301 ut
1308 271 1389 303 erit:
1419 272 1483 304 nori
1509 274 1613 313 potest
1639 274 1861 316 Magistratus,

989 308 1125 347 Conlul,
1150 310 1238 341 verbi
1265 313 1382 356 gratia,
1407 313 1478 354 quia
1502 315 1623 357 legibus
1648 316 1762 349 servire
1787 328 1860 350 eum

988 359 1137 389 oportet,
1158 354 1332 384 minoribus
1348 356 1420 386 dare
1439 356 1560 389 veniam
1580 357 1688 389 aetatis.
1707 357 1860 399 soliidjus

988 390 1033 436 esp
1051 391 1187 434 Principi
1201 417 1210 431 ,
1227 394 1349 435 legibus
1368 396 1482 428 soluto.
1506 399 1529 428 is
1547 408 1676 439 quoque
1694 400 1775 432 hanc
1792 410 1858 433 non

985 433 1050 463 aliis
1071 433 1141 472 dat,
1166 436 1275 475 utique
1291 437 1360 477 post
1380 437 1514 469 formam
1531 450 1546 469 a
1569 440 1781 474 Constantino
1801 452 1859 483 po-

986 474 1073 505 fitam
1091 475 1110 505 l.
1130 486 1156 506 2.
1169 483 1213 516 pr.
1227 477 1300 518 ὃς.
1317 488 1341 509 1.
1356 478 1388 509 C.
1405 481 1438 509 de
1456 480 1500 510 bis
1515 483 1565 522 qui
1581 492 1647 513 ven.
1666 490 1743 515 aecac.
1763 494 1859 524 quam

986 515 1129 548 masculis
1155 517 1334 550 vicesimum
1353 543 1362 558 ,
1385 519 1526 553 foeminis
1550 524 1698 555 octavum
1724 526 1754 556 ὅ(
1776 525 1859 558 deci-

985 566 1070 588 mum
1080 580 1089 596 ,
1106 567 1221 591 annum
1233 561 1376 601 egreius:
1394 572 1430 592 ac
1440 572 1479 594 ne
1489 572 1555 594 turn
1567 563 1693 603 quidem
1705 590 1713 604 ,
1726 566 1777 598 nili
1790 576 1862 608 pro-

985 599 1130 630 baverint
1147 599 1175 631 se
1193 610 1285 641 aptos
1304 603 1333 634 ὅ(
1352 601 1433 645 frugi
1451 604 1575 636 masculi
1593 607 1780 647 praesentes,
1796 608 1859 640 foe-

983 639 1074 671 minae
1093 651 1147 680 per
1166 651 1418 681 procuratorem.
1461 645 1512 676 Est
1537 655 1633 686 porro
1652 646 1784 681 effecius
1799 651 1858 681 im-

983 690 1114 721 petratae
1138 683 1238 714 aetatis
1258 687 1377 717 venite:
1405 695 1439 717 ut
1462 686 1566 718 minor
1582 687 1698 719 deinde
1717 699 1775 730 pro
1792 701 1857 722 rna-

979 724 1050 762 jore
1073 723 1245 757 habeatur:
1271 727 1300 758 &
1323 736 1340 758 a
1366 736 1512 759 curatore
1535 728 1584 759 sua
1608 729 1692 761 bona
1715 731 1858 769 recipiat.

983 763 1057 795 Huc
1074 765 1098 795 it
1117 766 1229 797 Paulus
1253 768 1272 798 l.
1292 777 1340 799 21.
1365 768 1403 800 Ῑ).
1423 771 1455 800 de
1474 771 1549 801 verb.
1560 769 1638 811 sign.
1662 781 1732 810 quae
1755 773 1800 804 est
1816 783 1858 806 ex
1905 798 1907 800 -

983 806 1062 836 libro
1080 807 1144 845 ejus
1161 817 1210 838 xi.
1235 809 1282 839 Ati
1299 808 1467 850 Edictum,
1483 811 1513 842 in
1533 821 1598 851 quo
1616 813 1783 845 occasione
1802 816 1858 846 liu-

977 847 1029 890 jus
1050 845 1170 890 Edisti,
1194 850 1290 881 etiam
1316 852 1380 895 egit
1398 853 1437 883 de
1455 852 1545 884 venia
1563 854 1683 892 aetatis,
1710 855 1822 887 minori
1840 866 1858 888 a

983 888 1127 928 Principe
1143 890 1279 921 concedi
1295 890 1393 923 solita.
1419 894 1515 925 verba
1536 895 1638 927 Pauli:
1659 896 1794 938 Princeps
1812 899 1858 929 bo-

981 939 1020 959 na
1035 931 1207 960 concedendo
1223 933 1340 962 vitietur
1355 935 1440 964 etiam
1456 936 1640 976 obligationes
1651 939 1754 970 cedere.
1779 938 1857 970 Pau-

982 970 1027 1002 lus
1053 972 1107 1010 (ut
1131 972 1255 1003 ollendi
1281 973 1328 1004 lib.
1358 973 1402 1004 De
1418 976 1512 1015 pastis
1532 976 1567 1011 δέ)
1585 979 1723 1010 tramitti.
1740 990 1764 1011 c.
1785 982 1856 1021 20.)

982 1013 1068 1050 vult,
1092 1013 1178 1051 quod
1195 1012 1366 1054 Princeps,
1390 1017 1536 1048 concessa
1551 1020 1650 1052 aetatis
1669 1020 1778 1060 venia,
1801 1025 1860 1054 mi·

982 1062 1052 1084 nori
1066 1054 1217 1085 concedit
1237 1055 1339 1095 bona,
1364 1056 1393 1087 id
1413 1058 1474 1097 est,
1495 1060 1541 1099 jus
1559 1061 1644 1092 bona
1661 1062 1709 1093 sua
1726 1064 1858 1095 admini-
1899 1099 1901 1101 ,

982 1096 1116 1139 Μερόη
1141 1105 1208 1140 nec.
1225 1096 1325 1128 minus
1352 1099 1566 1140 obligationes
1584 1125 1593 1140 ‚
1617 1102 1647 1133 id
1671 1103 1735 1142 est,
1755 1105 1804 1145 jus
1827 1105 1858 1137 se

981 1137 1152 1177 obligandi.
1179 1137 1230 1168 Sic
1247 1137 1308 1169 fuit
1326 1149 1425 1179 usque
1443 1146 1480 1172 acl
1497 1141 1752 1176 Constantinum.
1771 1145 1805 1177 >is
1825 1146 1858 1178 in

979 1179 1006 1208 ci.
1024 1178 1034 1207 l
1062 1188 1090 1209 2.
1109 1178 1137 1220 §.
1161 1188 1183 1210 1.
1203 1179 1265 1210 hoc
1283 1181 1416 1212 mutavit
1435 1182 1464 1213 in
1483 1181 1787 1226 foeininis1jubens,
1804 1197 1858 1220 eas

980 1219 1097 1249 habere
1113 1230 1160 1260 Jus
1179 1230 1275 1252 omne
1300 1223 1387 1260 quod
1412 1224 1530 1254 habent
1548 1234 1669 1264 mares;
1693 1230 1792 1260 modo
1817 1239 1857 1260 ne

981 1260 1095 1300 praetiia
1112 1261 1250 1293 alienent
1273 1262 1337 1295 fine
1362 1265 1504 1296 decreto.
1530 1265 1716 1305 Justinianus
1735 1269 1752 1299 li
1771 1280 1798 1310 3.
1820 1271 1854 1302 C.

979 1303 1011 1332 de
1026 1302 1068 1332 his
1083 1305 1133 1343 qui
1150 1313 1214 1334 ven.
1239 1310 1313 1335 ιειατΑ
1341 1306 1404 1336 hoc
1423 1306 1554 1347 amplius
1573 1308 1679 1339 statuit
1694 1310 1734 1341 de
1755 1311 1857 1352 hypo-

981 1343 1092 1376 theca:
1118 1345 1147 1376 &
1166 1347 1253 1385 quod
1277 1347 1329 1378 ille
1347 1346 1377 1378 in
1396 1347 1556 1387 foeminis,
1580 1349 1645 1391 ipse
1661 1350 1691 1382 in
1719 1354 1857 1384 mai-ibus

981 1394 1132 1426 quoque,
1147 1385 1306 1418 observari
1321 1388 1415 1428 juffit.
1443 1389 1493 1420 1:st
1511 1391 1606 1430 igitur
1619 1393 1667 1431 jus
1679 1392 1858 1431 impetratae

979 1426 1079 1459 aetatis
1099 1437 1216 1466 vemae,
1241 1437 1274 1459 ut
1298 1429 1436 1462 minores
1455 1440 1513 1471 pro
1534 1434 1704 1473 majoribus
1721 1435 1860 1468 habean-

981 1475 1048 1507 tur,
1072 1478 1177 1509 eoque
1202 1479 1329 1502 careant
1346 1471 1376 1502 in
1393 1471 1552 1514 integrum
1572 1474 1791 1509 restitutione:
1816 1487 1858 1509 ne

980 1509 1048 1550 quis
1077 1510 1239 1550 principali
1268 1511 1455 1545 austoritate
1472 1513 1726 1558 circumscriptus
1742 1518 1861 1552 intelli·

979 1552 1092 1592 gaturl
1123 1561 1146 1583 1.
1167 1553 1199 1585 C.
1217 1555 1244 1584 d.
1260 1560 1282 1586 t.

1019 1593 1082 1637 Sed
1106 1603 1235 1634 apparet
1252 1618 1261 1633 ,
1286 1595 1458 1628 Praetorem
1483 1595 1650 1630 subvenire
1670 1599 1784 1642 minori
1813 1601 1859 1634 vi-

978 1635 1057 1675 ginti
1074 1636 1214 1676 quinque
1237 1638 1336 1669 annis.
1385 1638 1508 1678 Restat,
1535 1641 1619 1671 unde
1637 1651 1710 1673 eum
1725 1643 1859 1675 aestime-

980 1686 1069 1708 mus:
1089 1685 1192 1708 utrum
1211 1688 1249 1709 ex
1268 1679 1391 1721 negotii
1412 1679 1493 1718 fine,
1517 1690 1553 1712 an
1571 1685 1611 1713 cx
1624 1682 1726 1715 initio.
1752 1685 1858 1724 Ulpia-

981 1728 1039 1749 nus
1058 1718 1077 1749 l.
1095 1729 1122 1759 3.
1140 1719 1158 1760 ὃ
1194 1728 1217 1750 1.
1231 1719 1268 1754 ὅ)
1285 1730 1313 1752 2.
1331 1722 1359 1752 h.
1376 1727 1396 1752 t.
1414 1731 1482 1753 eam
1500 1723 1709 1762 quaestionem
1727 1728 1860 1766 exequi-

981 1767 1031 1791 tur
1048 1759 1147 1792 tribus
1171 1761 1345 1802 exemplis:
1370 1772 1460 1803 quae,
1485 1772 1520 1795 ut
1540 1773 1719 1805 merentur,
1742 1768 1859 1799 ordine

980 1802 1160 1841 explicabo.
1208 1803 1349 1835 Primum
1377 1806 1439 1836 tale
1463 1805 1532 1838 est:
1565 1805 1677 1838 Minor
1702 1807 1857 1841 vendidit.

979 1844 1077 1883 major
1094 1843 1240 1884 implevit
1258 1846 1489 1878 venditionem.
1508 1846 1619 1887 sentit,
1636 1847 1793 1882 selaesum.
1818 1860 1860 1883 an

979 1884 1084 1926 potest
1096 1886 1240 1918 restitui?
1257 1886 1388 1927 quaestio
1405 1889 1436 1919 in
1454 1898 1495 1919 eo
1513 1889 1664 1928 vertitur,
1681 1899 1787 1923 utrum
1799 1892 1859 1924 ini-

979 1928 1059 1958 tium
1078 1925 1273 1967 speeiemus,
1290 1938 1327 1960 an
1345 1927 1466 1962 finem?
1482 1930 1547 1961 hoc
1563 1932 1681 1963 mavult
1700 1931 1859 1974 Ulpianus

978 1969 1006 1999 d.
1026 1968 1055 2010 ᾗ.
1078 1977 1109 1999 1:
1134 1968 1305 2009 praefatus,
1324 1971 1413 2010 quod
1430 1971 1530 2011 major
1547 1973 1714 2012 implendo
1730 1982 1860 2006 contra-

979 2011 1062 2042 ftum
1080 2019 1152 2041 eum
1170 2012 1378 2051 approbavit:
1403 2012 1431 2043 ἃ
1448 2012 1493 2044 est
1508 2013 1738 2055 constitutum,
1760 2015 1781 2048 fi
1799 2017 1858 2048 mi·

978 2061 1037 2083 nor
1054 2052 1234 2091 contrahit,
1255 2053 1356 2093 major
1373 2061 1475 2086 ratum
1493 2054 1607 2086 habet:
1625 2057 1757 2094 perinde
1774 2056 1859 2097 effe,

977 2103 1014 2124 ac
1033 2093 1052 2124 si
1070 2094 1167 2133 major
1191 2094 1417 2134 contraxiffet3
1441 2105 1547 2136 eoque
1563 2096 1679 2129 cessare
1696 2097 1856 2132 Edictum.

977 2134 1056 2167 Inde
1073 2134 1235 2175 quaefitum
1259 2135 1340 2174 fuit,
1367 2137 1474 2177 (quod
1498 2137 1543 2169 est
1562 2138 1733 2172 secundum
1751 2150 1859 2172 exem-

978 2177 1066 2218 plum
1083 2176 1208 2218 d,§.1.)
1223 2175 1243 2207 fi
1260 2178 1363 2209 minor
1377 2179 1466 2209 annis
1484 2179 1596 2220 viginti
1613 2183 1774 2221 quinque,
1792 2181 1858 2213 for·

979 2227 1011 2249 te
1029 2227 1125 2259 agens
1143 2227 1242 2249 annos
1270 2219 1378 2260 viginti
1398 2228 1557 2260 quatuor,
1577 2221 1729 2261 judicium
1748 2223 1857 2255 tutelae

978 2259 1088 2290 heredi
1106 2260 1218 2291 tutoris
1235 2260 1422 2300 di6hiverit3
1439 2262 1530 2302 isque
1547 2262 1709 2294 absolutus
1726 2262 1782 2303 fit,
1798 2265 1855 2296 illo

979 2300 1096 2332 effecto
1112 2301 1174 2340 jain
1194 2301 1311 2341 majore
1330 2303 1443 2343 viginti
1460 2303 1601 2344 quinque
1628 2306 1718 2336 annis
1736 2315 1743 2336 :
1767 2315 1806 2337 an
1824 2307 1856 2338 ei

979 2341 1014 2374 sit
1032 2342 1061 2372 in
1080 2343 1239 2383 integrum
1256 2342 1414 2375 restitutio
1424 2344 1570 2377 adversus
1581 2346 1857 2385 remjudicatam‘?

979 2385 1022 2414 ait
1038 2383 1210 2423 Ulpianus,
1235 2383 1359 2416 Celsum
1377 2395 1393 2416 a
1409 2384 1519 2416 Flavio
1539 2385 1696 2426 Respecto
1715 2387 1856 2421 Praetore

980 2424 1181 2464 consultum,
1204 2425 1409 2465 existimasse,
1432 2436 1496 2458 non
1522 2425 1618 2459 facile
1643 2430 1673 2460 in
1695 2429 1856 2471 integrum

981 2465 1121 2504 restitui,
1144 2466 1175 2497 id
1201 2466 1265 2506 est,
1289 2477 1354 2499 non
1373 2476 1527 2507 oportere
1543 2468 1573 2500 in
1594 2471 1751 2511 integrum
1769 2472 1857 2504 resti-

982 2509 1047 2546 tui,
1062 2508 1147 2539 hunc
1165 2509 1323 2548 quondam
1342 2509 1515 2546 minorem,
1534 2519 1606 2542 cum
1626 2511 1663 2543 lis
1687 2513 1857 2544 inchoare-

982 2557 1032 2580 tur
1055 2548 1310 2580 contestatione:
1333 2549 1354 2581 fi
1369 2560 1433 2581 non
1450 2560 1541 2592 aeque
1559 2551 1622 2584 fuit
1639 2553 1763 2593 minor,
1782 2564 1855 2586 cum

981 2590 1018 2621 lis
1034 2589 1188 2622 sententia
1204 2590 1360 2622 finiretur.
1378 2591 1515 2631 opinor;
1532 2594 1602 2633 quia
1619 2593 1779 2627 restitutio
1798 2597 1857 2628 mi-

980 2632 1051 2664 nori
1070 2641 1134 2663 non
1153 2633 1262 2670 datur,
1283 2631 1336 2664 niss
1355 2632 1438 2665 laeso.
1463 2633 1525 2665 fuit
1541 2643 1647 2667 autem
1666 2636 1773 2676 laesus3
1789 2648 1854 2669 non

979 2682 1051 2704 cum
1068 2673 1202 2704 dictaret
1216 2673 1387 2714 judicium3
1404 2672 1454 2707 sed
1472 2684 1544 2708 cum
1560 2678 1723 2718 acciperet
1734 2678 1856 2710 senten-

980 2715 1065 2746 tiam.
1092 2722 1158 2745 turn
1178 2723 1256 2745 vero
1272 2723 1339 2746 crat
1361 2717 1477 2756 major:
1500 2719 1549 2749 cui
1569 2718 1690 2750 Praetor
1706 2719 1854 2751 adversus

979 2765 1045 2787 rem
1059 2756 1232 2795 judicatam
1248 2765 1312 2787 non
1331 2759 1483 2796 concedit
1497 2760 1528 2790 in
1554 2760 1712 2802 integrum
1729 2761 1853 2791 restitu-

979 2797 1118 2827 tionem:
1135 2795 1191 2827 etsi
1207 2797 1322 2829 minori
1339 2797 1410 2829 laeso
1424 2800 1571 2832 adversus
1590 2812 1658 2833 earn
1679 2811 1741 2833 non
1758 2803 1854 2832 dene-

979 2846 1044 2879 get.
1068 2839 1246 2878 Utrumque
1261 2839 1344 2870 clare
1361 2840 1559 2881 Alexander,
1576 2842 1597 2874 fi
1615 2844 1788 2882 prudenter
1804 2851 1854 2872 ac-

980 2880 1117 2919 cipiatur
1133 2879 1151 2910 l.
1175 2888 1199 2910 1.
1218 2879 1251 2911 C.
1269 2880 1302 2911 Si
1321 2883 1459 2918 adversus
1476 2893 1534 2915 rem
1544 2885 1637 2925 judic,
1661 2885 1691 2914 in
1710 2892 1770 2922 qua
1789 2884 1852 2914 An-

980 2922 1087 2951 tonius
1112 2918 1229 2960 Faber,
1254 2921 1434 2954 Rationalib.
1457 2926 1496 2955 ad
1520 2926 1548 2955 d.
1574 2925 1592 2955 l.
1612 2934 1640 2964 3.
1669 2923 1697 2963 §.
1721 2933 1745 2954 1.
1770 2932 1850 2964 pro,

980 2966 1100 3000 tempore
1119 2961 1243 3003 judicii,
1266 2963 1362 3004 legit,
1388 2971 1508 3006 tempore
1523 2965 1670 3006 judicati:
1694 2964 1777 2995 nulla
1799 2974 1853 2997 ne-

981 3002 1130 3034 ceffitate.
1154 3013 1224 3035 nam
1251 3010 1359 3045 tempus
1375 3007 1486 3048 judicii
1508 3005 1587 3043 effe,
1610 3011 1719 3044 tempus
1732 3007 1852 3045 senten-

981 3044 1045 3082 tiae,
1068 3053 1108 3075 ex
1125 3043 1328 3085 sequentibus
1342 3046 1493 3088 'ejusdem
1511 3046 1573 3077 loci
1592 3046 1796 3091 intelligitur:
1821 3048 1853 3080 &

974 3085 1118 3126 judicium
1133 3086 1303 3126 aliquando
1326 3097 1385 3128 pro
1410 3087 1561 3119 sententia
1576 3087 1657 3125 dici,
1681 3089 1855 3129 compluri-

981 3126 1036 3157 bus
1058 3128 1213 3168 exemplis
1235 3129 1377 3168 ostendi,
1402 3129 1450 3160 De
1465 3127 1573 3167 foenor-
1598 3126 1635 3160 &⁹
1658 3130 1740 3165 usur·
1755 3131 1802 3161 lib.
1820 3140 1851 3171 -3-

978 3177 1063 3209 c.15.
1084 3167 1138 3200 Est
1154 3177 1261 3202 autem
1273 3171 1335 3201 hoc
1354 3171 1384 3201 jn
1403 3172 1509 3209 primis
1526 3177 1652 3201 verum:
1669 3169 1855 3210 fijudicium

976 3219 1097 3241 moram
1114 3213 1278 3252 acceperit
1291 3211 1379 3242 nullo
1389 3208 1554 3241 adversarii
1571 3210 1658 3242 dolo.
1677 3213 1702 3242 is
1718 3212 1738 3243 fi
1757 3213 1854 3244 inter·
1904 3252 1906 3254 v

974 3251 1252 3323 venerit312cribit
1274 3251 1439 3291 Ulpianus.
1478 3250 1575 3292 Celsus
1597 3253 1691 3293 igitur
1718 3252 1852 3335 Rqspsetio

1116 3298 1128 3323 λ
1798 3305 1851 3326 143.
