2108 3479
256 135 301 159 ΞΘ

253 209 274 243 si
292 209 393 242 dantis
418 207 506 240 causa
529 205 583 237 fiat
607 203 671 236 five
689 204 928 235 commodatum
941 224 951 240 ,
981 200 1047 233 five
1066 203 1111 243 pi-

252 260 351 292 ἕως,
368 250 476 280 dolum
496 247 595 278 solum
612 246 641 276 ὅ(
663 245 755 275 latam
772 245 897 283 culpam
916 242 1045 282 venire3
1068 243 1111 274 fin

253 291 440 331 accipientis
458 289 553 319 etiam
580 285 784 322 leviflimam3
816 284 974 324 denique,
996 282 1018 315 fi
1035 285 1110 315 utri-

252 341 354 371 usque
377 329 493 370 gratia,
525 337 589 359 non
614 326 766 363 ulterius,
801 333 893 364 quam
926 325 965 356 ad
986 324 1112 364 levem,

253 372 384 412 obligari
403 379 437 401 ut
453 369 644 400 creditorem
655 390 664 405 ‚
681 367 724 397 ita
741 365 882 397 similiter
894 366 1110 397 commodata·

252 412 357 444 rium?
381 410 456 442 Non
482 410 623 440 videtur:
651 408 722 447 quia
750 407 780 437 ὃ(
809 405 927 445 Cujacii
956 405 1111 438 sententia

250 454 361 485 incidit
373 453 404 483 in
422 451 580 490 superiora
598 449 707 481 Contii
727 447 951 483 incommoda3
969 447 999 478 ὅτ.
1019 457 1108 478 vere-

252 504 290 526 or
310 517 320 533 ‚
359 501 391 524 ut
422 489 631 522 Gothofredo
659 487 898 520 adsentiendum
932 487 978 520 fit.
1021 488 1110 531 Quid

251 533 405 566 tandem?
448 532 538 563 unius
555 554 564 569 ,
597 530 850 571 quodmireris,
884 529 1019 560 literulae
1043 539 1109 561 non

250 572 442 616 deprehensa
467 572 632 612 corruptio
658 579 753 602 tantae
782 569 905 602 causam
929 570 1108 602 difficultati

249 617 376 648 obtulit.
419 613 499 646 Cum
516 612 676 654 scripsisset
694 611 847 652 Ulpianus
862 635 871 650 ‚
894 618 925 642 at
941 612 973 642 in
990 621 1108 643 commo-

843 114 1146 150 GERARnt
1196 112 1426 153 NoonT

1154 201 1374 248 distinCtione,
1404 211 1468 234 non
1495 209 1615 236 tantum
1641 214 1707 239 non
1729 204 1814 245 Gajo
1838 214 1875 237 ac
1891 206 2012 249 Paulo,

1154 242 1206 274 sed
1222 252 1326 283 neque
1342 241 1406 283 lpse
1420 243 1494 283 fibi,
1508 243 1660 284 Ulpianus
1676 246 1902 280 adversabitur.
1926 249 2011 282 resti-

1154 291 1261 315 tuetur
1279 293 1376 323 vero,
1394 285 1480 324 quod
1499 285 1529 317 ἃ
1549 286 1611 327 ipsa
1628 289 1748 320 evincit
1763 289 1926 320 connexio
1944 291 1971 322 d.
1987 291 2010 323 l.

1156 334 1202 365 13.
1229 323 1258 365 ς.
1292 334 1317 356 1.
1341 325 1378 360 ἐξ
1404 327 1433 357 d.
1458 327 1477 357 l.
1507 336 1553 366 14.
1579 337 1660 367 pene
1685 330 1750 361 hoc
1777 330 1887 362 modo,
1919 330 2011 363 Venit

1152 372 1249 397 autem
1267 369 1298 397 in
1313 367 1365 398 bac
1383 366 1494 397 outone
1512 367 1548 402 {5⁹
1562 369 1642 401 dolus
1658 370 1694 406 ὅ)
1711 371 1812 411 cnlpa3
1833 376 1865 402 at
1881 372 1913 403 in
1937 382 2010 404 com-

1152 409 1264 438 modato
1286 409 1367 453 venit
1393 407 1429 442 ὅ)
1454 407 1606 449 custodia.-
1634 414 1681 444 vis
1708 413 1799 454 major
1829 422 1886 444 non
1917 415 2010 446 venit.

1153 448 1189 480 Id
1207 447 1271 487 est,
1296 456 1385 495 venit
1401 450 1432 481 in
1449 449 1508 481 hac
1526 451 1650 483 aulone
1667 454 1775 492 dolus,
1798 453 1861 484 lata
1883 453 1914 485 &
1929 454 2012 487 levis

1152 489 1262 535 culpa:
1287 498 1320 521 at
1343 500 1374 521 in
1404 493 1612 537 commodato
1638 493 1702 526 hoc
1725 495 1796 535 plus
1823 494 1892 534 est,
1922 495 2012 536 quod

1151 539 1182 575 in
1210 540 1251 562 eo
1271 540 1406 577 *quoque
1429 540 1520 578 ven-it
1544 533 1700 567 custodia:
1724 545 1833 567 verum
1857 543 2012 576 praeterea

1152 581 1198 603 vis
1219 581 1323 618 maror-
1341 581 1406 603 non
1425 582 1513 604 venit
1530 584 1635 615 neque
1657 577 1688 608 in
1705 577 1932 616 commodato,
1957 587 2012 609 ne-

1154 621 1216 652 que
1243 623 1274 644 in
1293 622 1437 653 pignore.
1462 614 1572 655 ltaque
1589 619 1738 657 procedit
1752 617 1837 649 Pauli
1859 618 2011 649 collectio

248 651 331 693 ᾰαεος
354 655 503 687 festinans
520 653 677 700 Librarius
693 662 753 699 pro
780 658 812 684 at
830 651 970 700 reposuit
988 658 1046 684 ut:
1070 653 1111 684 la·
1153 655 1181 684 d.
1204 654 1224 684 l.
1252 663 1298 693 14.
1323 656 1369 685 Ea
1387 656 1496 695 igitur,
1519 667 1581 698 qua>
1600 659 1719 700 diligens
1742 659 1953 699 paterfamilias
1977 661 2012 691 in

247 697 318 740 psus
333 695 462 729 fortasse
479 695 678 741 similitudine
695 696 855 740 literarum
873 704 891 724 a
907 693 943 728 ὣ)
952 703 982 724 u.
1001 703 1109 734 quam-
1142 696 1209 741 suis
1224 697 1306 742 rebus
1316 694 1541 737 prestaresolet,
1560 708 1577 729 a
1592 701 1726 731 creauere
1741 702 1910 742 exiguntur.
1922 700 2012 742 plura

247 739 360 772 obrem
377 762 388 779 ,
418 746 545 769 mutatis
569 734 668 767 rursus
695 735 795 767 literis
813 757 824 775 ,
857 734 1109 777 transpofitaque
1151 734 1234 767 infra
1249 736 1296 769 lib.
1309 748 1345 777 .4.
1363 747 1386 768 c.
1403 748 1434 778 3.

948 854 1190 890 CAPUT
1248 856 1295 891 V.

250 963 355 997 Ouare
372 961 511 995 videatur
531 959 681 1004 Ulpianus
696 959 817 1006 injuriae
834 956 1088 1004 propulsationem
1107 951 1143 993 in¹
1156 960 1356 1005 explicatione
1368 962 1453 1007 juris
1469 964 1620 998 naturalis
1635 963 1759 1011 omrfiffi
1777 967 1846 1001 inl.
1869 977 1898 1002 1.
1927 965 1956 1014 §.
1976 973 2011 1012 33

246 998 335 1045 Nl),
351 1010 386 1043 de
395 1009 523 1055 justitia
542 1007 582 1048 ὃ)
591 1011 684 1055 jure,
711 1020 791 1043 nova
807 1007 926 1042 ratione
946 1008 1133 1043 declaratur.

245 1115 331 1186 M
344 1120 432 1143 arcus
441 1109 568 1143 Tullius
583 1110 659 1142 loco
678 1110 733 1142 illo
749 1108 910 1141 notiffimo
921 1108 979 1140 Pro
996 1108 1109 1140 Milone

359 1153 420 1191 ait,
446 1152 527 1184 hane
553 1151 615 1183 effe
632 1161 698 1183 non
723 1150 893 1191 scriptam,
925 1149 977 1182 sed
1002 1158 1109 1182 natam

245 1195 369 1235 legem,
394 1203 487 1234 quam
505 1203 570 1226 non
594 1193 781 1230 didicimus,
805 1191 1010 1231 accepimus,
1035 1191 1109 1231 legi-

244 1244 333 1268 mus:
367 1244 477 1266 verum
505 1244 545 1266 ex
563 1242 672 1266 natura
693 1233 756 1272 ipsa
774 1233 979 1273 arripuimus,
1012 1231 1108 1263 hauli-

234 1285 331 1314 vnius,
371 1276 595 1317 expressimus:
634 1277 671 1306 ad
700 1283 795 1315 quam
823 1283 889 1304 non
923 1273 1029 1311 dotti,
1056 1273 1107 1304 sed

242 1316 337 1348 fatti:
376 1326 442 1348 non
465 1317 614 1354 instituti,
645 1316 698 1348 sed
729 1316 841 1346 imbuti
868 1314 988 1346 sumus:
1011 1321 1065 1352 ut,
1089 1313 1110 1345 fi

242 1360 308 1389 vita
336 1358 438 1389 nostra
462 1358 493 1389 in
527 1358 645 1398 aliquas
663 1356 806 1395 infidias,
828 1355 850 1387 fi
873 1356 905 1387 in
930 1356 1015 1393 vim,
1038 1355 1060 1385 fi
1077 1357 1110 1386 in

243 1400 308 1431 tela
337 1406 391 1430 aut
423 1399 580 1430 latronum
605 1405 659 1429 aut
688 1398 890 1429 inimicorum
920 1394 1105 1435 incidiss'et,

243 1439 346 1471 omnis
377 1439 507 1471 honesta
534 1439 612 1471 ratio
642 1438 719 1470 esset
745 1438 955 1479 expediendae
987 1436 1101 1468 salutis.

241 1480 362 1522 Nequo
393 1490 471 1512 vero
493 1481 524 1512 id
543 1479 625 1512 solus
646 1480 782 1518 Cicero,
805 1478 857 1510 sed
886 1478 983 1510 etiam
1014 1478 1108 1517 pleri-

242 1531 305 1563 que
332 1522 401 1560 alii,
434 1531 508 1553 cum
535 1520 747 1561 Philosophi,
771 1528 838 1551 tum
866 1518 1105 1559 Jurisconsulti,

241 1562 326 1604 quasi
353 1562 554 1603 exploratum
584 1563 751 1594 tradidere.
794 1561 887 1593 Adeo
913 1560 1105 1599 credebant,

240 1605 273 1637 id
294 1605 342 1643 jus
366 1613 427 1635 nec
453 1604 577 1635 ratione
595 1604 738 1644 indigere
755 1626 766 1642 ,
790 1611 851 1634 nec
873 1600 1105 1642 disputatione:

239 1644 348 1676 sentiri
366 1645 468 1685 enim,
485 1652 521 1676 ut
536 1646 638 1677 calere
653 1646 779 1686 ignem,
791 1644 897 1675 nivem
911 1642 973 1674 css‘e
985 1643 1104 1682 albam,

240 1687 334 1719 dulce
354 1686 436 1726 mel,
461 1696 598 1726 quorum
615 1686 692 1718 nihil
714 1692 867 1727 oportere
884 1682 1042 1725 exquisitis
1057 1693 1104 1715 ra-

239 1728 379 1760 tionibus
396 1727 602 1767 confirmare,
615 1734 737 1759 tantum
751 1726 823 1759 satis
843 1725 905 1758 effe
919 1727 1102 1757 admonere.

238 1768 350 1810 Itaque
375 1768 490 1800 Paulus
515 1771 558 1800 ait
585 1770 619 1800 in
645 1769 664 1800 l.
695 1777 745 1810 45.
773 1767 803 1809 §.
829 1777 858 1808 4.
886 1766 928 1798 D.
954 1767 991 1798 ad
1017 1766 1104 1808 legem

238 1810 409 1852 Aquiliam,
433 1811 497 1841 vim
521 1811 554 1841 vi
578 1809 754 1841 defendere
770 1817 884 1840 omnes
901 1808 1009 1848 leges,
1033 1817 1102 1839 orn·

238 1852 353 1887 niaque
367 1852 452 1891 jura,
479 1851 675 1891 permittere.
716 1849 760 1880 Et
776 1850 863 1881 idern
892 1848 1010 1880 Cicero
1032 1848 1102 1879 libro

241 1902 267 1925 1.
286 1893 332 1924 De
347 1892 542 1932 officiisvult‚
566 1892 706 1932 ejusdem
721 1890 796 1931 juris
808 1889 870 1921 esse
879 1888 1099 1921 defensionem

238 1933 301 1971 sui,
320 1935 406 1974 cujus
425 1932 470 1964 est.
484 1933 577 1964 maris
596 1933 626 1964 δε
645 1932 774 1964 feminae
793 1930 1098 1971 conjunctimcujus

238 1976 420 2016 procreatio
453 1974 483 2005 &
515 1974 662 2005 educatio
688 1973 889 2010 liberorum,
921 1980 997 2011 quas
1024 1971 1099 2010 juris

238 2025 376 2054 naturae,
400 2015 430 2046 ὅ(
449 2015 575 2055 quidem
592 2015 756 2055 primarii,
780 2012 859 2051 effe,
883 2012 982 2043 hodie
1001 2021 1098 2042 nemo

239 2058 362 2089 dubitat
379 2057 604 2096 interpretum.
629 2055 738 2087 Verba
756 2053 924 2086 Ciceronis
951 2052 1094 2093 apposui.

238 2099 389 2138 Principio
405 2099 505 2139 generi
523 2099 718 2128 <numantiam
735 2098 812 2127 omni
828 2093 867 2135 est
883 2105 901 2126 a
921 2101 1028 2125 natura
1046 2095 1098 2124 tri·

238 2141 352 2177 butum,
378 2140 464 2178 utse,
487 2140 579 2170 vitain
594 2144 748 2179 corpusque
764 2142 901 2175 tueatur,
917 2135 1098 2176 declinetque

238 2191 270 2211 en
284 2204 293 2218 ‚
317 2190 378 2220 quae
394 2182 526 2210 nocitura
547 2180 722 2217 videantur,
740 2179 907 2219 omniaque,
922 2186 1098 2221 quacunque

238 2223 276 2253 acl
297 2222 457 2252 vivendum
475 2219 536 2258 stnt
566 2219 736 2260 ueceffaria,
758 2223 898 2260 anquirat
929 2217 965 2252 ὃ)
988 2224 1097 2257 paret,

238 2268 272 2294 ut
297 2260 430 2302 pastum,
451 2267 485 2293 ut
517 2261 656 2300 latibula,
680 2267 713 2292 ut
737 2260 795 2291 aliu
822 2260 946 2301 ejusdem
970 2260 1094 2299 generis.

238 2304 391 2335 Commune
407 2305 473 2334 item
499 2304 693 2333 animantium
715 2305 840 2333 omnium
862 2299 901 2341 est
921 2299 1096 2340 conjunffiz'o-

237 2347 283 2376 rn's
305 2346 447 2384 appetitus
477 2344 645 2380 procreandi
669 2343 755 2382 causa
770 2365 779 2381 ,
795 2341 848 2377 ⁶&
875 2352 945 2373 cura
968 2341 1098 2382 quadam

237 2396 350 2423 eornm,
374 2396 434 2426 quai
446 2390 685 2423 procreatasunt.
712 2385 755 2416 At
777 2382 856 2415 ficut
881 2382 974 2414 maris
999 2382 1028 2413 ὃς
1052 2380 1097 2413 fe-

236 2437 329 2458 rmnae
347 2427 604 2466 conjunctionem
616 2426 854 2465 liberorumque
869 2424 1096 2456 educationem

237 2478 253 2499 a
273 2476 380 2499 natura
401 2467 611 2506 descendere,
630 2467 734 2498 enneli
753 2469 945 2506 largiuntur,
964 2472 1096 2505 propter

237 2510 413 2540 docuinam
441 2508 570 2547 Ulpiani
597 2511 626 2539 in
656 2508 675 2538 l.
700 2518 723 2539 1.
749 2508 777 2549 §.
801 2518 829 2548 3.
862 2506 901 2537 D.
930 2508 963 2537 cle
978 2506 1097 2547 justitia

237 2549 274 2585 ἐξ)
293 2551 381 2591 jure.-
405 2558 447 2580 ita
472 2551 584 2582 timent
610 2551 808 2588 complures,
834 2547 912 2579 teste
929 2547 1095 2578 francisco

237 2592 395 2622 Connzino
420 2592 468 2622 lib,
499 2601 523 2623 1.
548 2593 701 2622 Commeat.
719 2591 780 2631 jur.
809 2590 887 2620 civil.
915 2599 938 2620 c.
967 2599 996 2627 4.
1014 2599 1045 2620 n.
1065 2598 1093 2628 7.

236 2632 273 2667 ἐξ
297 2633 371 2673 seqq.
392 2642 430 2663 ne
450 2634 479 2663 in
496 2633 614 2672 injuriae
634 2631 868 2671 propulsatione
885 2631 968 2661 aliud
987 2631 1094 2662 dicen-

236 2675 310 2705 dum
338 2673 392 2710 sit3
427 2683 483 2712 cO,
518 2674 605 2713 quod
631 2672 783 2713 Ulpianus
813 2673 845 2703 in
877 2672 1095 2703 declaratione

233 2715 307 2756 juris
330 2715 477 2746 naturalis
505 2722 626 2746 tantum
651 2721 814 2745 enumerat
838 2713 1094 2751 matrimonium,

236 2757 267 2789 &
305 2766 410 2788 curam
444 2765 514 2787 cum
549 2757 752 2795 procreandae
785 2764 857 2786 cum
888 2755 1061 2785 educandae
1081 2776 1091 2792 ,

234 2799 353 2838 prolis,
379 2797 486 2828 omill'a
504 2796 546 2828 sui
563 2797 765 2832 desensione;
787 2796 918 2832 perinde
943 2794 1026 2835 quasi
1042 2795 1094 2826 illa

231 2840 302 2871 fere
328 2839 392 2879 ejus
417 2839 493 2878 juris
521 2839 644 2869 exstent
675 2839 840 2877 exempla,
863 2836 917 2868 ista
941 2837 979 2868 ad
1003 2837 1093 2868 aliam

230 2881 304 2922 juris
322 2887 444 2919 partem
462 2904 470 2918 ,
495 2880 527 2911 id
550 2880 614 2918 est,
637 2880 732 2919 adjus
752 2879 895 2919 gentium
920 2879 1089 2917 pertineat.

230 2923 293 2953 Sed
318 2922 349 2952 hi
371 2922 401 2951 iu
428 2921 596 2952 manifesto
626 2920 788 2952 versantur
819 2928 943 2951 errore:
967 2919 1043 2950 licet
1059 2929 1090 2949 e-

231 2964 296 2995 nim
326 2961 480 3002 Ulpianus
514 2963 546 2994 in
574 2963 744 2994 recitandis
779 2969 896 2993 naturae
924 2959 1091 2991 effefitibus

231 3005 423 3044 praeterierit
447 3002 665 3036 defensionem
682 3003 746 3042 sui3
768 3003 871 3033 verius
895 3009 1000 3033 tamen
1027 3001 1089 3040 est,

231 3055 303 3076 eum
329 3045 360 3076 id
387 3046 469 3083 alio,
494 3055 587 3085 quam
613 3045 772 3081 creditur,
797 3042 914 3080 ,fecisse
936 3042 1079 3074 consilio.

229 3086 260 3116 Si
278 3085 371 3116 sidem
390 3087 464 3118 dieti
482 3087 618 3128 quaeris:
641 3086 724 3117 dabo
736 3084 847 3116 testem
864 3093 991 3125 gravem
1004 3107 1013 3123 ‚
1037 3084 1088 3122 &,

228 3127 316 3166 quod
335 3126 396 3170 dici
415 3127 514 3165 solet,
532 3129 726 3167 exceptione
743 3126 909 3166 majorem:
934 3134 1038 3166 neque
1055 3134 1086 3155 e-

227 3168 292 3198 nirn
315 3168 459 3207 cuiquam
485 3170 588 3207 potest
611 3170 642 3201 in
672 3169 730 3199 hac
765 3168 869 3207 specie
898 3167 991 3198 dubia
1024 3165 1086 3197 esi'e

228 3207 356 3251 Ulpiani
374 3209 540 3243 anuoritas
556 3233 566 3250 ,
597 3211 638 3244 de
665 3211 752 3251 cujus
776 3208 931 3242 sententia
954 3208 1086 3250 ambigi-

1152 1116 1216 1154 tur:
1231 1110 1264 1142 -is
1284 1120 1360 1142 vero
1379 1111 1469 1158 ‘libro
1492 1117 1540 1150 69.
1565 1113 1604 1146 ad
1628 1113 1774 1148 Edictum
1796 1116 1921 1157 refert,
1946 1118 2011 1151 vim

1151 1152 1346 1192 vrrepellere
1364 1154 1461 1185 licere
1476 1179 1485 1192 ‚
1511 1156 1644 1188 Caffium
1661 1156 1826 1198 scripfiffe,
1849 1159 1946 1199 idque
1960 1160 2010 1199 jus

1150 1199 1259 1223 natura
1279 1196 1453 1234 comparari
1470 1196 1489 1227 l.
1512 1206 1540 1228 1.
1559 1197 1588 1237 §.
1608 1207 1657 1238 27.
1675 1197 1717 1230 D.
1738 1201 1771 1230 de
1785 1198 1904 1233 vi&de
1917 1201 1950 1230 vi
1964 1210 2012 1230 ar-

1150 1240 1249 1278 mata:
1273 1234 1337 1280 hoc
1354 1235 1417 1274 est,
1441 1246 1481 1268 ex
1500 1239 1608 1277 primis
1629 1246 1747 1270 naturae
1770 1240 1871 1279 nasci,
1893 1250 1959 1272 non
1970 1249 2012 1273 ex

1153 1274 1367 1322 disputatione
1385 1279 1528 1310 rationis,
1572 1279 1791 1320 Quamobrem
1815 1281 1857 1313 sic
1872 1282 2011 1321 censeo,

1153 1324 1219 1346 non
1235 1316 1298 1362 effe
1322 1317 1374 1348 hic
1391 1318 1486 1350 facile
1512 1323 1795 1361 argumentandum
1819 1323 1858 1354 ab
1890 1322 2011 1355 inclusi-

1152 1365 1214 1402 one
1235 1367 1324 1402 unius
1344 1359 1382 1390 ad
1409 1360 1622 1393 exclusionem
1646 1363 1800 1395 alterius:
1824 1363 2010 1404 postremO,

1150 1397 1195 1429 nil
1213 1399 1296 1430 aliud
1315 1399 1407 1445 egisse
1432 1400 1601 1442 Ulpianum
1618 1404 1649 1434 in
1666 1405 1694 1435 d.
1711 1405 1730 1435 l.
1753 1413 1777 1435 1.
1800 1404 1829 1446 §.
1859 1416 1888 1446 3.
1915 1414 2010 1445 quam

1151 1446 1185 1469 ut
1203 1440 1353 1487 negleehs
1369 1442 1406 1472 iis
1424 1453 1493 1483 quae
1512 1443 1674 1484 perspicua
1697 1445 1816 1485 effent,
1839 1445 1948 1478 saltem
1968 1447 2010 1478 de

1150 1480 1382 1526 obscurioribus
1409 1483 1588 1516 differ-eret:
1610 1494 1703 1524 nam,
1726 1495 1798 1519 curn
1831 1487 1914 1527 apud
1940 1496 2011 1519 om·

1148 1530 1205 1568 nes
1229 1530 1259 1553 in
1283 1523 1427 1570 confesso
1453 1525 1551 1564 esset,
1575 1535 1639 1566 quo
1664 1526 1777 1559 referri
1802 1528 1936 1560 deberet
1961 1528 2009 1561 in-

1146 1571 1234 1602 jurias
1255 1564 1469 1610 propulsatio,
1494 1575 1598 1598 tamen
1619 1568 1658 1600 de
1672 1569 1898 1609 coniunctione
1915 1570 2009 1602 maris

1149 1603 1179 1649 ὅς.
1204 1602 1352 1643 feminas,
1382 1608 1485 1647 deque
1510 1610 1733 1648 procreatione
1759 1611 1790 1642 ἀ
1814 1611 2008 1643 educatione

1146 1645 1323 1692 liberorum
1339 1656 1356 1678 a
1381 1647 1580 1690 Philosophis
1607 1649 1840 1691 disputabatur,
1864 1659 1968 1684 utrum
1989 1660 2009 1683 a

1146 1687 1393 1734 natur-aqessent,
1417 1698 1476 1721 nee
1502 1701 1558 1722 ne:
1581 1699 1615 1722 ut
1636 1692 1736 1724 docet
1758 1693 1875 1725 Cicero
1897 1692 1945 1724 De
1967 1691 2008 1733 fi-

1146 1729 1232 1758 nibus
1247 1728 1317 1759 libro
1333 1740 1364 1768 4.
1388 1730 1440 1761 ubi
1459 1731 1499 1763 sic
1519 1732 1633 1764 scribit.
1655 1734 1723 1766 Hoc
1724 1734 1873 1775 summum
1884 1735 1986 1765 bonum
1994 1758 2007 1774 ,

1146 1769 1221 1814 quoa
1239 1776 1316 1801 certa
1327 1769 1541 1812 fignificatione
1556 1775 1746 1816 intelligitur,
1770 1786 1800 1806 ea
1824 1785 1857 1807 ue
1866 1777 1931 1807 vita
1945 1786 2007 1817 quoe

1145 1819 1182 1840 ex
1192 1812 1305 1857 summo
1329 1814 1397 1843 bono
1424 1816 1540 1855 degitur
1559 1839 1569 1854 ,
1599 1818 1670 1857 quia
1691 1818 1794 1859 conjurz
1825 1828 1843 1848 a
1865 1818 1891 1848 ei
1911 1818 2009 1848 virtus

1144 1848 1183 1890 est
1199 1873 1209 1889 ,
1240 1861 1271 1882 m
1289 1855 1453 1900 sapientem
1469 1855 1565 1894 >solum
1588 1856 1675 1888 cadit.
1717 1858 1803 1900 Isque
1821 1858 1895 1898 finis
1921 1859 2006 1889 hono·

1143 1901 1209 1922 rum
1220 1915 1228 1930 ,
1241 1898 1274 1922 ut
1282 1895 1316 1924 ab
1324 1894 1389 1934 ipsis
1399 1895 1502 1928 Stoicis
1509 1900 1654 1937 scriptum
1664 1901 1795 1930 videmus
1806 1924 1814 1936 ,
1823 1911 1841 1931 a
1854 1899 2004 1931 Xenocra-

1143 1938 1169 1962 te
1187 1938 1273 1973 atque
1284 1936 1330 1980 *ab*
1340 1935 1490 1975 Aristotele
1507 1940 1678 1978 constitutus
1695 1939 1743 1979 est.
1788 1941 1889 1982 Itaque
1914 1943 1948 1972 ab
1968 1942 2006 1972 iis

1142 1972 1303 2020 constitutio
1320 1976 1369 2006 ula
1380 1979 1475 2016 prima
1491 1987 1601 2010 natnrae
1612 2002 1621 2019 ,
1651 1991 1669 2011 a
1685 1991 1744 2022 qua
1766 1988 1800 2012 tu
1819 1992 1928 2023 quoque
1942 1983 2004 2022 pri-

1141 2024 1219 2044 mum
1238 2017 1399 2053 orii'iebare,
1423 2018 1467 2048 bis
1478 2027 1565 2060 prope
1579 2023 1671 2052 verbis
1687 2027 1851 2063 exponitur.
1878 2022 2004 2054 ‘Omnis

1141 2063 1251 2102 natura
1267 2057 1333 2087 vult
1356 2057 1407 2098 effe
1422 2063 1680 2102 conservatrixsui
1701 2087 1710 2101 ‚
1742 2069 1775 2094 ut
1800 2063 1836 2098 &³
1858 2063 1945 2102 salva
1961 2063 2003 2101 fit

1141 2095 1177 2129 ξς)
1200 2106 1231 2126 in
1252 2107 1355 2138 genere
1370 2104 1552 2146 confer-uetur
1564 2104 1624 2140 suo.
1668 2105 1719 2135 Ad
1743 2105 1817 2135 banc
1834 2114 1892 2136 rem
1915 2106 2003 2146 ajunt

1140 2145 1215 2184 artes
1233 2148 1342 2180 quoque
1364 2140 1538 2182 exquisitas,
1561 2154 1623 2185 quae
1643 2151 1778 2177 naturam
1801 2147 2000 2188 adjuvarent,

1141 2188 1171 2209 in
1193 2181 1294 2219 qulbus
1314 2190 1346 2211 ea
1369 2191 1535 2214 numeretur
1552 2187 1584 2216 in
1602 2187 1724 2226 primis,
1747 2197 1806 2228 quae
1824 2186 1863 2227 eft
1878 2188 2001 2219 vivendi

1140 2229 1189 2249 ars
1205 2243 1214 2258 ‚
1237 2227 1278 2255 ,nt
1297 2227 1412 2269 tueatur
1429 2246 1439 2262 ,
1469 2227 1543 2265 quod
1561 2237 1578 2257 a
1594 2234 1701 2258 natura
1723 2230 1824 2259 clatum
1841 2228 1900 2267 fit,
1924 2229 2001 2270 quod

1140 2259 1212 2308 desit
1226 2283 1251 2308 ,Ι
1266 2264 1403 2309 adquirat
1419 2276 1428 2295 .·
1458 2266 1597 2308 iidemque
1623 2270 1784 2307 diviserunt
1800 2276 1938 2301 naturum
1952 2270 2000 2301 ho-

1141 2311 1226 2348 nunis
1239 2313 1269 2333 in
1287 2314 1416 2349 animum
1433 2305 1470 2340 ἐξ)
1490 2317 1607 2348 corpus,
1623 2320 1768 2352 quinoque
1783 2321 1878 2342 eorum
1895 2321 2000 2342 unum-

1140 2351 1272 2384 quodque
1292 2350 1387 2392 perse
1402 2352 1588 2387 expetendum
1609 2351 1660 2392 effe
1682 2352 1818 2392 clixrffent
1835 2376 1845 2391 ,
1873 2353 2000 2384 virtutes

1139 2394 1247 2425 quoque
1270 2388 1417 2428 utriusque
1439 2398 1535 2422 eorum
1553 2393 1651 2432 perse
1667 2396 1836 2434 expetendas
1857 2393 1908 2433 effe
1923 2394 1998 2424 dice·

1139 2428 1208 2456 bant
1226 2449 1235 2463 ‚
1267 2437 1354 2468 quum
1374 2431 1503 2476 (anuinium
1527 2435 1652 2473 quadarn
1671 2433 1789 2474 infinita
1812 2435 1894 2466 laude
1915 2441 1996 2465 anze-

1137 2473 1272 2514 pqnerent
1289 2476 1414 2509 corpori,
1438 2473 1560 2504 virtutes
1575 2484 1684 2516 quoque
1703 2477 1793 2506 animi
1807 2477 1885 2507 bonis
1901 2483 1996 2516 corpo·

1138 2518 1178 2556 ris
1201 2512 1418 2555 anteponebant.
1460 2513 1514 2544 Sed
1532 2525 1620 2556 quum
1635 2517 1813 2557 sapientiam
1837 2518 1926 2548 totius
1947 2518 1995 2548 ho-

1138 2559 1224 2580 minis
1248 2549 1386 2591 custodem
1403 2552 1439 2586 &²
1461 2557 1680 2591 procuratricem
1699 2556 1749 2598 effi:
1770 2558 1902 2596 vellent,
1931 2567 1995 2599 quae

1138 2590 1202 2630 effet
1217 2598 1330 2640 naturae
1346 2603 1434 2624 comes
1452 2595 1489 2630 69⁹
1506 2598 1638 2639 adjutrix
1654 2622 1663 2637 ,
1696 2598 1907 2640 hocstzpientice
1928 2609 1992 2630 rnu-

1137 2642 1194 2663 nus
1210 2632 1261 2679 eſje
1279 2636 1409 2665 (licebant
1424 2659 1433 2674 ,
1465 2643 1499 2669 ut
1514 2648 1577 2669 eum
1601 2644 1748 2678 tueretur,
1779 2641 1831 2681 qui
1854 2639 1995 2680 constaret

1136 2683 1172 2704 ex
1195 2683 1289 2723 annno
1306 2675 1342 2709 &
1358 2683 1486 2717 corpore,
1510 2681 1541 2710 in
1562 2687 1682 2722 utroque
1699 2681 1821 2723 juvaret
1844 2690 1924 2720 eum,
1947 2687 1994 2712 at·

1136 2725 1191 2756 que
1208 2723 1372 2767 contineret.
1414 2718 1511 2760 Atque
1534 2722 1578 2752 ita
1594 2732 1623 2751 re
1639 2723 1732 2762 primo
1743 2721 1912 2763 fimpliciter
1937 2722 1992 2753 col-

1136 2758 1246 2804 locata,
1271 2759 1531 2799 reliquasubtilius
1546 2763 1759 2804 persequentes,
1780 2766 1900 2805 corporis
1917 2765 1990 2795 bona

1129 2798 1250 2847 faczlem
1271 2801 1416 2840 quandam
1440 2804 1577 2834 rationem
1593 2805 1690 2835 habere
1714 2804 1879 2844 censebant,
1909 2806 1943 2836 de
1956 2815 1988 2836 a-

1135 2849 1206 2886 nznn
1221 2841 1299 2871 bonis
1321 2845 1486 2874 accuratius
1503 2847 1710 2886 exquirebant:
1734 2847 1928 2888 imprimisque
1943 2855 1989 2877 re·

1130 2883 1279 2929 periebant
1298 2882 1380 2930 ineffe
1394 2885 1424 2914 in
1441 2885 1484 2915 bis
1496 2886 1616 2927 justitz'ae
1624 2888 1738 2927 semina
1753 2911 1763 2926 ,
1790 2890 1933 2930 primique
1950 2896 1987 2918 ex

1133 2924 1262 2953 omnibus
1285 2924 1459 2971 Pbilofirphis
1477 2938 1496 2957 α
1519 2934 1627 2958 natura
1653 2930 1794 2960 tributum
1814 2929 1864 2970 effe
1888 2931 1986 2959 docue-

1132 2970 1223 3002 runt,
1246 2970 1280 2994 ut
1297 2965 1344 3003 bi,
1365 2967 1417 3014 qui
1435 2971 1578 3007 procreati
1594 2969 1695 3010 effent,
1727 2981 1744 3001 a
1759 2970 1985 3010 procreatoribus

1132 3012 1316 3052 amarentur,
1342 3006 1378 3040 65)
1393 3009 1439 3045 id,
1463 3012 1537 3049 quocl
1552 3017 1704 3051 temporum
1719 3013 1816 3043 ordine
1835 3011 1986 3051 antiquius

1132 3043 1170 3085 est
1180 3070 1188 3085 ,
1199 3053 1232 3095 ut
1242 3057 1374 3089 conjugia
1391 3049 1521 3081 virorum
1532 3052 1567 3086 ἐξ*
1576 3063 1700 3085 uxorum
1712 3059 1820 3084 natura
1829 3050 1983 3092 conjuncta

1128 3085 1339 3134 effe-dicerent,
1371 3100 1427 3130 qna
1443 3101 1479 3122 ex
1489 3090 1580 3134 stirpe
1601 3098 1746 3127 orirentur
1768 3095 1902 3125 amicitice
1919 3103 1983 3134 cog·

1127 3135 1288 3175 nationum.
1332 3131 1409 3173 Quo
1437 3143 1477 3165 ex
1502 3136 1577 3167 loco
1602 3147 1665 3168 non
1692 3144 1812 3167 tantum
1835 3137 1918 3168 clare
1937 3135 1983 3166 in-

1128 3171 1281 3216 telligitur
1298 3195 1307 3210 ,
1339 3182 1408 3213 quae
1433 3174 1529 3207 fuerit
1555 3178 1708 3210 Veterum
1729 3178 1788 3209 hac
1805 3178 1845 3208 de
1863 3187 1897 3209 re
1918 3175 1985 3209 sen·

1128 3218 1227 3243 tentia
1240 3236 1251 3253 ‚
1284 3213 1337 3246 sed
1355 3222 1507 3257 praeterea
1527 3220 1692 3252 verisimile
1715 3219 1752 3252 fit
1767 3242 1779 3259 ,
1811 3217 1984 3261 Ulpianum

1919 3269 1986 3295 ΗΘΒ
