2036 3495
180 102 245 141 148
603 94 636 128 G
669 102 690 125 E
722 102 744 124 R
778 98 799 123 A
830 99 852 123 n
886 99 909 123 D
944 98 956 122 1

181 186 221 217 de
239 194 299 226 qua
318 184 393 216 effer
411 180 594 222 cogniturus
606 203 614 216 ‚
633 179 661 210 δι
679 177 955 217 pronunciaturus.
981 175 1052 207 Pol-

181 226 295 258 licetur
317 227 411 266 igitur
438 223 556 253 Praetor
574 220 654 251 hanc
672 219 850 253 actionem,
872 216 893 248 fi
911 226 980 258 pars
1001 216 1053 247 he-

181 269 324 299 reditatis
342 272 474 305 petatur.
493 262 528 294 fit
540 270 644 292 tamen
660 259 842 297 interdum;
860 266 912 297 ut,
929 257 982 298 qui
1000 258 1054 289 he-

182 309 351 339 reditatem
378 313 479 335 totam
499 303 579 333 suam
598 301 695 340 dicit,
720 310 784 332 non
803 302 841 331 ad
860 299 979 337 totius,
1003 299 1055 331 sed

182 356 302 379 tautum
322 347 361 377 ad
379 353 491 386 partis,
516 344 707 384 petitionem
724 341 917 373 admittatur.
942 340 1009 371 fac:
1027 350 1055 371 a·

181 389 275 427 liquis
303 388 401 426 petit,
427 394 526 417 totam
545 385 757 416 hereditatem
777 383 857 414 suam
877 381 958 420 effe3
983 391 1055 422 pos-

181 428 275 461 seffor
294 429 391 466 dicit,
416 427 445 458 se
463 436 585 467 partem
603 427 738 463 cedere,
763 425 792 456 δι
809 425 849 455 de
868 433 956 464 parte
973 423 1056 454 velle

180 471 321 511 litigare:
347 469 417 510 quia
445 469 539 506 dicit,
565 467 594 498 se
615 477 674 508 pro
698 475 786 508 parte
814 466 965 496 heredem
983 463 1056 495 esse.

181 511 352 550 quaeritur,
374 521 411 542 an
427 509 462 541 [it
478 509 679 542 audiendus?
704 508 857 549 proponit
874 506 956 537 hanc
973 515 1056 543 quae-

181 552 316 584 stionem
333 552 475 592 Julianus
494 552 523 582 in
543 552 561 581 l.
572 555 599 584 8.
620 551 663 582 l).
680 551 706 580 b.
728 555 748 580 t.
776 558 845 588 quae
863 547 907 578 est
925 547 1053 586 conjun-

181 595 286 635 genda
303 603 375 625 cum
394 594 412 624 l.
430 602 479 625 21.
498 593 543 623 D.
562 595 594 622 de
608 593 662 622 reb.
679 592 753 621 cred.
780 599 852 620 cum
871 597 1003 627 utraque
1022 586 1057 618 sit

183 645 224 667 ex
235 636 362 676 ejuslib,
378 640 425 674 48.
452 633 668 673 Digestorum.
686 632 873 672 intelligitur
891 638 995 660 autem
1015 638 1055 660 ex

183 687 220 709 ea
238 677 482 718 conjunctione:
501 675 589 715 quod
606 675 635 705 in
657 673 817 714 propolim
836 671 940 712 specie
955 680 968 700 a
990 671 1054 710 qui·

182 718 316 750 busdam
334 717 604 750 fuitdubitatum:
622 725 662 746 eo
680 717 766 754 quod
783 722 911 752 recepta
924 713 992 752 jure
1003 721 1058 742 no-

182 758 247 792 stro
266 770 329 791 non
348 759 392 791 est
414 758 610 799 particularis
638 756 773 794 solutio,
800 756 901 786 invito
919 752 1057 784 credito-

183 812 234 833 re:
260 801 310 833 sed
328 810 360 832 ut
380 810 483 831 totum
501 800 655 835 debetur,
671 797 816 828 facienda
835 795 879 827 est
897 797 995 826 totius
1013 794 1057 825 so·

183 843 284 875 lutio:
308 851 419 883 parato
436 842 616 879 creditore,
642 848 742 870 totam
760 836 917 878 accipere.
943 836 1059 869 eodem

183 885 285 916 modo
297 894 361 915 non
381 891 507 914 tenetur
524 881 613 913 fundi
634 880 883 921 partemjudicio
896 876 1059 919 persequi,

185 925 239 966 qui
252 925 384 957 fundum
404 933 507 956 totum
527 923 615 954 suum
631 923 738 953 dicere
749 919 863 962 potest.
889 923 916 950 ὅ(
929 918 1000 950 sane
1019 920 1060 950 ita

185 967 231 998 est
250 968 278 998 in
296 967 315 998 l.
332 976 382 1005 41.
401 966 428 1008 §.
449 975 472 998 1.
498 965 536 996 D.
552 967 585 996 de
604 965 708 997 ulmis.
733 963 752 994 fi
771 973 806 993 ea
818 962 941 993 oblatio
959 959 1013 991 fiat
1032 969 1060 991 a·

184 1009 260 1047 lias,
285 1018 378 1049 quam
403 1017 443 1039 ex
467 1008 546 1048 julla
563 1007 651 1037 caula
667 1006 750 1046 apud
771 1005 964 1040 Praetorem,
991 1001 1060 1032 reli-

184 1049 287 1082 stente
309 1050 385 1090 juris
410 1048 601 1080 subtilitate:
626 1056 778 1078 caeterum
805 1045 901 1075 visum
919 1042 1058 1083 juliano,

184 1091 382 1129 Praetorem,
405 1091 493 1131 cujus
512 1089 652 1122 officium
672 1088 716 1119 est
732 1087 762 1118 in
779 1087 865 1127 jure,
885 1086 935 1116 ubi
952 1085 1059 1124 judici-

184 1142 239 1166 uin
264 1132 488 1170 constituitur,
514 1131 583 1163 lites
608 1130 816 1167 imminuere,
841 1127 1006 1159 humanius
1029 1135 1059 1157 in

183 1183 321 1215 utraque
347 1174 435 1206 causa
462 1173 637 1211 facturum,
660 1170 681 1203 fi
706 1170 845 1202 astorem
866 1168 1062 1208 compulerit

183 1217 222 1248 ad
238 1216 459 1256 accipiendum
479 1216 510 1246 id
534 1214 621 1254 quod
640 1212 812 1249 offeratur,
838 1212 866 1241 ἃ
882 1218 1004 1241 tantum
1022 1210 1061 1240 de

183 1258 309 1299 reliquo
329 1258 451 1298 litigare
467 1257 494 1287 d.
509 1256 528 1287 l.
544 1265 592 1288 21.
618 1255 758 1286 {imiliter
777 1253 870 1293 igitur
893 1253 922 1282 in
943 1260 1058 1291 propo-

185 1299 245 1331 fito
271 1299 542 1339 permittendum,
567 1299 689 1338 inquit,
713 1295 772 1326 erit
791 1292 953 1334 poffess'ori
972 1293 1059 1323 here-

186 1341 295 1373 ditatis
315 1365 323 1379 ‚
348 1349 469 1380 partem
497 1339 626 1380 quidem
651 1337 838 1369 hereditatis
865 1334 1060 1372 defendere,

185 1390 309 1424 partem
327 1392 405 1413 vero
421 1383 546 1413 cedere.
568 1389 627 1410 nec
640 1380 724 1410 enim
737 1377 905 1417 prohibet,
923 1376 1061 1416 aliquem

186 1432 288 1455 totam
307 1423 517 1455 hereditatem
536 1421 711 1462 poffiuere,
736 1420 763 1449 ἀ
784 1427 906 1459 partem
924 1417 1001 1448 scire
1018 1417 1060 1447 di·

186 1467 348 1497 midiatam
365 1466 403 1496 ad
416 1464 444 1495 se
456 1465 634 1504 pertinere,
651 1462 691 1493 dc
708 1461 804 1492 altera
823 1467 912 1501 parte
929 1467 1060 1490 contro-

182 1506 314 1539 versiam
334 1516 398 1537 non
416 1506 525 1536 facere
541 1505 560 1536 l.
579 1509 606 1537 8.
626 1502 667 1534 J).
688 1504 713 1534 h.
733 1509 753 1532 τ.

232 1547 331 1578 Porro
358 1548 401 1578 ait
430 1546 567 1584 Praetm,
596 1544 634 1575 Ei
657 1545 708 1586 qui
731 1553 792 1574 etim
809 1547 892 1579 luam
910 1541 961 1582 effe
977 1540 1059 1571 dicer.

183 1588 253 1622 Dat
269 1589 363 1630 igitur
382 1588 503 1620 Praetor
515 1588 595 1618 hanc
605 1586 764 1617 actionem
783 1585 810 1615 ei
828 1585 879 1625 qui
897 1581 1000 1624 potest
1018 1582 1060 1612 di-

185 1640 279 1669 cere,
297 1640 418 1671 partem
437 1638 529 1670 quam
542 1628 642 1668 petit,
660 1627 741 1658 suam
761 1626 843 1663 effe,
859 1628 890 1657 id
910 1635 987 1656 vero
1005 1633 1058 1664 po-

183 1672 245 1704 test
262 1673 390 1703 demum
409 1671 518 1703 facere
538 1670 589 1710 qui
607 1668 712 1709 potest
728 1669 883 1709 probare,
908 1675 975 1697 eam
995 1674 1061 1705 par-

186 1722 252 1746 tem
276 1713 332 1746 fibi
358 1712 420 1744 ess'e
443 1713 473 1744 &
500 1713 655 1748 delatam,
680 1711 709 1741 ἃ
726 1708 922 1749 adquffitam.
947 1709 1022 1748 quid
1042 1706 1061 1738 si

183 1757 329 1797 speretur
352 1754 444 1793 fore,
469 1761 504 1785 ut
527 1751 735 1793 adquiratur?
757 1760 821 1782 non
847 1749 950 1790 potest
975 1750 1061 1789 peti:

185 1795 259 1839 quia
284 1796 427 1828 nondum
453 1793 559 1836 potest
583 1803 651 1824 eam
678 1793 761 1823 suam
785 1792 903 1823 dicere.
930 1792 1025 1831 igitur
1041 1789 1062 1821 fi

183 1845 293 1880 petat,
310 1837 424 1869 frustra
434 1837 535 1878 petit,
551 1834 607 1867 etsi
624 1834 740 1866 deinde
755 1831 954 1872 adquisierit:
972 1831 1060 1871 quip-

182 1890 226 1922 pe
243 1889 316 1911 cum
335 1879 480 1920 placeat,
501 1878 654 1919 judicium
673 1886 737 1907 non
755 1875 842 1913 poffe
862 1873 923 1905 eise
940 1877 968 1904 in
989 1883 1064 1912 pen-

183 1921 314 1995 IdentiA.
324 1931 373 1963 35.
391 1920 430 1952 D.
451 1922 484 1951 de
495 1920 625 1961 justiciis.
645 1925 743 1959 atque
760 1916 825 1948 hoc
844 1917 946 1948 voluit
965 1914 1063 1955 Gajus

196 1987 203 1995 .
223 1973 251 1995 2.
303 1987 310 1994 .
327 1963 355 1994 b.
377 1968 397 1993 ι.

225 2004 331 2036 Datur
349 2004 444 2045 igitur
461 2013 502 2035 ex
518 2003 583 2035 hoc
607 2000 722 2033 Edicto
739 2001 823 2031 aftio
840 2000 869 2031 ei
888 2000 940 2039 qui
961 1998 1065 2038 potest

186 2046 295 2079 dicere
306 2070 315 2084 ,
331 2054 453 2086 partem
463 2054 582 2076 certam
596 2042 782 2074 hereditatis
797 2051 891 2081 quam
905 2042 1004 2081 petit,
1021 2041 1063 2071 l'u-

187 2097 239 2120 am
257 2087 329 2120 effe.
355 2087 429 2127 quid
443 2110 451 2121 ,
476 2086 496 2118 fi
513 2088 665 2118 incertam
685 2091 772 2124 petat
790 2083 939 2123 partem?
963 2082 1004 2113 fic
1022 2083 1064 2113 ait

186 2128 344 2170 Ulpianus
359 2129 378 2159 l.
400 2138 422 2160 ι.
442 2129 461 2170 §
483 2128 534 2159 ult.
555 2127 595 2158 Ι).
610 2127 637 2158 b.
654 2133 674 2156 ι.
700 2124 862 2156 Interdum
884 2124 1003 2155 Praetor
1020 2124 1064 2154 iu-

187 2180 285 2203 certae
301 2171 397 2211 partis
410 2170 595 2201 hereditatis
606 2167 797 2208 petitionem
818 2166 980 2206 indulget,
998 2166 1062 2197 ido-

185 2213 255 2244 neis
274 2211 371 2243 causis
387 2210 690 2246 intervenientibus,
717 2216 751 2239 ut
770 2216 862 2247 puta,
888 2208 931 2238 elt
951 2206 1062 2238 defun-

187 2254 228 2285 eti
246 2253 352 2285 fratris
368 2252 470 2291 filius,
492 2252 562 2283 sunt
578 2252 606 2282 ἃ
624 2260 741 2282 uxores
760 2248 984 2280 defunctorum
1004 2247 1063 2279 fra-

187 2303 273 2327 trum
300 2302 517 2336 praegnantes:
541 2302 634 2333 quarn
654 2300 775 2332 pai-tem
793 2290 898 2322 frati-is
915 2289 996 2322 filius
1013 2290 1064 2320 he-

186 2336 330 2369 reditatis
343 2337 506 2375 vindicet,
524 2334 682 2366 incertum
702 2332 764 2364 est:
781 2333 853 2373 quia
872 2340 952 2372 quot
969 2334 1061 2362 edan-

188 2385 240 2410 tur
253 2378 388 2411 fratrum
405 2377 478 2417 filii,
502 2378 658 2409 incertum
675 2374 730 2407 est.
748 2374 953 2415 aequiffimum
970 2374 1065 2414 igitur

855 2457 1209 2493 Tiristus

1014 85 1278 123 Noonr
1335 86 1541 121 Contu.

1096 175 1140 206 est
1160 200 1170 214 ,
1208 177 1339 208 incertae
1366 177 1463 216 partis
1488 173 1740 206 vindicationem
1765 172 1792 204 ei
1818 175 1966 211 concedi}

1098 217 1174 249 Non
1192 219 1346 249 audenter
1364 220 1472 256 itaque
1488 216 1623 253 dicitur,
1642 215 1837 254 ubicumque
1854 220 1969 250 mei-ito

1100 260 1169 298 quis
1186 260 1324 290 incertus
1343 258 1406 297 est,
1424 267 1518 298 quam
1536 264 1657 297 partem
1674 256 1836 295 vindicet,
1852 258 1968 292 debere

1100 301 1127 331 ei
1147 302 1276 332 ineertae
1295 301 1391 341 partis
1408 299 1659 330 vindicationem
1670 298 1816 329 concedi.
1839 306 1871 329 at
1885 301 1969 334 enim

1100 342 1130 372 in
1157 351 1259 373 rerum
1283 350 1391 372 natura
1418 350 1477 372 nec
1495 340 1547 371 hie
1567 340 1695 380 quidem
1713 339 1834 370 incerta
1850 349 1899 372 res
1915 341 1969 374 est.

1101 382 1152 413 sed
1170 383 1302 422 pulchre
1318 382 1429 414 Paulus
1447 383 1466 412 l.
1480 386 1527 416 28.
1547 381 1574 423 §.
1592 381 1645 412 ult.
1663 380 1703 411 D.
1720 381 1753 411 de
1764 381 1883 421 judiciis
1901 390 1968 422 quae

1101 424 1146 454 est
1161 433 1203 467 ex
1219 424 1266 454 lib.
1291 434 1337 464 17.
1357 424 1405 455 Ail
1425 424 1596 461 Plautium,
1621 431 1686 453 non
1704 420 1765 453 esse
1781 423 1813 453 in
1832 423 1972 463 propo-fi,-

1101 473 1135 495 to
1160 466 1343 496 intuendam
1368 474 1470 496 rerum
1491 473 1633 495 naturam
1655 465 1684 495 in
1703 472 1764 504 qua
1782 464 1889 495 omnia
1904 473 1969 496 cer,

1102 514 1155 543 [εις
1179 515 1251 537 cum
1267 505 1374 537 futura
1389 508 1500 547 utique
1517 505 1651 537 fierent:
1667 504 1718 537 sed
1735 504 1871 536 nosti-am
1885 505 1971 540 insei-

1102 548 1220 578 entiam
1230 547 1347 584 adspici
1364 547 1491 579 debere.
1515 547 1592 578 Sunt
1609 547 1704 587 igitur
1722 553 1827 587 partes
1841 546 1903 586 J'am
1923 556 1971 580 nae

1101 590 1123 619 ti
1142 588 1286 625 heredis,
1307 587 1373 619 aliis
1389 590 1570 627 nascituris,
1593 589 1731 620 incertae.
1757 587 1896 628 ideoque
1912 589 1972 628 plai-

1101 632 1167 661 cuit
1183 629 1347 668 antiquis,
1364 629 1419 669 (ut
1437 631 1553 661 eodem
1567 629 1618 661 lib.
1631 639 1676 670 17.
1697 630 1743 660 Ad
1757 628 1912 660 Plautium
1929 639 1974 661 re·
2025 639 2027 672 j

1101 671 1165 718 fei-t
1177 670 1366 716 Pauluslag.
1390 671 1431 702 D.
1443 672 1468 701 b.
1481 672 1522 711 t.)
1540 671 1590 702 vel
1609 671 1666 702 liae
1679 671 1708 702 iii
1726 670 1851 711 specie,
1871 670 1890 701 si
1907 680 1972 705 non

1101 723 1131 744 in
1149 720 1273 749 totum,
1296 719 1407 752 utique
1435 720 1589 752 quatenus
1610 712 1744 748 licebat.
1768 712 1912 744 remedio
1927 712 1973 752 ius

1101 756 1139 785 ad
1158 761 1281 784 certum
1296 755 1472 792 adducere,
1489 762 1562 785 cum
1574 753 1810 794 intelligerent,
1827 752 1889 785 esse
1908 763 1925 783 e
1942 762 1974 786 re

1101 796 1192 827 liberi
1212 795 1351 833 ventris,
1367 794 1410 825 ita
1427 794 1454 824 ei
1471 794 1671 834 prospicere,
1687 797 1767 826 utin
1785 803 1910 835 tempus
1926 804 1976 827 na.-

1103 837 1208 868 scendi
1234 836 1341 867 omnia
1363 837 1392 867 ei
1417 836 1483 875 jura
1500 836 1621 876 integra
1638 835 1892 875 reservarentur3
1916 845 1974 868 nec

1104 881 1206 910 minus
1227 886 1351 917 aequum
1365 876 1458 912 effer,
1474 878 1536 916 jam
1553 885 1659 908 natum
1671 878 1752 908 suam
1771 887 1914 917 partem,
1931 885 1976 909 et—

1103 920 1123 952 si
1147 921 1320 956 incertam,
1342 919 1469 951 interim
1495 919 1665 950 vindicare.
1689 920 1836 951 nimirum
1861 919 1978 959 placuit

1103 962 1163 994 illis
1176 985 1184 999 ,
1209 961 1342 999 perinde
1367 969 1434 991 rem
1452 960 1616 1000 accipere,
1641 969 1676 991 ac
1692 960 1712 991 fi
1729 969 1894 1001 praegnans
1911 969 1976 992 mui-

1103 1004 1161 1035 liei·
1177 1002 1253 1033 essct
1271 1001 1538 1042 parituraliberos
1556 1008 1635 1032 tres:
1651 1001 1818 1042 desumpto
1835 1001 1976 1035 remedio

1104 1046 1143 1076 ab
1163 1054 1202 1074 eo
1219 1045 1304 1083 quod
1322 1044 1494 1083 aliquando
1515 1043 1661 1074 viderent
1678 1041 1762 1081 fieri,
1781 1042 1836 1074 etsi
1854 1042 1977 1083 pollent

1105 1086 1186 1118 nasci
1206 1087 1309 1125 plures
1322 1109 1331 1123 ,
1348 1085 1443 1116 etiam
1460 1085 1637 1125 pauciores.
1662 1085 1692 1116 in
1711 1095 1751 1115 eo
1769 1086 1863 1125 igitur
1876 1085 1976 1117 incer·

1106 1138 1140 1159 to
1169 1126 1357 1167 frequentes
1383 1127 1420 1157 ad
1438 1126 1501 1157 hoc
1519 1127 1728 1158 decurrerunt
1745 1134 1975 1166 temperamem

1105 1179 1191 1207 tum,
1208 1169 1281 1199 dum
1294 1176 1391 1208 pariat
1407 1167 1537 1200 mulier:
1554 1177 1624 1199 nain
1643 1168 1713 1208 post
1723 1168 1844 1199 editum
1856 1175 1977 1208 partum

1104 1221 1167 1242 non
1188 1211 1306 1250 placuit
1322 1210 1361 1241 ad
1378 1219 1447 1241 eam
1468 1208 1537 1240 stari
1559 1207 1798 1241 definitionem:
1823 1208 1874 1240 sed
1891 1208 1978 1249 quod

1102 1253 1241 1287 faCtuin,
1266 1261 1306 1282 ex
1330 1252 1374 1281 rei
1400 1251 1534 1282 veritate
1559 1250 1711 1282 aestimari.
1737 1249 1882 1290 prorsus,
1907 1247 1978 1284 utfi

1104 1295 1211 1335 plures
1231 1292 1330 1324 essent
1348 1294 1431 1330 nati,
1449 1292 1553 1332 plures
1565 1291 1837 1324 constituerentur
1853 1298 1977 1332 partes:

1105 1337 1122 1368 si
1148 1336 1331 1375 pauciores,
1356 1342 1461 1374 partes
1483 1334 1579 1365 etiam
1597 1331 1713 1365 fierent
1732 1334 1898 1374 pauciores
1911 1333 1980 1373 jure

1105 1377 1186 1418 quasi
1204 1376 1405 1406 adcrescendi
1422 1375 1442 1405 l.
1462 1385 1490 1413 4.
1509 1375 1554 1405 D.
1574 1374 1602 1404 h.
1624 1380 1644 1405 t.

1145 1419 1292 1456 Sequitur
1317 1419 1346 1448 in
1373 1415 1508 1453 Edicto,
1533 1415 1685 1456 Adversus
1706 1425 1768 1447 eum
1790 1418 1842 1457 qui
1863 1414 1977 1455 poffitle-

1104 1470 1134 1492 re
1144 1462 1262 1491 dicetur.
1286 1457 1334 1489 Ex
1355 1458 1400 1488 his
1419 1459 1524 1488 vei-bis
1540 1466 1689 1498 apparet,
1706 1457 1788 1488 hanc
1805 1457 1978 1494 actionem,

1105 1512 1177 1533 cum
1195 1500 1228 1532 lit
1246 1510 1276 1531 m
1297 1509 1360 1530 rem
1373 1523 1382 1535 ,
1406 1500 1471 1530 dari
1487 1499 1633 1530 adversus
1650 1509 1722 1530 eum
1739 1499 1790 1539 qui
1809 1508 1867 1537 pro
1890 1498 1980 1529 here-

1104 1544 1144 1574 de
1164 1544 1212 1573 vel
1233 1551 1291 1582 pro
1318 1540 1489 1581 possessore
1515 1540 1667 1580 poffidet,
1692 1541 1743 1571 vel
1769 1540 1981 1572 hereditatem

1105 1593 1204 1616 totam
1217 1607 1226 1621 ,
1243 1582 1294 1613 vel
1304 1583 1368 1622 ejus
1380 1590 1501 1622 partem
1512 1604 1520 1619 ‚
1539 1582 1587 1612 vel
1597 1582 1645 1621 jus
1656 1605 1665 1619 ,
1683 1582 1731 1612 vel
1753 1591 1818 1612 rem
1831 1581 1980 1620 aliquam,

1105 1627 1180 1657 licet
1205 1625 1377 1655 minimam.
1409 1632 1480 1654 nam
1500 1624 1619 1663 petitor
1643 1632 1707 1653 non
1728 1632 1767 1654 cx
1791 1632 1832 1653 eo
1852 1622 1981 1654 metitur

1105 1668 1192 1706 quod
1209 1664 1359 1705 possess'or
1375 1663 1567 1704 occupavit,
1585 1664 1637 1695 sed
1654 1673 1694 1695 ex
1709 1663 1760 1695 suo
1774 1664 1868 1703 jurel.
1884 1663 1942 1705 i.§.
1954 1673 1981 1696 1-

1105 1709 1147 1740 D.
1163 1710 1189 1740 b.
1209 1714 1229 1738 ι.
1259 1708 1285 1738 ei
1315 1716 1391 1737 vero
1417 1705 1535 1745 judicis
1554 1705 1664 1737 officio
1690 1703 1789 1736 solum
1808 1704 1979 1738 restituitur

1106 1751 1188 1788 hoc,
1206 1749 1294 1790 quod
1309 1748 1500 1779 adversarius
1518 1747 1652 1788 postium
1665 1770 1674 1785 ,
1695 1754 1748 1778 aut
1766 1754 1889 1785 totum,
1905 1746 1925 1778 ii
1940 1756 1980 1778 ex

1106 1792 1165 1823 affe
1183 1790 1217 1822 fit
1230 1791 1339 1827 heres,
1356 1797 1410 1819 aut
1425 1798 1483 1829 pro
1500 1797 1588 1827 parte
1605 1798 1645 1820 ex
1656 1797 1715 1828 qua
1733 1787 1825 1819 heres
1842 1787 1978 1821 estl.10.

1104 1833 1134 1874 §.
1149 1842 1174 1864 ι.
1189 1832 1226 1863 D.
1239 1834 1360 1871 deperit.
1371 1831 1463 1861 heresi.
1488 1829 1550 1861 Sed
1570 1829 1652 1867 hoc,
1670 1830 1699 1861 ἃ
1718 1837 1890 1869 praeterea,
1907 1830 1981 1870 quid

1107 1876 1142 1906 {it
1162 1883 1219 1914 pro
1238 1873 1375 1910 herede,
1403 1881 1502 1912 prove
1527 1871 1696 1910 poffeffore
1713 1871 1890 1911 poffidere,
1915 1872 1981 1912 plu.-

1107 1917 1192 1948 ribus
1211 1913 1424 1946 demonstravi
1444 1913 1602 1953 superiore
1619 1912 1744 1944 Titulo.
1779 1911 1883 1945 Unum
1901 1913 1984 1945 adde
2035 1903 2036 1907 ¹

1106 1958 1161 1995 lis,
1180 1958 1267 1998 quod
1284 1957 1327 1986 ait
1346 1954 1500 1994 Ulpianus
1516 1956 1542 1986 d.
1559 1955 1579 1986 l.
1601 1963 1627 1986 1.
1645 1954 1672 1996 §.
1687 1964 1714 1986 2.
1732 1953 1772 1985 I).
1787 1954 1814 1985 h.
1831 1960 1851 1986 t.
1875 1955 1904 1986 δι
1920 1955 1980 1986 erit

1108 2003 1209 2036 tanti,
1236 1997 1397 2029 addidiffe.

1148 2041 1259 2072 Exitus
1277 2039 1365 2078 hujus
1383 2037 1514 2070 aetionis
1531 2037 1673 2077 quisnam
1691 2036 1745 2068 fit:
1762 2046 1801 2068 ex
1817 2035 1984 2077 superiori·

1106 2083 1164 2114 bus
1183 2083 1267 2113 ulti-0
1287 2080 1485 2121 intelligitur.
1510 2087 1645 2119 nempe,
1670 2086 1723 2116 ut,
1739 2077 1759 2109 fi
1779 2086 1904 2118 pareat,
1930 2078 1983 2109 he-

1107 2122 1273 2155 reditatem
1292 2131 1350 2162 pro
1373 2129 1460 2152 certa
1477 2129 1565 2160 parte
1581 2119 1643 2151 esse
1669 2120 1838 2159 petitoris,
1861 2129 1920 2160 pro
1945 2127 1982 2150 ea

1107 2174 1197 2206 parte
1219 2165 1284 2204 ejus
1307 2163 1369 2194 effe
1392 2163 1589 2200 declaretur,
1613 2161 1642 2193 &
1661 2161 1810 2201 jubeatur
1832 2160 1984 2202 poffeffor

1107 2207 1194 2247 quod
1213 2215 1251 2236 ex
1271 2215 1306 2236 ea
1322 2204 1367 2236 est
1382 2205 1463 2245 apud
1478 2202 1595 2242 ipsum,
1621 2204 1754 2243 petitori
1770 2212 1828 2242 pro
1848 2201 1980 2234 indiviso

1107 2249 1281 2280 restituere.
1308 2246 1342 2277 In
1359 2255 1424 2286 quo
1444 2245 1562 2284 placuit
1581 2245 1705 2285 Juliano
1720 2245 1739 2275 Ι.
1749 2253 1776 2284 7.
1792 2243 1831 2276 Ι).
1851 2244 1878 2275 b.
1893 2249 1913 2275 t.
1930 2253 1980 2281 pe-

1107 2290 1255 2321 titionem
1276 2289 1371 2327 partis
1393 2288 1580 2319 hereditatis
1605 2285 1798 2328 distinguere
1823 2286 1863 2318 ab
1887 2285 1981 2317 astio-

1107 2341 1147 2363 ne
1165 2331 1292 2363 familiae
1310 2328 1512 2361 erciscundae.

1266 2454 1314 2490 V.

788 2532 1021 2580 Depoffigfforia
1041 2533 1217 2567 hereditatis
1225 2531 1383 2578 petitione.

274 2635 317 2657 uo
333 2625 493 2666 pertineat
511 2625 565 2670 hic
580 2621 744 2671 ‘Titulusn
757 2623 896 2670 ostendit
912 2622 1068 2670 Ulpianus

263 2713 266 2714 ν
287 2666 563 2740 ὲῑέῐιέ·3ἓῂὲῃέἓ
577 2663 1068 2747 Hssssaa?i}33⁰3{22¹}ssfiftss¹ssf⁰322¹?

190 2761 297 2786 torem
316 2749 412 2781 etiam
422 2749 538 2780 habere
548 2749 703 2780 rationem
721 2758 832 2780 eoi-um
849 2748 1004 2788 quosipse
1016 2757 1068 2778 ve·
1094 2779 1097 2781 ,

191 2797 239 2828 lut
263 2791 398 2825 heredes
420 2789 516 2820 facit:
542 2789 692 2820 videlicet
717 2791 786 2821 data
810 2790 970 2821 bonorum
997 2798 1066 2828 pos-

190 2836 340 2869 sessione:
357 2840 398 2863 eo
417 2831 504 2877 quod
516 2840 579 2861 non
597 2831 702 2869 potest
718 2831 928 2862 hereditatem
941 2832 1011 2871 jure
1026 2832 1068 2861 ci-

190 2878 246 2910 vili
267 2878 342 2909 dare
360 2874 406 2905 eis
423 2874 476 2913 qui
491 2881 559 2911 Jure
581 2872 665 2902 civili
685 2882 749 2904 non
770 2872 839 2904 sunt
859 2874 1013 2905 heredes:
1037 2872 1067 2903 ὅ(

189 2927 299 2952 tamen
326 2924 423 2958 quum
445 2922 572 2953 aequum
591 2911 685 2950 esset,
709 2924 765 2946 eos
784 2924 848 2946 non
867 2914 984 2954 negligi
1000 2914 1068 2954 jure

189 2959 343 2998 naturali,
367 2955 456 2997 quod
477 2964 540 2985 non
561 2961 626 2984 erat
650 2955 785 2987 vetitum
801 2957 867 2995 Jure
883 2956 991 2993 civili,
1015 2955 1069 2986 dat

189 3003 236 3035 eis
253 3003 413 3033 bonorum
432 2995 653 3040 poss‘effionem
666 3018 674 3032 ,
697 2997 727 3026 id
750 2996 813 3033 est,
832 3004 957 3028 mutato
975 3005 1069 3027 voca-

187 3045 288 3084 bulo,
304 3041 390 3075 idem
404 3041 453 3081 jus
472 3037 560 3080 quod
577 3036 713 3067 habituri
730 3037 846 3078 etiem,
862 3038 960 3077 sijure
981 3038 1070 3070 civili

1111 2620 1246 2652 heredes
1265 2619 1374 2651 effent.
1398 2617 1451 2650 De
1468 2617 1517 2650 his
1531 2623 1643 2658 agetur
1658 2617 1713 2649 lib.
1730 2627 1780 2659 37.
1792 2617 1821 2648 ἃ
1837 2620 1887 2657 38.
1905 2616 1984 2647 inte-

1110 2663 1167 2694 rim
1184 2662 1232 2693 his
1250 2661 1411 2701 proposita
1430 2661 1480 2691 hie
1497 2669 1514 2690 a
1531 2659 1670 2691 Przetore
1686 2658 1747 2690 fuit
1764 2659 1846 2690 utilis
1866 2656 1986 2688 heredi¹

1111 2705 1184 2735 tatis
1202 2703 1339 2743 petitio:
1364 2712 1432 2742 quae
1451 2704 1482 2733 in
1501 2701 1636 2732 Rubrica
1654 2708 1787 2731 vocatur.
1808 2697 1984 2738 poffessoria

1112 2744 1297 2777 hereditatis
1318 2745 1445 2782 petitio,
1485 2742 1635 2774 Formula
1652 2742 1753 2773 Edisti
1776 2742 1902 2772 videtur
1918 2737 1983 2770 talis

1110 2786 1221 2818 fuisse:
1237 2783 1339 2816 Caiex
1356 2785 1458 2816 Edisti>
1475 2795 1533 2816 meo
1552 2786 1687 2814 bonorum
1698 2781 1820 2824 poffeffio
1831 2784 1901 2813 data
1912 2780 1982 2816 eric,

1110 2829 1170 2866 illi,
1189 2825 1218 2865 fi
1230 2837 1292 2857 eam
1308 2828 1390 2862 suam
1408 2826 1459 2866 effe
1475 2832 1571 2867 petet,
1596 2827 1733 2861 adversus
1752 2828 1846 2862 bunc,
1869 2823 1920 2864 qui
1934 2827 1983 2863 pro

1111 2871 1208 2901 herede
1228 2875 1316 2908 prove
1331 2868 1476 2909 poffeffore
1498 2865 1664 2909 poffidebz'c,
1681 2867 1827 2908 judicium
1843 2866 1930 2901 dabo,
1951 2868 1986 2893 ut

1111 2909 1291 2952 restituatur.
1336 2909 1416 2941 Haec
1435 2909 1582 2941 foi-mula.
1608 2909 1638 2940 &
1656 2909 1699 2939 ait
1716 2907 1814 2947 Gaius
1832 2906 1853 2939 l.
1872 2915 1899 2937 2.
1917 2905 1945 2935 b.
1961 2907 1984 2933 t.

1112 2962 1167 2993 pei·
1184 2952 1265 2982 hanc
1281 2951 1468 2983 hereditatis
1488 2951 1681 2991 petitionem
1700 2949 1899 2980 tantumdem
1911 2953 1986 2976 con-

1112 2994 1199 3033 sequi
1216 2993 1376 3024 bonorum
1394 2992 1601 3033 possessorem
1616 3015 1626 3030 ,
1649 2999 1802 3031 quantum
1820 2985 1986 3027 superiori·

1112 3035 1326 3068 buscivilibus
1348 3035 1531 3067 astionibus
1549 3033 1642 3066 heresi
1660 3031 1811 3072 consequi
1830 3027 1943 3068 potest.

1919 3229 1959 3262 ,Τ
1965 3238 1991 3262 1·
