2036 3495
327 114 385 152 An
409 114 498 150 Liri.
527 101 622 150 xxi.
649 93 750 148 Txr.
777 91 803 149 i.
854 91 904 149 De
922 108 1062 148 AEdllitlo
1078 99 1204 155 Eitea,
1229 109 1273 152 ἐξ
1288 110 1484 148 redhibitione
1501 86 1568 151 &a

59 207 194 240 fitentur.
234 200 303 237 Pari
320 202 421 237 r'nodo
436 205 478 236 ait
493 202 524 235 in
539 203 625 243 ²237·
645 200 688 247 D.
706 202 739 232 de
756 201 816 232 dolo
834 201 925 240 oraio,

59 250 147 291 quod
164 246 330 286 venditor,
354 254 388 278 ut
403 243 606 285 commendet
627 241 724 281 dicit,
749 241 789 288 sic
808 242 924 273 haben-

56 290 150 327 dum,
174 287 256 330 quafi
274 297 378 329 neque
391 286 529 325 dietum,
551 292 656 324 neque
673 283 857 329 promissum
876 282 922 315 sit.

56 331 202 363 Maxime
219 337 324 361 autem
344 329 470 370 placent
485 327 552 358 haec
571 324 763 370 Florentino
775 324 793 355 l.
809 334 860 365 43.
879 323 920 368 D.

57 374 92 404 de
107 370 233 403 contrah.
252 375 334 411 empt.
351 369 371 401 fi
384 378 420 400 ea
436 376 506 408 quae
520 363 763 397 commendandi
782 365 871 396 causa
890 373 921 396 111

57 411 294 444 venditionibus
319 411 482 447 dicuntur,
504 408 605 448 palam
629 414 817 451 appareant,
848 414 921 437 narn

58 462 147 492 tum,
168 452 289 494 inquit,
313 450 509 483 venditorem
533 458 595 480 non
618 448 771 489 obligant.
796 447 838 478 Et
861 456 919 492 pro

57 495 210 536 exemplo
229 493 350 524 adfert:
373 489 470 522 veluti
487 489 507 520 ss
533 489 637 527 dicat,
660 489 784 533 servum
801 488 919 529 specio-

55 535 141 575 sum,
165 537 292 568 domum
309 535 390 564 bene
415 528 611 562 aedificatam.
635 530 688 561 Sic
715 528 793 561 solet
812 532 920 560 vendi-

56 584 119 610 tor.
135 574 368 649 mangoHapui&
362 571 532 604 Horatium
541 572 628 603 liba.
645 569 738 612 Epist.
756 581 784 603 2.
802 571 876 609 vers.
887 575 918 611 3.

136 635 147 642 ·
170 636 180 642 ·
208 635 217 641 -
276 625 301 645 ΖΕ

100 659 247 691 Candidus
265 655 301 690 ὅ)
318 656 388 687 talos
406 659 425 686 a
443 653 548 685 vertice
562 653 681 694 pulcher
695 654 733 684 ad
748 653 830 684 imos.
896 674 897 679 ,

56 700 148 742 Apud
175 698 365 730 Ciceronem
390 696 438 727 lib.
464 705 495 737 3.
521 694 567 725 De
591 689 691 734 officiis
714 702 775 735 cap.
798 696 844 734 13.
861 693 923 725 tale

58 740 123 773 hoc
147 739 215 772 est:
246 738 309 782 an'
327 738 509 779 proscribunt
532 735 634 767 villam
664 737 786 773 bonam,
815 741 848 765 ut
872 729 924 774 ipsi

58 781 183 823 afferunt
194 805 202 818 ‚
219 782 339 821 beneque
348 777 517 818 aedificatam
527 799 536 816 ,
551 786 607 807 non
622 774 826 817 existimantur
834 776 922 816 sesel-

58 823 135 863 hffe,
159 820 268 859 etiarnsi
296 821 346 852 illa
368 829 419 851 nec
443 821 513 850 bona
530 841 539 857 ‚
562 827 613 848 oiec
636 817 778 858 (artificum
801 819 922 848 ratione.

58 862 165 906 Quam
181 864 224 894 ob
242 871 307 894 rem
318 862 334 894 ’ἓ
352 862 394 892 ait
410 860 543 892 Cicero:
563 858 623 890 Ubi
629 860 774 901 judicium
788 859 922 897 emptoris

59 906 119 948 est,
135 904 274 945 ibifrau‘s
286 903 444 934 venditoris
459 911 523 942 quae
538 898 626 941 potest
643 899 718 940 effe?
742 899 790 931 Ei(
806 899 922 945 eodem

88 956 181 978 enere
206 944 250 977 est
275 944 350 977 illud
378 942 491 975 Lucilii
508 942 589 983 apud
613 943 651 975 A.
668 939 810 974 Gellium
825 940 872 971 lili.
891 950 922 981 3.

71 994 73 996 ’
94 987 155 1019 soti.
172 987 266 1018 Attic.
288 996 313 1018 c.
333 994 380 1024 14.
898 1018 899 1021 ,

107 1029 190 1072 ,Quid
207 1027 263 1059 ni?
286 1026 323 1062 &²
331 1028 435 1068 Jc'ruta
445 1025 562 1067 quidem
577 1029 610 1056 ut
625 1024 733 1055 vendat
739 1023 925 1063 scrutarius,

140 1070 240 1101 laudat

99 1109 292 1150 Praefraftam
317 1106 454 1150 strigilem
470 1130 480 1148 ,
509 1106 619 1148 soleam
662 1103 802 1147 improbus
841 1105 924 1137 dimi-

143 1154 260 1183 iliatam,

68 1185 128 1226 Ita·
151 1193 172 1225 fi
188 1199 338 1234 apparent
362 1193 431 1230 quae
453 1189 491 1221 ad
513 1189 636 1221 laudem
652 1188 741 1220 dieta.
767 1188 836 1220 Imo
853 1188 883 1220 δι
902 1186 923 1219 li

65 1236 132 1267 'non
155 1233 321 1274 apparent:
346 1232 442 1263 modo
466 1230 524 1263 fint
548 1232 725 1272 generalia,
756 1239 816 1261 nec
834 1231 922 1269 plus,

91 1286 160 1308 uam
175 1274 239 1316 ipse
255 1274 407 1315 supponat
424 1280 551 1313 emptor
566 1274 604 1303 ad
628 1271 825 1315 contractum
845 1280 921 1301 con·

83 1325 177 1349 erant.
203 1314 272 1347 talia
295 1315 326 1346 in
343 1315 363 1344 l.
391 1324 436 1350 19.
454 1314 481 1344 h.
504 1319 525 1342 t.
543 1311 629 1352 sunt,
661 1312 834 1344 Hominem
860 1309 922 1343 effe

63 1359 163 1398 frugi,
184 1356 336 1398 probum,
366 1354 452 1385 dieto
475 1352 664 1385 audientem.
708 1352 835 1393 Nempe
859 1362 924 1384 cm-

61 1404 170 1440 pturiis
189 1397 309 1429 servum
326 1395 390 1436 ipse
400 1396 440 1427 de
455 1404 494 1426 eo
512 1395 560 1426 illa
580 1394 788 1435 cogitat3nec
804 1393 922 1425 idcirco

61 1449 121 1481 pro
129 1439 194 1471 hoc
202 1438 289 1479 plus,
305 1445 398 1476 quam
406 1445 463 1478 pro
474 1435 535 1468 alio
554 1436 692 1467 daturus.
722 1434 813 1474 Ultro
829 1435 923 1476 igitur

59 1491 77 1513 a
95 1479 397 1519 venditorejattata,
413 1486 485 1509 eum
503 1486 566 1508 non
577 1483 697 1507 tenent.
714 1475 789 1508 Non
799 1476 840 1507 ita
858 1476 922 1516 est3

59 1521 82 1554 si
104 1522 142 1553 ab
168 1527 310 1560 emptore
332 1518 518 1550 nominatim
542 1526 668 1558 rogatus
693 1517 858 1557 venditor,
882 1527 920 1549 an

57 1563 94 1595 fit
109 1562 175 1594 talis
192 1558 315 1598 servus,
327 1559 388 1591 effe
404 1560 497 1590 talem
514 1553 717 1597 affeveravit,
733 1558 763 1589 δ’(
779 1566 920 1599 propter-

61 1613 99 1635 ea
115 1612 186 1634 eum
203 1611 275 1633 caro
297 1601 452 1632 vendidit.
475 1607 541 1631 tum
558 1600 641 1630 enim
652 1608 691 1630 ex
707 1608 817 1639 empto
834 1608 919 1631 tene-

61 1644 106 1684 ri,
129 1643 182 1675 nisi
199 1643 292 1674 talem
309 1641 451 1682 praestet,
474 1639 627 1681 Ulpianus
651 1639 819 1673 confirmat
834 1640 852 1671 l.
873 1650 918 1682 13.

63 1685 94 1727 §.
111 1695 141 1726 3.
160 1684 202 1715 D.
214 1685 246 1714 de
255 1683 403 1722 affieinpt.
427 1680 594 1715 arbitratus
610 1681 788 1722 hujusmodi
804 1681 917 1714 ass'eve

60 1726 215 1759 rationem
226 1748 235 1764 ,
252 1723 452 1766 praecedente
471 1723 522 1755 illa
536 1723 788 1764 interrogatione
803 1723 921 1756 factam

62 1776 79 1799 a
95 1766 280 1803 venditore,
301 1767 362 1805 jam
380 1774 443 1796 non
460 1765 539 1796 intra
561 1763 675 1796 nudam
691 1765 816 1797 laudem
832 1765 920 1797 subli-

61 1804 154 1847 stere3
166 1807 216 1838 sed
226 1806 263 1838 ad
272 1806 390 1838 dietum
399 1804 623 1848 promiffumye
632 1807 793 1839 accedere.
803 1806 922 1849 Quem-

63 1848 233 1882 admodum
267 1847 288 1879 fi
318 1847 491 1888 specialiter
523 1843 638 1880 diiie'rit
652 1871 662 1885 ,
702 1847 802 1880 adesse
832 1847 923 1880 servo

60 1891 148 1932 quod
170 1899 234 1922 non
252 1888 345 1927 adlit,
375 1895 429 1920 aut
451 1888 552 1920 abeffe
579 1889 665 1929 quod
685 1888 770 1921 adlit.
793 1899 865 1921 nam
893 1889 923 1922 &

63 1939 133 1963 tum
164 1930 362 1962 venditorem
393 1929 536 1962 adversus
558 1930 675 1962 dietum
701 1930 922 1971 promiss'umve

59 1971 187 2011 facere,
220 1971 369 2013 Ulpianus
392 1971 488 2003 docet
512 1971 528 2001 l.
560 1978 606 2011 17.
631 1971 660 2013 §.
676 1972 728 2003 ult.
748 1972 787 2004 D.
803 1973 830 2004 b.
851 1977 871 2004 t.
888 1981 924 2004 ac

61 2023 103 2046 ne
119 2012 236 2045 deess'et
253 2012 436 2050 exemplum
448 2036 456 2051 ‚
472 2011 633 2043 adscribit:
650 2019 784 2053 utputa,
800 2013 821 2045 fi
838 2013 923 2045 dixe·

61 2055 102 2087 rit
117 2054 219 2086 furem
231 2063 296 2085 non
313 2053 392 2092 esse,
412 2053 441 2084 ἃ
459 2052 577 2092 furfit3
593 2054 644 2085 vel
661 2053 681 2085 si
698 2054 815 2086 dixerit
831 2053 924 2086 artifi-

61 2104 134 2127 cem
151 2094 232 2135 ess'e,
255 2094 310 2135 (ut
340 2103 456 2135 mango
481 2095 563 2134 apud
586 2094 755 2127 Horatium
780 2097 807 2127 d.
831 2097 878 2128 lib.
896 2107 925 2129 2.

63 2135 154 2176 Epist.
167 2136 217 2176 2.)
232 2136 262 2167 ἂ
278 2145 341 2167 non
359 2135 403 2167 fit.
419 2135 532 2177 ¹Simile
543 2144 708 2177 putemus,
721 2136 741 2168 fi
759 2138 827 2178 quis
842 2145 926 2169 emat

61 2177 241 2210 morionem
252 2199 261 2214 ,
277 2186 393 2217 genere
402 2179 539 2217 quodam
558 2177 694 2209 stultitiae
707 2177 925 2211 inserviturum

62 2220 128 2259 ejus
145 2217 334 2250 amoenitati:
358 2218 387 2248 δι
404 2218 449 2249 est
463 2217 568 2249 fatuus
580 2241 590 2255 ,
607 2219 657 2249 vel
676 2219 720 2250 est
740 2219 871 2259 sapiens.
891 2229 924 2251 u-

62 2267 179 2300 troque
197 2259 268 2291 casu
283 2258 327 2290 est
343 2258 460 2290 fastum
478 2259 623 2290 adversus
641 2259 672 2290 id
691 2261 777 2299 quod
793 2260 922 2292 diCtum.

60 2301 194 2333 alterum
210 2299 336 2332 obtinet
352 2298 393 2332 fic
412 2299 567 2331 Martialis
583 2301 628 2331 lib.
647 2305 674 2334 8.
693 2301 795 2342 Epigr.
816 2309 863 2343 13.

101 2341 202 2374 Morio
216 2341 311 2372 dietus
328 2348 407 2372 erat:
430 2342 541 2382 viginti
556 2342 681 2372 millibus
695 2343 757 2372 emi.

143 2383 240 2414 Redde
256 2382 326 2413 mihi
342 2391 491 2421 nummos,
513 2382 704 2423 Gargiliane:
726 2384 810 2423 sapit.
902 2418 904 2421 v

62 2424 205 2456 Alterum
221 2424 318 2456 visum
338 2422 506 2464 Ulpianol.
517 2432 546 2462 4.
557 2422 585 2465 §.
596 2434 623 2464 3.
639 2424 666 2455 l).
678 2423 748 2455 asse
759 2423 923 2458 scribenti:

63 2462 234 2506 Pomponius
256 2466 316 2501 αι’ῐς
339 2466 474 2506 quamvis
498 2474 556 2495 non
575 2466 672 2496 valide
687 2465 848 2505 sapientem
867 2466 923 2503 ser-

63 2514 134 2536 vum
156 2507 286 2537 venditor
295 2505 433 2546 proeflare
453 2506 567 2544 debeat,
591 2511 685 2537 tamen
695 2505 724 2544 fi
745 2507 787 2537 iia
797 2506 925 2546 fatuum

63 2547 111 2577 vel
125 2548 274 2577 morionem
294 2548 474 2585 vendiderit,
497 2553 530 2578 ut
556 2548 588 2577 in
613 2556 642 2578 eo
667 2547 735 2588 usias
757 2548 854 2578 nullos
864 2547 923 2586 sit,

61 2587 157 2617 videri
171 2587 286 2618 vitium.
310 2587 362 2619 Est
377 2588 471 2628 igitur
487 2587 632 2619 rationis:
656 2596 690 2619 ut
708 2590 794 2629 quod
811 2589 925 2628 specia-

62 2626 134 2659 liter
146 2626 263 2671 frixerit
278 2628 439 2668 venditor,
462 2629 492 2662 id
510 2629 643 2670 praestet.
667 2630 830 2666 nimirum,
853 2629 926 2670 quia

61 2667 127 2699 hoc
143 2667 209 2708 ipso
227 2667 321 2708 pluris
337 2671 498 2709 vendidit;
522 2679 557 2702 ut
573 2669 696 2710 optime
721 2670 925 2703 Florentinus

59 2711 90 2741 d.
106 2710 128 2741 l.
146 2719 196 2753 43.
216 2711 262 2740 J).
281 2711 314 2740 de
332 2712 746 2753 contrab.empt.exemplain
759 2711 924 2744 Gramina-

60 2749 148 2788 t'ico,
171 2758 247 2781 item
274 2750 312 2795 in·
331 2749 461 2795 Coquo:
485 2757 561 2792 quos
583 2762 712 2794 propter
730 2752 778 2784 sua
794 2753 926 2785 artificia

60 2791 202 2833 plurimo
219 2792 347 2822 vendita
365 2790 454 2823 fuiffe
467 2814 476 2830 ,
491 2792 625 2826 indicavi
634 2795 680 2828 lib.
686 2793 765 2836 fing.
778 2794 824 2826 De
831 2794 923 2834 form.

60 2833 226 2863 emendand.
245 2832 298 2863 (Iol.
318 2832 384 2863 mal.
411 2842 434 2862 c.
458 2842 487 2869 9.
507 2833 623 2874 Plane,
642 2835 663 2867 fi
684 2837 753 2877 quis
770 2835 924 2867 artificem

59 2872 240 2914 promiserit
271 2873 323 2905 vel
351 2872 484 2912 dixerit,
515 2874 580 2907 non'
609 2876 720 2917 utique
748 2876 928 2918 perfeetum*

59 2924 133 2946 eum
151 2914 294 2955 praestare
304 2913 480 2953 debet,sed
497 2917 533 2947 ad
550 2916 685 2958 aliquem
702 2918 831 2950 modum
846 2917 927 2958 peri-

57 2962 127 2988 tum
144 2978 154 2994 ,
178 2964 211 2987 nt
233 2964 338 2996 neque
361 2955 585 2988 consummatae
612 2957 748 2990 scientiae
771 2959 929 2999 accipias,

60 3006 167 3038 neque
190 2996 290 3028 rursus
306 2996 487 3035 indoctum,
511 2997 720 3031 inartificiuin.
745 3000 856 3032 sufficit
873 2999 927 3041 igi·

59 3039 130 3081 tur,
152 3038 248 3069 talem
267 3036 348 3083 esse,
373 3038 481 3082 quales
500 3039 594 3080 vulgo
612 3040 749 3072 artifices
764 3041 926 3074 dicuntur.

57 3078 115 3112 nifi
134 3081 292 3119 optimum
308 3079 439 3111 dixerit:
464 3087 528 3111 tum
551 3081 633 3113 enim
651 3081 807 3123 optimum
834 3082 864 3114 in
882 3092 922 3114 eo

57 3117 192 3163 artificio
216 3119 360 3165 praestare
382 3120 490 3152 debet.
515 3120 661 3163 idemque
684 3123 714 3154 in
731 3123 845 3154 ceteris
863 3123 926 3164 pla·

57 3160 242 3205 cet,fiquid
257 3161 375 3193 dictum
393 3169 444 3193 aut
462 3162 715 3202 promiffumlita
732 3163 923 3204 venditore,

57 3213 124 3238 nou
138 3211 243 3244 amare
258 3200 449 3246 exigendum
459 3202 520 3237 effe
528 3204 548 3237 l.
561 3207 608 3240 18.
612 3208 661 3246 pr.
672 3204 701 3247 §.
717 3214 742 3238 1.
761 3204 837 3243 &⁹2-
855 3205 882 3240 h:
898 3211 919 3240 t.

1773 120 1846 164 357

968 233 970 235 ,
1008 199 1120 232 Tertia
1137 199 1226 231 causa
1242 210 1281 232 ex
1298 210 1359 241 qua
1371 191 1493 234 &dues
1509 201 1698 240 permittunt
1715 200 1783 242 agi,
1806 197 1838 233 ini

967 240 1033 272 hoc
1049 241 1164 273 Edicto
1180 241 1245 280 est3
1269 241 1380 283 liquid
1396 253 1432 273 ea
1457 243 1529 284 lege
1551 241 1703 286 venierit,
1729 249 1763 273 ut
1779 241 1836 279 nili,

963 283 1138 326 placuerit,
1162 282 1373 315 redhibeatur.
1397 294 1433 316 ea
1448 283 1538 315 causa
1555 285 1586 316 in
1605 283 1718 315 Edicto
1734 283 1775 314 [ic
1790 283 1836 314 elh

965 332 1123 364 concepta
1141 332 1148 354 :
1163 355 1165 359 ,
1186 325 1219 355 ,52¹
1255 326 1325 364 quid
1357 326 1400 356 ica
1433 326 1555 356 venierit
1571 336 1581 361 ;
1598 356 1600 359 ,
1619 332 1651 356 ut
1668 324 1724 363 rzifi
1732 325 1835 366 placu-

963 366 1018 395 erit
1042 365 1243 403 redhibeatur,
1267 366 1348 395 inira
1366 365 1526 406 se.⁷'caginia
1551 363 1631 404 dies',
1654 376 1711 405 riori
1733 367 1832 403 ultra,

963 404 1019 443 mfi
1033 406 1119 441 caula
1136 406 1271 446 cognita,
1281 405 1426 446 judicium
1442 408 1580 437 dabimus.
1600 407 1678 448 Haec
1695 406 1834 440 clausula

963 445 1056 477 alicui
1074 446 1266 486 supervacua
1285 445 1382 478 videri
1393 447 1505 486 poffit:
1522 448 1686 487 postquam
1697 448 1836 490 placuit,

963 486 1050 528 paCta
1069 495 1250 525 conventa,
1274 487 1304 517 in
1319 487 1499 519 continenti
1517 490 1635 528 adjecta
1656 488 1837 529 contraCtui

963 529 1055 559 bonae
1066 528 1158 567 fidei,
1182 527 1226 573 illi
1236 527 1344 568 incffe,
1360 529 1468 560 livead
1478 529 1731 571 adstringendum
1744 528 1838 569 eum‘,

964 569 1029 601 sive
1055 570 1093 600 ad
1117 568 1372 608 distrahendum,
1402 570 1577 611 speetantt¹⁴
1595 578 1627 603 ut
1661 575 1837 612 probatum

964 611 1012 642 lib.
1025 609 1103 652 fing.
1124 611 1174 642 Ad
1189 609 1286 642 Edi&
1306 612 1339 641 tle
1348 608 1428 652 ραὲἶ.
1450 611 1486 646 ἑά)
1503 611 1640 643 trama&
1656 623 1680 644 c.
1697 621 1748 644 xl.
1771 611 1835 645 Sed

965 652 1149 691 videamus,
1173 661 1212 683 ne
1231 650 1378 691 ,AEdiles‚
1401 649 1638 692 animadverlo,
1663 654 1762 694 empti
1780 663 1834 685 ac-

965 693 1106 725 fflonem
1123 703 1186 724 non
1207 692 1362 733 praefinito
1378 693 1409 725 in
1426 689 1649 732 contrahendo
1665 693 1836 734 tempore,

962 735 1032 776 jure
1050 733 1136 766 civili
1146 734 1205 766 csse
1216 736 1423 776 perpetuam,
1435 734 1590 776 aequitatis
1599 735 1660 767 ess'e
1676 736 1837 778 putarint,

965 785 1007 807 ex
1041 775 1222 817 hujusmodi
1246 776 1338 817 paCto
1362 781 1428 809 rein
1460 786 1524 808 non
1550 776 1680 818 perinde
1704 774 1836 815 haberi,

965 816 1050 856 quasi
1070 816 1208 857 emptori
1221 817 1269 857 jus
1295 815 1389 857 ciret,
1415 828 1483 850 eam
1507 818 1629 859 semper
1652 817 1833 851 redhiberi:

965 857 1105 898 ideoque
1128 858 1158 889 in
1186 855 1307 889 Editio
1333 858 1579 900 praescripserint
1603 866 1728 901 tempus
1751 859 1835 890 intra

967 899 1052 940 quod
1078 908 1115 930 ea
1133 922 1142 935 ,
1172 897 1192 929 fi
1225 898 1429 939 displiceret,
1447 899 1622 932 redhiberi
1642 900 1751 943 poffet.
1782 899 1837 932 Sic

966 949 1096 980 apparet
1119 939 1221 971 Edisti
1246 940 1369 972 utilitas.
1384 941 1475 974 ¹Rem
1500 941 1611 982 tradit,
1634 942 1838 984 exponitque

967 983 1119 1021 Ulpianus
1135 981 1154 1012 l.
1171 990 1222 1022 31·
1238 980 1266 1022 §.
1285 991 1333 1013 22.
1351 981 1388 1016 ὅ*
1407 992 1454 1024 23.
1473 983 1501 1014 b.
1517 989 1539 1015 ε.
1712 1013 1715 1016 ⁴
1759 1004 1773 1020 a

1008 1022 1130 1066 Quarta
1147 1024 1259 1062 agendi
1278 1023 1366 1054 causa
1381 1034 1422 1056 ex
1439 1023 1553 1056 Edicto
1570 1025 1718 1057 AEdllium
1736 1023 1798 1056 est:
1814 1024 1836 1056 ii

969 1065 1009 1096 de
1034 1064 1118 1095 vitiis
1141 1064 1359 1103 morbisve&
1386 1064 1509 1097 caeteris
1535 1075 1605 1107 quae
1626 1066 1741 1098 Edicto
1766 1064 1839 1097 sunt

967 1105 1214 1146 comprehensa,
1239 1104 1376 1146 emptori
1396 1107 1563 1148 postulanti
1588 1117 1654 1139 non
1672 1107 1707 1139 s1t
1723 1116 1741 1142 a
1759 1115 1839 1145 ven-

966 1147 1069 1179 ditore
1085 1153 1221 1178 cautum.
1244 1145 1290 1177 Ea
1306 1145 1393 1178 causa
1409 1148 1593 1181 continetur
1603 1149 1755 1189 sequente
1766 1147 1846 1179 Edi-

966 1190 1005 1220 eti
1030 1187 1180 1220 clausula:
1214 1187 1286 1219 Item
1307 1190 1338 1219 in
1370 1189 1444 1220 hisce
1465 1188 1556 1228 causis
1581 1192 1756 1231 mancipium
1777 1197 1837 1220 rium

965 1231 1033 1270 effe,
1058 1229 1094 1264 δέ’
1109 1230 1209 1260 habere
1226 1230 1306 1260 licere
1322 1230 1353 1260 in
1371 1231 1493 1270 duplum
1509 1232 1646 1271 emptori,
1663 1231 1692 1269 st
1704 1230 1834 1272 postula-

965 1273 1024 1310 hit,
1038 1278 1174 1343 ljcaverito.
1195 1269 1289 1302 Hanc
1304 1270 1472 1303 clausulam
1491 1271 1616 1314 attingit
1633 1271 1731 1313 Gajus
1745 1273 1766 1304 l.
1783 1275 1836 1307 28.

968 1314 1016 1344 D.
1059 1337 1065 1342 .
1085 1319 1118 1343 t.-
1526 1342 1528 1345 ⁴
1626 1337 1628 1339 v
1709 1345 1711 1348 ,
1828 1347 1834 1351 ,

969 1372 972 1385 -,
1006 1353 1162 1395 Expositis
1180 1353 1277 1385 caulis
1301 1363 1342 1385 ex
1362 1353 1476 1393 quibus
1499 1352 1731 1394 promittuntur
1752 1355 1840 1386 AEdi-

966 1393 1037 1425 litiae
1054 1394 1215 1433 actiones,
1240 1404 1323 1426 nunc
1339 1405 1397 1435 age
1412 1395 1490 1435 ipsas
1506 1394 1748 1437 confideremus.
1770 1395 1834 1427 Ru-

967 1436 1052 1467 brica
1075 1436 1151 1467 duas
1175 1435 1317 1476 attingit:
1342 1445 1401 1466 una
1421 1436 1466 1467 est
1489 1436 1712 1475 redhibitoria,
1737 1437 1836 1469 altera

967 1485 1086 1518 quanto
1103 1477 1239 1509 minoris.
1255 1476 1299 1509 est
1318 1484 1420 1508 tunen
1441 1477 1471 1508 δι
1487 1478 1578 1519 tertia
1594 1476 1705 1517 influe
1718 1476 1834 1518 ¹EdiCti

965 1525 1033 1558 quae
1050 1521 1079 1549 in
1098 1518 1214 1549 factam
1232 1518 1416 1559 appellatur.
1434 1517 1559 1549 Initium
1574 1518 1688 1550 sumam
1708 1519 1747 1549 ab
1759 1519 1836 1551 affſs

965 1570 1028 1590 one
1046 1559 1267 1597 redhibitoria,
1292 1558 1333 1590 sic
1350 1559 1504 1600 appellata
1517 1568 1533 1590 a
1550 1559 1613 1591 fine
1630 1559 1668 1590 ad
1684 1568 1780 1599 quein
1797 1561 1832 1594 in

965 1600 1079 1632 Edicto
1096 1599 1325 1642 propositaest,
1342 1601 1374 1636 xis
1400 1598 1469 1632 finis
1482 1600 1538 1635 ¹est
1554 1600 1741 1641 redhibiti03
1767 1608 1835 1634 em·

963 1649 1057 1683 ptore
1077 1642 1208 1673 volente
1224 1642 1263 1672 ab
1275 1641 1438 1683 emptione
1455 1641 1604 1682 mancipii
1622 1640 1772 1679 recedere
1789 1653 1835 1677 ex

963 1683 1059 1715 caulis
1080 1682 1168 1723 supra
1186 1682 1318 1724 scriptis.
1344 1680 1420 1714 Inde
1436 1682 1670 1723 quaerentibus,
1696 1684 1747 1715 cui
1763 1683 1835 1718 haec

964 1727 1055 1757 detur
1070 1724 1169 1756 astro:
1192 1723 1237 1756 est
1255 1724 1284 1755 in
1304 1732 1456 1765 promptu
1474 1722 1654 1764 responfio,
1677 1725 1741 1757 dari
1759 1733 1837 1767 emp-

964 1767 1037 1805 tori,
1062 1769 1141 1808 eique
1156 1766 1194 1797 ad
1211 1775 1293 1807 quem
1308 1775 1341 1796 ea
1355 1775 1399 1796 res
1413 1768 1548 1806 pertinet.
1571 1765 1613 1798 fic
1630 1767 1715 1801 enim
1734 1766 1839 1808 loqui-

966 1815 1017 1839 tur
1038 1806 1195 1839 Edictum.
1226 1808 1410 1847 Emptorem
1435 1816 1542 1838 autem
1569 1807 1717 1849 Ulpianus
1739 1808 1763 1839 l..
1784 1818 1835 1846 19.

965 1848 994 1891 §.
1009 1858 1039 1889 5.
1058 1848 1099 1881 D.
1117 1850 1144 1880 h.
1164 1854 1185 1880 t.
1202 1848 1318 1889 accipit
1335 1858 1408 1880 eum
1425 1849 1478 1889 qui
1504 1848 1609 1889 pretio
1634 1849 1722 1881 emit.
1747 1846 1798 1882 sed
1813 1846 1838 1884 si

966 1899 1038 1931 quis
1070 1891 1318 1931 permutaverit;
1350 1898 1457 1930 putat,
1489 1898 1660 1930 utrumque
1681 1891 1838 1933 emptoris

966 1933 997 1963 <Sc
1021 1931 1194 1962 venditoris
1222 1932 1296 1963 loco
1321 1930 1449 1970 haberi,
1474 1931 1503 1963 &
1528 1939 1697 1972 utrumque
1714 1942 1753 1963 ex
1769 1932 1838 1966 hoo

965 1972 1078 2004 Edicto
1088 1971 1234 2014 experiri.
1252 1971 1280 2003 Is
1292 1982 1385 2014 porro
1395 1973 1433 2004 ad
1444 1981 1538 2012 quem
1557 1982 1593 2004 ea
1609 1982 1658 2004 res
1673 1973 1837 2014 pertinetfi

965 2013 1102 2055 Ulpiano
1120 2014 1184 2052 est,
1209 2013 1363 2045 succeffor
1379 2013 1514 2045 univerfi
1527 2014 1623 2055 juris:
1645 2013 1678 2053 id
1695 2013 1756 2055 est,
1780 2015 1840 2048 he·

969 2065 1018 2087 res
1032 2055 1218 2086 defunctum
1236 2064 1291 2096 per
1305 2056 1410 2086 omnia
1426 2056 1659 2096 repraesentans.
1826 2083 1834 2099 ἦ

1010 2094 1087 2128 Non
1118 2097 1216 2136 major
1241 2095 1302 2127 erit
1327 2096 1534 2136 deliberatio,
1565 2096 1713 2128 adversus
1737 2104 1837 2139 quern

968 2137 1019 2168 illa
1034 2137 1126 2169 detur
1142 2138 1242 2176 actim
1267 2136 1421 2170 AEdilibus
1440 2147 1510 2169 earn
1533 2138 1759 2178 pollicentibus
1781 2142 1843 2179 adr

968 2179 1068 2218 versus
1083 2188 1145 2210 eum
1161 2180 1212 2220 qni
1227 2180 1380 2218 vendidit,
1402 2188 1502 2210 eumve
1516 2180 1601 2221 cujus
1623 2182 1751 2212 maxima
1763 2188 1837 2222 pars

967 2221 999 2250 in
1013 2229 1045 2250 ea
1061 2221 1227 2251 venditione
1242 2220 1320 2260 fuit.
1343 2222 1479 2261 primum
1496 2221 1600 2260 ajunt.
1623 2220 1652 2253 se
1669 2221 1733 2253 hoc
1752 2222 1843 2264 J'udi-

966 2261 1048 2291 cium
1065 2260 1140 2292 dare
1155 2260 1302 2293 adversus
1317 2270 1389 2294 eum
1406 2262 1458 2301 qui
1487 2261 1648 2294 vendidit:
1671 2260 1842 2299 manifesta'

966 2303 1105 2340 ratione,
1136 2300 1157 2333 si
1184 2301 1246 2342 ipse
1270 2301 1490 2334 conveniatur.
1523 2302 1575 2334 sed
1598 2302 1670 2343 fac,
1705 2303 1835 2339 servuni

968 2343 1019 2374 vel
1036 2341 1270 2375 filiumfamilias
1292 2342 1353 2374 effe
1369 2345 1421 2383 qui
1443 2342 1605 2376 vendidit:
1627 2353 1665 2376 an
1685 2344 1715 2377 in
1731 2345 1842 2380 domi..

966 2392 1040 2414 num
1060 2384 1111 2414 vel
1128 2392 1250 2425 patrem
1260 2384 1414 2425 competit
1422 2383 1564 2416 AEdilitia
1579 2384 1687 2418 aetio?
1701 2388 1836 2428 quaestio

967 2425 1102 2455 vertitur
1123 2434 1129 2456 ;
1163 2425 1249 2465 quod
1281 2425 1326 2456 est
1360 2425 1495 2466 poenalis
1525 2426 1555 2457 in
1586 2426 1728 2468 duplum.
1757 2427 1840 2462 inde

966 2472 1080 2506 mango
1097 2466 1179 2506 apud
1199 2465 1367 2497 Horatium
1396 2466 1443 2497 lib.
1465 2476 1492 2498 2.
1520 2466 1613 2508 Epist.
1637 2478 1668 2500 2.
1693 2468 1837 2513 excepto

967 2508 1155 2538 nominatim
1180 2507 1280 2546 vitio,
1306 2514 1395 2547 poenae
1412 2507 1540 2550 securus·⁴
1560 2509 1691 2549 dicitur,
1713 2507 1744 2543 id
1767 2512 1840 2552 est,

968 2546 1094 2578 securus
1110 2547 1242 2592 aetionis
1259 2548 1474 2580 redhibitoriae
1492 2550 1636 2592 poenalis.
1659 2550 1721 2584 Sed
1744 2553 1836 2586 litem

968 2588 1099 2628 expedit
1124 2587 1278 2629 Ulpianus
1302 2590 1321 2621 l.
1349 2596 1397 2630 23.
1419 2587 1446 2631 §.
1463 2601 1493 2630 4.
1508 2591 1535 2623 h.
1553 2598 1573 2623 z.
1591 2592 1638 2625 his
1658 2594 1778 2627 verbis:
1801 2595 1839 2627 ,92

959 2631 1066 2670 servus
1073 2628 1115 2667 sit
1131 2631 1184 2671 qui
1204 2631 1336 2662 vendidit
1357 2631 1403 2662 vel
1413 2631 1626 2672 filiusfamilias
1641 2634 1673 2665 in
1687 2634 1838 2667 dominum

968 2672 1015 2701 vel
1027 2678 1140 2711 patrem
1156 2672 1189 2702 de
1205 2673 1312 2714 peculio
1333 2672 1474 2712 AEililz‘tia,
1487 2672 1559 2705 α’έῖἰο
1575 2678 1715 2716 competit.
1731 2685 1836 2716 quam·

968 2714 1014 2743 vis
1029 2713 1105 2744 enim
1116 2713 1411 2756 poenalervz‘deantur
1419 2713 1561 2753 ustiones,
1584 2721 1679 2748 tamen
1698 2717 1835 2757 quoniam

968 2763 1004 2785 ex
1024 2753 1172 2784 commista
1188 2755 1335 2795 veniunt,
1354 2750 1504 2789 dicendum
1527 2751 1585 2797 est,
1607 2766 1700 2788 eorum
1717 2765 1836 2798 *quoque

968 2798 1081 2825 nomine
1097 2795 1150 2835 qui
1166 2797 1196 2828 in
1213 2796 1308 2829 aliena
1325 2795 1460 2838 potestate
1474 2797 1568 2837 sunt,
1590 2802 1747 2835 competere.
1763 2805 1842 2838 pro-

968 2837 1034 2866 inde
1050 2834 1124 2872 &fi
1139 2835 1343 2876 filiafamilias,
1366 2837 1413 2871 vel
1438 2839 1545 2870 ancilla
1569 2836 1722 2879 distraxit,
1752 2848 1776 2868 ιε
1797 2847 1845 2879 αιΔ

969 2878 1119 2908 dicendum
1139 2876 1197 2917 est,
1221 2878 1344 2910 ustiones
1357 2877 1509 2911 AEdilitias
1525 2880 1615 2910 locum
1629 2878 1738 2909 habere.
1768 2847 1835 2912 ged

970 2917 1051 2949 aetio
1073 2916 1297 2960 redhibitoria,
1327 2927 1362 2952 ut
1387 2920 1537 2958 vidimus,
1570 2928 1610 2950 cx
1634 2918 1702 2962 hoc⁸
1719 2919 1834 2952 Edicto

970 2959 1156 3000 proponitur
1171 2970 1236 2993 non
1259 2969 1377 2993 tantum
1403 2960 1548 2993 adversus
1563 2968 1634 2991 eum
1651 2968 1704 2999 qui
1723 2961 1843 2999 vendir

974 3000 1040 3040 dit,
1063 2999 1113 3032 sed
1131 3001 1226 3034 etiam
1241 3004 1378 3044 adversus
1394 3012 1457 3034 eum
1473 3001 1556 3040 cujus
1574 3001 1702 3031 maxima
1713 3003 1836 3041 partin

969 3042 1133 3074 venditione
1141 3043 1249 3083 fuerit.
1265 3047 1334 3087 quia
1353 3045 1408 3084 (ut
1423 3042 1460 3073 ad
1477 3041 1546 3071 haec
1561 3041 1658 3072 verba
1674 3049 1765 3074 notat
1779 3042 1839 3076 Ui-

968 3082 1075 3124 pianus
1099 3084 1119 3115 l.
1140 3089 1191 3125 44.
1214 3085 1244 3128 §.
1270 3092 1297 3118 1.
1314 3088 1342 3116 b.
1361 3085 1405 3123 t.)
1418 3082 1583 3122 plerumque
1596 3082 1777 3115 venalitiarii
1791 3088 1835 3118 ita

966 3125 1126 3162 societatem
1148 3127 1269 3166 ooe‘unt,
1292 3132 1325 3157 αι
1339 3123 1480 3164 quidquid
1501 3129 1614 3161 agunt,
1638 3123 1670 3154 in
1685 3133 1834 3158 commune

966 3166 1123 3197 videantur
1138 3177 1232 3210 agere.
1256 3172 1378 3210 aequum·
1393 3165 1469 3195 enim
1491 3162 1640 3210 AEdilz'hus
1664 3163 1760 3205 vistim
1773 3166 1837 3208 est,

963 3206 1012 3240 vel
1025 3208 1057 3239 in
1084 3217 1180 3241 unum
1202 3218 1238 3241 ex
1262 3208 1305 3241 his
1328 3214 1413 3247 cujus
1436 3213 1529 3247 major
1546 3210 1619 3247 pars
1634 3213 1687 3241 aut
1703 3207 1736 3239 in'
1750 3208 1835 3248 nullaj

1056 3247 1108 3289 Y&
1135 3259 1155 3291 3
1751 3253 1833 3291 parre
