<?xml version="1.0" encoding="UTF-8"?>
<!DOCTYPE html PUBLIC "-//W3C//DTD XHTML 1.0 Transitional//EN"
    "http://www.w3.org/TR/xhtml1/DTD/xhtml1-transitional.dtd">
<html xmlns="http://www.w3.org/1999/xhtml" xml:lang="en" lang="en">
 <head>
  <title>
</title>
<meta http-equiv="Content-Type" content="text/html;charset=utf-8" />
  <meta name='ocr-system' content='tesseract 3.04.00' />
  <meta name='ocr-capabilities' content='ocr_page ocr_carea ocr_par ocr_line ocrx_word'/>
</head>
<body>
  <div class='ocr_page' id='page_1' title='image "./gerardinoodtnovi00nood_0128.png"; bbox 0 0 2052 3487; ppageno 0'>
   <div class='ocr_carea' id='block_1_1' title="bbox 194 178 1076 1947">
    <p class='ocr_par' dir='ltr' id='par_1_1' title="bbox 207 178 270 205">
     <span class='ocr_line' id='line_1_1' title="bbox 207 178 270 205; baseline -0.032 -1"><span class='ocrx_word' id='word_1_1' title='bbox 207 178 270 205; x_wconf 80' lang='lat'>102</span> 
     </span>
    </p>

    <p class='ocr_par' dir='ltr' id='par_1_2' title="bbox 205 247 1069 452">
     <span class='ocr_line' id='line_1_2' title="bbox 205 247 1069 298; baseline -0.009 -10"><span class='ocrx_word' id='word_1_2' title='bbox 205 257 232 288; x_wconf 73' lang='lat' dir='ltr'>ci.</span> <span class='ocrx_word' id='word_1_3' title='bbox 256 256 275 288; x_wconf 81' lang='lat' dir='ltr'>l.</span> <span class='ocrx_word' id='word_1_4' title='bbox 289 266 318 297; x_wconf 86' lang='lat'>4.</span> <span class='ocrx_word' id='word_1_5' title='bbox 343 256 372 298; x_wconf 82' lang='lat'>§.</span> <span class='ocrx_word' id='word_1_6' title='bbox 391 265 420 295; x_wconf 74' lang='grc'>4.</span> <span class='ocrx_word' id='word_1_7' title='bbox 446 253 639 291; x_wconf 84' lang='lat' dir='ltr'>ubicumque</span> <span class='ocrx_word' id='word_1_8' title='bbox 665 254 772 282; x_wconf 86' lang='lat' dir='ltr'>autem</span> <span class='ocrx_word' id='word_1_9' title='bbox 804 247 902 280; x_wconf 82' lang='lat' dir='ltr'>causae</span> <span class='ocrx_word' id='word_1_10' title='bbox 925 247 1069 289; x_wconf 84' lang='lat' dir='ltr'>cognitio</span> 
     </span>
     <span class='ocr_line' id='line_1_3' title="bbox 206 289 1069 336; baseline -0.008 -7"><span class='ocrx_word' id='word_1_11' title='bbox 206 298 360 336; x_wconf 84' lang='lat' dir='ltr'>vertitur,</span> <span class='ocrx_word' id='word_1_12' title='bbox 392 297 434 327; x_wconf 91' lang='lat' dir='ltr'>ibi</span> <span class='ocrx_word' id='word_1_13' title='bbox 460 297 519 335; x_wconf 89' lang='lat' dir='ltr'>(ut</span> <span class='ocrx_word' id='word_1_14' title='bbox 538 292 651 324; x_wconf 86' lang='lat' dir='ltr'>Paulus</span> <span class='ocrx_word' id='word_1_15' title='bbox 674 291 716 321; x_wconf 88' lang='lat' dir='ltr'>ait</span> <span class='ocrx_word' id='word_1_16' title='bbox 737 291 766 322; x_wconf 84' lang='lat' dir='ltr'>d.</span> <span class='ocrx_word' id='word_1_17' title='bbox 789 290 807 321; x_wconf 84' lang='lat' dir='ltr'>l.</span> <span class='ocrx_word' id='word_1_18' title='bbox 829 289 924 330; x_wconf 78' lang='lat'>105.)</span> <span class='ocrx_word' id='word_1_19' title='bbox 949 290 1069 322; x_wconf 85' lang='lat' dir='ltr'>Praetor</span> 
     </span>
     <span class='ocr_line' id='line_1_4' title="bbox 207 330 1067 379; baseline -0.009 -9"><span class='ocrx_word' id='word_1_20' title='bbox 207 340 336 379; x_wconf 88' lang='lat' dir='ltr'>quidem</span> <span class='ocrx_word' id='word_1_21' title='bbox 355 336 567 368; x_wconf 83' lang='lat' dir='ltr'>desideratur:</span> <span class='ocrx_word' id='word_1_22' title='bbox 599 331 651 363; x_wconf 87' lang='lat' dir='ltr'>sed</span> <span class='ocrx_word' id='word_1_23' title='bbox 669 330 870 373; x_wconf 72' lang='lat' dir='ltr'>Magistratus</span> <span class='ocrx_word' id='word_1_24' title='bbox 893 332 1067 373; x_wconf 85' lang='lat' dir='ltr'>municipa-</span> 
     </span>
     <span class='ocr_line' id='line_1_5' title="bbox 205 371 1066 415; baseline -0.008 -4"><span class='ocrx_word' id='word_1_25' title='bbox 205 380 244 411; x_wconf 91' lang='lat' dir='ltr'>lis</span> <span class='ocrx_word' id='word_1_26' title='bbox 261 389 326 411; x_wconf 91' lang='lat' dir='ltr'>non</span> <span class='ocrx_word' id='word_1_27' title='bbox 340 377 451 409; x_wconf 77' lang='lat' dir='ltr'>sufficit</span> <span class='ocrx_word' id='word_1_28' title='bbox 468 380 496 408; x_wconf 81' lang='lat' dir='ltr'>d.</span> <span class='ocrx_word' id='word_1_29' title='bbox 520 375 538 406; x_wconf 89' lang='lat' dir='ltr'>l.</span> <span class='ocrx_word' id='word_1_30' title='bbox 556 384 585 414; x_wconf 91' lang='lat'>4.</span> <span class='ocrx_word' id='word_1_31' title='bbox 609 373 638 415; x_wconf 86' lang='lat'>§.</span> <span class='ocrx_word' id='word_1_32' title='bbox 653 383 680 413; x_wconf 86' lang='lat'>4.</span> <span class='ocrx_word' id='word_1_33' title='bbox 707 382 743 404; x_wconf 84' lang='lat' dir='ltr'>ut</span> <span class='ocrx_word' id='word_1_34' title='bbox 758 373 820 413; x_wconf 80' lang='lat' dir='ltr'>jum</span> <span class='ocrx_word' id='word_1_35' title='bbox 839 371 962 404; x_wconf 85' lang='lat' dir='ltr'>ostendi</span> <span class='ocrx_word' id='word_1_36' title='bbox 978 373 1025 404; x_wconf 83' lang='lat' dir='ltr'>lib.</span> <span class='ocrx_word' id='word_1_37' title='bbox 1042 383 1066 404; x_wconf 91' lang='lat'>1.</span> 
     </span>
     <span class='ocr_line' id='line_1_6' title="bbox 205 431 314 452; baseline -0.018 0"><span class='ocrx_word' id='word_1_38' title='bbox 205 431 266 452; x_wconf 84' lang='lat' dir='ltr'>ca.</span> <span class='ocrx_word' id='word_1_39' title='bbox 308 443 314 450; x_wconf 88' lang='lat'>.</span> 
     </span>
    </p>

    <p class='ocr_par' dir='ltr' id='par_1_3' title="bbox 194 427 1076 1947">
     <span class='ocr_line' id='line_1_7' title="bbox 196 427 1069 501; baseline -0.006 -9"><span class='ocrx_word' id='word_1_40' title='bbox 196 470 198 473; x_wconf 89' lang='lat'>·</span> <span class='ocrx_word' id='word_1_41' title='bbox 235 427 343 501; x_wconf 39' lang='lat' dir='ltr'>igliur</span> <span class='ocrx_word' id='word_1_42' title='bbox 360 456 520 496; x_wconf 84' lang='lat' dir='ltr'>universa,</span> <span class='ocrx_word' id='word_1_43' title='bbox 545 464 598 488; x_wconf 87' lang='lat' dir='ltr'>aut</span> <span class='ocrx_word' id='word_1_44' title='bbox 615 456 721 493; x_wconf 89' lang='lat' dir='ltr'>omni,</span> <span class='ocrx_word' id='word_1_45' title='bbox 743 454 962 495; x_wconf 65' lang='lat' dir='ltr'>jurisdictione</span> <span class='ocrx_word' id='word_1_46' title='bbox 982 462 1069 487; x_wconf 85' lang='lat' dir='ltr'>man·</span> 
     </span>
     <span class='ocr_line' id='line_1_8' title="bbox 207 496 1067 540; baseline -0.012 -6"><span class='ocrx_word' id='word_1_47' title='bbox 207 502 298 539; x_wconf 89' lang='lat' dir='ltr'>data,</span> <span class='ocrx_word' id='word_1_48' title='bbox 320 499 463 532; x_wconf 83' lang='lat' dir='ltr'>universa</span> <span class='ocrx_word' id='word_1_49' title='bbox 481 509 550 540; x_wconf 84' lang='lat' dir='ltr'>quae</span> <span class='ocrx_word' id='word_1_50' title='bbox 571 496 798 538; x_wconf 56' lang='lat' dir='ltr'>jurisdictionis</span> <span class='ocrx_word' id='word_1_51' title='bbox 816 496 884 527; x_wconf 91' lang='lat' dir='ltr'>sunt</span> <span class='ocrx_word' id='word_1_52' title='bbox 901 519 910 534; x_wconf 93' lang='lat'><strong>‚</strong></span> <span class='ocrx_word' id='word_1_53' title='bbox 941 499 1067 528; x_wconf 85' lang='lat' dir='ltr'>manda.</span> 
     </span>
     <span class='ocr_line' id='line_1_9' title="bbox 206 537 1069 578; baseline -0.008 -3"><span class='ocrx_word' id='word_1_54' title='bbox 206 552 236 575; x_wconf 85' lang='lat' dir='ltr'>ta</span> <span class='ocrx_word' id='word_1_55' title='bbox 254 542 487 574; x_wconf 79' lang='lat' dir='ltr'>existimantur:</span> <span class='ocrx_word' id='word_1_56' title='bbox 518 540 656 572; x_wconf 86' lang='lat' dir='ltr'>maxime</span> <span class='ocrx_word' id='word_1_57' title='bbox 682 538 734 569; x_wconf 89' lang='lat' dir='ltr'>ubi</span> <span class='ocrx_word' id='word_1_58' title='bbox 753 537 953 578; x_wconf 85' lang='lat' dir='ltr'>Magistratui</span> <span class='ocrx_word' id='word_1_59' title='bbox 981 547 1069 569; x_wconf 88' lang='lat' dir='ltr'>com-</span> 
     </span>
     <span class='ocr_line' id='line_1_10' title="bbox 204 577 1069 625; baseline -0.006 -10"><span class='ocrx_word' id='word_1_60' title='bbox 204 592 319 625; x_wconf 88' lang='lat' dir='ltr'>petunt</span> <span class='ocrx_word' id='word_1_61' title='bbox 334 583 402 623; x_wconf 85' lang='lat' dir='ltr'>jure</span> <span class='ocrx_word' id='word_1_62' title='bbox 417 580 622 624; x_wconf 82' lang='lat' dir='ltr'>Magistratus</span> <span class='ocrx_word' id='word_1_63' title='bbox 647 578 709 610; x_wconf 90' lang='lat' dir='ltr'>sui:</span> <span class='ocrx_word' id='word_1_64' title='bbox 734 588 805 610; x_wconf 91' lang='lat' dir='ltr'>nam</span> <span class='ocrx_word' id='word_1_65' title='bbox 825 578 845 610; x_wconf 88' lang='lat' dir='ltr'>fi</span> <span class='ocrx_word' id='word_1_66' title='bbox 864 588 935 619; x_wconf 83' lang='lat' dir='ltr'>qnae</span> <span class='ocrx_word' id='word_1_67' title='bbox 953 577 1069 619; x_wconf 57' lang='lat' dir='ltr'>speciei*</span> 
     </span>
     <span class='ocr_line' id='line_1_11' title="bbox 204 620 1068 665; baseline -0.005 -9"><span class='ocrx_word' id='word_1_68' title='bbox 204 625 276 657; x_wconf 90' lang='lat' dir='ltr'>liter</span> <span class='ocrx_word' id='word_1_69' title='bbox 300 623 387 665; x_wconf 87' lang='lat' dir='ltr'>Lege</span> <span class='ocrx_word' id='word_1_70' title='bbox 413 632 467 655; x_wconf 86' lang='lat' dir='ltr'>aut</span> <span class='ocrx_word' id='word_1_71' title='bbox 492 621 733 654; x_wconf 88' lang='lat' dir='ltr'>Constitutione</span> <span class='ocrx_word' id='word_1_72' title='bbox 758 620 785 651; x_wconf 90' lang='lat' dir='ltr'>ei</span> <span class='ocrx_word' id='word_1_73' title='bbox 806 620 1013 660; x_wconf 84' lang='lat' dir='ltr'>deferuntur,</span> <span class='ocrx_word' id='word_1_74' title='bbox 1037 622 1068 652; x_wconf 91' lang='lat' dir='ltr'>in</span> 
     </span>
     <span class='ocr_line' id='line_1_12' title="bbox 204 659 1069 703; baseline -0.006 -6"><span class='ocrx_word' id='word_1_75' title='bbox 204 666 254 698; x_wconf 86' lang='lat' dir='ltr'>his</span> <span class='ocrx_word' id='word_1_76' title='bbox 269 666 353 697; x_wconf 87' lang='lat' dir='ltr'>aliud</span> <span class='ocrx_word' id='word_1_77' title='bbox 369 665 540 696; x_wconf 88' lang='lat' dir='ltr'>dicendum</span> <span class='ocrx_word' id='word_1_78' title='bbox 561 663 605 694; x_wconf 87' lang='lat' dir='ltr'>est</span> <span class='ocrx_word' id='word_1_79' title='bbox 628 662 648 692; x_wconf 88' lang='lat' dir='ltr'>l.</span> <span class='ocrx_word' id='word_1_80' title='bbox 671 671 696 693; x_wconf 94' lang='lat'>1.</span> <span class='ocrx_word' id='word_1_81' title='bbox 725 661 766 692; x_wconf 94' lang='lat' dir='ltr'>D.</span> <span class='ocrx_word' id='word_1_82' title='bbox 791 663 824 692; x_wconf 80' lang='lat' dir='ltr'>de</span> <span class='ocrx_word' id='word_1_83' title='bbox 839 659 927 701; x_wconf 78' lang='lat' dir='ltr'>officio</span> <span class='ocrx_word' id='word_1_84' title='bbox 945 662 1008 703; x_wconf 81' lang='lat' dir='ltr'>ejus</span> <span class='ocrx_word' id='word_1_85' title='bbox 1021 663 1069 693; x_wconf 82' lang='lat' dir='ltr'>cui</span> 
     </span>
     <span class='ocr_line' id='line_1_13' title="bbox 203 703 1067 748; baseline -0.005 -9"><span class='ocrx_word' id='word_1_86' title='bbox 203 708 344 739; x_wconf 81' lang='lat' dir='ltr'>mandata</span> <span class='ocrx_word' id='word_1_87' title='bbox 365 704 589 748; x_wconf 70' lang='lat' dir='ltr'>estjurisdz&#39;fflo.</span> <span class='ocrx_word' id='word_1_88' title='bbox 626 703 666 734; x_wconf 92' lang='lat' dir='ltr'>Et</span> <span class='ocrx_word' id='word_1_89' title='bbox 685 710 905 748; x_wconf 81' lang='lat' dir='ltr'>argumentum</span> <span class='ocrx_word' id='word_1_90' title='bbox 925 703 999 734; x_wconf 86' lang='lat' dir='ltr'>huic</span> <span class='ocrx_word' id='word_1_91' title='bbox 1016 704 1067 735; x_wconf 91' lang='lat' dir='ltr'>de-</span> 
     </span>
     <span class='ocr_line' id='line_1_14' title="bbox 204 743 1067 786; baseline -0.007 -5"><span class='ocrx_word' id='word_1_92' title='bbox 204 748 372 786; x_wconf 87' lang='lat' dir='ltr'>finitioni,</span> <span class='ocrx_word' id='word_1_93' title='bbox 404 748 557 780; x_wconf 86' lang='lat' dir='ltr'>mandatae</span> <span class='ocrx_word' id='word_1_94' title='bbox 584 746 675 786; x_wconf 87' lang='lat' dir='ltr'>origo</span> <span class='ocrx_word' id='word_1_95' title='bbox 696 743 941 784; x_wconf 65' lang='lat' dir='ltr'>jurisdictionis:</span> <span class='ocrx_word' id='word_1_96' title='bbox 975 754 1067 785; x_wconf 89' lang='lat' dir='ltr'>quae,</span> 
     </span>
     <span class='ocr_line' id='line_1_15' title="bbox 205 785 1069 826; baseline -0.007 -4"><span class='ocrx_word' id='word_1_97' title='bbox 205 800 279 823; x_wconf 91' lang='lat' dir='ltr'>cum</span> <span class='ocrx_word' id='word_1_98' title='bbox 303 790 444 821; x_wconf 85' lang='lat' dir='ltr'>moribus</span> <span class='ocrx_word' id='word_1_99' title='bbox 463 787 607 824; x_wconf 83' lang='lat' dir='ltr'>constet,</span> <span class='ocrx_word' id='word_1_100' title='bbox 631 785 791 823; x_wconf 88' lang='lat' dir='ltr'>ostendit,</span> <span class='ocrx_word' id='word_1_101' title='bbox 821 786 1000 817; x_wconf 82' lang='lat' dir='ltr'>mandatam</span> <span class='ocrx_word' id='word_1_102' title='bbox 1023 787 1069 826; x_wconf 78' lang='lat' dir='ltr'>Ju-</span> 
     </span>
     <span class='ocr_line' id='line_1_16' title="bbox 208 826 1069 869; baseline -0.007 -5"><span class='ocrx_word' id='word_1_103' title='bbox 208 831 426 864; x_wconf 74' lang='lat' dir='ltr'>risdietionem</span> <span class='ocrx_word' id='word_1_104' title='bbox 442 828 614 869; x_wconf 62' lang='lat' dir='ltr'>complecti</span> <span class='ocrx_word' id='word_1_105' title='bbox 638 827 767 867; x_wconf 90' lang='lat' dir='ltr'>quidem</span> <span class='ocrx_word' id='word_1_106' title='bbox 784 826 834 858; x_wconf 89' lang='lat' dir='ltr'>illa</span> <span class='ocrx_word' id='word_1_107' title='bbox 860 835 930 867; x_wconf 86' lang='lat' dir='ltr'>quae</span> <span class='ocrx_word' id='word_1_108' title='bbox 944 827 1069 868; x_wconf 87' lang='lat' dir='ltr'>jurisdi-</span> 
     </span>
     <span class='ocr_line' id='line_1_17' title="bbox 207 867 1069 911; baseline -0.006 -6"><span class='ocrx_word' id='word_1_109' title='bbox 207 874 272 905; x_wconf 73' lang='lat' dir='ltr'>ctio</span> <span class='ocrx_word' id='word_1_110' title='bbox 288 872 429 904; x_wconf 88' lang='lat' dir='ltr'>moribus</span> <span class='ocrx_word' id='word_1_111' title='bbox 447 870 614 911; x_wconf 79' lang='lat' dir='ltr'>indigitat3</span> <span class='ocrx_word' id='word_1_112' title='bbox 638 868 690 900; x_wconf 85' lang='lat' dir='ltr'>sed</span> <span class='ocrx_word' id='word_1_113' title='bbox 707 877 772 899; x_wconf 89' lang='lat' dir='ltr'>non</span> <span class='ocrx_word' id='word_1_114' title='bbox 790 877 825 898; x_wconf 90' lang='lat' dir='ltr'>ea</span> <span class='ocrx_word' id='word_1_115' title='bbox 849 877 939 908; x_wconf 84' lang='lat' dir='ltr'>quae,</span> <span class='ocrx_word' id='word_1_116' title='bbox 963 867 983 900; x_wconf 90' lang='lat' dir='ltr'>si</span> <span class='ocrx_word' id='word_1_117' title='bbox 1002 879 1069 900; x_wconf 89' lang='lat' dir='ltr'>mo·</span> 
     </span>
     <span class='ocr_line' id='line_1_18' title="bbox 205 910 1069 954; baseline -0.006 -8"><span class='ocrx_word' id='word_1_118' title='bbox 205 924 255 946; x_wconf 88' lang='lat' dir='ltr'>res</span> <span class='ocrx_word' id='word_1_119' title='bbox 273 913 410 954; x_wconf 70' lang='lat' dir='ltr'>spectes,</span> <span class='ocrx_word' id='word_1_120' title='bbox 435 911 490 943; x_wconf 90' lang='lat' dir='ltr'>sub</span> <span class='ocrx_word' id='word_1_121' title='bbox 510 910 763 952; x_wconf 67' lang='lat' dir='ltr'>Jurisdictionem</span> <span class='ocrx_word' id='word_1_122' title='bbox 789 918 856 941; x_wconf 91' lang='lat' dir='ltr'>non</span> <span class='ocrx_word' id='word_1_123' title='bbox 878 911 1013 941; x_wconf 85' lang='lat' dir='ltr'>cadunt:</span> <span class='ocrx_word' id='word_1_124' title='bbox 1037 910 1069 941; x_wconf 88' lang='lat' dir='ltr'>id</span> 
     </span>
     <span class='ocr_line' id='line_1_19' title="bbox 206 950 1070 993; baseline -0.007 -6"><span class='ocrx_word' id='word_1_125' title='bbox 206 965 285 987; x_wconf 83' lang='lat' dir='ltr'>vero</span> <span class='ocrx_word' id='word_1_126' title='bbox 302 954 357 985; x_wconf 86' lang='lat' dir='ltr'>usu</span> <span class='ocrx_word' id='word_1_127' title='bbox 376 955 465 985; x_wconf 86' lang='lat' dir='ltr'>venit</span> <span class='ocrx_word' id='word_1_128' title='bbox 482 954 514 984; x_wconf 89' lang='lat' dir='ltr'>in</span> <span class='ocrx_word' id='word_1_129' title='bbox 531 952 578 985; x_wconf 89' lang='lat' dir='ltr'>his</span> <span class='ocrx_word' id='word_1_130' title='bbox 595 961 665 993; x_wconf 85' lang='lat' dir='ltr'>quae</span> <span class='ocrx_word' id='word_1_131' title='bbox 688 950 886 991; x_wconf 85' lang='lat' dir='ltr'>Magistratui</span> <span class='ocrx_word' id='word_1_132' title='bbox 908 950 994 991; x_wconf 72' lang='lat' dir='ltr'>Lege</span> <span class='ocrx_word' id='word_1_133' title='bbox 1014 961 1070 982; x_wconf 81' lang='lat' dir='ltr'>no·</span> 
     </span>
     <span class='ocr_line' id='line_1_20' title="bbox 194 992 1069 1032; baseline -0.007 -4"><span class='ocrx_word' id='word_1_134' title='bbox 194 996 350 1028; x_wconf 82' lang='lat' dir='ltr'>-rninatim</span> <span class='ocrx_word' id='word_1_135' title='bbox 375 994 588 1027; x_wconf 86' lang='lat' dir='ltr'>deferuntur:</span> <span class='ocrx_word' id='word_1_136' title='bbox 619 993 739 1032; x_wconf 82' lang='lat' dir='ltr'>absque</span> <span class='ocrx_word' id='word_1_137' title='bbox 770 994 854 1022; x_wconf 85' lang='lat' dir='ltr'>enim</span> <span class='ocrx_word' id='word_1_138' title='bbox 883 992 941 1022; x_wconf 77' lang='lat' dir='ltr'>liae</span> <span class='ocrx_word' id='word_1_139' title='bbox 973 992 1069 1031; x_wconf 64' lang='lat' dir='ltr'>tss&#39;et,</span> 
     </span>
     <span class='ocr_line' id='line_1_21' title="bbox 206 1034 1069 1078; baseline -0.006 -9"><span class='ocrx_word' id='word_1_140' title='bbox 206 1047 272 1069; x_wconf 89' lang='lat' dir='ltr'>non</span> <span class='ocrx_word' id='word_1_141' title='bbox 300 1038 499 1078; x_wconf 83' lang='lat' dir='ltr'>pertinerent</span> <span class='ocrx_word' id='word_1_142' title='bbox 520 1036 557 1066; x_wconf 87' lang='lat' dir='ltr'>ad</span> <span class='ocrx_word' id='word_1_143' title='bbox 582 1034 862 1075; x_wconf 63' lang='lat' dir='ltr'>jurisdictionem:</span> <span class='ocrx_word' id='word_1_144' title='bbox 892 1042 965 1065; x_wconf 85' lang='lat' dir='ltr'>cuin</span> <span class='ocrx_word' id='word_1_145' title='bbox 991 1043 1069 1065; x_wconf 85' lang='lat' dir='ltr'>vei-0</span> 
     </span>
     <span class='ocr_line' id='line_1_22' title="bbox 207 1073 1070 1120; baseline -0.006 -10"><span class='ocrx_word' id='word_1_146' title='bbox 207 1079 296 1120; x_wconf 84' lang='lat' dir='ltr'><strong>Lege</strong></span> <span class='ocrx_word' id='word_1_147' title='bbox 315 1079 472 1109; x_wconf 77' lang='lat' dir='ltr'>accedunt</span> <span class='ocrx_word' id='word_1_148' title='bbox 489 1077 528 1108; x_wconf 89' lang='lat' dir='ltr'>ad</span> <span class='ocrx_word' id='word_1_149' title='bbox 541 1075 813 1116; x_wconf 75' lang='lat' dir='ltr'>Jurisdictionem,</span> <span class='ocrx_word' id='word_1_150' title='bbox 825 1073 933 1106; x_wconf 86' lang='lat' dir='ltr'>saitem</span> <span class='ocrx_word' id='word_1_151' title='bbox 951 1077 1070 1106; x_wconf 82' lang='lat' dir='ltr'>extrin-</span> 
     </span>
     <span class='ocr_line' id='line_1_23' title="bbox 206 1115 1071 1158; baseline -0.006 -6"><span class='ocrx_word' id='word_1_152' title='bbox 206 1119 296 1152; x_wconf 80' lang='lat' dir='ltr'>secus</span> <span class='ocrx_word' id='word_1_153' title='bbox 329 1119 511 1157; x_wconf 83' lang='lat' dir='ltr'>accedunt3</span> <span class='ocrx_word' id='word_1_154' title='bbox 539 1116 765 1158; x_wconf 73' lang='lat' dir='ltr'>J&#39;urisdictionis</span> <span class='ocrx_word' id='word_1_155' title='bbox 791 1123 897 1147; x_wconf 84' lang='lat' dir='ltr'>autern</span> <span class='ocrx_word' id='word_1_156' title='bbox 928 1115 1071 1148; x_wconf 88' lang='lat' dir='ltr'>moribus</span> 
     </span>
     <span class='ocr_line' id='line_1_24' title="bbox 207 1157 1070 1200; baseline -0.007 -6"><span class='ocrx_word' id='word_1_157' title='bbox 207 1172 272 1194; x_wconf 86' lang='lat' dir='ltr'>non</span> <span class='ocrx_word' id='word_1_158' title='bbox 292 1162 371 1193; x_wconf 80' lang='lat' dir='ltr'>sunt.</span> <span class='ocrx_word' id='word_1_159' title='bbox 395 1168 427 1192; x_wconf 86' lang='lat' dir='ltr'>at</span> <span class='ocrx_word' id='word_1_160' title='bbox 443 1159 520 1200; x_wconf 87' lang='lat' dir='ltr'>quid</span> <span class='ocrx_word' id='word_1_161' title='bbox 538 1159 670 1197; x_wconf 88' lang='lat' dir='ltr'>mirum,</span> <span class='ocrx_word' id='word_1_162' title='bbox 694 1157 726 1189; x_wconf 91' lang='lat' dir='ltr'>id</span> <span class='ocrx_word' id='word_1_163' title='bbox 751 1158 838 1197; x_wconf 90' lang='lat' dir='ltr'>quod</span> <span class='ocrx_word' id='word_1_164' title='bbox 862 1157 1005 1189; x_wconf 90' lang='lat' dir='ltr'>moribus</span> <span class='ocrx_word' id='word_1_165' title='bbox 1027 1159 1070 1188; x_wconf 90' lang='lat' dir='ltr'>in-</span> 
     </span>
     <span class='ocr_line' id='line_1_25' title="bbox 208 1196 1071 1245; baseline -0.007 -10"><span class='ocrx_word' id='word_1_166' title='bbox 208 1203 376 1245; x_wconf 86' lang='lat' dir='ltr'>cognitum</span> <span class='ocrx_word' id='word_1_167' title='bbox 394 1201 459 1240; x_wconf 84' lang='lat' dir='ltr'>est,</span> <span class='ocrx_word' id='word_1_168' title='bbox 483 1201 592 1232; x_wconf 86' lang='lat' dir='ltr'>haberi</span> <span class='ocrx_word' id='word_1_169' title='bbox 617 1207 732 1238; x_wconf 87' lang='lat' dir='ltr'>praeter</span> <span class='ocrx_word' id='word_1_170' title='bbox 751 1206 848 1230; x_wconf 86' lang='lat' dir='ltr'>notos</span> <span class='ocrx_word' id='word_1_171' title='bbox 872 1199 1011 1230; x_wconf 84' lang='lat' dir='ltr'>mandati</span> <span class='ocrx_word' id='word_1_172' title='bbox 1035 1196 1071 1229; x_wconf 85' lang='lat' dir='ltr'>fi-</span> 
     </span>
     <span class='ocr_line' id='line_1_26' title="bbox 196 1239 1070 1285; baseline -0.008 -8"><span class='ocrx_word' id='word_1_173' title='bbox 196 1252 263 1277; x_wconf 82' lang='lat' dir='ltr'>&#39;nes</span> <span class='ocrx_word' id='word_1_174' title='bbox 280 1246 332 1285; x_wconf 88' lang='lat' dir='ltr'>qui</span> <span class='ocrx_word' id='word_1_175' title='bbox 357 1244 498 1276; x_wconf 86' lang='lat' dir='ltr'>moribus</span> <span class='ocrx_word' id='word_1_176' title='bbox 516 1242 724 1273; x_wconf 83' lang='lat' dir='ltr'>terminantur</span> <span class='ocrx_word' id='word_1_177' title='bbox 741 1239 757 1272; x_wconf 72' lang='lat'>‚9</span> <span class='ocrx_word' id='word_1_178' title='bbox 789 1240 894 1280; x_wconf 78' lang='lat' dir='ltr'>Atque</span> <span class='ocrx_word' id='word_1_179' title='bbox 922 1241 953 1271; x_wconf 91' lang='lat' dir='ltr'>id</span> <span class='ocrx_word' id='word_1_180' title='bbox 979 1239 1070 1280; x_wconf 88' lang='lat' dir='ltr'>Papi-</span> 
     </span>
     <span class='ocr_line' id='line_1_27' title="bbox 209 1280 1072 1325; baseline -0.008 -7"><span class='ocrx_word' id='word_1_181' title='bbox 209 1287 318 1318; x_wconf 88' lang='lat' dir='ltr'>nianus</span> <span class='ocrx_word' id='word_1_182' title='bbox 345 1285 492 1325; x_wconf 77' lang='lat' dir='ltr'>indigitat</span> <span class='ocrx_word' id='word_1_183' title='bbox 516 1283 534 1314; x_wconf 87' lang='lat' dir='ltr'>l.</span> <span class='ocrx_word' id='word_1_184' title='bbox 556 1292 580 1314; x_wconf 89' lang='lat'>1.</span> <span class='ocrx_word' id='word_1_185' title='bbox 602 1282 636 1324; x_wconf 83' lang='lat'>§.</span> <span class='ocrx_word' id='word_1_186' title='bbox 657 1289 684 1314; x_wconf 88' lang='lat'>1.</span> <span class='ocrx_word' id='word_1_187' title='bbox 707 1280 749 1312; x_wconf 91' lang='lat' dir='ltr'>D.</span> <span class='ocrx_word' id='word_1_188' title='bbox 775 1282 808 1311; x_wconf 81' lang='lat' dir='ltr'>de</span> <span class='ocrx_word' id='word_1_189' title='bbox 831 1280 919 1322; x_wconf 78' lang='lat' dir='ltr'>officio</span> <span class='ocrx_word' id='word_1_190' title='bbox 941 1281 1003 1322; x_wconf 80' lang='lat' dir='ltr'>ejus</span> <span class='ocrx_word' id='word_1_191' title='bbox 1025 1282 1072 1312; x_wconf 84' lang='lat' dir='ltr'>cui</span> 
     </span>
     <span class='ocr_line' id='line_1_28' title="bbox 208 1322 1071 1367; baseline -0.008 -8"><span class='ocrx_word' id='word_1_192' title='bbox 208 1329 348 1359; x_wconf 80' lang='lat' dir='ltr'>mandata</span> <span class='ocrx_word' id='word_1_193' title='bbox 366 1323 601 1367; x_wconf 63' lang='lat' dir='ltr'>efljzirisdit&#39;tio:</span> <span class='ocrx_word' id='word_1_194' title='bbox 625 1324 712 1363; x_wconf 84' lang='lat' dir='ltr'>cujus</span> <span class='ocrx_word' id='word_1_195' title='bbox 739 1323 836 1353; x_wconf 86' lang='lat' dir='ltr'>verba</span> <span class='ocrx_word' id='word_1_196' title='bbox 856 1346 865 1361; x_wconf 94' lang='lat'>‚</span> <span class='ocrx_word' id='word_1_197' title='bbox 896 1322 951 1354; x_wconf 87' lang='lat' dir='ltr'>nisi</span> <span class='ocrx_word' id='word_1_198' title='bbox 975 1332 1071 1362; x_wconf 82' lang='lat' dir='ltr'>grave</span> 
     </span>
     <span class='ocr_line' id='line_1_29' title="bbox 210 1361 1073 1409; baseline -0.008 -9"><span class='ocrx_word' id='word_1_199' title='bbox 210 1368 290 1408; x_wconf 88' lang='lat' dir='ltr'>erit,</span> <span class='ocrx_word' id='word_1_200' title='bbox 315 1368 423 1409; x_wconf 85' lang='lat' dir='ltr'>paucis</span> <span class='ocrx_word' id='word_1_201' title='bbox 442 1375 613 1407; x_wconf 83' lang='lat' dir='ltr'>exponam.</span> <span class='ocrx_word' id='word_1_202' title='bbox 657 1364 712 1396; x_wconf 89' lang='lat' dir='ltr'>Ait</span> <span class='ocrx_word' id='word_1_203' title='bbox 730 1363 931 1403; x_wconf 81' lang='lat' dir='ltr'>Papinianus.</span> <span class='ocrx_word' id='word_1_204' title='bbox 972 1361 1003 1394; x_wconf 85' lang='lat' dir='ltr'>Is</span> <span class='ocrx_word' id='word_1_205' title='bbox 1021 1364 1073 1404; x_wconf 81' lang='lat' dir='ltr'>qui</span> 
     </span>
     <span class='ocr_line' id='line_1_30' title="bbox 208 1405 1073 1449; baseline -0.008 -8"><span class='ocrx_word' id='word_1_206' title='bbox 208 1412 374 1441; x_wconf 75' lang='lat' dir='ltr'>rnandcitam</span> <span class='ocrx_word' id='word_1_207' title='bbox 400 1406 632 1449; x_wconf 67' lang='lat' dir='ltr'>jarisdifflonem</span> <span class='ocrx_word' id='word_1_208' title='bbox 646 1406 771 1446; x_wconf 80' lang='lat' dir='ltr'>suscepit</span> <span class='ocrx_word' id='word_1_209' title='bbox 788 1428 797 1442; x_wconf 95' lang='lat'>,</span> <span class='ocrx_word' id='word_1_210' title='bbox 827 1405 900 1435; x_wconf 74' lang='lat' dir='ltr'>nihil</span> <span class='ocrx_word' id='word_1_211' title='bbox 925 1408 1073 1445; x_wconf 81' lang='lat' dir='ltr'>proprium</span> 
     </span>
     <span class='ocr_line' id='line_1_31' title="bbox 207 1445 1072 1491; baseline -0.007 -9"><span class='ocrx_word' id='word_1_212' title='bbox 207 1452 308 1482; x_wconf 77' lang='lat' dir='ltr'>habet:</span> <span class='ocrx_word' id='word_1_213' title='bbox 331 1452 360 1481; x_wconf 90' lang='lat' dir='ltr'>id</span> <span class='ocrx_word' id='word_1_214' title='bbox 380 1449 442 1488; x_wconf 87' lang='lat' dir='ltr'>est,</span> <span class='ocrx_word' id='word_1_215' title='bbox 473 1449 551 1480; x_wconf 82' lang='lat' dir='ltr'>niliil</span> <span class='ocrx_word' id='word_1_216' title='bbox 578 1446 674 1478; x_wconf 80' lang='lat' dir='ltr'>nabet</span> <span class='ocrx_word' id='word_1_217' title='bbox 693 1470 702 1486; x_wconf 91' lang='lat'><em>‚</em></span> <span class='ocrx_word' id='word_1_218' title='bbox 733 1445 821 1491; x_wconf 78' lang='lat' dir='ltr'>quod</span> <span class='ocrx_word' id='word_1_219' title='bbox 837 1445 900 1477; x_wconf 90' lang='lat' dir='ltr'>sive</span> <span class='ocrx_word' id='word_1_220' title='bbox 916 1446 987 1484; x_wconf 87' lang='lat' dir='ltr'>lex,</span> <span class='ocrx_word' id='word_1_221' title='bbox 1010 1445 1072 1477; x_wconf 86' lang='lat' dir='ltr'>sive</span> 
     </span>
     <span class='ocr_line' id='line_1_32' title="bbox 207 1487 1073 1531; baseline -0.008 -7"><span class='ocrx_word' id='word_1_222' title='bbox 207 1502 278 1524; x_wconf 85' lang='lat' dir='ltr'>mos</span> <span class='ocrx_word' id='word_1_223' title='bbox 290 1516 299 1531; x_wconf 85' lang='lat'>,</span> <span class='ocrx_word' id='word_1_224' title='bbox 319 1492 361 1523; x_wconf 91' lang='lat' dir='ltr'>illi</span> <span class='ocrx_word' id='word_1_225' title='bbox 381 1491 544 1531; x_wconf 85' lang='lat' dir='ltr'>proprium</span> <span class='ocrx_word' id='word_1_226' title='bbox 563 1489 619 1519; x_wconf 88' lang='lat' dir='ltr'>det</span> <span class='ocrx_word' id='word_1_227' title='bbox 636 1497 693 1527; x_wconf 88' lang='lat' dir='ltr'>per</span> <span class='ocrx_word' id='word_1_228' title='bbox 710 1487 971 1527; x_wconf 77' lang='lat' dir='ltr'>consequentiam</span> <span class='ocrx_word' id='word_1_229' title='bbox 987 1497 1073 1518; x_wconf 81' lang='lat' dir='ltr'>man-</span> 
     </span>
     <span class='ocr_line' id='line_1_33' title="bbox 209 1527 1074 1572; baseline -0.007 -8"><span class='ocrx_word' id='word_1_230' title='bbox 209 1536 288 1564; x_wconf 80' lang='lat' dir='ltr'>datae</span> <span class='ocrx_word' id='word_1_231' title='bbox 306 1531 544 1572; x_wconf 66' lang='lat' dir='ltr'>jurisdittionis.</span> <span class='ocrx_word' id='word_1_232' title='bbox 587 1530 640 1560; x_wconf 88' lang='lat' dir='ltr'>Ait</span> <span class='ocrx_word' id='word_1_233' title='bbox 657 1551 667 1567; x_wconf 94' lang='lat'>,</span> <span class='ocrx_word' id='word_1_234' title='bbox 697 1527 753 1559; x_wconf 80' lang='lat' dir='ltr'>Sed</span> <span class='ocrx_word' id='word_1_235' title='bbox 775 1534 890 1560; x_wconf 84' lang='lat' dir='ltr'>tantum</span> <span class='ocrx_word' id='word_1_236' title='bbox 906 1529 967 1570; x_wconf 84' lang='lat' dir='ltr'>ejas</span> <span class='ocrx_word' id='word_1_237' title='bbox 983 1551 992 1567; x_wconf 90' lang='lat'>,</span> <span class='ocrx_word' id='word_1_238' title='bbox 1023 1530 1074 1569; x_wconf 78' lang='lat' dir='ltr'>qui</span> 
     </span>
     <span class='ocr_line' id='line_1_34' title="bbox 208 1569 1073 1614; baseline -0.006 -9"><span class='ocrx_word' id='word_1_239' title='bbox 208 1575 387 1611; x_wconf 75' lang='lat' dir='ltr'>mandavit,</span> <span class='ocrx_word' id='word_1_240' title='bbox 413 1570 614 1614; x_wconf 63' lang='lat' dir='ltr'>jurisdictione</span> <span class='ocrx_word' id='word_1_241' title='bbox 647 1571 767 1602; x_wconf 77' lang='lat' dir='ltr'>totitur:</span> <span class='ocrx_word' id='word_1_242' title='bbox 807 1570 839 1600; x_wconf 89' lang='lat' dir='ltr'>id</span> <span class='ocrx_word' id='word_1_243' title='bbox 871 1569 916 1600; x_wconf 87' lang='lat' dir='ltr'>est</span> <span class='ocrx_word' id='word_1_244' title='bbox 950 1577 1073 1601; x_wconf 88' lang='lat' dir='ltr'>tantum</span> 
     </span>
     <span class='ocr_line' id='line_1_35' title="bbox 208 1610 1075 1651; baseline -0.007 -4"><span class='ocrx_word' id='word_1_245' title='bbox 208 1615 387 1648; x_wconf 83' lang='lat' dir='ltr'>mandantis</span> <span class='ocrx_word' id='word_1_246' title='bbox 414 1613 545 1644; x_wconf 90' lang='lat' dir='ltr'>nomine</span> <span class='ocrx_word' id='word_1_247' title='bbox 574 1612 602 1643; x_wconf 67' lang='grc' dir='ltr'>ἃ</span> <span class='ocrx_word' id='word_1_248' title='bbox 626 1612 698 1642; x_wconf 89' lang='lat' dir='ltr'>vice</span> <span class='ocrx_word' id='word_1_249' title='bbox 726 1618 859 1642; x_wconf 82' lang='lat' dir='ltr'>exercet</span> <span class='ocrx_word' id='word_1_250' title='bbox 884 1610 1075 1651; x_wconf 63' lang='lat' dir='ltr'>jurisdictio-</span> 
     </span>
     <span class='ocr_line' id='line_1_36' title="bbox 209 1651 1071 1696; baseline -0.007 -8"><span class='ocrx_word' id='word_1_251' title='bbox 209 1666 283 1688; x_wconf 88' lang='lat' dir='ltr'>nem</span> <span class='ocrx_word' id='word_1_252' title='bbox 312 1665 380 1696; x_wconf 84' lang='lat' dir='ltr'>quae</span> <span class='ocrx_word' id='word_1_253' title='bbox 408 1653 571 1686; x_wconf 83' lang='lat' dir='ltr'>mandanti</span> <span class='ocrx_word' id='word_1_254' title='bbox 594 1653 663 1693; x_wconf 85' lang='lat' dir='ltr'>jure</span> <span class='ocrx_word' id='word_1_255' title='bbox 680 1651 880 1692; x_wconf 78' lang='lat' dir='ltr'>Magistratus</span> <span class='ocrx_word' id='word_1_256' title='bbox 903 1652 1071 1692; x_wconf 87' lang='lat' dir='ltr'>competit.</span> 
     </span>
     <span class='ocr_line' id='line_1_37' title="bbox 210 1693 1073 1737; baseline -0.007 -8"><span class='ocrx_word' id='word_1_257' title='bbox 210 1698 263 1730; x_wconf 86' lang='lat' dir='ltr'>Ait</span> <span class='ocrx_word' id='word_1_258' title='bbox 282 1721 292 1736; x_wconf 93' lang='lat'>,</span> <span class='ocrx_word' id='word_1_259' title='bbox 324 1696 431 1728; x_wconf 81' lang='lat' dir='ltr'>Verius</span> <span class='ocrx_word' id='word_1_260' title='bbox 448 1693 487 1737; x_wconf 79' lang='lat' dir='ltr'>est</span> <span class='ocrx_word' id='word_1_261' title='bbox 509 1696 584 1725; x_wconf 79' lang='lat' dir='ltr'>enim</span> <span class='ocrx_word' id='word_1_262' title='bbox 601 1717 611 1734; x_wconf 90' lang='lat'>,</span> <span class='ocrx_word' id='word_1_263' title='bbox 636 1693 867 1736; x_wconf 68' lang='lat' dir='ltr'>jurisdistionem</span> <span class='ocrx_word' id='word_1_264' title='bbox 889 1703 964 1724; x_wconf 83' lang='lat' dir='ltr'>more</span> <span class='ocrx_word' id='word_1_265' title='bbox 984 1693 1073 1735; x_wconf 84' lang='lat' dir='ltr'>majo-</span> 
     </span>
     <span class='ocr_line' id='line_1_38' title="bbox 209 1735 1074 1780; baseline -0.007 -10"><span class='ocrx_word' id='word_1_266' title='bbox 209 1749 275 1771; x_wconf 78' lang='lat' dir='ltr'>rum</span> <span class='ocrx_word' id='word_1_267' title='bbox 289 1739 402 1780; x_wconf 74' lang='lat' dir='ltr'>quidem</span> <span class='ocrx_word' id='word_1_268' title='bbox 419 1736 597 1777; x_wconf 85' lang='lat' dir='ltr'>transferri,</span> <span class='ocrx_word' id='word_1_269' title='bbox 610 1735 665 1775; x_wconf 86' lang='lat' dir='ltr'>sed</span> <span class='ocrx_word' id='word_1_270' title='bbox 681 1744 789 1766; x_wconf 81' lang='lat' dir='ltr'>meram</span> <span class='ocrx_word' id='word_1_271' title='bbox 807 1735 976 1774; x_wconf 77' lang='lat' dir='ltr'>imperium,</span> <span class='ocrx_word' id='word_1_272' title='bbox 1000 1735 1074 1775; x_wconf 82' lang='lat' dir='ltr'>qaod</span> 
     </span>
     <span class='ocr_line' id='line_1_39' title="bbox 201 1775 1075 1818; baseline -0.005 -7"><span class='ocrx_word' id='word_1_273' title='bbox 201 1782 232 1811; x_wconf 68' lang='lat' dir='ltr'>⁴le</span> <span class='ocrx_word' id='word_1_274' title='bbox 255 1790 267 1811; x_wconf 82' lang='lat' dir='ltr'>e</span> <span class='ocrx_word' id='word_1_275' title='bbox 288 1782 377 1811; x_wconf 77' lang='lat' dir='ltr'>(latur</span> <span class='ocrx_word' id='word_1_276' title='bbox 394 1802 403 1818; x_wconf 91' lang='lat'>‚</span> <span class='ocrx_word' id='word_1_277' title='bbox 431 1787 488 1809; x_wconf 83' lang='lat' dir='ltr'>non</span> <span class='ocrx_word' id='word_1_278' title='bbox 507 1776 582 1818; x_wconf 83' lang='lat' dir='ltr'>poffe</span> <span class='ocrx_word' id='word_1_279' title='bbox 600 1775 747 1813; x_wconf 87' lang='lat' dir='ltr'>tranfire:</span> <span class='ocrx_word' id='word_1_280' title='bbox 777 1776 842 1807; x_wconf 88' lang='lat' dir='ltr'>hoc</span> <span class='ocrx_word' id='word_1_281' title='bbox 866 1775 911 1806; x_wconf 88' lang='lat' dir='ltr'>est</span> <span class='ocrx_word' id='word_1_282' title='bbox 930 1798 939 1813; x_wconf 94' lang='lat'>,</span> <span class='ocrx_word' id='word_1_283' title='bbox 970 1775 1075 1807; x_wconf 87' lang='lat' dir='ltr'>verius</span> 
     </span>
     <span class='ocr_line' id='line_1_40' title="bbox 205 1817 1074 1860; baseline -0.01 -5"><span class='ocrx_word' id='word_1_284' title='bbox 205 1824 236 1855; x_wconf 87' lang='lat' dir='ltr'>es</span> <span class='ocrx_word' id='word_1_285' title='bbox 262 1845 270 1860; x_wconf 94' lang='lat'>,</span> <span class='ocrx_word' id='word_1_286' title='bbox 283 1821 461 1853; x_wconf 83' lang='lat' dir='ltr'>mandatam</span> <span class='ocrx_word' id='word_1_287' title='bbox 476 1818 730 1857; x_wconf 63' lang='lat' dir='ltr'>jurisdictionem</span> <span class='ocrx_word' id='word_1_288' title='bbox 749 1817 814 1857; x_wconf 84' lang='lat' dir='ltr'>regi</span> <span class='ocrx_word' id='word_1_289' title='bbox 832 1818 985 1856; x_wconf 87' lang='lat' dir='ltr'>majorum</span> <span class='ocrx_word' id='word_1_290' title='bbox 1005 1826 1074 1847; x_wconf 89' lang='lat' dir='ltr'>mo-</span> 
     </span>
     <span class='ocr_line' id='line_1_41' title="bbox 208 1857 1076 1898; baseline -0.01 -2"><span class='ocrx_word' id='word_1_291' title='bbox 208 1873 261 1896; x_wconf 77' lang='lat' dir='ltr'>re:</span> <span class='ocrx_word' id='word_1_292' title='bbox 286 1864 314 1894; x_wconf 63' lang='grc' dir='ltr'>ἃ</span> <span class='ocrx_word' id='word_1_293' title='bbox 336 1862 410 1893; x_wconf 83' lang='lat' dir='ltr'>ideo</span> <span class='ocrx_word' id='word_1_294' title='bbox 430 1860 537 1891; x_wconf 86' lang='lat' dir='ltr'>saltem</span> <span class='ocrx_word' id='word_1_295' title='bbox 556 1859 654 1898; x_wconf 86' lang='lat' dir='ltr'>recipi</span> <span class='ocrx_word' id='word_1_296' title='bbox 676 1867 712 1889; x_wconf 90' lang='lat' dir='ltr'>ea</span> <span class='ocrx_word' id='word_1_297' title='bbox 731 1857 760 1889; x_wconf 90' lang='lat' dir='ltr'>in</span> <span class='ocrx_word' id='word_1_298' title='bbox 784 1857 890 1897; x_wconf 89' lang='lat' dir='ltr'>specie</span> <span class='ocrx_word' id='word_1_299' title='bbox 914 1867 984 1898; x_wconf 87' lang='lat' dir='ltr'>quae</span> <span class='ocrx_word' id='word_1_300' title='bbox 1006 1857 1076 1888; x_wconf 88' lang='lat' dir='ltr'>Ma-</span> 
     </span>
     <span class='ocr_line' id='line_1_42' title="bbox 210 1898 1076 1947; baseline -0.008 -10"><span class='ocrx_word' id='word_1_301' title='bbox 210 1904 350 1947; x_wconf 77' lang='lat' dir='ltr'>gistratui</span> <span class='ocrx_word' id='word_1_302' title='bbox 374 1902 437 1936; x_wconf 90' lang='lat' dir='ltr'>five</span> <span class='ocrx_word' id='word_1_303' title='bbox 460 1910 551 1935; x_wconf 87' lang='lat' dir='ltr'>more</span> <span class='ocrx_word' id='word_1_304' title='bbox 577 1900 733 1941; x_wconf 79' lang='lat' dir='ltr'>maJorum</span> <span class='ocrx_word' id='word_1_305' title='bbox 752 1922 763 1939; x_wconf 92' lang='lat'>,</span> <span class='ocrx_word' id='word_1_306' title='bbox 794 1898 857 1932; x_wconf 86' lang='lat' dir='ltr'>five</span> <span class='ocrx_word' id='word_1_307' title='bbox 881 1899 949 1940; x_wconf 81' lang='lat' dir='ltr'>J&#39;ure</span> <span class='ocrx_word' id='word_1_308' title='bbox 970 1898 1076 1941; x_wconf 85' lang='lat' dir='ltr'>Magi—</span> 
     </span>
    </p>
   </div>
   <div class='ocr_carea' id='block_1_2' title="bbox 795 157 1383 197">
    <p class='ocr_par' dir='ltr' id='par_1_4' title="bbox 795 157 1383 197">
     <span class='ocr_line' id='line_1_43' title="bbox 795 157 1383 197; baseline 0.002 -2"><span class='ocrx_word' id='word_1_309' title='bbox 795 159 1099 197; x_wconf 73' lang='lat' dir='ltr'>GnitARni</span> <span class='ocrx_word' id='word_1_310' title='bbox 1152 157 1383 196; x_wconf 82' lang='lat' dir='ltr'>Noon&#39;r</span> 
     </span>
    </p>
   </div>
   <div class='ocr_carea' id='block_1_3' title="bbox 1112 237 1977 295">
    <p class='ocr_par' dir='ltr' id='par_1_5' title="bbox 1112 237 1977 295">
     <span class='ocr_line' id='line_1_44' title="bbox 1112 237 1977 295; baseline 0.008 -16"><span class='ocrx_word' id='word_1_311' title='bbox 1112 248 1242 295; x_wconf 42' lang='lat' dir='ltr'>stratus„</span> <span class='ocrx_word' id='word_1_312' title='bbox 1267 247 1455 291; x_wconf 45' lang='lat' dir='ltr'>competit!</span> <span class='ocrx_word' id='word_1_313' title='bbox 1475 257 1539 285; x_wconf 87' lang='lat' dir='ltr'>non</span> <span class='ocrx_word' id='word_1_314' title='bbox 1564 249 1681 289; x_wconf 86' lang='lat' dir='ltr'>etiam,</span> <span class='ocrx_word' id='word_1_315' title='bbox 1704 237 1794 282; x_wconf 82' lang='lat' dir='ltr'>verbi</span> <span class='ocrx_word' id='word_1_316' title='bbox 1812 250 1924 291; x_wconf 61' lang='lat' dir='ltr'>caufa,</span> <span class='ocrx_word' id='word_1_317' title='bbox 1944 252 1977 286; x_wconf 86' lang='lat' dir='ltr'>in</span> 
     </span>
    </p>
   </div>
   <div class='ocr_carea' id='block_1_4' title="bbox 1102 291 1979 334">
    <p class='ocr_par' dir='ltr' id='par_1_6' title="bbox 1102 291 1979 334">
     <span class='ocr_line' id='line_1_45' title="bbox 1102 291 1979 334; baseline 0.002 -12"><span class='ocrx_word' id='word_1_318' title='bbox 1102 296 1202 322; x_wconf 72' lang='lat' dir='ltr'>&#39;mero</span> <span class='ocrx_word' id='word_1_319' title='bbox 1216 293 1353 332; x_wconf 86' lang='lat' dir='ltr'>imperio</span> <span class='ocrx_word' id='word_1_320' title='bbox 1371 291 1459 331; x_wconf 83' lang='lat' dir='ltr'>quod</span> <span class='ocrx_word' id='word_1_321' title='bbox 1477 293 1504 324; x_wconf 90' lang='lat' dir='ltr'>ei</span> <span class='ocrx_word' id='word_1_322' title='bbox 1529 292 1617 334; x_wconf 85' lang='lat' dir='ltr'>Lege</span> <span class='ocrx_word' id='word_1_323' title='bbox 1638 293 1732 323; x_wconf 85' lang='lat' dir='ltr'>datur</span> <span class='ocrx_word' id='word_1_324' title='bbox 1747 315 1757 331; x_wconf 91' lang='lat'>,</span> <span class='ocrx_word' id='word_1_325' title='bbox 1787 291 1817 323; x_wconf 70' lang='grc' dir='ltr'><strong>ἃ</strong></span> <span class='ocrx_word' id='word_1_326' title='bbox 1843 291 1904 324; x_wconf 89' lang='lat' dir='ltr'>hac</span> <span class='ocrx_word' id='word_1_327' title='bbox 1923 301 1979 325; x_wconf 84' lang='lat' dir='ltr'>ex-</span> 
     </span>
    </p>
   </div>
   <div class='ocr_carea' id='block_1_5' title="bbox 1110 330 1986 1901">
    <p class='ocr_par' dir='ltr' id='par_1_7' title="bbox 1110 330 1986 1901">
     <span class='ocr_line' id='line_1_46' title="bbox 1110 330 1978 375; baseline 0.005 -13"><span class='ocrx_word' id='word_1_328' title='bbox 1110 330 1265 363; x_wconf 85' lang='lat' dir='ltr'>trinsecus</span> <span class='ocrx_word' id='word_1_329' title='bbox 1291 333 1328 363; x_wconf 87' lang='lat' dir='ltr'>ad</span> <span class='ocrx_word' id='word_1_330' title='bbox 1343 330 1595 373; x_wconf 64' lang='lat' dir='ltr'>jurisdictionem</span> <span class='ocrx_word' id='word_1_331' title='bbox 1614 334 1768 372; x_wconf 82' lang='lat' dir='ltr'>accedit;</span> <span class='ocrx_word' id='word_1_332' title='bbox 1800 333 1865 365; x_wconf 85' lang='lat' dir='ltr'>sine</span> <span class='ocrx_word' id='word_1_333' title='bbox 1889 332 1978 375; x_wconf 86' lang='lat' dir='ltr'>Lege</span> 
     </span>
     <span class='ocr_line' id='line_1_47' title="bbox 1111 372 1978 414; baseline 0.002 -11"><span class='ocrx_word' id='word_1_334' title='bbox 1111 381 1219 403; x_wconf 89' lang='lat' dir='ltr'>autem</span> <span class='ocrx_word' id='word_1_335' title='bbox 1242 372 1296 404; x_wconf 90' lang='lat' dir='ltr'>sub</span> <span class='ocrx_word' id='word_1_336' title='bbox 1319 374 1449 405; x_wconf 89' lang='lat' dir='ltr'>nomine</span> <span class='ocrx_word' id='word_1_337' title='bbox 1472 375 1502 406; x_wconf 84' lang='lat'>&amp;</span> <span class='ocrx_word' id='word_1_338' title='bbox 1525 376 1556 406; x_wconf 94' lang='lat' dir='ltr'>vi</span> <span class='ocrx_word' id='word_1_339' title='bbox 1580 373 1705 414; x_wconf 85' lang='lat' dir='ltr'>imperii</span> <span class='ocrx_word' id='word_1_340' title='bbox 1729 383 1766 405; x_wconf 91' lang='lat' dir='ltr'>ac</span> <span class='ocrx_word' id='word_1_341' title='bbox 1787 375 1978 414; x_wconf 68' lang='lat' dir='ltr'>jurisdictio-</span> 
     </span>
     <span class='ocr_line' id='line_1_48' title="bbox 1112 413 1978 461; baseline 0.002 -17"><span class='ocrx_word' id='word_1_342' title='bbox 1112 415 1160 445; x_wconf 81' lang='lat' dir='ltr'>nis</span> <span class='ocrx_word' id='word_1_343' title='bbox 1179 423 1241 445; x_wconf 90' lang='lat' dir='ltr'>non</span> <span class='ocrx_word' id='word_1_344' title='bbox 1267 416 1453 446; x_wconf 85' lang='lat' dir='ltr'>continetur</span> <span class='ocrx_word' id='word_1_345' title='bbox 1467 439 1477 455; x_wconf 87' lang='lat'>,</span> <span class='ocrx_word' id='word_1_346' title='bbox 1511 416 1661 457; x_wconf 86' lang='lat' dir='ltr'>Sequitur</span> <span class='ocrx_word' id='word_1_347' title='bbox 1676 439 1686 454; x_wconf 92' lang='lat'>‚</span> <span class='ocrx_word' id='word_1_348' title='bbox 1717 413 1820 461; x_wconf 69' lang='lat' dir='ltr'>Quare</span> <span class='ocrx_word' id='word_1_349' title='bbox 1840 425 1918 446; x_wconf 83' lang='lat' dir='ltr'>nemo</span> <span class='ocrx_word' id='word_1_350' title='bbox 1933 417 1978 447; x_wconf 85' lang='lat' dir='ltr'>di-</span> 
     </span>
     <span class='ocr_line' id='line_1_49' title="bbox 1111 456 1980 499; baseline 0.002 -13"><span class='ocrx_word' id='word_1_351' title='bbox 1111 456 1178 494; x_wconf 82' lang='lat' dir='ltr'>cit,</span> <span class='ocrx_word' id='word_1_352' title='bbox 1208 456 1482 494; x_wconf 79' lang='lat' dir='ltr'>aniiizadversionem</span> <span class='ocrx_word' id='word_1_353' title='bbox 1504 457 1652 499; x_wconf 80' lang='lat' dir='ltr'>Legatum</span> <span class='ocrx_word' id='word_1_354' title='bbox 1677 456 1859 496; x_wconf 84' lang='lat' dir='ltr'>Proconsulis</span> <span class='ocrx_word' id='word_1_355' title='bbox 1878 457 1980 488; x_wconf 75' lang='lat' dir='ltr'>habere</span> 
     </span>
     <span class='ocr_line' id='line_1_50' title="bbox 1111 496 1979 542; baseline 0.002 -15"><span class='ocrx_word' id='word_1_356' title='bbox 1111 498 1250 542; x_wconf 67' lang='lat' dir='ltr'>mandata</span> <span class='ocrx_word' id='word_1_357' title='bbox 1270 497 1479 540; x_wconf 69' lang='lat' dir='ltr'>jurisdictione.</span> <span class='ocrx_word' id='word_1_358' title='bbox 1507 497 1628 531; x_wconf 76' lang='lat' dir='ltr'>sensus:</span> <span class='ocrx_word' id='word_1_359' title='bbox 1654 496 1764 540; x_wconf 85' lang='lat' dir='ltr'>Quare</span> <span class='ocrx_word' id='word_1_360' title='bbox 1787 507 1884 529; x_wconf 90' lang='lat' dir='ltr'>nemo</span> <span class='ocrx_word' id='word_1_361' title='bbox 1910 499 1979 530; x_wconf 79' lang='lat' dir='ltr'>exi-</span> 
     </span>
     <span class='ocr_line' id='line_1_51' title="bbox 1111 537 1978 579; baseline 0.003 -11"><span class='ocrx_word' id='word_1_362' title='bbox 1111 537 1241 576; x_wconf 86' lang='lat' dir='ltr'>stimat,</span> <span class='ocrx_word' id='word_1_363' title='bbox 1273 538 1418 569; x_wconf 79' lang='lat' dir='ltr'>mandata</span> <span class='ocrx_word' id='word_1_364' title='bbox 1443 540 1690 579; x_wconf 71' lang='lat' dir='ltr'>jurisdictione,</span> <span class='ocrx_word' id='word_1_365' title='bbox 1728 540 1821 571; x_wconf 87' lang='lat' dir='ltr'>etiam</span> <span class='ocrx_word' id='word_1_366' title='bbox 1853 546 1978 571; x_wconf 85' lang='lat' dir='ltr'>merum</span> 
     </span>
     <span class='ocr_line' id='line_1_52' title="bbox 1111 578 1980 620; baseline 0.002 -11"><span class='ocrx_word' id='word_1_367' title='bbox 1111 579 1277 618; x_wconf 88' lang='lat' dir='ltr'>imperium</span> <span class='ocrx_word' id='word_1_368' title='bbox 1291 602 1300 618; x_wconf 92' lang='lat'>‚</span> <span class='ocrx_word' id='word_1_369' title='bbox 1324 578 1376 611; x_wconf 85' lang='lat' dir='ltr'>seu</span> <span class='ocrx_word' id='word_1_370' title='bbox 1390 583 1542 620; x_wconf 85' lang='lat' dir='ltr'>majorem</span> <span class='ocrx_word' id='word_1_371' title='bbox 1560 580 1885 620; x_wconf 85' lang='lat' dir='ltr'>animadversionem,</span> <span class='ocrx_word' id='word_1_372' title='bbox 1910 579 1980 619; x_wconf 84' lang='lat' dir='ltr'>(sie</span> 
     </span>
     <span class='ocr_line' id='line_1_53' title="bbox 1112 619 1980 663; baseline 0.001 -13"><span class='ocrx_word' id='word_1_373' title='bbox 1112 621 1196 651; x_wconf 86' lang='lat' dir='ltr'>enim</span> <span class='ocrx_word' id='word_1_374' title='bbox 1214 619 1372 661; x_wconf 86' lang='lat' dir='ltr'>Venuiejo</span> <span class='ocrx_word' id='word_1_375' title='bbox 1389 622 1566 662; x_wconf 82' lang='lat' dir='ltr'>appellatur</span> <span class='ocrx_word' id='word_1_376' title='bbox 1582 623 1601 653; x_wconf 91' lang='lat' dir='ltr'>l.</span> <span class='ocrx_word' id='word_1_377' title='bbox 1619 631 1668 654; x_wconf 91' lang='lat'>11.</span> <span class='ocrx_word' id='word_1_378' title='bbox 1688 630 1730 654; x_wconf 73' lang='lat' dir='ltr'>t).</span> <span class='ocrx_word' id='word_1_379' title='bbox 1749 623 1782 653; x_wconf 83' lang='lat' dir='ltr'>de</span> <span class='ocrx_word' id='word_1_380' title='bbox 1799 621 1890 663; x_wconf 84' lang='lat' dir='ltr'>officio</span> <span class='ocrx_word' id='word_1_381' title='bbox 1907 621 1980 653; x_wconf 84' lang='lat' dir='ltr'>Pro-</span> 
     </span>
     <span class='ocr_line' id='line_1_54' title="bbox 1112 661 1980 704; baseline 0.001 -12"><span class='ocrx_word' id='word_1_382' title='bbox 1112 661 1232 700; x_wconf 82' lang='lat' dir='ltr'>consulis</span> <span class='ocrx_word' id='word_1_383' title='bbox 1263 661 1299 695; x_wconf 63' lang='grc' dir='ltr'>δέ)</span> <span class='ocrx_word' id='word_1_384' title='bbox 1333 662 1467 703; x_wconf 79' lang='lat' dir='ltr'>Legati)</span> <span class='ocrx_word' id='word_1_385' title='bbox 1506 664 1544 694; x_wconf 87' lang='lat' dir='ltr'>ad</span> <span class='ocrx_word' id='word_1_386' title='bbox 1586 662 1744 704; x_wconf 79' lang='lat' dir='ltr'>Legatum</span> <span class='ocrx_word' id='word_1_387' title='bbox 1774 661 1980 695; x_wconf 81' lang='lat' dir='ltr'>Proconsulis</span> 
     </span>
     <span class='ocr_line' id='line_1_55' title="bbox 1112 702 1980 744; baseline 0.001 -11"><span class='ocrx_word' id='word_1_388' title='bbox 1112 702 1259 734; x_wconf 84' lang='lat' dir='ltr'>transire:</span> <span class='ocrx_word' id='word_1_389' title='bbox 1284 712 1354 734; x_wconf 87' lang='lat' dir='ltr'>nam</span> <span class='ocrx_word' id='word_1_390' title='bbox 1374 703 1428 734; x_wconf 85' lang='lat' dir='ltr'>etfi</span> <span class='ocrx_word' id='word_1_391' title='bbox 1445 703 1673 744; x_wconf 67' lang='lat' dir='ltr'>jurisdictionis</span> <span class='ocrx_word' id='word_1_392' title='bbox 1696 707 1830 735; x_wconf 80' lang='lat' dir='ltr'>verbum</span> <span class='ocrx_word' id='word_1_393' title='bbox 1849 705 1910 735; x_wconf 88' lang='lat' dir='ltr'>late</span> <span class='ocrx_word' id='word_1_394' title='bbox 1926 712 1980 744; x_wconf 89' lang='lat' dir='ltr'>pa-</span> 
     </span>
     <span class='ocr_line' id='line_1_56' title="bbox 1113 745 1980 786; baseline 0.002 -13"><span class='ocrx_word' id='word_1_395' title='bbox 1113 751 1161 774; x_wconf 87' lang='lat' dir='ltr'>ter</span> <span class='ocrx_word' id='word_1_396' title='bbox 1178 766 1188 782; x_wconf 97' lang='lat'>,</span> <span class='ocrx_word' id='word_1_397' title='bbox 1218 745 1429 784; x_wconf 77' lang='lat' dir='ltr'>continetque</span> <span class='ocrx_word' id='word_1_398' title='bbox 1447 747 1615 786; x_wconf 85' lang='lat' dir='ltr'>imperium</span> <span class='ocrx_word' id='word_1_399' title='bbox 1632 769 1641 784; x_wconf 91' lang='lat'>,</span> <span class='ocrx_word' id='word_1_400' title='bbox 1674 755 1738 776; x_wconf 85' lang='lat' dir='ltr'>non</span> <span class='ocrx_word' id='word_1_401' title='bbox 1758 753 1879 776; x_wconf 86' lang='lat' dir='ltr'>tantum</span> <span class='ocrx_word' id='word_1_402' title='bbox 1899 745 1980 775; x_wconf 84' lang='lat' dir='ltr'>mix-</span> 
     </span>
     <span class='ocr_line' id='line_1_57' title="bbox 1113 784 1980 826; baseline 0.002 -11"><span class='ocrx_word' id='word_1_403' title='bbox 1113 792 1198 823; x_wconf 86' lang='lat' dir='ltr'>tum,</span> <span class='ocrx_word' id='word_1_404' title='bbox 1223 784 1274 816; x_wconf 84' lang='lat' dir='ltr'>sed</span> <span class='ocrx_word' id='word_1_405' title='bbox 1293 786 1321 817; x_wconf 70' lang='grc' dir='ltr'>ὅ(</span> <span class='ocrx_word' id='word_1_406' title='bbox 1340 795 1488 825; x_wconf 84' lang='lat' dir='ltr'>merum;</span> <span class='ocrx_word' id='word_1_407' title='bbox 1511 795 1636 826; x_wconf 88' lang='lat' dir='ltr'>tamen,</span> <span class='ocrx_word' id='word_1_408' title='bbox 1656 793 1741 817; x_wconf 45' lang='lat' dir='ltr'>*cum</span> <span class='ocrx_word' id='word_1_409' title='bbox 1763 787 1916 826; x_wconf 85' lang='lat' dir='ltr'>quaeritur</span> <span class='ocrx_word' id='word_1_410' title='bbox 1938 786 1980 817; x_wconf 79' lang='lat' dir='ltr'>de</span> 
     </span>
     <span class='ocr_line' id='line_1_58' title="bbox 1112 826 1981 868; baseline 0.001 -11"><span class='ocrx_word' id='word_1_411' title='bbox 1112 827 1260 857; x_wconf 83' lang='lat' dir='ltr'>mandata</span> <span class='ocrx_word' id='word_1_412' title='bbox 1285 826 1407 868; x_wconf 84' lang='lat' dir='ltr'>Legato</span> <span class='ocrx_word' id='word_1_413' title='bbox 1426 828 1641 867; x_wconf 66' lang='lat' dir='ltr'>jurisdictione</span> <span class='ocrx_word' id='word_1_414' title='bbox 1660 851 1670 867; x_wconf 96' lang='lat'>,</span> <span class='ocrx_word' id='word_1_415' title='bbox 1703 828 1858 868; x_wconf 85' lang='lat' dir='ltr'>majorum</span> <span class='ocrx_word' id='word_1_416' title='bbox 1887 836 1981 858; x_wconf 90' lang='lat' dir='ltr'>more</span> 
     </span>
     <span class='ocr_line' id='line_1_59' title="bbox 1111 867 1981 910; baseline 0.001 -12"><span class='ocrx_word' id='word_1_417' title='bbox 1111 867 1296 906; x_wconf 86' lang='lat' dir='ltr'>inhibetur,</span> <span class='ocrx_word' id='word_1_418' title='bbox 1321 870 1349 899; x_wconf 70' lang='grc' dir='ltr'>ἁ</span> <span class='ocrx_word' id='word_1_419' title='bbox 1367 869 1406 899; x_wconf 86' lang='lat' dir='ltr'>ad</span> <span class='ocrx_word' id='word_1_420' title='bbox 1422 878 1492 900; x_wconf 88' lang='lat' dir='ltr'>eam</span> <span class='ocrx_word' id='word_1_421' title='bbox 1510 868 1722 910; x_wconf 84' lang='lat' dir='ltr'>restringitur,</span> <span class='ocrx_word' id='word_1_422' title='bbox 1745 878 1816 909; x_wconf 84' lang='lat' dir='ltr'>quae</span> <span class='ocrx_word' id='word_1_423' title='bbox 1830 870 1898 909; x_wconf 85' lang='lat' dir='ltr'>jure</span> <span class='ocrx_word' id='word_1_424' title='bbox 1908 867 1981 899; x_wconf 89' lang='lat' dir='ltr'>Ma-</span> 
     </span>
     <span class='ocr_line' id='line_1_60' title="bbox 1112 907 1980 951; baseline 0.003 -12"><span class='ocrx_word' id='word_1_425' title='bbox 1112 907 1256 949; x_wconf 87' lang='lat' dir='ltr'>gistratus</span> <span class='ocrx_word' id='word_1_426' title='bbox 1271 910 1439 949; x_wconf 88' lang='lat' dir='ltr'>competit.</span> <span class='ocrx_word' id='word_1_427' title='bbox 1482 911 1534 941; x_wconf 87' lang='lat' dir='ltr'>Sic</span> <span class='ocrx_word' id='word_1_428' title='bbox 1552 910 1756 951; x_wconf 79' lang='lat' dir='ltr'>Papinianus:</span> <span class='ocrx_word' id='word_1_429' title='bbox 1781 912 1832 941; x_wconf 90' lang='lat' dir='ltr'>cui</span> <span class='ocrx_word' id='word_1_430' title='bbox 1852 919 1929 941; x_wconf 79' lang='lat' dir='ltr'>mox</span> <span class='ocrx_word' id='word_1_431' title='bbox 1947 910 1980 942; x_wconf 90' lang='lat' dir='ltr'>in</span> 
     </span>
     <span class='ocr_line' id='line_1_61' title="bbox 1114 949 1983 993; baseline 0 -12"><span class='ocrx_word' id='word_1_432' title='bbox 1114 949 1210 982; x_wconf 80' lang='lat' dir='ltr'>Notis</span> <span class='ocrx_word' id='word_1_433' title='bbox 1231 950 1352 990; x_wconf 86' lang='lat' dir='ltr'>subjicit</span> <span class='ocrx_word' id='word_1_434' title='bbox 1370 950 1494 982; x_wconf 82' lang='lat' dir='ltr'>Paulus.</span> <span class='ocrx_word' id='word_1_435' title='bbox 1537 951 1578 982; x_wconf 88' lang='lat' dir='ltr'>Et</span> <span class='ocrx_word' id='word_1_436' title='bbox 1599 953 1769 992; x_wconf 76' lang='lat' dir='ltr'>imperium,</span> <span class='ocrx_word' id='word_1_437' title='bbox 1802 954 1876 993; x_wconf 81' lang='lat' dir='ltr'>quod</span> <span class='ocrx_word' id='word_1_438' title='bbox 1886 952 1983 992; x_wconf 80' lang='lat' dir='ltr'>juris-</span> 
     </span>
     <span class='ocr_line' id='line_1_62' title="bbox 1113 989 1981 1034; baseline 0.002 -13"><span class='ocrx_word' id='word_1_439' title='bbox 1113 989 1233 1021; x_wconf 62' lang='lat' dir='ltr'>dictioni</span> <span class='ocrx_word' id='word_1_440' title='bbox 1258 993 1374 1022; x_wconf 61' lang='lat' dir='ltr'>conteret</span> <span class='ocrx_word' id='word_1_441' title='bbox 1390 1014 1399 1029; x_wconf 83' lang='lat'>,</span> <span class='ocrx_word' id='word_1_442' title='bbox 1433 993 1573 1023; x_wconf 77' lang='lat' dir='ltr'>mandata</span> <span class='ocrx_word' id='word_1_443' title='bbox 1595 993 1799 1034; x_wconf 64' lang='lat' dir='ltr'>jurisdiciione</span> <span class='ocrx_word' id='word_1_444' title='bbox 1831 991 1981 1031; x_wconf 83' lang='lat' dir='ltr'>tranfire,</span> 
     </span>
     <span class='ocr_line' id='line_1_63' title="bbox 1112 1030 1982 1074; baseline 0.002 -12"><span class='ocrx_word' id='word_1_445' title='bbox 1112 1035 1212 1063; x_wconf 75' lang='lat' dir='ltr'>verius</span> <span class='ocrx_word' id='word_1_446' title='bbox 1226 1030 1274 1071; x_wconf 65' lang='lat' dir='ltr'>esi.</span> <span class='ocrx_word' id='word_1_447' title='bbox 1301 1032 1413 1063; x_wconf 63' lang='lat' dir='ltr'>Sensus</span> <span class='ocrx_word' id='word_1_448' title='bbox 1431 1032 1537 1071; x_wconf 83' lang='lat' dir='ltr'>Pauli,</span> <span class='ocrx_word' id='word_1_449' title='bbox 1555 1034 1868 1066; x_wconf 75' lang='lat' dir='ltr'>Animadversionem</span> <span class='ocrx_word' id='word_1_450' title='bbox 1885 1041 1982 1074; x_wconf 87' lang='lat' dir='ltr'>quam</span> 
     </span>
     <span class='ocr_line' id='line_1_64' title="bbox 1114 1073 1982 1113; baseline 0.001 -8"><span class='ocrx_word' id='word_1_451' title='bbox 1114 1073 1303 1113; x_wconf 83' lang='lat' dir='ltr'>Papinianus</span> <span class='ocrx_word' id='word_1_452' title='bbox 1325 1073 1466 1113; x_wconf 57' lang='lat' dir='ltr'>negato,</span> <span class='ocrx_word' id='word_1_453' title='bbox 1491 1074 1637 1105; x_wconf 85' lang='lat' dir='ltr'>mandata</span> <span class='ocrx_word' id='word_1_454' title='bbox 1664 1075 1900 1113; x_wconf 73' lang='lat' dir='ltr'>jurisdictione,</span> <span class='ocrx_word' id='word_1_455' title='bbox 1924 1084 1982 1106; x_wconf 85' lang='lat' dir='ltr'>ne·</span> 
     </span>
     <span class='ocr_line' id='line_1_65' title="bbox 1114 1115 1981 1156; baseline 0.002 -11"><span class='ocrx_word' id='word_1_456' title='bbox 1114 1122 1185 1156; x_wconf 88' lang='lat' dir='ltr'>gat,</span> <span class='ocrx_word' id='word_1_457' title='bbox 1202 1122 1323 1145; x_wconf 69' lang='lat' dir='ltr'>tantum</span> <span class='ocrx_word' id='word_1_458' title='bbox 1341 1115 1402 1145; x_wconf 81' lang='lat' dir='ltr'>css&#39;e</span> <span class='ocrx_word' id='word_1_459' title='bbox 1419 1116 1636 1155; x_wconf 83' lang='lat' dir='ltr'>accipiendam</span> <span class='ocrx_word' id='word_1_460' title='bbox 1655 1117 1694 1147; x_wconf 85' lang='lat' dir='ltr'>de</span> <span class='ocrx_word' id='word_1_461' title='bbox 1714 1125 1803 1147; x_wconf 79' lang='lat' dir='ltr'>mero</span> <span class='ocrx_word' id='word_1_462' title='bbox 1822 1117 1981 1156; x_wconf 83' lang='lat' dir='ltr'>imperio,</span> 
     </span>
     <span class='ocr_line' id='line_1_66' title="bbox 1115 1157 1981 1197; baseline 0.003 -11"><span class='ocrx_word' id='word_1_463' title='bbox 1115 1158 1202 1195; x_wconf 88' lang='lat' dir='ltr'>quod</span> <span class='ocrx_word' id='word_1_464' title='bbox 1224 1165 1281 1195; x_wconf 88' lang='lat' dir='ltr'>per</span> <span class='ocrx_word' id='word_1_465' title='bbox 1298 1157 1523 1187; x_wconf 78' lang='lat' dir='ltr'>excellentiam</span> <span class='ocrx_word' id='word_1_466' title='bbox 1539 1157 1769 1188; x_wconf 82' lang='lat' dir='ltr'>animadversio</span> <span class='ocrx_word' id='word_1_467' title='bbox 1788 1157 1904 1188; x_wconf 89' lang='lat' dir='ltr'>dicitur</span> <span class='ocrx_word' id='word_1_468' title='bbox 1916 1180 1927 1197; x_wconf 88' lang='lat'>,</span> <span class='ocrx_word' id='word_1_469' title='bbox 1951 1157 1981 1189; x_wconf 74' lang='grc' dir='ltr'>δί</span> 
     </span>
     <span class='ocr_line' id='line_1_67' title="bbox 1115 1196 1980 1239; baseline 0.002 -12"><span class='ocrx_word' id='word_1_470' title='bbox 1115 1196 1275 1237; x_wconf 85' lang='lat' dir='ltr'>Venulejo</span> <span class='ocrx_word' id='word_1_471' title='bbox 1299 1198 1326 1227; x_wconf 85' lang='lat' dir='ltr'>d.</span> <span class='ocrx_word' id='word_1_472' title='bbox 1351 1197 1369 1227; x_wconf 79' lang='lat' dir='ltr'>l.</span> <span class='ocrx_word' id='word_1_473' title='bbox 1389 1206 1434 1228; x_wconf 83' lang='grc' dir='ltr'>ιι.</span> <span class='ocrx_word' id='word_1_474' title='bbox 1461 1197 1572 1229; x_wconf 83' lang='lat' dir='ltr'>addito</span> <span class='ocrx_word' id='word_1_475' title='bbox 1592 1198 1772 1237; x_wconf 81' lang='lat' dir='ltr'>vocabulo,</span> <span class='ocrx_word' id='word_1_476' title='bbox 1802 1199 1901 1239; x_wconf 84' lang='lat' dir='ltr'>major</span> <span class='ocrx_word' id='word_1_477' title='bbox 1919 1199 1980 1229; x_wconf 88' lang='lat' dir='ltr'>ani-</span> 
     </span>
     <span class='ocr_line' id='line_1_68' title="bbox 1113 1238 1981 1280; baseline 0.001 -10"><span class='ocrx_word' id='word_1_478' title='bbox 1113 1238 1290 1270; x_wconf 88' lang='lat' dir='ltr'>madversio</span> <span class='ocrx_word' id='word_1_479' title='bbox 1312 1239 1508 1279; x_wconf 83' lang='lat' dir='ltr'>appellatur:</span> <span class='ocrx_word' id='word_1_480' title='bbox 1533 1248 1605 1270; x_wconf 82' lang='lat' dir='ltr'>nam</span> <span class='ocrx_word' id='word_1_481' title='bbox 1623 1239 1763 1280; x_wconf 90' lang='lat' dir='ltr'>alioquin</span> <span class='ocrx_word' id='word_1_482' title='bbox 1787 1240 1882 1271; x_wconf 87' lang='lat' dir='ltr'>etiam</span> <span class='ocrx_word' id='word_1_483' title='bbox 1901 1241 1981 1271; x_wconf 84' lang='lat' dir='ltr'>inix-</span> 
     </span>
     <span class='ocr_line' id='line_1_69' title="bbox 1115 1278 1982 1321; baseline 0.002 -11"><span class='ocrx_word' id='word_1_484' title='bbox 1115 1287 1182 1311; x_wconf 88' lang='lat' dir='ltr'>tum</span> <span class='ocrx_word' id='word_1_485' title='bbox 1206 1280 1372 1320; x_wconf 87' lang='lat' dir='ltr'>imperium</span> <span class='ocrx_word' id='word_1_486' title='bbox 1390 1303 1398 1318; x_wconf 95' lang='lat'>,</span> <span class='ocrx_word' id='word_1_487' title='bbox 1430 1280 1461 1311; x_wconf 85' lang='lat' dir='ltr'>id</span> <span class='ocrx_word' id='word_1_488' title='bbox 1477 1278 1542 1319; x_wconf 87' lang='lat' dir='ltr'>est,</span> <span class='ocrx_word' id='word_1_489' title='bbox 1575 1280 1640 1311; x_wconf 82' lang='lat' dir='ltr'>hoc</span> <span class='ocrx_word' id='word_1_490' title='bbox 1664 1281 1751 1320; x_wconf 90' lang='lat' dir='ltr'>quod</span> <span class='ocrx_word' id='word_1_491' title='bbox 1768 1280 1982 1321; x_wconf 60' lang='lat' dir='ltr'>jurisdictioni</span> 
     </span>
     <span class='ocr_line' id='line_1_70' title="bbox 1114 1320 1983 1360; baseline 0.001 -8"><span class='ocrx_word' id='word_1_492' title='bbox 1114 1321 1177 1353; x_wconf 89' lang='lat' dir='ltr'>five</span> <span class='ocrx_word' id='word_1_493' title='bbox 1203 1322 1344 1352; x_wconf 81' lang='lat' dir='ltr'>cohaeret</span> <span class='ocrx_word' id='word_1_494' title='bbox 1363 1320 1426 1352; x_wconf 88' lang='lat' dir='ltr'>five</span> <span class='ocrx_word' id='word_1_495' title='bbox 1455 1320 1556 1360; x_wconf 82' lang='lat' dir='ltr'>inest,</span> <span class='ocrx_word' id='word_1_496' title='bbox 1579 1322 1857 1353; x_wconf 40' lang='lat' dir='ltr'>animadversioni*</span> <span class='ocrx_word' id='word_1_497' title='bbox 1881 1323 1983 1353; x_wconf 73' lang='lat' dir='ltr'>nomi-</span> 
     </span>
     <span class='ocr_line' id='line_1_71' title="bbox 1115 1361 1983 1405; baseline 0.001 -12"><span class='ocrx_word' id='word_1_498' title='bbox 1115 1372 1156 1393; x_wconf 88' lang='lat' dir='ltr'>ne</span> <span class='ocrx_word' id='word_1_499' title='bbox 1180 1362 1337 1394; x_wconf 90' lang='lat' dir='ltr'>contineri</span> <span class='ocrx_word' id='word_1_500' title='bbox 1362 1363 1380 1393; x_wconf 94' lang='lat' dir='ltr'>l.</span> <span class='ocrx_word' id='word_1_501' title='bbox 1400 1372 1448 1403; x_wconf 88' lang='lat'>15.</span> <span class='ocrx_word' id='word_1_502' title='bbox 1473 1362 1502 1404; x_wconf 84' lang='lat'>§.</span> <span class='ocrx_word' id='word_1_503' title='bbox 1522 1367 1569 1397; x_wconf 69' lang='lat'>28⁴</span> <span class='ocrx_word' id='word_1_504' title='bbox 1596 1361 1639 1395; x_wconf 90' lang='lat' dir='ltr'>D.</span> <span class='ocrx_word' id='word_1_505' title='bbox 1662 1365 1695 1395; x_wconf 83' lang='lat' dir='ltr'>de</span> <span class='ocrx_word' id='word_1_506' title='bbox 1710 1363 1829 1405; x_wconf 82' lang='lat' dir='ltr'>injuriis</span> <span class='ocrx_word' id='word_1_507' title='bbox 1848 1374 1856 1395; x_wconf 88' lang='lat'>:</span> <span class='ocrx_word' id='word_1_508' title='bbox 1889 1363 1919 1395; x_wconf 60' lang='grc' dir='ltr'>ὅς</span> <span class='ocrx_word' id='word_1_509' title='bbox 1939 1371 1983 1394; x_wconf 88' lang='lat' dir='ltr'>ta-</span> 
     </span>
     <span class='ocr_line' id='line_1_72' title="bbox 1115 1404 1983 1444; baseline 0.001 -9"><span class='ocrx_word' id='word_1_510' title='bbox 1115 1413 1189 1436; x_wconf 85' lang='lat' dir='ltr'>men</span> <span class='ocrx_word' id='word_1_511' title='bbox 1216 1405 1383 1444; x_wconf 86' lang='lat' dir='ltr'>imperium</span> <span class='ocrx_word' id='word_1_512' title='bbox 1408 1405 1497 1444; x_wconf 87' lang='lat' dir='ltr'>quod</span> <span class='ocrx_word' id='word_1_513' title='bbox 1511 1404 1723 1444; x_wconf 71' lang='lat' dir='ltr'>jurisdictioni</span> <span class='ocrx_word' id='word_1_514' title='bbox 1750 1405 1916 1442; x_wconf 84' lang='lat' dir='ltr'>coliaeret‚</span> <span class='ocrx_word' id='word_1_515' title='bbox 1949 1404 1983 1437; x_wconf 88' lang='lat' dir='ltr'>id</span> 
     </span>
     <span class='ocr_line' id='line_1_73' title="bbox 1116 1444 1984 1486; baseline 0.001 -10"><span class='ocrx_word' id='word_1_516' title='bbox 1116 1444 1160 1476; x_wconf 89' lang='lat' dir='ltr'>est</span> <span class='ocrx_word' id='word_1_517' title='bbox 1177 1469 1186 1484; x_wconf 91' lang='lat'>,</span> <span class='ocrx_word' id='word_1_518' title='bbox 1219 1446 1306 1486; x_wconf 90' lang='lat' dir='ltr'>quod</span> <span class='ocrx_word' id='word_1_519' title='bbox 1330 1446 1470 1486; x_wconf 83' lang='lat' dir='ltr'>alioquin</span> <span class='ocrx_word' id='word_1_520' title='bbox 1490 1445 1666 1485; x_wconf 67' lang='lat' dir='ltr'>jurisdictio</span> <span class='ocrx_word' id='word_1_521' title='bbox 1684 1445 1748 1476; x_wconf 89' lang='lat' dir='ltr'>sive</span> <span class='ocrx_word' id='word_1_522' title='bbox 1772 1446 1908 1477; x_wconf 86' lang='lat' dir='ltr'>mixtum</span> <span class='ocrx_word' id='word_1_523' title='bbox 1927 1446 1984 1477; x_wconf 89' lang='lat' dir='ltr'>im-</span> 
     </span>
     <span class='ocr_line' id='line_1_74' title="bbox 1115 1486 1984 1527; baseline 0.001 -10"><span class='ocrx_word' id='word_1_524' title='bbox 1115 1488 1238 1527; x_wconf 84' lang='lat' dir='ltr'>perium</span> <span class='ocrx_word' id='word_1_525' title='bbox 1258 1494 1409 1524; x_wconf 88' lang='lat' dir='ltr'>vocatur,</span> <span class='ocrx_word' id='word_1_526' title='bbox 1443 1486 1588 1517; x_wconf 77' lang='lat' dir='ltr'>mandata</span> <span class='ocrx_word' id='word_1_527' title='bbox 1606 1486 1824 1526; x_wconf 71' lang='lat' dir='ltr'>JurisdiCtione</span> <span class='ocrx_word' id='word_1_528' title='bbox 1844 1487 1984 1519; x_wconf 74' lang='lat' dir='ltr'>transire.</span> 
     </span>
     <span class='ocr_line' id='line_1_75' title="bbox 1117 1528 1985 1568; baseline 0.002 -10"><span class='ocrx_word' id='word_1_529' title='bbox 1117 1528 1214 1568; x_wconf 86' lang='lat' dir='ltr'>Igitur</span> <span class='ocrx_word' id='word_1_530' title='bbox 1229 1536 1263 1559; x_wconf 88' lang='lat' dir='ltr'>ut</span> <span class='ocrx_word' id='word_1_531' title='bbox 1282 1529 1419 1559; x_wconf 85' lang='lat' dir='ltr'>mandati</span> <span class='ocrx_word' id='word_1_532' title='bbox 1440 1529 1487 1559; x_wconf 89' lang='lat' dir='ltr'>vis</span> <span class='ocrx_word' id='word_1_533' title='bbox 1504 1528 1717 1568; x_wconf 81' lang='lat' dir='ltr'>intelligatur,</span> <span class='ocrx_word' id='word_1_534' title='bbox 1741 1528 1881 1560; x_wconf 84' lang='lat' dir='ltr'>debet&amp;</span> <span class='ocrx_word' id='word_1_535' title='bbox 1899 1537 1985 1561; x_wconf 86' lang='lat' dir='ltr'>man-</span> 
     </span>
     <span class='ocr_line' id='line_1_76' title="bbox 1116 1569 1985 1610; baseline 0 -10"><span class='ocrx_word' id='word_1_536' title='bbox 1116 1570 1182 1600; x_wconf 83' lang='lat' dir='ltr'>dati</span> <span class='ocrx_word' id='word_1_537' title='bbox 1209 1577 1301 1600; x_wconf 88' lang='lat' dir='ltr'>tenor</span> <span class='ocrx_word' id='word_1_538' title='bbox 1320 1569 1450 1609; x_wconf 87' lang='lat' dir='ltr'>inspici,</span> <span class='ocrx_word' id='word_1_539' title='bbox 1474 1569 1504 1600; x_wconf 81' lang='lat'>&amp;</span> <span class='ocrx_word' id='word_1_540' title='bbox 1529 1569 1754 1609; x_wconf 63' lang='lat' dir='ltr'>jurisdictionis</span> <span class='ocrx_word' id='word_1_541' title='bbox 1772 1570 1985 1610; x_wconf 84' lang='lat' dir='ltr'>potestatisve</span> 
     </span>
     <span class='ocr_line' id='line_1_77' title="bbox 1116 1610 1985 1651; baseline 0.001 -10"><span class='ocrx_word' id='word_1_542' title='bbox 1116 1620 1215 1650; x_wconf 86' lang='lat' dir='ltr'>genus</span> <span class='ocrx_word' id='word_1_543' title='bbox 1235 1622 1242 1642; x_wconf 93' lang='lat'>:</span> <span class='ocrx_word' id='word_1_544' title='bbox 1276 1611 1413 1650; x_wconf 89' lang='lat' dir='ltr'>denique</span> <span class='ocrx_word' id='word_1_545' title='bbox 1432 1633 1442 1649; x_wconf 89' lang='lat'>,</span> <span class='ocrx_word' id='word_1_546' title='bbox 1472 1610 1619 1641; x_wconf 83' lang='lat' dir='ltr'>mandata</span> <span class='ocrx_word' id='word_1_547' title='bbox 1640 1610 1861 1651; x_wconf 70' lang='lat' dir='ltr'>jurisdictione</span> <span class='ocrx_word' id='word_1_548' title='bbox 1877 1634 1886 1649; x_wconf 90' lang='lat'>,</span> <span class='ocrx_word' id='word_1_549' title='bbox 1919 1610 1985 1642; x_wconf 86' lang='lat' dir='ltr'>sive</span> 
     </span>
     <span class='ocr_line' id='line_1_78' title="bbox 1116 1650 1986 1693; baseline 0 -10"><span class='ocrx_word' id='word_1_550' title='bbox 1116 1651 1319 1691; x_wconf 88' lang='lat' dir='ltr'>simpliciter,</span> <span class='ocrx_word' id='word_1_551' title='bbox 1343 1651 1406 1683; x_wconf 83' lang='lat' dir='ltr'>sive</span> <span class='ocrx_word' id='word_1_552' title='bbox 1422 1652 1528 1690; x_wconf 86' lang='lat' dir='ltr'>omni,</span> <span class='ocrx_word' id='word_1_553' title='bbox 1561 1650 1624 1682; x_wconf 87' lang='lat' dir='ltr'>five</span> <span class='ocrx_word' id='word_1_554' title='bbox 1639 1652 1777 1693; x_wconf 87' lang='lat' dir='ltr'>generali</span> <span class='ocrx_word' id='word_1_555' title='bbox 1797 1675 1806 1689; x_wconf 87' lang='lat'>,</span> <span class='ocrx_word' id='word_1_556' title='bbox 1838 1651 1876 1682; x_wconf 87' lang='lat' dir='ltr'>ad</span> <span class='ocrx_word' id='word_1_557' title='bbox 1899 1661 1986 1683; x_wconf 84' lang='lat' dir='ltr'>man·</span> 
     </span>
     <span class='ocr_line' id='line_1_79' title="bbox 1117 1692 1984 1733; baseline 0.001 -10"><span class='ocrx_word' id='word_1_558' title='bbox 1117 1694 1271 1724; x_wconf 86' lang='lat' dir='ltr'>datarium</span> <span class='ocrx_word' id='word_1_559' title='bbox 1288 1693 1417 1733; x_wconf 88' lang='lat' dir='ltr'>quidem</span> <span class='ocrx_word' id='word_1_560' title='bbox 1435 1692 1540 1724; x_wconf 75' lang='lat' dir='ltr'>traniit</span> <span class='ocrx_word' id='word_1_561' title='bbox 1558 1701 1664 1724; x_wconf 89' lang='lat' dir='ltr'>totum</span> <span class='ocrx_word' id='word_1_562' title='bbox 1675 1692 1748 1732; x_wconf 84' lang='lat' dir='ltr'>juris</span> <span class='ocrx_word' id='word_1_563' title='bbox 1767 1693 1893 1724; x_wconf 89' lang='lat' dir='ltr'>dicundi</span> <span class='ocrx_word' id='word_1_564' title='bbox 1913 1692 1984 1724; x_wconf 85' lang='lat' dir='ltr'>offi-</span> 
     </span>
     <span class='ocr_line' id='line_1_80' title="bbox 1116 1733 1985 1775; baseline 0.001 -10"><span class='ocrx_word' id='word_1_565' title='bbox 1116 1735 1200 1765; x_wconf 87' lang='lat' dir='ltr'>cium</span> <span class='ocrx_word' id='word_1_566' title='bbox 1227 1735 1315 1775; x_wconf 86' lang='lat' dir='ltr'>quod</span> <span class='ocrx_word' id='word_1_567' title='bbox 1340 1743 1432 1765; x_wconf 87' lang='lat' dir='ltr'>more</span> <span class='ocrx_word' id='word_1_568' title='bbox 1455 1733 1610 1774; x_wconf 84' lang='lat' dir='ltr'>majorum</span> <span class='ocrx_word' id='word_1_569' title='bbox 1633 1736 1713 1765; x_wconf 86' lang='lat' dir='ltr'>intra</span> <span class='ocrx_word' id='word_1_570' title='bbox 1729 1733 1985 1774; x_wconf 69' lang='lat' dir='ltr'>jurisdiCtionem</span> 
     </span>
     <span class='ocr_line' id='line_1_81' title="bbox 1116 1774 1986 1816; baseline 0 -10"><span class='ocrx_word' id='word_1_571' title='bbox 1116 1774 1274 1808; x_wconf 84' lang='lat' dir='ltr'>consistit:</span> <span class='ocrx_word' id='word_1_572' title='bbox 1298 1775 1351 1806; x_wconf 90' lang='lat' dir='ltr'>sed</span> <span class='ocrx_word' id='word_1_573' title='bbox 1377 1785 1440 1806; x_wconf 92' lang='lat' dir='ltr'>non</span> <span class='ocrx_word' id='word_1_574' title='bbox 1467 1774 1531 1805; x_wconf 80' lang='lat' dir='ltr'>hoc</span> <span class='ocrx_word' id='word_1_575' title='bbox 1554 1783 1686 1816; x_wconf 87' lang='lat' dir='ltr'>quoque</span> <span class='ocrx_word' id='word_1_576' title='bbox 1707 1776 1795 1814; x_wconf 87' lang='lat' dir='ltr'>quod</span> <span class='ocrx_word' id='word_1_577' title='bbox 1820 1774 1986 1816; x_wconf 84' lang='lat' dir='ltr'>Magistra-</span> 
     </span>
     <span class='ocr_line' id='line_1_82' title="bbox 1118 1814 1986 1858; baseline 0.003 -11"><span class='ocrx_word' id='word_1_578' title='bbox 1118 1818 1163 1847; x_wconf 89' lang='lat' dir='ltr'>tui</span> <span class='ocrx_word' id='word_1_579' title='bbox 1184 1819 1345 1856; x_wconf 83' lang='lat' dir='ltr'>competit</span> <span class='ocrx_word' id='word_1_580' title='bbox 1375 1817 1473 1857; x_wconf 82' lang='lat' dir='ltr'>magis</span> <span class='ocrx_word' id='word_1_581' title='bbox 1493 1814 1619 1855; x_wconf 86' lang='lat' dir='ltr'>speciali</span> <span class='ocrx_word' id='word_1_582' title='bbox 1648 1817 1719 1858; x_wconf 82' lang='lat' dir='ltr'>lege</span> <span class='ocrx_word' id='word_1_583' title='bbox 1733 1838 1745 1857; x_wconf 90' lang='lat'>,</span> <span class='ocrx_word' id='word_1_584' title='bbox 1776 1824 1870 1858; x_wconf 75' lang='lat' dir='ltr'>quain</span> <span class='ocrx_word' id='word_1_585' title='bbox 1887 1816 1986 1850; x_wconf 84' lang='lat' dir='ltr'>mori·</span> 
     </span>
     <span class='ocr_line' id='line_1_83' title="bbox 1117 1857 1565 1901; baseline 0.002 -12"><span class='ocrx_word' id='word_1_586' title='bbox 1117 1857 1176 1889; x_wconf 88' lang='lat' dir='ltr'>bus</span> <span class='ocrx_word' id='word_1_587' title='bbox 1195 1865 1329 1901; x_wconf 88' lang='lat' dir='ltr'>propter</span> <span class='ocrx_word' id='word_1_588' title='bbox 1346 1859 1412 1891; x_wconf 88' lang='lat' dir='ltr'>vim</span> <span class='ocrx_word' id='word_1_589' title='bbox 1429 1857 1565 1899; x_wconf 85' lang='lat' dir='ltr'>imperii.</span> 
     </span>
    </p>
   </div>
   <div class='ocr_carea' id='block_1_6' title="bbox 912 2018 1277 2054">
    <p class='ocr_par' dir='ltr' id='par_1_8' title="bbox 912 2018 1277 2054">
     <span class='ocr_line' id='line_1_84' title="bbox 912 2018 1277 2054; baseline 0 0"><span class='ocrx_word' id='word_1_590' title='bbox 912 2019 1122 2054; x_wconf 81' lang='lat' dir='ltr'>CAPUT</span> <span class='ocrx_word' id='word_1_591' title='bbox 1173 2018 1277 2054; x_wconf 87' lang='lat'>111.</span> 
     </span>
    </p>
   </div>
   <div class='ocr_carea' id='block_1_7' title="bbox 694 2124 1494 2177">
    <p class='ocr_par' dir='ltr' id='par_1_9' title="bbox 694 2124 1494 2177">
     <span class='ocr_line' id='line_1_85' title="bbox 694 2124 1494 2177; baseline -0.001 -16"><span class='ocrx_word' id='word_1_592' title='bbox 694 2126 784 2177; x_wconf 58' lang='lat' dir='ltr'>‚defd</span> <span class='ocrx_word' id='word_1_593' title='bbox 799 2124 845 2172; x_wconf 81' lang='lat' dir='ltr'>fit</span> <span class='ocrx_word' id='word_1_594' title='bbox 860 2124 1039 2173; x_wconf 73' lang='lat' dir='ltr'>specialiter</span> <span class='ocrx_word' id='word_1_595' title='bbox 1064 2133 1119 2161; x_wconf 84' lang='lat' dir='ltr'>aut</span> <span class='ocrx_word' id='word_1_596' title='bbox 1143 2127 1321 2161; x_wconf 83' lang='lat' dir='ltr'>nominatim</span> <span class='ocrx_word' id='word_1_597' title='bbox 1348 2124 1494 2172; x_wconf 79' lang='lat' dir='ltr'>delegari.</span> 
     </span>
    </p>
   </div>
   <div class='ocr_carea' id='block_1_8' title="bbox 211 2232 1083 3305">
    <p class='ocr_par' dir='ltr' id='par_1_10' title="bbox 211 2232 1083 3305">
     <span class='ocr_line' id='line_1_86' title="bbox 211 2232 1072 2309; baseline -0.001 -44"><span class='ocrx_word' id='word_1_598' title='bbox 211 2233 413 2309; x_wconf 76' lang='lat' dir='ltr'>Sequitur,</span> <span class='ocrx_word' id='word_1_599' title='bbox 435 2239 472 2264; x_wconf 93' lang='lat' dir='ltr'>ut</span> <span class='ocrx_word' id='word_1_600' title='bbox 487 2238 667 2272; x_wconf 77' lang='lat' dir='ltr'>exponam,</span> <span class='ocrx_word' id='word_1_601' title='bbox 693 2232 768 2273; x_wconf 82' lang='lat' dir='ltr'>quid</span> <span class='ocrx_word' id='word_1_602' title='bbox 784 2232 821 2263; x_wconf 85' lang='lat' dir='ltr'>fit</span> <span class='ocrx_word' id='word_1_603' title='bbox 840 2232 1017 2273; x_wconf 65' lang='lat' dir='ltr'>specialiter,</span> <span class='ocrx_word' id='word_1_604' title='bbox 1042 2232 1072 2264; x_wconf 71' lang='grc' dir='ltr'>δε</span> 
     </span>
     <span class='ocr_line' id='line_1_87' title="bbox 285 2272 1073 2315; baseline -0.003 -9"><span class='ocrx_word' id='word_1_605' title='bbox 285 2275 471 2312; x_wconf 83' lang='lat' dir='ltr'>nominatim,</span> <span class='ocrx_word' id='word_1_606' title='bbox 489 2273 564 2314; x_wconf 87' lang='lat' dir='ltr'>quid</span> <span class='ocrx_word' id='word_1_607' title='bbox 576 2273 644 2315; x_wconf 76' lang='lat' dir='ltr'>jure</span> <span class='ocrx_word' id='word_1_608' title='bbox 659 2272 847 2315; x_wconf 79' lang='lat' dir='ltr'>magistratus</span> <span class='ocrx_word' id='word_1_609' title='bbox 863 2281 918 2305; x_wconf 88' lang='lat' dir='ltr'>aut</span> <span class='ocrx_word' id='word_1_610' title='bbox 928 2274 1073 2315; x_wconf 83' lang='lat' dir='ltr'>juresuo,</span> 
     </span>
     <span class='ocr_line' id='line_1_88' title="bbox 213 2314 1076 2356; baseline -0.006 -7"><span class='ocrx_word' id='word_1_611' title='bbox 213 2316 344 2349; x_wconf 78' lang='lat' dir='ltr'>deferri.</span> <span class='ocrx_word' id='word_1_612' title='bbox 387 2314 694 2354; x_wconf 67' lang='lat' dir='ltr'>verbumspecialiter</span> <span class='ocrx_word' id='word_1_613' title='bbox 710 2315 885 2355; x_wconf 85' lang='lat' dir='ltr'>opponitur</span> <span class='ocrx_word' id='word_1_614' title='bbox 907 2315 1007 2346; x_wconf 85' lang='lat' dir='ltr'>verbo</span> <span class='ocrx_word' id='word_1_615' title='bbox 1029 2324 1076 2356; x_wconf 82' lang='lat' dir='ltr'>ge-</span> 
     </span>
     <span class='ocr_line' id='line_1_89' title="bbox 211 2355 1075 2396; baseline -0.002 -7"><span class='ocrx_word' id='word_1_616' title='bbox 211 2358 357 2389; x_wconf 80' lang='lat' dir='ltr'>neraliter.</span> <span class='ocrx_word' id='word_1_617' title='bbox 401 2355 560 2388; x_wconf 81' lang='lat' dir='ltr'>Generale</span> <span class='ocrx_word' id='word_1_618' title='bbox 586 2364 674 2387; x_wconf 87' lang='lat' dir='ltr'>autet</span> <span class='ocrx_word' id='word_1_619' title='bbox 695 2364 755 2396; x_wconf 89' lang='lat' dir='ltr'>pro</span> <span class='ocrx_word' id='word_1_620' title='bbox 782 2357 889 2396; x_wconf 88' lang='lat' dir='ltr'>omni,</span> <span class='ocrx_word' id='word_1_621' title='bbox 920 2355 982 2387; x_wconf 79' lang='lat' dir='ltr'>sive</span> <span class='ocrx_word' id='word_1_622' title='bbox 1008 2356 1075 2387; x_wconf 90' lang='lat' dir='ltr'>uni-</span> 
     </span>
     <span class='ocr_line' id='line_1_90' title="bbox 211 2396 1073 2438; baseline -0.001 -9"><span class='ocrx_word' id='word_1_623' title='bbox 211 2399 303 2431; x_wconf 70' lang='lat' dir='ltr'>verso</span> <span class='ocrx_word' id='word_1_624' title='bbox 333 2399 504 2437; x_wconf 84' lang='lat' dir='ltr'>accipitur:</span> <span class='ocrx_word' id='word_1_625' title='bbox 528 2396 664 2438; x_wconf 84' lang='lat' dir='ltr'>speciale</span> <span class='ocrx_word' id='word_1_626' title='bbox 691 2407 768 2428; x_wconf 85' lang='lat' dir='ltr'>vero</span> <span class='ocrx_word' id='word_1_627' title='bbox 794 2407 860 2429; x_wconf 86' lang='lat' dir='ltr'>rem</span> <span class='ocrx_word' id='word_1_628' title='bbox 888 2396 1073 2438; x_wconf 73' lang='lat' dir='ltr'>singularem</span> 
     </span>
     <span class='ocr_line' id='line_1_91' title="bbox 213 2438 1072 2482; baseline -0.002 -10"><span class='ocrx_word' id='word_1_629' title='bbox 213 2441 378 2482; x_wconf 81' lang='lat' dir='ltr'>indigitat:</span> <span class='ocrx_word' id='word_1_630' title='bbox 402 2441 509 2480; x_wconf 84' lang='lat' dir='ltr'>itaque</span> <span class='ocrx_word' id='word_1_631' title='bbox 537 2438 677 2478; x_wconf 83' lang='lat' dir='ltr'>specialis</span> <span class='ocrx_word' id='word_1_632' title='bbox 698 2439 800 2476; x_wconf 73' lang='lat' dir='ltr'>astio,</span> <span class='ocrx_word' id='word_1_633' title='bbox 825 2438 855 2470; x_wconf 70' lang='grc' dir='ltr'>δε</span> <span class='ocrx_word' id='word_1_634' title='bbox 870 2439 952 2470; x_wconf 71' lang='lat' dir='ltr'>actio</span> <span class='ocrx_word' id='word_1_635' title='bbox 975 2438 1072 2479; x_wconf 84' lang='lat' dir='ltr'>singu·</span> 
     </span>
     <span class='ocr_line' id='line_1_92' title="bbox 211 2479 1072 2521; baseline -0.003 -8"><span class='ocrx_word' id='word_1_636' title='bbox 211 2482 312 2514; x_wconf 89' lang='lat' dir='ltr'>larum</span> <span class='ocrx_word' id='word_1_637' title='bbox 335 2490 438 2513; x_wconf 87' lang='lat' dir='ltr'>rerum</span> <span class='ocrx_word' id='word_1_638' title='bbox 456 2480 640 2520; x_wconf 86' lang='lat' dir='ltr'>petitionis,</span> <span class='ocrx_word' id='word_1_639' title='bbox 665 2489 724 2520; x_wconf 91' lang='lat' dir='ltr'>pro</span> <span class='ocrx_word' id='word_1_640' title='bbox 741 2481 852 2512; x_wconf 87' lang='lat' dir='ltr'>iisdem</span> <span class='ocrx_word' id='word_1_641' title='bbox 874 2479 953 2511; x_wconf 90' lang='lat' dir='ltr'>sunt.</span> <span class='ocrx_word' id='word_1_642' title='bbox 977 2480 997 2510; x_wconf 87' lang='lat' dir='ltr'>l.</span> <span class='ocrx_word' id='word_1_643' title='bbox 1023 2490 1072 2521; x_wconf 82' lang='lat'>73.</span> 
     </span>
     <span class='ocr_line' id='line_1_93' title="bbox 213 2520 1074 2563; baseline -0.002 -10"><span class='ocrx_word' id='word_1_644' title='bbox 213 2522 251 2557; x_wconf 55' lang='grc' dir='ltr'><em>ὃ</em></span> <span class='ocrx_word' id='word_1_645' title='bbox 268 2523 287 2553; x_wconf 86' lang='lat' dir='ltr'>l.</span> <span class='ocrx_word' id='word_1_646' title='bbox 311 2531 335 2553; x_wconf 89' lang='lat'>1.</span> <span class='ocrx_word' id='word_1_647' title='bbox 350 2529 397 2563; x_wconf 88' lang='lat' dir='ltr'>pr.</span> <span class='ocrx_word' id='word_1_648' title='bbox 423 2521 458 2556; x_wconf 53' lang='grc' dir='ltr'>ὅ)</span> <span class='ocrx_word' id='word_1_649' title='bbox 474 2521 501 2563; x_wconf 83' lang='lat'>§.</span> <span class='ocrx_word' id='word_1_650' title='bbox 528 2530 553 2552; x_wconf 90' lang='lat'>1.</span> <span class='ocrx_word' id='word_1_651' title='bbox 574 2520 615 2553; x_wconf 86' lang='lat' dir='ltr'>D.</span> <span class='ocrx_word' id='word_1_652' title='bbox 634 2523 667 2552; x_wconf 87' lang='lat' dir='ltr'>de</span> <span class='ocrx_word' id='word_1_653' title='bbox 684 2523 725 2552; x_wconf 84' lang='lat' dir='ltr'>rei</span> <span class='ocrx_word' id='word_1_654' title='bbox 740 2522 945 2553; x_wconf 74' lang='lat' dir='ltr'>vindicatione.</span> <span class='ocrx_word' id='word_1_655' title='bbox 971 2521 1074 2553; x_wconf 87' lang='lat' dir='ltr'>Porro</span> 
     </span>
     <span class='ocr_line' id='line_1_94' title="bbox 213 2563 1076 2605; baseline -0.001 -11"><span class='ocrx_word' id='word_1_656' title='bbox 213 2565 288 2605; x_wconf 90' lang='lat' dir='ltr'>quia</span> <span class='ocrx_word' id='word_1_657' title='bbox 312 2572 361 2594; x_wconf 88' lang='lat' dir='ltr'>res</span> <span class='ocrx_word' id='word_1_658' title='bbox 376 2563 500 2604; x_wconf 87' lang='lat' dir='ltr'>singulae</span> <span class='ocrx_word' id='word_1_659' title='bbox 525 2569 579 2593; x_wconf 90' lang='lat' dir='ltr'>aut</span> <span class='ocrx_word' id='word_1_660' title='bbox 601 2563 731 2594; x_wconf 89' lang='lat' dir='ltr'>nomine</span> <span class='ocrx_word' id='word_1_661' title='bbox 750 2563 824 2601; x_wconf 88' lang='lat' dir='ltr'>suo,</span> <span class='ocrx_word' id='word_1_662' title='bbox 848 2570 901 2593; x_wconf 85' lang='lat' dir='ltr'>aut</span> <span class='ocrx_word' id='word_1_663' title='bbox 918 2570 1005 2594; x_wconf 89' lang='lat' dir='ltr'>certa</span> <span class='ocrx_word' id='word_1_664' title='bbox 1024 2563 1076 2593; x_wconf 81' lang='lat' dir='ltr'>de-</span> 
     </span>
     <span class='ocr_line' id='line_1_95' title="bbox 211 2603 1075 2643; baseline -0.003 -5"><span class='ocrx_word' id='word_1_665' title='bbox 211 2604 463 2642; x_wconf 86' lang='lat' dir='ltr'>monstratione,</span> <span class='ocrx_word' id='word_1_666' title='bbox 501 2603 735 2643; x_wconf 79' lang='lat' dir='ltr'>intelliguntur:</span> <span class='ocrx_word' id='word_1_667' title='bbox 772 2614 813 2635; x_wconf 90' lang='lat' dir='ltr'>eo</span> <span class='ocrx_word' id='word_1_668' title='bbox 845 2604 983 2642; x_wconf 66' lang='lat' dir='ltr'>faftum3</span> <span class='ocrx_word' id='word_1_669' title='bbox 1020 2611 1075 2642; x_wconf 90' lang='lat' dir='ltr'>ut,</span> 
     </span>
     <span class='ocr_line' id='line_1_96' title="bbox 211 2644 1077 2687; baseline -0.001 -10"><span class='ocrx_word' id='word_1_670' title='bbox 211 2655 284 2687; x_wconf 78' lang='lat' dir='ltr'>quae</span> <span class='ocrx_word' id='word_1_671' title='bbox 302 2646 403 2677; x_wconf 86' lang='lat' dir='ltr'>altero</span> <span class='ocrx_word' id='word_1_672' title='bbox 422 2644 620 2685; x_wconf 74' lang='lat' dir='ltr'>designantur</span> <span class='ocrx_word' id='word_1_673' title='bbox 635 2647 735 2676; x_wconf 88' lang='lat' dir='ltr'>modo</span> <span class='ocrx_word' id='word_1_674' title='bbox 747 2669 757 2684; x_wconf 93' lang='lat'>,</span> <span class='ocrx_word' id='word_1_675' title='bbox 782 2655 826 2676; x_wconf 85' lang='lat' dir='ltr'>eae</span> <span class='ocrx_word' id='word_1_676' title='bbox 842 2645 1030 2677; x_wconf 79' lang='lat' dir='ltr'>nominatim</span> <span class='ocrx_word' id='word_1_677' title='bbox 1048 2645 1077 2676; x_wconf 85' lang='lat'>&amp;</span> 
     </span>
     <span class='ocr_line' id='line_1_97' title="bbox 212 2685 1075 2728; baseline -0.003 -8"><span class='ocrx_word' id='word_1_678' title='bbox 212 2687 394 2728; x_wconf 80' lang='lat' dir='ltr'>specialiter</span> <span class='ocrx_word' id='word_1_679' title='bbox 418 2686 569 2725; x_wconf 70' lang='lat' dir='ltr'>designari</span> <span class='ocrx_word' id='word_1_680' title='bbox 591 2685 735 2725; x_wconf 83' lang='lat' dir='ltr'>dicantur</span> <span class='ocrx_word' id='word_1_681' title='bbox 752 2687 770 2718; x_wconf 86' lang='lat' dir='ltr'>l.</span> <span class='ocrx_word' id='word_1_682' title='bbox 794 2696 844 2727; x_wconf 81' lang='lat'>37.</span> <span class='ocrx_word' id='word_1_683' title='bbox 865 2685 901 2721; x_wconf 67' lang='lat'>{3⁹</span> <span class='ocrx_word' id='word_1_684' title='bbox 918 2687 937 2718; x_wconf 88' lang='lat' dir='ltr'>l.</span> <span class='ocrx_word' id='word_1_685' title='bbox 959 2696 1007 2726; x_wconf 64' lang='lat'>24.</span> <span class='ocrx_word' id='word_1_686' title='bbox 1033 2685 1075 2717; x_wconf 90' lang='lat' dir='ltr'>D.</span> 
     </span>
     <span class='ocr_line' id='line_1_98' title="bbox 214 2725 1077 2767; baseline -0.003 -6"><span class='ocrx_word' id='word_1_687' title='bbox 214 2731 248 2762; x_wconf 78' lang='lat' dir='ltr'>de</span> <span class='ocrx_word' id='word_1_688' title='bbox 264 2726 440 2767; x_wconf 81' lang='lat' dir='ltr'>manumiffis</span> <span class='ocrx_word' id='word_1_689' title='bbox 456 2725 636 2767; x_wconf 74' lang='lat' dir='ltr'>testamento.-</span> <span class='ocrx_word' id='word_1_690' title='bbox 659 2728 738 2759; x_wconf 84' lang='lat' dir='ltr'>item</span> <span class='ocrx_word' id='word_1_691' title='bbox 753 2727 830 2758; x_wconf 86' lang='lat' dir='ltr'>sicut</span> <span class='ocrx_word' id='word_1_692' title='bbox 848 2727 1028 2767; x_wconf 85' lang='lat' dir='ltr'>specialiter</span> <span class='ocrx_word' id='word_1_693' title='bbox 1047 2727 1077 2758; x_wconf 74' lang='grc' dir='ltr'>ἂ</span> 
     </span>
     <span class='ocr_line' id='line_1_99' title="bbox 212 2768 1077 2814; baseline -0.003 -12"><span class='ocrx_word' id='word_1_694' title='bbox 212 2769 403 2814; x_wconf 86' lang='lat' dir='ltr'>generaliter</span> <span class='ocrx_word' id='word_1_695' title='bbox 422 2775 650 2809; x_wconf 87' lang='lat' dir='ltr'>opponuntur,</span> <span class='ocrx_word' id='word_1_696' title='bbox 671 2768 712 2800; x_wconf 90' lang='lat' dir='ltr'>sic</span> <span class='ocrx_word' id='word_1_697' title='bbox 730 2769 919 2800; x_wconf 86' lang='lat' dir='ltr'>nominatim</span> <span class='ocrx_word' id='word_1_698' title='bbox 935 2768 965 2800; x_wconf 88' lang='lat'>&amp;</span> <span class='ocrx_word' id='word_1_699' title='bbox 982 2778 1077 2808; x_wconf 87' lang='lat' dir='ltr'>gene-</span> 
     </span>
     <span class='ocr_line' id='line_1_100' title="bbox 214 2808 1077 2850; baseline -0.005 -5"><span class='ocrx_word' id='word_1_700' title='bbox 214 2812 324 2845; x_wconf 80' lang='lat' dir='ltr'>raliter</span> <span class='ocrx_word' id='word_1_701' title='bbox 341 2818 547 2850; x_wconf 86' lang='lat' dir='ltr'>opponantur</span> <span class='ocrx_word' id='word_1_702' title='bbox 565 2809 585 2841; x_wconf 78' lang='grc' dir='ltr'>ί.</span> <span class='ocrx_word' id='word_1_703' title='bbox 606 2819 656 2850; x_wconf 81' lang='lat'>32.</span> <span class='ocrx_word' id='word_1_704' title='bbox 681 2808 723 2840; x_wconf 94' lang='lat' dir='ltr'>D.</span> <span class='ocrx_word' id='word_1_705' title='bbox 742 2811 775 2840; x_wconf 81' lang='lat' dir='ltr'>de</span> <span class='ocrx_word' id='word_1_706' title='bbox 793 2810 928 2841; x_wconf 75' lang='lat' dir='ltr'>AEclilitio</span> <span class='ocrx_word' id='word_1_707' title='bbox 944 2809 1041 2841; x_wconf 64' lang='lat' dir='ltr'>editio.</span> <span class='ocrx_word' id='word_1_708' title='bbox 1058 2809 1077 2841; x_wconf 78' lang='lat' dir='ltr'>l.</span> 
     </span>
     <span class='ocr_line' id='line_1_101' title="bbox 216 2850 1078 2892; baseline -0.005 -6"><span class='ocrx_word' id='word_1_709' title='bbox 216 2864 247 2886; x_wconf 81' lang='lat'>2.</span> <span class='ocrx_word' id='word_1_710' title='bbox 269 2853 302 2884; x_wconf 90' lang='lat' dir='ltr'>C.</span> <span class='ocrx_word' id='word_1_711' title='bbox 322 2853 354 2883; x_wconf 75' lang='lat' dir='ltr'>tle</span> <span class='ocrx_word' id='word_1_712' title='bbox 366 2852 546 2892; x_wconf 73' lang='lat' dir='ltr'>pigrioribus.</span> <span class='ocrx_word' id='word_1_713' title='bbox 583 2850 671 2890; x_wconf 81' lang='lat' dir='ltr'>Jam,</span> <span class='ocrx_word' id='word_1_714' title='bbox 696 2852 767 2890; x_wconf 80' lang='lat' dir='ltr'>quin</span> <span class='ocrx_word' id='word_1_715' title='bbox 782 2852 833 2882; x_wconf 86' lang='lat' dir='ltr'>illa</span> <span class='ocrx_word' id='word_1_716' title='bbox 848 2852 1008 2891; x_wconf 73' lang='lat' dir='ltr'>specialiter</span> <span class='ocrx_word' id='word_1_717' title='bbox 1026 2851 1078 2881; x_wconf 88' lang='lat' dir='ltr'>seu</span> 
     </span>
     <span class='ocr_line' id='line_1_102' title="bbox 215 2889 1078 2934; baseline -0.003 -8"><span class='ocrx_word' id='word_1_718' title='bbox 215 2895 389 2927; x_wconf 80' lang='lat' dir='ltr'>nominatim</span> <span class='ocrx_word' id='word_1_719' title='bbox 409 2892 438 2924; x_wconf 72' lang='grc' dir='ltr'>δι</span> <span class='ocrx_word' id='word_1_720' title='bbox 450 2892 520 2934; x_wconf 82' lang='lat' dir='ltr'>jare</span> <span class='ocrx_word' id='word_1_721' title='bbox 533 2889 721 2932; x_wconf 69' lang='lat' dir='ltr'>magistratus</span> <span class='ocrx_word' id='word_1_722' title='bbox 738 2894 1001 2924; x_wconf 86' lang='lat' dir='ltr'>committuntur:</span> <span class='ocrx_word' id='word_1_723' title='bbox 1025 2900 1078 2932; x_wconf 86' lang='lat' dir='ltr'>ap·</span> 
     </span>
     <span class='ocr_line' id='line_1_103' title="bbox 213 2931 1081 2976; baseline -0.003 -9"><span class='ocrx_word' id='word_1_724' title='bbox 213 2942 326 2976; x_wconf 83' lang='lat' dir='ltr'>paret,</span> <span class='ocrx_word' id='word_1_725' title='bbox 350 2933 405 2965; x_wconf 83' lang='lat' dir='ltr'>ista</span> <span class='ocrx_word' id='word_1_726' title='bbox 419 2933 592 2975; x_wconf 77' lang='lat' dir='ltr'>generaliter</span> <span class='ocrx_word' id='word_1_727' title='bbox 611 2935 640 2963; x_wconf 66' lang='grc' dir='ltr'>ἃ</span> <span class='ocrx_word' id='word_1_728' title='bbox 652 2933 720 2973; x_wconf 82' lang='lat' dir='ltr'>jare</span> <span class='ocrx_word' id='word_1_729' title='bbox 737 2931 924 2974; x_wconf 73' lang='lat' dir='ltr'>magistratus</span> <span class='ocrx_word' id='word_1_730' title='bbox 941 2933 1058 2965; x_wconf 85' lang='lat' dir='ltr'>deferri</span> <span class='ocrx_word' id='word_1_731' title='bbox 1072 2956 1081 2972; x_wconf 93' lang='lat'>,</span> 
     </span>
     <span class='ocr_line' id='line_1_104' title="bbox 215 2973 1080 3016; baseline -0.005 -7"><span class='ocrx_word' id='word_1_732' title='bbox 215 2979 294 3009; x_wconf 86' lang='lat' dir='ltr'>item</span> <span class='ocrx_word' id='word_1_733' title='bbox 311 2976 380 3007; x_wconf 71' lang='lat' dir='ltr'>haec</span> <span class='ocrx_word' id='word_1_734' title='bbox 390 2975 555 3015; x_wconf 72' lang='lat' dir='ltr'>specialiter</span> <span class='ocrx_word' id='word_1_735' title='bbox 572 2973 602 3004; x_wconf 89' lang='lat'>&amp;</span> <span class='ocrx_word' id='word_1_736' title='bbox 619 2975 789 3004; x_wconf 81' lang='lat' dir='ltr'>nominatim</span> <span class='ocrx_word' id='word_1_737' title='bbox 812 2977 880 3015; x_wconf 88' lang='lat' dir='ltr'>lege</span> <span class='ocrx_word' id='word_1_738' title='bbox 897 2975 1056 3016; x_wconf 85' lang='lat' dir='ltr'>indulgeri</span> <span class='ocrx_word' id='word_1_739' title='bbox 1070 2997 1080 3013; x_wconf 93' lang='lat'>,</span> 
     </span>
     <span class='ocr_line' id='line_1_105' title="bbox 218 3014 1081 3055; baseline -0.005 -5"><span class='ocrx_word' id='word_1_740' title='bbox 218 3026 341 3050; x_wconf 88' lang='lat' dir='ltr'>tantum</span> <span class='ocrx_word' id='word_1_741' title='bbox 367 3025 432 3047; x_wconf 93' lang='lat' dir='ltr'>non</span> <span class='ocrx_word' id='word_1_742' title='bbox 457 3016 541 3047; x_wconf 85' lang='lat' dir='ltr'>idem</span> <span class='ocrx_word' id='word_1_743' title='bbox 571 3014 742 3055; x_wconf 82' lang='lat' dir='ltr'>defignare.</span> <span class='ocrx_word' id='word_1_744' title='bbox 788 3015 925 3046; x_wconf 87' lang='lat' dir='ltr'>Proinde</span> <span class='ocrx_word' id='word_1_745' title='bbox 957 3017 1081 3054; x_wconf 85' lang='lat' dir='ltr'>placet,</span> 
     </span>
     <span class='ocr_line' id='line_1_106' title="bbox 217 3055 1082 3100; baseline -0.006 -9"><span class='ocrx_word' id='word_1_746' title='bbox 217 3059 240 3091; x_wconf 88' lang='lat' dir='ltr'><strong>fi</strong></span> <span class='ocrx_word' id='word_1_747' title='bbox 260 3068 331 3100; x_wconf 86' lang='lat' dir='ltr'>quae</span> <span class='ocrx_word' id='word_1_748' title='bbox 348 3057 407 3089; x_wconf 87' lang='lat' dir='ltr'>sint</span> <span class='ocrx_word' id='word_1_749' title='bbox 424 3056 623 3097; x_wconf 88' lang='lat' dir='ltr'>Magistratui</span> <span class='ocrx_word' id='word_1_750' title='bbox 643 3057 732 3093; x_wconf 77' lang='lat' dir='ltr'>data,</span> <span class='ocrx_word' id='word_1_751' title='bbox 755 3065 820 3086; x_wconf 92' lang='lat' dir='ltr'>non</span> <span class='ocrx_word' id='word_1_752' title='bbox 839 3055 1014 3096; x_wconf 82' lang='lat' dir='ltr'>specialiter</span> <span class='ocrx_word' id='word_1_753' title='bbox 1031 3055 1082 3088; x_wconf 87' lang='lat' dir='ltr'>seu</span> 
     </span>
     <span class='ocr_line' id='line_1_107' title="bbox 220 3096 1081 3137; baseline -0.005 -6"><span class='ocrx_word' id='word_1_754' title='bbox 220 3100 429 3137; x_wconf 84' lang='lat' dir='ltr'>nominatim,</span> <span class='ocrx_word' id='word_1_755' title='bbox 454 3098 487 3129; x_wconf 92' lang='lat' dir='ltr'>id</span> <span class='ocrx_word' id='word_1_756' title='bbox 503 3097 566 3136; x_wconf 89' lang='lat' dir='ltr'>est,</span> <span class='ocrx_word' id='word_1_757' title='bbox 589 3106 654 3128; x_wconf 92' lang='lat' dir='ltr'>non</span> <span class='ocrx_word' id='word_1_758' title='bbox 686 3096 851 3137; x_wconf 86' lang='lat' dir='ltr'>separatim</span> <span class='ocrx_word' id='word_1_759' title='bbox 875 3097 914 3127; x_wconf 90' lang='lat' dir='ltr'>ab</span> <span class='ocrx_word' id='word_1_760' title='bbox 940 3097 1081 3129; x_wconf 86' lang='lat' dir='ltr'>universa</span> 
     </span>
     <span class='ocr_line' id='line_1_108' title="bbox 219 3137 1081 3181; baseline -0.003 -10"><span class='ocrx_word' id='word_1_761' title='bbox 219 3140 458 3181; x_wconf 68' lang='lat' dir='ltr'>JuriStliCtione3</span> <span class='ocrx_word' id='word_1_762' title='bbox 479 3139 549 3170; x_wconf 88' lang='lat' dir='ltr'>haec</span> <span class='ocrx_word' id='word_1_763' title='bbox 565 3138 609 3170; x_wconf 91' lang='lat' dir='ltr'>illi</span> <span class='ocrx_word' id='word_1_764' title='bbox 634 3137 697 3169; x_wconf 91' lang='lat' dir='ltr'>five</span> <span class='ocrx_word' id='word_1_765' title='bbox 714 3148 804 3170; x_wconf 91' lang='lat' dir='ltr'>more</span> <span class='ocrx_word' id='word_1_766' title='bbox 822 3137 974 3178; x_wconf 83' lang='lat' dir='ltr'>majorum</span> <span class='ocrx_word' id='word_1_767' title='bbox 986 3161 995 3176; x_wconf 93' lang='lat'><em>‚</em></span> <span class='ocrx_word' id='word_1_768' title='bbox 1018 3138 1081 3169; x_wconf 86' lang='lat' dir='ltr'>sive</span> 
     </span>
     <span class='ocr_line' id='line_1_109' title="bbox 220 3179 1081 3222; baseline -0.003 -10"><span class='ocrx_word' id='word_1_769' title='bbox 220 3181 289 3222; x_wconf 80' lang='lat' dir='ltr'>jure</span> <span class='ocrx_word' id='word_1_770' title='bbox 300 3180 520 3221; x_wconf 77' lang='lat' dir='ltr'>Magistratus,</span> <span class='ocrx_word' id='word_1_771' title='bbox 532 3180 672 3219; x_wconf 82' lang='lat' dir='ltr'>fivejtire</span> <span class='ocrx_word' id='word_1_772' title='bbox 682 3179 753 3218; x_wconf 82' lang='lat' dir='ltr'>suo,</span> <span class='ocrx_word' id='word_1_773' title='bbox 769 3187 974 3219; x_wconf 85' lang='lat' dir='ltr'>competere:</span> <span class='ocrx_word' id='word_1_774' title='bbox 991 3181 1081 3219; x_wconf 89' lang='lat' dir='ltr'>quip-</span> 
     </span>
     <span class='ocr_line' id='line_1_110' title="bbox 224 3219 1082 3261; baseline -0.003 -8"><span class='ocrx_word' id='word_1_775' title='bbox 224 3231 266 3261; x_wconf 87' lang='lat' dir='ltr'>pe</span> <span class='ocrx_word' id='word_1_776' title='bbox 291 3230 363 3252; x_wconf 88' lang='lat' dir='ltr'>cum</span> <span class='ocrx_word' id='word_1_777' title='bbox 380 3221 522 3261; x_wconf 89' lang='lat' dir='ltr'>constet,</span> <span class='ocrx_word' id='word_1_778' title='bbox 546 3230 619 3253; x_wconf 87' lang='lat' dir='ltr'>eum</span> <span class='ocrx_word' id='word_1_779' title='bbox 635 3220 844 3252; x_wconf 90' lang='lat' dir='ltr'>constitutum</span> <span class='ocrx_word' id='word_1_780' title='bbox 866 3219 928 3251; x_wconf 78' lang='lat' dir='ltr'>effe</span> <span class='ocrx_word' id='word_1_781' title='bbox 944 3220 981 3250; x_wconf 87' lang='lat' dir='ltr'>ad</span> <span class='ocrx_word' id='word_1_782' title='bbox 1000 3219 1082 3257; x_wconf 93' lang='lat' dir='ltr'>hoc,</span> 
     </span>
     <span class='ocr_line' id='line_1_111' title="bbox 224 3260 1083 3305; baseline 0 -10"><span class='ocrx_word' id='word_1_783' title='bbox 224 3270 260 3295; x_wconf 84' lang='lat' dir='ltr'>ut</span> <span class='ocrx_word' id='word_1_784' title='bbox 278 3261 327 3302; x_wconf 85' lang='lat' dir='ltr'>jus</span> <span class='ocrx_word' id='word_1_785' title='bbox 346 3262 447 3295; x_wconf 84' lang='lat' dir='ltr'>dicat:</span> <span class='ocrx_word' id='word_1_786' title='bbox 469 3270 501 3296; x_wconf 87' lang='lat' dir='ltr'>at</span> <span class='ocrx_word' id='word_1_787' title='bbox 519 3263 538 3296; x_wconf 88' lang='lat' dir='ltr'>si</span> <span class='ocrx_word' id='word_1_788' title='bbox 554 3272 626 3305; x_wconf 84' lang='lat' dir='ltr'>quae</span> <span class='ocrx_word' id='word_1_789' title='bbox 647 3263 677 3296; x_wconf 86' lang='lat' dir='ltr'>ei</span> <span class='ocrx_word' id='word_1_790' title='bbox 696 3263 767 3296; x_wconf 73' lang='lat' dir='ltr'>data</span> <span class='ocrx_word' id='word_1_791' title='bbox 782 3261 841 3296; x_wconf 85' lang='lat' dir='ltr'>sint</span> <span class='ocrx_word' id='word_1_792' title='bbox 863 3260 1028 3303; x_wconf 77' lang='lat' dir='ltr'>separatim</span> <span class='ocrx_word' id='word_1_793' title='bbox 1044 3261 1083 3295; x_wconf 80' lang='lat' dir='ltr'>ab</span> 
     </span>
    </p>
   </div>
   <div class='ocr_carea' id='block_1_9' title="bbox 1116 2229 1992 3330">
    <p class='ocr_par' dir='ltr' id='par_1_11' title="bbox 1116 2229 1990 3330">
     <span class='ocr_line' id='line_1_112' title="bbox 1116 2229 1986 2270; baseline 0 -8"><span class='ocrx_word' id='word_1_794' title='bbox 1116 2230 1258 2262; x_wconf 82' lang='lat' dir='ltr'>universa</span> <span class='ocrx_word' id='word_1_795' title='bbox 1282 2229 1523 2270; x_wconf 77' lang='lat' dir='ltr'>jurisdiCtione3</span> <span class='ocrx_word' id='word_1_796' title='bbox 1552 2229 1621 2262; x_wconf 84' lang='lat' dir='ltr'>haec</span> <span class='ocrx_word' id='word_1_797' title='bbox 1645 2230 1673 2261; x_wconf 87' lang='lat' dir='ltr'>ei</span> <span class='ocrx_word' id='word_1_798' title='bbox 1702 2229 1731 2262; x_wconf 69' lang='grc' dir='ltr'>ξι</span> <span class='ocrx_word' id='word_1_799' title='bbox 1755 2229 1932 2270; x_wconf 68' lang='lat' dir='ltr'>specialiter</span> <span class='ocrx_word' id='word_1_800' title='bbox 1954 2229 1986 2262; x_wconf 73' lang='grc' dir='ltr'>δε</span> 
     </span>
     <span class='ocr_line' id='line_1_113' title="bbox 1117 2271 1986 2314; baseline -0.001 -10"><span class='ocrx_word' id='word_1_801' title='bbox 1117 2273 1306 2304; x_wconf 86' lang='lat' dir='ltr'>nominatim</span> <span class='ocrx_word' id='word_1_802' title='bbox 1324 2273 1395 2303; x_wconf 87' lang='lat' dir='ltr'>data</span> <span class='ocrx_word' id='word_1_803' title='bbox 1412 2272 1556 2314; x_wconf 78' lang='lat' dir='ltr'>intelligi.</span> <span class='ocrx_word' id='word_1_804' title='bbox 1600 2271 1680 2303; x_wconf 83' lang='lat' dir='ltr'>Illud</span> <span class='ocrx_word' id='word_1_805' title='bbox 1696 2274 1826 2311; x_wconf 63' lang='lat' dir='ltr'>addam,</span> <span class='ocrx_word' id='word_1_806' title='bbox 1853 2272 1986 2303; x_wconf 71' lang='lat' dir='ltr'>inhilre-</span> 
     </span>
     <span class='ocr_line' id='line_1_114' title="bbox 1117 2313 1987 2352; baseline -0.001 -7"><span class='ocrx_word' id='word_1_807' title='bbox 1117 2314 1221 2352; x_wconf 87' lang='lat' dir='ltr'>ferre,</span> <span class='ocrx_word' id='word_1_808' title='bbox 1246 2322 1351 2344; x_wconf 81' lang='lat' dir='ltr'>utrum</span> <span class='ocrx_word' id='word_1_809' title='bbox 1375 2313 1509 2352; x_wconf 70' lang='lat' dir='ltr'>persona</span> <span class='ocrx_word' id='word_1_810' title='bbox 1533 2313 1582 2344; x_wconf 89' lang='lat' dir='ltr'>cui</span> <span class='ocrx_word' id='word_1_811' title='bbox 1603 2314 1670 2343; x_wconf 80' lang='lat' dir='ltr'>naec</span> <span class='ocrx_word' id='word_1_812' title='bbox 1695 2315 1830 2351; x_wconf 78' lang='lat' dir='ltr'>dentur,</span> <span class='ocrx_word' id='word_1_813' title='bbox 1854 2317 1909 2344; x_wconf 80' lang='lat' dir='ltr'>luo</span> <span class='ocrx_word' id='word_1_814' title='bbox 1927 2322 1987 2344; x_wconf 86' lang='lat' dir='ltr'>no-</span> 
     </span>
     <span class='ocr_line' id='line_1_115' title="bbox 1119 2353 1988 2395; baseline -0.002 -8"><span class='ocrx_word' id='word_1_815' title='bbox 1119 2357 1204 2387; x_wconf 89' lang='lat' dir='ltr'>mine</span> <span class='ocrx_word' id='word_1_816' title='bbox 1221 2355 1435 2394; x_wconf 79' lang='lat' dir='ltr'>exprimatur,</span> <span class='ocrx_word' id='word_1_817' title='bbox 1454 2364 1491 2386; x_wconf 89' lang='lat' dir='ltr'>an</span> <span class='ocrx_word' id='word_1_818' title='bbox 1504 2353 1707 2395; x_wconf 82' lang='lat' dir='ltr'>Magistratus</span> <span class='ocrx_word' id='word_1_819' title='bbox 1725 2354 1906 2395; x_wconf 81' lang='lat' dir='ltr'>designetur</span> <span class='ocrx_word' id='word_1_820' title='bbox 1917 2363 1988 2385; x_wconf 87' lang='lat' dir='ltr'>cer·</span> 
     </span>
     <span class='ocr_line' id='line_1_116' title="bbox 1117 2396 1985 2437; baseline -0.002 -9"><span class='ocrx_word' id='word_1_821' title='bbox 1117 2404 1176 2428; x_wconf 86' lang='lat' dir='ltr'>tus.</span> <span class='ocrx_word' id='word_1_822' title='bbox 1201 2404 1235 2427; x_wconf 91' lang='lat' dir='ltr'>ut</span> <span class='ocrx_word' id='word_1_823' title='bbox 1255 2396 1339 2427; x_wconf 90' lang='lat' dir='ltr'>enim</span> <span class='ocrx_word' id='word_1_824' title='bbox 1365 2396 1552 2427; x_wconf 81' lang='lat' dir='ltr'>nominatim</span> <span class='ocrx_word' id='word_1_825' title='bbox 1581 2396 1653 2426; x_wconf 90' lang='lat' dir='ltr'>data</span> <span class='ocrx_word' id='word_1_826' title='bbox 1677 2397 1871 2437; x_wconf 82' lang='lat' dir='ltr'>intelligatur</span> <span class='ocrx_word' id='word_1_827' title='bbox 1893 2396 1985 2436; x_wconf 89' lang='lat' dir='ltr'>juris·</span> 
     </span>
     <span class='ocr_line' id='line_1_117' title="bbox 1117 2436 1990 2478; baseline 0 -9"><span class='ocrx_word' id='word_1_828' title='bbox 1117 2438 1240 2476; x_wconf 67' lang='lat' dir='ltr'>dicti03</span> <span class='ocrx_word' id='word_1_829' title='bbox 1265 2436 1396 2475; x_wconf 83' lang='lat' dir='ltr'>sufficit,</span> <span class='ocrx_word' id='word_1_830' title='bbox 1423 2446 1491 2468; x_wconf 86' lang='lat' dir='ltr'>earn</span> <span class='ocrx_word' id='word_1_831' title='bbox 1516 2436 1680 2478; x_wconf 82' lang='lat' dir='ltr'>separatim</span> <span class='ocrx_word' id='word_1_832' title='bbox 1698 2447 1714 2468; x_wconf 87' lang='lat' dir='ltr'>a</span> <span class='ocrx_word' id='word_1_833' title='bbox 1738 2437 1876 2478; x_wconf 77' lang='lat' dir='ltr'>generali</span> <span class='ocrx_word' id='word_1_834' title='bbox 1898 2437 1990 2476; x_wconf 87' lang='lat' dir='ltr'>juris-</span> 
     </span>
     <span class='ocr_line' id='line_1_118' title="bbox 1117 2477 1986 2519; baseline -0.002 -9"><span class='ocrx_word' id='word_1_835' title='bbox 1117 2479 1423 2519; x_wconf 74' lang='lat' dir='ltr'>dictionedelegari,</span> <span class='ocrx_word' id='word_1_836' title='bbox 1447 2477 1501 2509; x_wconf 88' lang='lat' dir='ltr'>etsi</span> <span class='ocrx_word' id='word_1_837' title='bbox 1519 2488 1582 2509; x_wconf 91' lang='lat' dir='ltr'>non</span> <span class='ocrx_word' id='word_1_838' title='bbox 1605 2480 1794 2509; x_wconf 79' lang='lat' dir='ltr'>nominatim</span> <span class='ocrx_word' id='word_1_839' title='bbox 1816 2477 1851 2509; x_wconf 95' lang='lat' dir='ltr'>L.</span> <span class='ocrx_word' id='word_1_840' title='bbox 1870 2477 1986 2516; x_wconf 88' lang='lat' dir='ltr'>Titio,</span> 
     </span>
     <span class='ocr_line' id='line_1_119' title="bbox 1117 2519 1987 2560; baseline 0.001 -10"><span class='ocrx_word' id='word_1_841' title='bbox 1117 2520 1207 2551; x_wconf 88' lang='lat' dir='ltr'>verbi</span> <span class='ocrx_word' id='word_1_842' title='bbox 1240 2520 1356 2560; x_wconf 76' lang='lat' dir='ltr'>gratia,</span> <span class='ocrx_word' id='word_1_843' title='bbox 1394 2528 1499 2551; x_wconf 87' lang='lat' dir='ltr'>tamen</span> <span class='ocrx_word' id='word_1_844' title='bbox 1533 2520 1721 2551; x_wconf 89' lang='lat' dir='ltr'>nominatim</span> <span class='ocrx_word' id='word_1_845' title='bbox 1748 2519 1877 2551; x_wconf 83' lang='lat' dir='ltr'>Praetori</span> <span class='ocrx_word' id='word_1_846' title='bbox 1891 2543 1901 2558; x_wconf 92' lang='lat'>,</span> <span class='ocrx_word' id='word_1_847' title='bbox 1932 2519 1987 2551; x_wconf 90' lang='lat' dir='ltr'>vel</span> 
     </span>
     <span class='ocr_line' id='line_1_120' title="bbox 1119 2560 1986 2601; baseline -0.001 -8"><span class='ocrx_word' id='word_1_848' title='bbox 1119 2561 1260 2598; x_wconf 79' lang='lat' dir='ltr'>Praesidi,</span> <span class='ocrx_word' id='word_1_849' title='bbox 1285 2561 1335 2591; x_wconf 87' lang='lat' dir='ltr'>vel</span> <span class='ocrx_word' id='word_1_850' title='bbox 1359 2560 1448 2592; x_wconf 83' lang='lat' dir='ltr'>simili</span> <span class='ocrx_word' id='word_1_851' title='bbox 1479 2560 1703 2601; x_wconf 82' lang='lat' dir='ltr'>Magistratui:</span> <span class='ocrx_word' id='word_1_852' title='bbox 1729 2569 1763 2592; x_wconf 91' lang='lat' dir='ltr'>ut</span> <span class='ocrx_word' id='word_1_853' title='bbox 1787 2562 1819 2592; x_wconf 91' lang='lat' dir='ltr'>in</span> <span class='ocrx_word' id='word_1_854' title='bbox 1842 2561 1861 2592; x_wconf 85' lang='lat' dir='ltr'>l.</span> <span class='ocrx_word' id='word_1_855' title='bbox 1889 2565 1917 2595; x_wconf 89' lang='lat'>8.</span> <span class='ocrx_word' id='word_1_856' title='bbox 1934 2567 1986 2601; x_wconf 87' lang='lat' dir='ltr'>pr.</span> 
     </span>
     <span class='ocr_line' id='line_1_121' title="bbox 1119 2601 1987 2644; baseline -0.001 -11"><span class='ocrx_word' id='word_1_857' title='bbox 1119 2603 1155 2637; x_wconf 53' lang='grc' dir='ltr'>ἐξ</span> <span class='ocrx_word' id='word_1_858' title='bbox 1173 2602 1200 2644; x_wconf 83' lang='lat'>§.</span> <span class='ocrx_word' id='word_1_859' title='bbox 1225 2606 1269 2635; x_wconf 88' lang='lat'>18.</span> <span class='ocrx_word' id='word_1_860' title='bbox 1286 2601 1328 2632; x_wconf 91' lang='lat' dir='ltr'>D.</span> <span class='ocrx_word' id='word_1_861' title='bbox 1354 2603 1387 2632; x_wconf 83' lang='lat' dir='ltr'>de</span> <span class='ocrx_word' id='word_1_862' title='bbox 1408 2601 1658 2639; x_wconf 65' lang='lat' dir='ltr'>transatiionihus.</span> <span class='ocrx_word' id='word_1_863' title='bbox 1683 2602 1703 2633; x_wconf 87' lang='lat' dir='ltr'>l.</span> <span class='ocrx_word' id='word_1_864' title='bbox 1734 2612 1760 2633; x_wconf 92' lang='lat'>1.</span> <span class='ocrx_word' id='word_1_865' title='bbox 1788 2602 1816 2644; x_wconf 84' lang='lat'>§.</span> <span class='ocrx_word' id='word_1_866' title='bbox 1839 2612 1866 2633; x_wconf 85' lang='lat'>2.</span> <span class='ocrx_word' id='word_1_867' title='bbox 1886 2601 1927 2632; x_wconf 95' lang='lat' dir='ltr'>D.</span> <span class='ocrx_word' id='word_1_868' title='bbox 1951 2602 1987 2632; x_wconf 78' lang='lat' dir='ltr'>de</span> 
     </span>
     <span class='ocr_line' id='line_1_122' title="bbox 1119 2642 1988 2684; baseline -0.003 -9"><span class='ocrx_word' id='word_1_869' title='bbox 1119 2646 1202 2675; x_wconf 77' lang='lat' dir='ltr'>rebus</span> <span class='ocrx_word' id='word_1_870' title='bbox 1218 2652 1313 2673; x_wconf 79' lang='lat' dir='ltr'>eoram</span> <span class='ocrx_word' id='word_1_871' title='bbox 1330 2645 1380 2684; x_wconf 83' lang='lat' dir='ltr'>qui</span> <span class='ocrx_word' id='word_1_872' title='bbox 1402 2645 1460 2683; x_wconf 80' lang='lat' dir='ltr'>Juh</span> <span class='ocrx_word' id='word_1_873' title='bbox 1480 2643 1580 2673; x_wconf 84' lang='lat' dir='ltr'>tutela.</span> <span class='ocrx_word' id='word_1_874' title='bbox 1608 2643 1627 2673; x_wconf 86' lang='lat' dir='ltr'>l.</span> <span class='ocrx_word' id='word_1_875' title='bbox 1652 2652 1676 2674; x_wconf 92' lang='lat'>1.</span> <span class='ocrx_word' id='word_1_876' title='bbox 1695 2644 1727 2673; x_wconf 85' lang='lat' dir='ltr'>in</span> <span class='ocrx_word' id='word_1_877' title='bbox 1739 2642 1802 2682; x_wconf 89' lang='lat' dir='ltr'>fine</span> <span class='ocrx_word' id='word_1_878' title='bbox 1820 2649 1869 2684; x_wconf 83' lang='lat' dir='ltr'>pr.</span> <span class='ocrx_word' id='word_1_879' title='bbox 1894 2642 1936 2673; x_wconf 93' lang='lat' dir='ltr'>D.</span> <span class='ocrx_word' id='word_1_880' title='bbox 1954 2644 1988 2672; x_wconf 80' lang='lat' dir='ltr'>de</span> 
     </span>
     <span class='ocr_line' id='line_1_123' title="bbox 1120 2682 1989 2727; baseline -0.002 -11"><span class='ocrx_word' id='word_1_881' title='bbox 1120 2684 1209 2727; x_wconf 84' lang='lat' dir='ltr'>officio</span> <span class='ocrx_word' id='word_1_882' title='bbox 1226 2685 1287 2725; x_wconf 81' lang='lat' dir='ltr'>ejus</span> <span class='ocrx_word' id='word_1_883' title='bbox 1304 2686 1351 2714; x_wconf 81' lang='lat' dir='ltr'>cui</span> <span class='ocrx_word' id='word_1_884' title='bbox 1374 2686 1512 2715; x_wconf 81' lang='lat' dir='ltr'>mandata</span> <span class='ocrx_word' id='word_1_885' title='bbox 1539 2682 1577 2723; x_wconf 78' lang='lat' dir='ltr'>eft</span> <span class='ocrx_word' id='word_1_886' title='bbox 1595 2683 1768 2724; x_wconf 60' lang='lat' dir='ltr'>jurisdictio.</span> <span class='ocrx_word' id='word_1_887' title='bbox 1793 2683 1812 2714; x_wconf 84' lang='lat' dir='ltr'>l.</span> <span class='ocrx_word' id='word_1_888' title='bbox 1842 2692 1867 2715; x_wconf 83' lang='lat'>1.</span> <span class='ocrx_word' id='word_1_889' title='bbox 1894 2683 1933 2714; x_wconf 83' lang='lat' dir='ltr'>D.</span> <span class='ocrx_word' id='word_1_890' title='bbox 1954 2684 1989 2714; x_wconf 77' lang='lat' dir='ltr'>cle</span> 
     </span>
     <span class='ocr_line' id='line_1_124' title="bbox 1121 2723 1988 2763; baseline -0.002 -6"><span class='ocrx_word' id='word_1_891' title='bbox 1121 2726 1263 2757; x_wconf 75' lang='lat' dir='ltr'>tutoribus</span> <span class='ocrx_word' id='word_1_892' title='bbox 1282 2725 1318 2759; x_wconf 62' lang='grc' dir='ltr'>ὅ)</span> <span class='ocrx_word' id='word_1_893' title='bbox 1338 2727 1520 2756; x_wconf 78' lang='lat' dir='ltr'>curatoribus</span> <span class='ocrx_word' id='word_1_894' title='bbox 1542 2725 1619 2756; x_wconf 83' lang='lat' dir='ltr'>datis</span> <span class='ocrx_word' id='word_1_895' title='bbox 1641 2726 1676 2755; x_wconf 84' lang='lat' dir='ltr'>ab</span> <span class='ocrx_word' id='word_1_896' title='bbox 1691 2725 1735 2755; x_wconf 81' lang='lat' dir='ltr'>his</span> <span class='ocrx_word' id='word_1_897' title='bbox 1758 2723 1830 2756; x_wconf 79' lang='lat' dir='ltr'>Plus</span> <span class='ocrx_word' id='word_1_898' title='bbox 1857 2724 1958 2756; x_wconf 88' lang='lat' dir='ltr'>dicam</span> <span class='ocrx_word' id='word_1_899' title='bbox 1975 2746 1988 2763; x_wconf 87' lang='lat'>‚</span> 
     </span>
     <span class='ocr_line' id='line_1_125' title="bbox 1120 2765 1988 2808; baseline -0.002 -10"><span class='ocrx_word' id='word_1_900' title='bbox 1120 2767 1283 2805; x_wconf 83' lang='lat' dir='ltr'>sufficere,</span> <span class='ocrx_word' id='word_1_901' title='bbox 1307 2765 1327 2797; x_wconf 92' lang='lat' dir='ltr'>si</span> <span class='ocrx_word' id='word_1_902' title='bbox 1344 2767 1395 2797; x_wconf 88' lang='lat' dir='ltr'>cui</span> <span class='ocrx_word' id='word_1_903' title='bbox 1414 2765 1610 2807; x_wconf 86' lang='lat' dir='ltr'>Magistratui</span> <span class='ocrx_word' id='word_1_904' title='bbox 1633 2768 1769 2808; x_wconf 88' lang='lat' dir='ltr'>primum</span> <span class='ocrx_word' id='word_1_905' title='bbox 1793 2767 1988 2797; x_wconf 78' lang='lat' dir='ltr'>nominatim</span> 
     </span>
     <span class='ocr_line' id='line_1_126' title="bbox 1120 2806 1989 2848; baseline -0.003 -8"><span class='ocrx_word' id='word_1_906' title='bbox 1120 2808 1157 2841; x_wconf 89' lang='lat' dir='ltr'>sit</span> <span class='ocrx_word' id='word_1_907' title='bbox 1173 2807 1315 2848; x_wconf 88' lang='lat' dir='ltr'>permissa</span> <span class='ocrx_word' id='word_1_908' title='bbox 1327 2808 1520 2848; x_wconf 61' lang='lat' dir='ltr'>jurisdictio,</span> <span class='ocrx_word' id='word_1_909' title='bbox 1538 2807 1568 2838; x_wconf 90' lang='lat'>&amp;</span> <span class='ocrx_word' id='word_1_910' title='bbox 1587 2808 1618 2838; x_wconf 86' lang='lat' dir='ltr'>in</span> <span class='ocrx_word' id='word_1_911' title='bbox 1640 2808 1705 2847; x_wconf 85' lang='lat' dir='ltr'>eJ&#39;us</span> <span class='ocrx_word' id='word_1_912' title='bbox 1721 2806 1916 2845; x_wconf 77' lang='lat' dir='ltr'>success&#39;ore‚</span> <span class='ocrx_word' id='word_1_913' title='bbox 1933 2813 1989 2838; x_wconf 86' lang='lat' dir='ltr'>aut</span> 
     </span>
     <span class='ocr_line' id='line_1_127' title="bbox 1121 2848 1989 2890; baseline -0.003 -9"><span class='ocrx_word' id='word_1_914' title='bbox 1121 2851 1184 2881; x_wconf 89' lang='lat' dir='ltr'>alio</span> <span class='ocrx_word' id='word_1_915' title='bbox 1196 2873 1205 2888; x_wconf 94' lang='lat'>,</span> <span class='ocrx_word' id='word_1_916' title='bbox 1218 2850 1291 2881; x_wconf 91' lang='lat' dir='ltr'>dein</span> <span class='ocrx_word' id='word_1_917' title='bbox 1311 2848 1365 2880; x_wconf 86' lang='lat' dir='ltr'>sub</span> <span class='ocrx_word' id='word_1_918' title='bbox 1383 2848 1598 2890; x_wconf 84' lang='lat' dir='ltr'>appellatione</span> <span class='ocrx_word' id='word_1_919' title='bbox 1620 2849 1722 2889; x_wconf 84' lang='lat' dir='ltr'>plenae</span> <span class='ocrx_word' id='word_1_920' title='bbox 1738 2849 1817 2890; x_wconf 85' lang='lat' dir='ltr'>legis</span> <span class='ocrx_word' id='word_1_921' title='bbox 1833 2848 1964 2880; x_wconf 62' lang='lat' dir='ltr'>aetionis</span> <span class='ocrx_word' id='word_1_922' title='bbox 1975 2870 1989 2887; x_wconf 90' lang='lat'>,</span> 
     </span>
     <span class='ocr_line' id='line_1_128' title="bbox 1123 2889 1989 2932; baseline -0.003 -10"><span class='ocrx_word' id='word_1_923' title='bbox 1123 2898 1177 2923; x_wconf 83' lang='lat' dir='ltr'>aut</span> <span class='ocrx_word' id='word_1_924' title='bbox 1193 2890 1375 2932; x_wconf 86' lang='lat' dir='ltr'>pleniffimae</span> <span class='ocrx_word' id='word_1_925' title='bbox 1390 2889 1827 2931; x_wconf 74' lang='lat' dir='ltr'>Jurisdittionis,fiiniliterve</span> <span class='ocrx_word' id='word_1_926' title='bbox 1836 2889 1989 2930; x_wconf 86' lang='lat' dir='ltr'>repetita.</span> 
     </span>
     <span class='ocr_line' id='line_1_129' title="bbox 1123 2930 1988 2972; baseline -0.005 -8"><span class='ocrx_word' id='word_1_927' title='bbox 1123 2942 1196 2964; x_wconf 86' lang='lat' dir='ltr'>nam</span> <span class='ocrx_word' id='word_1_928' title='bbox 1215 2930 1271 2963; x_wconf 85' lang='lat' dir='ltr'>etsi</span> <span class='ocrx_word' id='word_1_929' title='bbox 1288 2941 1319 2963; x_wconf 88' lang='lat' dir='ltr'>in</span> <span class='ocrx_word' id='word_1_930' title='bbox 1341 2931 1531 2972; x_wconf 90' lang='lat' dir='ltr'>Magistratu</span> <span class='ocrx_word' id='word_1_931' title='bbox 1547 2931 1590 2962; x_wconf 88' lang='lat' dir='ltr'>ita</span> <span class='ocrx_word' id='word_1_932' title='bbox 1603 2931 1652 2971; x_wconf 77' lang='lat' dir='ltr'>jus</span> <span class='ocrx_word' id='word_1_933' title='bbox 1671 2930 1726 2963; x_wconf 85' lang='lat' dir='ltr'>fit:</span> <span class='ocrx_word' id='word_1_934' title='bbox 1751 2939 1806 2970; x_wconf 86' lang='lat' dir='ltr'>ut,</span> <span class='ocrx_word' id='word_1_935' title='bbox 1828 2930 1849 2961; x_wconf 85' lang='lat' dir='ltr'><strong>fi</strong></span> <span class='ocrx_word' id='word_1_936' title='bbox 1866 2937 1988 2969; x_wconf 84' lang='lat' dir='ltr'>totam,</span> 
     </span>
     <span class='ocr_line' id='line_1_130' title="bbox 1124 2971 1989 3015; baseline -0.003 -11"><span class='ocrx_word' id='word_1_937' title='bbox 1124 2974 1270 3015; x_wconf 83' lang='lat' dir='ltr'>plenam,</span> <span class='ocrx_word' id='word_1_938' title='bbox 1294 2979 1348 3004; x_wconf 87' lang='lat' dir='ltr'>aut</span> <span class='ocrx_word' id='word_1_939' title='bbox 1362 2972 1589 3014; x_wconf 84' lang='lat' dir='ltr'>pleniffimam‚</span> <span class='ocrx_word' id='word_1_940' title='bbox 1610 2972 1879 3013; x_wconf 74' lang='lat' dir='ltr'>jurisdictionem,</span> <span class='ocrx_word' id='word_1_941' title='bbox 1896 2971 1989 3011; x_wconf 86' lang='lat' dir='ltr'>legis-</span> 
     </span>
     <span class='ocr_line' id='line_1_131' title="bbox 1126 3013 1989 3054; baseline -0.003 -9"><span class='ocrx_word' id='word_1_942' title='bbox 1126 3024 1165 3045; x_wconf 89' lang='lat' dir='ltr'>ve</span> <span class='ocrx_word' id='word_1_943' title='bbox 1188 3014 1347 3046; x_wconf 69' lang='lat' dir='ltr'>actionem</span> <span class='ocrx_word' id='word_1_944' title='bbox 1364 3037 1375 3053; x_wconf 88' lang='lat'>,</span> <span class='ocrx_word' id='word_1_945' title='bbox 1396 3014 1447 3045; x_wconf 84' lang='lat' dir='ltr'>alii</span> <span class='ocrx_word' id='word_1_946' title='bbox 1469 3014 1621 3053; x_wconf 89' lang='lat' dir='ltr'>mandet,</span> <span class='ocrx_word' id='word_1_947' title='bbox 1651 3023 1718 3045; x_wconf 90' lang='lat' dir='ltr'>non</span> <span class='ocrx_word' id='word_1_948' title='bbox 1741 3013 1811 3054; x_wconf 89' lang='lat' dir='ltr'>plus</span> <span class='ocrx_word' id='word_1_949' title='bbox 1837 3014 1989 3043; x_wconf 77' lang='lat' dir='ltr'>mandare</span> 
     </span>
     <span class='ocr_line' id='line_1_132' title="bbox 1124 3054 1990 3096; baseline -0.005 -9"><span class='ocrx_word' id='word_1_950' title='bbox 1124 3056 1337 3096; x_wconf 87' lang='lat' dir='ltr'>intelligatur,</span> <span class='ocrx_word' id='word_1_951' title='bbox 1369 3064 1462 3096; x_wconf 89' lang='lat' dir='ltr'>quam</span> <span class='ocrx_word' id='word_1_952' title='bbox 1485 3054 1506 3088; x_wconf 89' lang='lat' dir='ltr'>fi</span> <span class='ocrx_word' id='word_1_953' title='bbox 1531 3055 1659 3096; x_wconf 88' lang='lat' dir='ltr'>deleget</span> <span class='ocrx_word' id='word_1_954' title='bbox 1683 3064 1751 3086; x_wconf 88' lang='lat' dir='ltr'>eam</span> <span class='ocrx_word' id='word_1_955' title='bbox 1776 3063 1845 3093; x_wconf 84' lang='lat' dir='ltr'>quae</span> <span class='ocrx_word' id='word_1_956' title='bbox 1870 3054 1897 3084; x_wconf 84' lang='lat' dir='ltr'>ei</span> <span class='ocrx_word' id='word_1_957' title='bbox 1921 3055 1990 3092; x_wconf 84' lang='lat' dir='ltr'>jure</span> 
     </span>
     <span class='ocr_line' id='line_1_133' title="bbox 1124 3094 1989 3137; baseline -0.002 -9"><span class='ocrx_word' id='word_1_958' title='bbox 1124 3096 1179 3129; x_wconf 91' lang='lat' dir='ltr'>suo</span> <span class='ocrx_word' id='word_1_959' title='bbox 1199 3097 1381 3137; x_wconf 89' lang='lat' dir='ltr'>competit:</span> <span class='ocrx_word' id='word_1_960' title='bbox 1404 3096 1449 3128; x_wconf 89' lang='lat' dir='ltr'>est</span> <span class='ocrx_word' id='word_1_961' title='bbox 1473 3105 1577 3128; x_wconf 89' lang='lat' dir='ltr'>tamen</span> <span class='ocrx_word' id='word_1_962' title='bbox 1598 3097 1628 3127; x_wconf 94' lang='lat' dir='ltr'>in</span> <span class='ocrx_word' id='word_1_963' title='bbox 1651 3095 1755 3128; x_wconf 90' lang='lat' dir='ltr'>Princi</span> <span class='ocrx_word' id='word_1_964' title='bbox 1782 3104 1799 3125; x_wconf 91' lang='lat' dir='ltr'>e</span> <span class='ocrx_word' id='word_1_965' title='bbox 1824 3102 1875 3125; x_wconf 85' lang='lat' dir='ltr'>aut</span> <span class='ocrx_word' id='word_1_966' title='bbox 1900 3094 1989 3135; x_wconf 83' lang='lat' dir='ltr'>Lege</span> 
     </span>
     <span class='ocr_line' id='line_1_134' title="bbox 1124 3135 1987 3177; baseline -0.002 -8"><span class='ocrx_word' id='word_1_967' title='bbox 1124 3139 1208 3170; x_wconf 87' lang='lat' dir='ltr'>aliud</span> <span class='ocrx_word' id='word_1_968' title='bbox 1219 3138 1399 3170; x_wconf 87' lang='lat' dir='ltr'>dicendum.</span> <span class='ocrx_word' id='word_1_969' title='bbox 1410 3137 1539 3169; x_wconf 88' lang='lat' dir='ltr'>interest</span> <span class='ocrx_word' id='word_1_970' title='bbox 1548 3137 1633 3169; x_wconf 85' lang='lat' dir='ltr'>enim</span> <span class='ocrx_word' id='word_1_971' title='bbox 1643 3160 1653 3175; x_wconf 94' lang='lat'>‚</span> <span class='ocrx_word' id='word_1_972' title='bbox 1663 3136 1750 3177; x_wconf 88' lang='lat' dir='ltr'>quod</span> <span class='ocrx_word' id='word_1_973' title='bbox 1802 3135 1965 3177; x_wconf 84' lang='lat' dir='ltr'>agistratus</span> <span class='ocrx_word' id='word_1_974' title='bbox 1974 3158 1987 3173; x_wconf 88' lang='lat'>,</span> 
     </span>
     <span class='ocr_line' id='line_1_135' title="bbox 1124 3176 1989 3220; baseline -0.002 -10"><span class='ocrx_word' id='word_1_975' title='bbox 1124 3181 1269 3220; x_wconf 85' lang='lat' dir='ltr'>quamvis</span> <span class='ocrx_word' id='word_1_976' title='bbox 1287 3180 1427 3219; x_wconf 81' lang='lat' dir='ltr'>generali</span> <span class='ocrx_word' id='word_1_977' title='bbox 1447 3179 1478 3212; x_wconf 87' lang='lat'>&amp;</span> <span class='ocrx_word' id='word_1_978' title='bbox 1494 3180 1559 3211; x_wconf 88' lang='lat' dir='ltr'>lato</span> <span class='ocrx_word' id='word_1_979' title='bbox 1577 3186 1683 3209; x_wconf 87' lang='lat' dir='ltr'>utatur</span> <span class='ocrx_word' id='word_1_980' title='bbox 1693 3176 1855 3214; x_wconf 89' lang='lat' dir='ltr'>sermone,</span> <span class='ocrx_word' id='word_1_981' title='bbox 1883 3185 1989 3208; x_wconf 84' lang='lat' dir='ltr'>tamen</span> 
     </span>
     <span class='ocr_line' id='line_1_136' title="bbox 1126 3217 1989 3261; baseline -0.006 -10"><span class='ocrx_word' id='word_1_982' title='bbox 1126 3229 1192 3251; x_wconf 91' lang='lat' dir='ltr'>non</span> <span class='ocrx_word' id='word_1_983' title='bbox 1211 3221 1315 3261; x_wconf 84' lang='lat' dir='ltr'>potest</span> <span class='ocrx_word' id='word_1_984' title='bbox 1340 3220 1563 3261; x_wconf 61' lang='lat' dir='ltr'>jurisdictionis</span> <span class='ocrx_word' id='word_1_985' title='bbox 1578 3226 1673 3259; x_wconf 89' lang='lat' dir='ltr'>atque</span> <span class='ocrx_word' id='word_1_986' title='bbox 1691 3218 1815 3259; x_wconf 90' lang='lat' dir='ltr'>imperii</span> <span class='ocrx_word' id='word_1_987' title='bbox 1839 3217 1882 3248; x_wconf 86' lang='lat' dir='ltr'>sui</span> <span class='ocrx_word' id='word_1_988' title='bbox 1900 3225 1989 3249; x_wconf 84' lang='lat' dir='ltr'>natu-</span> 
     </span>
     <span class='ocr_line' id='line_1_137' title="bbox 1127 3258 1989 3330; baseline -0.005 -36"><span class='ocrx_word' id='word_1_989' title='bbox 1127 3270 1192 3294; x_wconf 83' lang='lat' dir='ltr'>ram</span> <span class='ocrx_word' id='word_1_990' title='bbox 1210 3261 1402 3295; x_wconf 84' lang='lat' dir='ltr'>informare:</span> <span class='ocrx_word' id='word_1_991' title='bbox 1418 3260 1575 3302; x_wconf 82' lang='lat' dir='ltr'>Principis</span> <span class='ocrx_word' id='word_1_992' title='bbox 1592 3267 1700 3295; x_wconf 88' lang='lat' dir='ltr'>autem</span> <span class='ocrx_word' id='word_1_993' title='bbox 1713 3260 1861 3294; x_wconf 82' lang='lat' dir='ltr'>voluntas</span> <span class='ocrx_word' id='word_1_994' title='bbox 1878 3259 1918 3291; x_wconf 84' lang='lat' dir='ltr'>ad</span> <span class='ocrx_word' id='word_1_995' title='bbox 1935 3258 1989 3330; x_wconf 48' lang='lat' dir='ltr'>{e-</span> 
     </span>
    </p>

    <p class='ocr_par' dir='ltr' id='par_1_12' title="bbox 1957 3307 1992 3329">
     <span class='ocr_line' id='line_1_138' title="bbox 1957 3307 1992 3329; baseline 0 -9"><span class='ocrx_word' id='word_1_996' title='bbox 1957 3307 1992 3329; x_wconf 62' lang='lat' dir='ltr'>fl·</span> 
     </span>
    </p>
   </div>
  </div>
 </body>
</html>
