2036 3495
457 99 546 148 ‚Dn'
582 102 730 137 romili
763 105 1024 137 trienninm
1060 106 1161 137 nott
1197 107 1302 137 riitx
1338 103 1423 139 Liri.⁴

62 200 154 235 quam
170 190 252 233 apud
269 190 453 223 defunctum
469 188 541 221 fuit.
563 190 614 221 Sic
629 190 829 222 Modestinus
845 191 877 221 in
893 191 922 223 d.

58 235 78 266 l.
99 244 147 265 22.
165 243 201 265 ac
217 233 447 265 convenienter
460 231 505 262 his
521 240 589 270 qnae
606 231 744 262 differ-uit
765 231 875 263 Paulus
891 233 924 271 iri

56 277 84 307 d.
100 276 118 306 l.
136 283 185 313 41.
217 273 284 306 Nifi
303 273 480 306 differentia
497 273 557 311 est,
580 275 665 312 quod
685 273 797 304 Paulus
815 272 921 306 substi-

58 316 96 348 tit
112 319 149 347 ad
169 316 252 347 hunc
271 325 364 355 quem
383 315 466 351 dixi,
490 312 602 346 finem:
630 313 830 345 Modestinus
851 323 916 346 non

53 355 200 388 substitit.
230 366 293 388 non
311 358 394 387 enim
417 354 671 386 contentusfuit
683 377 692 392 ,
714 354 822 387 dimise
839 356 870 385 in
886 357 915 386 cl.

55 398 77 430 l.
95 408 144 430 22.
178 397 211 428 Si
230 397 302 428 Titio
319 399 370 437 qui
383 406 440 428 rem
457 405 546 426 meam
564 397 713 437 ignorante
730 406 772 427 me
788 397 918 427 creditori

45 440 106 480 fiio
119 440 234 479 pignori
258 437 444 478 obliga—verit,
465 437 542 467 heres
568 439 707 476 extitero,
731 447 766 468 ex
776 436 917 477 postfacto

56 481 166 521 pigrius
180 479 282 510 [tirel-to
296 480 408 520 quidem
423 486 479 507 non
495 478 673 516 convalescit.
700 487 851 518 przeterea
866 479 917 510 ad-

54 521 156 561 jecit:
186 520 239 551 Sed
264 519 342 551 utilis
360 519 551 560 pignoratitia
573 520 688 550 dabitur
711 521 852 551 creditori.
884 529 920 551 ea

82 570 156 593 orro
172 561 256 592 utilis
270 560 469 601 pigne-ratitia
485 559 672 594 Modestino
691 570 754 592 non
773 561 818 592 eil:
835 561 920 593 utilis

58 638 59 641 Ἰ
80 602 305 643 ypofflecaria,
329 599 380 632 seu
397 601 479 631 utilis
503 601 700 641 pigneratitia
725 603 874 633 Sei-viana
890 612 920 633 a·

59 644 124 675 Cho
141 653 208 683 quae
227 651 292 673 rem
309 640 522 681 persequitur:
540 648 624 683 (quo
642 642 776 674 sensum
794 644 823 674 ci.
840 642 917 683 l.4t.

52 683 156 724 'accipi
176 693 243 715 eam
260 682 391 722 monui)
414 682 465 714 sed
484 683 527 713 eli
544 686 702 716 contraria
722 685 922 726 pigneratitia

54 726 87 758 in
106 724 288 762 personam:
307 725 335 755 dt
352 725 425 755 ideo
441 723 697 765 ficrexaudienda
708 726 752 757 est
770 727 837 757 haec
848 726 922 757 M02

54 764 165 799 'destini
178 765 310 796 clausula
321 788 330 802 ,
346 765 402 803 Secl
417 765 497 796 utilis
510 768 696 808 pignoratitia
712 768 858 798 contraria
874 768 923 798 da-

52 809 134 839 ‘bitur
149 807 299 838 creditori:
318 806 399 846 quali
422 805 794 847 {ignificet,contrariam
815 809 922 849 pigne-

55 848 190 881 ratitiam
223 848 375 879 creditori
408 847 555 879 adversus
588 850 737 881 heredem
768 850 843 880 dari.
883 849 923 880 ad

54 889 154 962 quid?
179 897 213 920 ut
237 890 348 930 pignus
371 889 459 929 cujus
483 889 631 922 dominus
656 890 718 929 est,
744 890 772 921 ἀ
796 890 884 930 quod
905 899 924 924 a

91 932 148 962 itio
174 931 257 962 male
279 929 485 961 constitutum
510 931 577 968 est,
596 941 680 962 nova
702 933 922 964 conventione

56 970 236 1004 confirmet.
268 980 403 1011 nempe,
427 971 480 1002 etii
510 972 617 1003 alienae
644 973 688 1004 rei
714 973 827 1013 pignus
842 972 921 1013 dire-J

58 1013 131 1051 cto,
154 1013 185 1044 id
201 1012 263 1051 est,
289 1020 322 1043 ut
341 1013 423 1050 dixi,
447 1011 512 1052 ipsu
528 1014 617 1053 jure,
640 1013 690 1045 sua
706 1015 835 1054 iponte,
857 1012 920 1053 fine

57 1064 147 1086 novo
164 1054 249 1085 facto
261 1077 270 1093 ‚
296 1062 443 1093 novaque
460 1056 697 1094 conventione,
723 1064 786 1086 non
805 1063 922 1095 conva-

57 1095 155 1128 lescat
180 1105 239 1133 eu,
265 1095 353 1135 quod
377 1096 518 1135 pignoris
544 1096 690 1127 dominns
712 1096 850 1128 debitori
869 1092 922 1136 qui

60 1137 93 1168 id
117 1137 229 1177 pignus
253 1135 433 1174 constituit,
460 1136 550 1168 heres
576 1136 630 1175 fit3
653 1137 694 1168 fic
721 1146 754 1167 ut
771 1136 929 1168 creditori

59 1179 146 1209 utilis
165 1177 394 1218 hypothecaria
410 1178 490 1208 acrio
507 1179 538 1208 in
553 1187 618 1209 rem
636 1186 817 1217 competat:
838 1176 924 1209 debi-

61 1227 114 1250 tor
139 1226 264 1257 tamen,
287 1219 360 1258 quia
384 1219 612 1249 commercium
629 1218 691 1249 fuit
710 1220 791 1250 inter
806 1218 878 1249 eum
895 1218 926 1249 ὃς

62 1260 273 1296 creditorem,
296 1260 316 1290 fi
339 1259 470 1290 alienam
497 1268 562 1294 rem
587 1260 711 1299 pignori
731 1261 803 1297 det,
828 1260 925 1290 credi·-

36 1308 40 1313 '
62 1301 124 1333 tori
141 1299 191 1332 sua
206 1300 423 1331 conventione
439 1299 598 1340 obligatur
612 1301 773 1331 contrario
786 1299 928 1341 pignera-

59 1342 135 1373 titio
148 1341 268 1381 judicio
287 1341 305 1372 l.
323 1350 351 1376 9.
371 1339 401 1370 I)
435 1341 467 1370 de
477 1342 670 1382 pigneratitio
685 1341 813 1373 uitione.-
836 1342 866 1373 &
882 1340 927 1372 vi-

55 1383 158 1421 ·ciffim
176 1382 321 1413 adversus
338 1382 549 1421 creditorem,
574 1382 672 1414 soluta
693 1385 846 1423 pecunia,
871 1392 927 1421 po-

62 1424 123 1460 test
140 1423 255 1455 directa
274 1423 472 1464 pigneratitia
488 1424 611 1455 actione
627 1424 787 1463 experiril
808 1433 837 1461 9.
858 1423 926 1465 §⁴4.

60 1464 107 1497 D.
123 1467 180 1495 eoti.
200 1466 244 1495 tit.
271 1465 404 1504 proinde
425 1463 446 1495 si
469 1474 532 1495 non
551 1466 588 1496 ad
608 1465 840 1505 pigner-aritiam
858 1467 928 1496 Ser-

58 1506 187 1537 vianam
204 1515 271 1546 quse
290 1506 320 1536 in
339 1515 403 1536 rem
422 1504 486 1544 cst,
512 1507 560 1537 led
582 1508 619 1537 ad
645 1507 878 1547 pigneratitiam
896 1507 927 1538 in

61 1547 246 1589 personum,
269 1546 478 1586 respicimus3
503 1548 579 1585 quid
605 1548 838 1587 impedimento
863 1547 927 1584 est,

63 1598 128 1628 quo
144 1590 246 1620 miuus
263 1597 310 1620 res
326 1588 425 1619 aliena
445 1588 527 1619 rotie
537 1590 661 1629 pignori
680 1590 744 1620 dari
757 1589 929 1621 videatur?

61 1630 142 1662 ficut
158 1629 258 1661 aliena
281 1638 330 1660 res
347 1629 462 1659 dicitur
480 1629 606 1660 distrahi
624 1629 711 1670 poss'e
727 1631 746 1662 l.
766 1635 814 1665 28.
836 1631 878 1661 D.
897 1631 929 1661 de

63 1670 256 1703 contrahendo.
272 1670 424 1710 emptione:
447 1679 511 1701 non
531 1671 616 1710 quod
634 1672 733 1702 aliena
756 1681 823 1710 res,
847 1670 930 1703 facia

63 1720 82 1743 a
98 1721 163 1743 non
177 1713 309 1743 domino
327 1711 512 1742 venditione
531 1735 540 1749 ,
565 1712 692 1743 alienari
709 1713 855 1744 videtur:
880 1712 932 1744 sed

64 1753 154 1793 quod
174 1752 401 1784 commercium
419 1752 462 1782 est
482 1753 561 1782 inter
578 1760 758 1793 emptorem
776 1754 806 1784 (ἐς
823 1754 932 1786 vendi-

63 1801 190 1832 torem3
211 1794 243 1825 δε
258 1793 310 1824 hic
328 1792 469 1832 perfetta
493 1794 534 1824 rei
554 1794 661 1825 alienae
684 1795 887 1833 venditione,
911 1795 933 1827 fi

63 1844 134 1867 eam
150 1844 214 1866 non
232 1834 353 1872 tradat,
375 1835 510 1873 emptori
527 1842 654 1866 tenetur
669 1835 792 1866 afflone
809 1846 848 1867 ex
868 1846 930 1868 ern-

60 1884 125 1918 pto
144 1877 182 1907 ad
206 1876 238 1906 id
258 1875 343 1915 quod
368 1876 432 1914 ejus
454 1874 571 1906 interfit
585 1899 594 1914 ,
618 1885 688 1908 eam
709 1877 762 1908 fibi
785 1878 932 1910 traditam

66 1917 141 1949 effe.
169 1918 272 1956 Atque
285 1917 365 1947 hanc
384 1926 444 1956 ego
461 1916 521 1947 effe
542 1915 612 1957 Gaji
630 1917 816 1949 sententiam
832 1921 930 1959 conji-

67 1959 142 1998 ci‘o;
162 1958 239 1990 licet
265 1958 355 1990 aliter
378 1959 416 1988 ab
444 1958 574 1989 eruditis
593 1958 825 1999 Interpretibus
850 1962 931 1993 acci·

765 2071 979 2110 CAPUT

1769 111 1836 148 3¹72

1616 170 1639 185 A

966 192 1089 232 piatur:
1113 200 1185 223 cum
1206 193 1236 223 in
1253 192 1272 223 l.
1290 202 1319 229 9.
1337 192 1366 234 §.
1388 202 1414 224 1.
1431 190 1474 224 D.
1493 192 1526 223 de
1540 190 1707 233 pigrioribus
1724 189 1760 223 δ’
1780 189 1829 230 hy-

960 233 1087 274 pothecis
1111 234 1308 273 emptionem
1331 233 1614 273 venditioncmque
1630 241 1702 262 cum
1722 232 1829 271 pigue-

965 275 1088 305 ratione
1107 283 1311 314 comparans,
1329 274 1433 318 Quod,
1451 275 1571 315 inquit,
1583 274 1750 313 tisrptiorzem
1764 281 1832 303 verz-

965 316 1154 356 ditionemque
1170 316 1287 357 recipit,
1303 318 1390 347 etiam
1403 317 1628 357 pignerationem
1645 315 1767 353 recipere
1784 319 1831 352 PG?

961 354 1025 397 test.
1071 355 1114 387 Et
1140 357 1215 388 ideo
1240 358 1317 388 mihi
1342 357 1446 389 sumo:
1472 365 1506 387 ut
1530 366 1639 397 putem
1657 379 1667 393 ,
1700 355 1730 386 id
1757 353 1828 393 Gaii

962 397 1187 438 Fragmentum
1214 408 1278 430 non
1304 399 1342 429 ad
1369 398 1527 429 actionem
1547 398 1630 438 quasi
1647 396 1828 427 Serviananr

987 448 1031 469 ute
1050 448 1090 469 ex
1103 439 1171 478 jure
1189 440 1220 470 in
1240 449 1272 470 re
1283 438 1511 480 proficiscitur,
1529 447 1625 477 atque
1640 440 1668 468 in
1685 447 1751 468 rem
1768 437 1831 475 est,

961 448 994 511 (ἐι
1016 479 1162 512 adversus
1190 481 1456 520 qualemcumque
1482 480 1684 521 poil‘cll'orem
1717 482 1830 517 datur,

964 522 1145 561 pertinere:
1170 521 1221 552 sed
1243 523 1280 552 ad
1302 522 1458 552 actionem
1487 521 1737 561 pigneratitiam3
1762 529 1831 560 qtlae

964 562 1095 593 subnixa
1122 561 1167 593 est
1189 563 1259 602 jure
1277 563 1483 603 obligationis
1499 562 1581 593 inter
1601 562 1781 593 debitorem
1800 560 1830 591 ὃς

964 604 1158 635 creditorem
1175 604 1364 642 commistae,
1380 612 1439 634 nec
1454 603 1599 635 adversus
1618 602 1832 642 qualemcum-

965 654 1026 685 que
1051 645 1191 686 pignoris
1216 644 1419 686 poffcfforem
1446 645 1556 683 datur3
1579 644 1632 675 sed
1651 650 1773 674 tantum
1789 644 1834 674 in·

966 694 1014 717 ter
1036 686 1216 718 debitorem
1245 686 1274 718 &
1299 687 1512 724 creditorem,
1538 685 1589 727 qui
1615 692 1681 715 rem
1706 684 1833 724 pignori

966 727 1054 759 dedit
1076 727 1244 767 accepitve
1259 750 1269 766 ,
1292 728 1461 768 competit.
1504 727 1669 759 Postremo
1695 726 1832 770 opinor,

966 767 1116 808 insignem
1143 767 1204 798 effe
1227 778 1366 800 errorem
1393 768 1648 801 Architectorum
1672 766 1755 806 juris
1778 768 1832 805 qni

967 809 1031 840 hoc
1050 807 1120 848 Gaji
1139 808 1365 849 Fragmentum
1383 809 1436 841 sub
1454 809 1586 848 Titinio,
1604 808 1651 840 De
1663 809 1832 849 pignoribus

967 850 1003 885 δέ)
1025 850 1202 890 hypothecis,
1226 851 1450 884 collocavere:
1473 860 1544 883 curn
1561 860 1626 882 non
1643 849 1698 881 sub
1718 858 1758 879 eo
1775 847 1833 879 Ti-

966 892 1034 929 tulo
1052 890 1106 920 sub
1124 900 1190 930 quo
1215 890 1288 921 falsa
1304 892 1369 930 ejus
1384 893 1530 924 definitio
1548 892 1612 930 est,
1636 890 1688 922 sed
1707 890 1761 921 sub
1777 888 1836 920 Ti-

966 932 1052 969 tulo‚
1075 930 1122 961 De
1143 933 1336 972 pigneratitia
1360 933 1485 973 afflone,
1511 934 1566 966 sub
1590 943 1655 972 quo
1681 931 1835 963 veriffima

965 973 1026 1010 est‚
1050 973 1125 1012 poni
1143 973 1286 1004 deberet.
1311 972 1347 1004 Id
1364 975 1475 1006 docuit
1491 985 1542 1006 me
1557 974 1649 1015 ipsius
1668 973 1836 1012 Inscriptio

968 1015 1029 1046 loci
1041 1038 1050 1053 ,
1067 1023 1135 1053 quae
1153 1013 1320 1054 Inscriptio
1338 1014 1453 1053 habet,
1471 1017 1566 1058 Gojus
1582 1017 1628 1047 lih.
1647 1025 1677 1052 9.
1700 1015 1750 1046 Acl
1767 1013 1838 1044 Edi-

966 1055 1042 1093 ,ἐῖιινη
1063 1054 1265 1087 Provinciale:
1287 1056 1318 1085 in
1335 1064 1400 1095 quo
1425 1066 1496 1088 eum
1517 1058 1674 1089 actionem
1693 1057 1837 1096 pignera-

967 1097 1083 1134 titiam,
1099 1096 1212 1137 quaein
1230 1095 1394 1136 personam
1406 1097 1450 1129 cst
1462 1122 1469 1136 ,
1489 1098 1692 1139 explicuill'e,
1709 1106 1747 1128 ex
1766 1097 1782 1128 l.
1797 1106 1839 1127 10.

968 1136 1005 1180 δ”
1020 1138 1041 1168 l.
1063 1147 1110 1169 12.
1130 1137 1171 1169 D.
1188 1138 1221 1168 de
1232 1139 1423 1178 pigneratum
1441 1139 1550 1170 obizone
1566 1138 1765 1170 manifestum
1782 1137 1839 1168 est.

969 1179 1032 1210 Sed
1049 1179 1113 1210 hoc
1130 1188 1194 1210 non
1207 1179 1247 1209 ita
1265 1179 1386 1217 pridem
1405 1180 1528 1211 ostendi
1544 1181 1590 1211 lih.
1607 1189 1629 1211 1.
1645 1180 1764 1216 Ohs'erv.
1776 1189 1798 1209 c.
1812 1188 1841 1218 7.

969 1219 1067 1259 igitur
1083 1222 1181 1251 redeo
1196 1220 1235 1251 ad
1252 1219 1491 1252 Modestinum:
1515 1228 1645 1261 apparet
1662 1221 1746 1251 enim
1758 1243 1766 1256 ,
1786 1220 1840 1250 de-

970 1261 1130 1300 bitorem,
1151 1260 1172 1292 fi
1189 1261 1348 1302 ignoranti
1367 1261 1520 1293 creditori
1540 1263 1673 1292 alienam
1691 1269 1756 1292 rem
1776 1262 1841 1300 pig-

972 1304 1040 1333 nori
1059 1303 1148 1333 dedit
1162 1326 1171 1341 ‚
1195 1302 1223 1333 ei
1242 1303 1613 1343 contrariapigneratitia
1632 1302 1750 1333 teneri:
1768 1310 1802 1331 ac
1820 1299 1840 1332 li

966 1343 1144 1382 fmoriatur3
1166 1343 1243 1375 nihil
1269 1343 1367 1374 causae
1392 1343 1475 1382 effe,
1499 1345 1680 1385 quominus
1701 1343 1765 1383 ejus
1790 1342 1843 1373 lie-

970 1395 1039 1427 κε,
1056 1385 1192 1423 quicum
1212 1384 1432 1425 repraesentat,
1444 1386 1574 1425 ejusque
1591 1385 1706 1416 factum
1724 1383 1845 1425 praeila-

971 1435 1005 1457 re
1024 1426 1141 1465 debet,
1165 1426 1306 1458 similiter
1322 1427 1482 1458 contraria
1499 1428 1701 1468 pigner-mitia
1717 1426 1843 1457 actione

972 1475 1126 1498 teneatur.
1154 1467 1315 1499 Caeterum
1334 1467 1379 1498 est
1399 1467 1450 1498 illa
1466 1468 1622 1499 contraria
1639 1468 1719 1498 aftio
1736 1467 1845 1508 (quod

971 1507 1119 1540 observat
1139 1508 1341 1540 Modestinus
1358 1510 1384 1538 d.
1404 1508 1423 1539 l.
1442 1509 1512 1549 22.)
1530 1509 1613 1540 utilis
1631 1509 1846 1549 pignoratitia.

971 1559 1043 1581 nam
1066 1550 1103 1581 ad
1129 1549 1334 1581 subtilitatem
1357 1550 1597 1581 attendentibus
1614 1572 1624 1587 ,
1649 1559 1712 1580 non
1739 1548 1844 1588 potest

971 1592 1077 1623 valere
1096 1591 1190 1622 bonae
1209 1589 1282 1629 fidei
1300 1591 1500 1629 contraetus,
1524 1591 1624 1631 qualis
1639 1590 1684 1621 est
1700 1590 1844 1631 pignera-

973 1632 1078 1670 titius,
1103 1633 1134 1663 in
1157 1641 1224 1672 quo
1250 1632 1341 1663 'dolus
1363 1632 1477 1670 malim,
1502 1634 1612 1663 aiienae
1627 1632 1670 1663 rei
1689 1632 1846 1672 oppigne-

972 1673 1097 1705 ratione
1113 1674 1271 1714 ignoranti
1285 1672 1370 1709 ,faeta
1382 1673 1546 1712 ‚admiffus
1563 1672 1618 1704 est.
1643 1672 1846 1713 Quamquam

975 1715 1046 1754 quia
1082 1714 1227 1746 interfuit
1252 1715 1422 1746 creditoris
1441 1738 1450 1753 ‚
1486 1714 1514 1746 se
1539 1724 1604 1746 non
1629 1714 1735 1753 decipi
1757 1737 1764 1751 ‚
1797 1723 1847 1746 res

974 1756 1108 1796 perinde
1125 1756 1279 1796 accipitur
1297 1756 1391 1787 bonae
1408 1754 1483 1787 fidei
1499 1756 1783 1796 interpretatione,
1808 1763 1844 1786 ac

974 1796 996 1828 fi
1018 1798 1139 1828 valeret
1166 1796 1367 1835 contractum
1392 1798 1582 1837 placetque,
1607 1797 1645 1828 ad
1662 1805 1850 1836 expungen-

975 1838 1049 1869 dum
1071 1837 1181 1869 dolum
1200 1838 1315 1869 malum
1335 1846 1400 1868 non
1423 1838 1644 1878 meram;(sed
1669 1839 1755 1879 quod
1771 1837 1849 1869 Mo-

975 1879 1113 1910 destinus
1132 1879 1295 1910 indicat'd.
1312 1879 1330 1910 l.
1349 1888 1386 1910 22
1402 1879 1419 1919 )
1442 1880 1553 1911 utilem
1571 1879 1760 1911 contrariam
1781 1879 1848 1920 pig-

973 1920 1152 1952 neratitiam
1182 1920 1340 1952 actionem
1369 1920 1521 1954 creditori
1539 1921 1604 1954 dari
1620 1920 1767 1955 adversus
1790 1921 1846 1952 de·

973 1961 1132 2001 bitorem,
1156 1962 1286 2003 ejusque
1305 1961 1466 1995 heredem.
1843 1967 1844 1970 ’

1044 2073 1158 2110 XIII.

71 2159 172 2208 Impp.
201 2161 414 2196 Diocletianus
448 2158 490 2200 ὅ)
524 2160 746 2198 Maximianus
783 2163 922 2209 expliciti
947 2164 966 2198 l.
995 2175 1029 2208 4.
1061 2165 1092 2199 C.
1123 2164 1157 2199 cle
1184 2165 1419 2212 obligationibus
1445 2164 1485 2206 {⁷9³
1509 2167 1687 2202 oc‘l‘iorzilm.
1729 2166 1851 2213 frigiti-

120 2222 193 2245 vanz
224 2210 339 2255 Jacoho
367 2209 484 2255 Cojacio
510 2212 608 2245 videri
634 2212 654 2246 l.
685 2223 714 2246 1.
745 2212 776 2246 C.
804 2214 837 2246 (le
861 2214 925 2247 dolo
951 2215 1052 2255 mal0;
1078 2215 1108 2247 in
1135 2225 1227 2258 eaque
1262 2214 1433 2250 actionem
1460 2220 1501 2250 de
1526 2215 1604 2250 dolo
1629 2217 1689 2250 clici
1714 2227 1778 2261 qzrae
1806 2215 1851 2262 eft

122 2257 213 2293 attio
240 2259 397 2293 mandati.

75 2456 169 2532 Sed
189 2464 225 2489 ut
248 2467 288 2489 ex
315 2458 507 2490 diverticulo
533 2466 675 2491 revertar
699 2461 728 2492 in
746 2461 828 2494 viam
847 2470 863 2492 a
880 2470 942 2502 qua

149 2507 200 2530 me
215 2499 358 2539 longius,
383 2508 476 2540 quam
493 2502 621 2540 putavi,
639 2501 811 2534 abduxerat
828 2504 872 2534 rei
888 2513 942 2534 cu·

74 2539 166 2571 riosae
184 2563 194 2579 ,
215 2549 276 2571 nec
303 2540 373 2572 satis
404 2539 578 2573 observatae
602 2544 853 2584 contemplatio:
877 2552 943 2575 tan-

77 2580 149 2612 dem
164 2581 282 2622 liquet,
307 2581 536 2622 Imperatores,
562 2583 800 2617 Diocletianum
825 2586 854 2616 ἂ
873 2585 942 2616 Ma-

75 2622 267 2659 ximianum,
293 2623 415 2654 cuidam
434 2622 559 2655 Licinio
578 2625 620 2655 ita
639 2626 761 2666 optime
776 2625 943 2667 rescripfis·

80 2661 112 2693 se
127 2662 146 2692 l.
162 2671 192 2701 4.
208 2663 241 2694 C.
257 2665 289 2693 de
305 2664 520 2704 obligationibus
538 2665 572 2699 ἐξ
588 2665 759 2698 att-ionibus.

119 2702 230 2783 Bossm
250 2703 338 2742 fidem
361 2707 393 2735 irz
417 2705 607 2737 contractibus
622 2707 810 2747 considerari,
833 2718 946 2749 aequum

156 2752 169 2773 e
197 2766 205 2774 .

79 2783 136 2816 Est
159 2793 236 2815 vero
261 2784 496 2831 eJusRescripti
519 2788 640 2828 sensus,
663 2790 804 2831 AEquum
823 2790 942 2829 videri,

80 2825 198 2857 bonam
215 2824 360 2872 fideman
376 2829 522 2860 omnibus
537 2832 749 2862 contractibus
768 2831 830 2863 sine
843 2831 944 2862 discri-

81 2868 168 2911 mine
186 2865 342 2896 adbiberi:
355 2875 556 2911 ‘quamquam
571 2871 600 2901 in
618 2872 712 2902 bonae
731 2872 804 2903 fidei
822 2881 944 2903 contra-

84 2907 185 2939 ctibus
201 2906 273 2953 Jure
290 2906 404 2945 Civili3
421 2910 453 2939 in
469 2909 562 2941 stricti
580 2912 654 2951 juris
670 2914 883 2945 commatribus
899 2914 945 2952 ju-

82 2957 117 2981 re
136 2948 309 2980 Praetorio:
334 2956 529 2987 quapropter
548 2951 642 2982 bonae
660 2952 731 2985 fidei
749 2954 947 2985 contrastum

81 2990 116 3022 in
133 2998 199 3030 quo
216 2991 254 3019 ab
274 2989 365 3020 initio
381 2999 444 3020 non
463 2992 545 3022 bona
561 2990 656 3032 fides,
674 2994 724 3025 sed
740 2996 832 3026 dolus
849 2995 947 3026 malus

84 3031 276 3070 reperiatur,
301 3030 419 3067 Judicis
444 3031 552 3062 officio
579 3034 646 3072 ipso
667 3034 760 3066 Civili
775 3037 846 3075 jure
866 3035 948 3066 infir-

83 3072 179 3104 mari:
196 3071 289 3102 striffi
309 3072 467 3110 verojuris
484 3075 680 3107 contractum
700 3076 728 3106 in
748 3086 813 3114 quo
830 3078 948 3117 liqueat

87 3113 177 3143 dolus
193 3113 310 3149 malus,
329 3113 432 3144 valere
450 3114 577 3151 quidem
594 3116 660 3156 ipso
676 3116 769 3148 Civili
789 3118 878 3156 lure,
897 3116 948 3150 sed

85 3152 338 3226 imeffpraetorio
362 3154 428 3187 doli
458 3155 582 3189 actione
608 3158 658 3191 vel
682 3158 876 3199 exceptione
899 3168 947 3192 re·

99 3202 148 3226 cin
173 3202 192 3224 i.

128 3233 206 3267 Tom.
228 3233 255 3269 Ι.

449 2259 563 2294 Dolum
589 2261 702 2294 malum
719 2287 728 2302 ,
773 2273 783 2295 i
811 2263 842 2294 in
868 2263 951 2296 honre
970 2261 1045 2307 fidei
1069 2264 1225 2296 contrariu
1249 2262 1296 2307 stt
1329 2263 1473 2309 aduriffiis
1500 2276 1557 2299 non
1584 2266 1623 2299 ab
1647 2277 1678 2298 eo
1703 2276 1769 2299 cum
1797 2275 1852 2308 (siro

127 2308 312 2341 contrarium
339 2307 404 2352 cst,
420 2305 477 2352 sed
500 2319 520 2342 a
546 2310 634 2343 tertio
653 2334 664 2351 ,
698 2321 754 2344 non
778 2310 932 2344 vindicari
965 2312 1080 2345 abitione
1113 2311 1196 2345 home
1215 2310 1307 2356 fidei,
1324 2311 1384 2356 sed
1407 2315 1523 2347 mione
1547 2313 1582 2347 de
1608 2313 1680 2347 dolo.

120 2365 177 2389 nus
204 2353 352 2401 exptfitus
379 2356 400 2389 l.
430 2365 460 2389 2.
487 2357 530 2391 D.
557 2358 592 2391 de
613 2359 838 2403 proxeneticis,
865 2356 905 2397 ὃ)
931 2359 952 2395 l.

1742 2313 1852 2358 Unim-

980 2364 1036 2397 18.
1061 2358 1090 2406 §.
1118 2370 1150 2404 3.
1178 2360 1221 2394 D.
1249 2361 1283 2394 dc
1308 2362 1373 2395 dolo
1399 2362 1489 2398 malo.

1028 2461 1115 2500 imo,
1134 2462 1279 2502 inquies,
1295 2463 1369 2495 &in
1386 2464 1480 2495 bonae
1496 2461 1570 2494 fidei
1589 2463 1756 2495 contrastu
1774 2463 1852 2495 dici·

986 2509 1036 2535 tur
1054 2502 1128 2535 fidei
1145 2502 1249 2541 ruptae'
1260 2506 1358 2545 gratia
1374 2506 1413 2537 de
1430 2505 1506 2536 dolo
1525 2505 1608 2536 attio
1629 2505 1769 2536 exerceri
1787 2505 1806 2535 l.
1826 2514 1851 2537 1.

987 2545 1020 2576 C.
1037 2546 1069 2575 cle
1084 2545 1143 2575 dolo
1160 2544 1232 2576 molo
1243 2568 1252 2584 ‚
1272 2546 1376 2577 verbis
1394 2545 1604 2585 sequentibus.
1629 2544 1820 2588 Sifidejriffor
1834 2556 1854 2577 cz

986 2587 1121 2617 creditore
1139 2587 1264 2627 pignora
1283 2589 1397 2618 emerit.-
1419 2588 1512 2618 oblata
1537 2587 1797 2628 quantitatejortis
1816 2586 1852 2621 &³

986 2628 1163 2665 mitrarum,
1185 2628 1237 2658 tibi
1261 2629 1418 2658 dominium
1444 2638 1508 2659 cum
1524 2627 1675 2668 fructibus
1696 2638 1765 2669 quos
1781 2629 1853 2660 hona

981 2668 1041 2709 fide
1053 2669 1195 2708 percepit,
1215 2669 1369 2707 consultius
1384 2667 1528 2710 restituet,
1546 2669 1663 2710 nefidei
1678 2676 1773 2710 rupere
1785 2680 1856 2711 grci-

987 2711 1030 2740 tia
1045 2711 1077 2740 cle
1091 2710 1150 2740 dolo
1161 2707 1242 2748 poffic
1258 2708 1330 2740 actio
1345 2711 1479 2742 exerceri,
1521 2710 1583 2743 Sed
1605 2711 1713 2751 (quod
1731 2711 1854 2742 erudite

988 2750 1134 2782 observat
1153 2749 1191 2795 V:
1212 2749 1416 2790 anacobus
1432 2751 1578 2792 Cujacius
1590 2776 1599 2791 ,
1617 2753 1663 2783 lib.
1679 2762 1708 2794 3.
1730 2752 1850 2789 01)]ὶν-υ.

988 2802 1014 2824 c.
1030 2791 1101 2831 137.)
1124 2790 1257 2832 fugitiva
1286 2791 1353 2824 haec
1372 2793 1422 2824 lex
1443 2793 1507 2832 est;
1531 2794 1695 2834 magisque
1713 2795 1853 2834 pertinet

989 2833 1026 2863 ad
1048 2831 1197 2864 'situlum
1224 2831 1372 2873 Codicis,
1396 2834 1539 2866 Mandati
1553 2836 1600 2866 vel
1618 2839 1737 2872 contra,
1761 2841 1854 2873 quom

989 2874 1027 2904 ad
1044 2872 1208 2912 Titulutn,
1236 2873 1282 2904 De
1296 2875 1355 2906 dolo
1373 2877 1464 2915 malo,
1482 2875 1536 2908 sub
1555 2885 1620 2916 quo
1638 2876 1736 2917 posita
1754 2873 1798 2905 est
1813 2874 1852 2905 ab

989 2913 1179 2946 Architestis
1203 2914 1292 2954 Juris.
1317 2917 1358 2947 ita
1382 2918 1415 2948 cle
1436 2917 1496 2949 dolo
1515 2917 1598 2949 aetio
1625 2917 1706 2948 eain
1725 2916 1795 2955 lege
1809 2914 1855 2945 cst

990 2956 1120 2987 mandati
1136 2956 1237 2988 aetio:
1260 2957 1455 2990 monstrante
1478 2960 1653 2991 collatione
1672 2957 1691 2987 l.
1713 2966 1740 2986 2.
1761 2955 1802 2986 D.
1821 2956 1855 2986 de

986 2997 1154 3037 pignoribus
1179 2996 1215 3032 &³
1237 2998 1418 3039 hypothecis,
1442 3000 1472 3032 ἂ
1496 3000 1515 3031 l.
1532 3009 1580 3039 59.
1608 2998 1626 3039 §
1659 3007 1670 3029 1
1702 2996 1743 3027 D.
1763 2995 1856 3027 Morz-

991 3039 1052 3068 doti
1077 3037 1124 3068 vel
1144 3044 1260 3070 contra:
1280 3049 1318 3071 ea
1342 3050 1420 3072 vero
1436 3041 1569 3082 perinde
1587 3039 1701 3069 dicitur
1720 3037 1803 3068 attio
1821 3039 1855 3069 (le

991 3079 1068 3117 dolo,
1091 3087 1125 3110 ut
1142 3079 1224 3111 afflo
1241 3080 1342 3121 defide
1358 3083 1434 3113 mula
1449 3083 1531 3120 apud
1546 3080 1738 3111 Ciceronem
1755 3078 1801 3110 lib.
1821 3089 1851 3120 3.

991 3120 1038 3151 De
1052 3126 1161 3152 notura
1171 3120 1300 3153 Deorum
1316 3133 1338 3153 c.
1351 3133 1399 3163 30.
1425 3125 1496 3163 quia
1512 3121 1589 3153 ficut
1601 3120 1665 3151 doli
1683 3121 1856 3160 exceptio,

988 3160 1032 3193 fic
1058 3163 1098 3193 de
1121 3162 1198 3194 doio
1222 3163 1322 3202 actio,
1346 3164 1422 3195 inest
1447 3165 1540 3193 bonae
1556 3160 1628 3192 fidei
1645 3161 1784 3201 judiciis:
1807 3171 1855 3193 us-

991 3210 1053 3243 que
1071 3203 1171 3244 adeo,
1189 3211 1274 3275 utsea
1285 3214 1390 3245 neque
1405 3204 1619 3244 exceptione,
1636 3211 1741 3244 neque
1755 3202 1853 3235 aclio-

1269 3254 1284 3276 r
1794 3253 1854 3288 ne,
