2036 3495
482 61 551 98 DE
592 59 796 97 Pieris
834 69 893 99 111
936 61 1475 101 Τ111113101100111113.

79 154 136 192 fit,
152 160 192 185 ne
207 160 224 183 a
241 150 373 184 domino
391 157 536 193 petatur,
552 160 616 183 non
635 151 727 183 datur
744 152 876 184 domino
894 155 946 192 pass

79 195 120 226 sti
137 194 306 234 exceptio:
322 194 394 235 quia
410 202 474 224 non
490 192 626 233 placuit,
643 193 778 233 aliquem
790 193 946 233 paciscen-

77 236 121 267 do
131 236 218 266 alteri
229 242 361 266 cavere:
378 234 428 266 sed
443 235 575 266 domino
590 234 713 265 dabitur
723 236 875 275 exceptio
890 235 945 267 do-

78 278 98 309 li
116 276 207 315 mali,
229 275 402 307 subsidiaria
418 276 618 316 exceptionis
634 275 713 314 pasti
735 275 755 306 l.
777 284 824 307 10.
842 276 870 317 §.
887 278 943 308 ult.

78 319 121 350 D.
137 321 170 349 de
180 317 290 358 paiiis:
306 327 346 348 eo
362 317 446 358 quod
461 316 609 356 exceptio
625 317 690 348 doli
707 317 779 348 mali
801 327 863 348 non
882 325 943 349 tam

76 359 214 392 nascitur
227 369 266 391 ex
275 358 362 390 fatto
373 357 587 398 procuratoris
596 380 605 395 ,
621 366 712 397 quam
724 367 763 389 ex
775 360 851 390 dolo
862 359 945 391 acto-

78 402 136 433 ris:
155 409 249 440 quem
264 401 292 431 ei
307 399 474 431 occasione
488 399 567 438 juris
577 398 686 430 Civilis
702 406 813 431 contra
825 408 945 432 natura-

76 442 138 473 }em
155 442 335 481 aequitatem
353 439 497 481 prodesse
513 449 576 471 non
592 448 723 480 oportet
739 441 757 471 1.
773 450 797 471 1.
814 441 842 482 §.
858 451 881 472 1,
905 443 944 475 D.

78 485 110 513 ..fe
119 483 175 514 ooli
183 483 252 514 muli
259 484 429 522 exceptione.
441 482 471 512 id
482 490 587 512 tamen
598 481 761 513 manifeste
771 481 824 514 fit:
839 483 945 515 actore

77 535 94 554 a
108 533 160 556 me
177 532 307 564 petente
324 524 410 563 quod
428 532 491 553 non
509 523 680 562 petiturum
698 522 728 554 se
745 533 761 554 a
779 533 829 555 me
841 548 849 562 ‚
872 534 944 564 pro-

76 565 158 596 10ῐῇ1
174 574 247 596 1000
265 564 461 605 procuratori
480 573 529 595 res
545 573 629 595 meas
646 574 686 596 ex
703 573 777 596 meo
795 568 943 597 mandato

75 606 257 638 sustinenti:
274 608 303 637 in
320 604 426 646 primis
443 603 464 636 fi
482 614 555 636 mco
571 607 701 637 nomine
715 606 833 645 aliqui-d
848 607 887 639 ab
903 618 942 639 00

76 649 223 686 accepit,
246 655 281 678 ut
297 646 517 686 pacisceretur.
550 656 620 678 nam
634 646 655 678 fi
672 648 701 678 id
722 650 859 687 retinet,
883 658 943 680 nec

76 688 207 720 vicissim
223 687 321 719 servat
338 686 432 718 fidem
449 687 550 726 pacti,
576 689 647 728 quia
660 697 752 729 negat
770 690 874 721 valere
892 700 942 730 pa-

76 729 160 760 etum
176 729 265 760 alteri
280 728 415 759 fastum:
437 729 583 770 improbe
599 730 737 761 abutitur
751 730 832 769 Juris
851 731 943 762 subti-

74 772 165 801 litate
188 779 259 801 cum
278 779 348 801 mea
364 770 483 810 injuria.
514 771 602 809 quod
621 780 684 802 non
702 771 746 802 est
763 771 942 803 ferendum.

76 812 123 843 Sit
139 813 201 843 ita:
225 820 288 842 non
316 811 407 851 possit
426 812 495 851 quis
511 813 598 843 alteri
617 822 730 844 cavere
753 812 942 852 paciscendo

75 861 128 884 aut
144 851 345 894 stipulando;
369 861 439 883 curn
456 853 536 884 alter
559 852 603 884 est
620 862 807 893 extraneus,
832 855 861 886 ἃ
878 855 943 894 eJ'us

75 894 151 926 nihil
168 893 316 925 interest:
340 902 445 925 tamen
464 893 484 925 fi
500 893 618 925 intersit
637 894 841 935 paciscentis,
865 897 942 927 alte·

74 945 142 967 rum
165 935 289 967 liberari
312 935 527 976 obligatione,
551 944 604 966 aut
621 946 689 967 eam
705 937 793 968 alteri
811 937 942 978 prodes-

73 977 123 1008 se:
146 977 222 1017 quid
239 978 268 1008 ni
287 977 314 1007 ei
333 977 362 1007 ὅ(
385 977 562 1014 stipulando
581 977 609 1008 ἃ
625 977 813 1017 paciscendo
830 987 941 1009 cavea-

75 1026 125 1049 tur
139 1018 158 1049 l.
175 1023 225 1057 38.
241 1017 269 1058 §.
287 1028 335 1050 20.
352 1017 393 1048 D.
411 1020 443 1048 de
455 1020 606 1048 verborum
620 1020 837 1060 obligationibus
848 1019 864 1050 Ξ)
879 1018 942 1050 Sed

73 1059 139 1090 hoc
155 1060 199 1090 nil
216 1068 326 1090 mutat.
351 1068 421 1089 nam
437 1059 525 1090 alteri
542 1068 676 1098 cavens»,
693 1069 765 1092 cum
782 1059 832 1090 sua
849 1061 942 1091 inter-

74 1099 138 1139 est,
164 1101 252 1132 alteri
280 1099 393 1141 pacisci
416 1108 468 1130 aut
493 1098 651 1140 stipulari,
673 1110 737 1132 non
756 1109 816 1132 tam
833 1102 941 1139 alteri,

76 1148 168 1182 quam
186 1140 240 1173 fibi
260 1141 371 1183 pacisci
387 1149 440 1171 aut
456 1141 592 1180 stipulari
612 1142 746 1173 videtur.
777 1142 830 1173 fibi
849 1142 942 1183 igitur

72 1183 207 1224 acquirit
227 1183 455 1223 obligationem
479 1184 508 1212 Gt
532 1182 688 1214 actionem
711 1183 731 1213 l.
755 1187 820 1217 118·
839 1183 867 1223 §.
886 1182 940 1214 ult.

73 1224 118 1255 D.
136 1225 195 1255 eod.
213 1225 260 1255 tit.
276 1225 504 1264 exceptionem
522 1224 674 1263 domino,
691 1233 755 1255 non
772 1223 871 1264 patri,
888 1224 940 1255 sed

74 1266 142 1297 doli
159 1265 242 1297 mali.

112 1305 242 1339 Prodest
258 1305 351 1346 igitur
368 1305 432 1336 hoc
456 1305 555 1337 modo
579 1305 703 1347 pastum
727 1306 870 1338 domino.
903 1315 940 1338 an

73 1349 168 1379 etiam
185 1347 304 1378 nocet?
328 1347 369 1377 ait
388 1345 540 1386 Ulpianus
556 1346 575 1377 i.
597 1356 643 1379 12.
660 1346 702 1378 D.
720 1348 752 1378 cle
767 1347 876 1387 patiis,
902 1348 944 1379 Et

56 1398 169 1420 'nocere
183 1385 309 1428 corfini:
323 1388 473 1427 additque
484 1411 493 1423 ,
511 1388 574 1419 1100
585 1388 632 1427 jus
649 1387 710 1420 esse
722 1388 805 1427 ,five
820 1390 846 1419 ez·
861 1399 941 1420 rizon-

72 1432 160 1468 (tavi,
183 1435 216 1460 ut
237 1430 444 1468 pacisceretur,
460 1428 525 1467 five
547 1430 672 1467 omnium
695 1439 791 1461 rerum
816 1440 943 1462 vitarum

71 1470 316 1509 rrocurotorfziz'i.
333 1469 395 1501 Sed
413 1470 476 1501 1100
494 1478 526 1500 ut
542 1470 714 1502 distinctius
732 1471 942 1512 intelligatur;

73 1522 150 1552 age,
175 1512 368 1549 dividamus,
392 1520 634 1552 procuratorum
659 1511 789 1553 species.
831 1513 942 1546 Paffim

72 1555 179 1595 placet
194 1552 272 1592 Juris
297 1552 547 1593 Interpretibus,
570 1553 728 1592 triplicem
748 1553 810 1585 effe
826 1563 940 1595 procu-

70 1602 215 1627 ratorum
233 1593 427 1625 divisionem.
452 1603 547 1625 unum
564 1594 882 1635 vocantzspecialem,
899 1597 941 1628 al-

72 1644 176 1667 terum
202 1635 380 1676 generalem
406 1635 598 1675 fimplicem,
622 1636 748 1667 tertium
765 1637 941 1668 0100011111-

73 1677 150 1709 bere
166 1677 296 1709 liberam
315 1677 455 1707 omniurn
480 1678 683 1717 negotiorum
702 1677 940 1710 administratio·

71 1728 158 1750 nem.
200 1718 260 1748 Sed
279 1717 300 1748 fi
319 1718 394 1748 mihi
413 1718 527 1756 liceat,
551 1727 624 1748 meo
640 1719 684 1749 uti
701 1719 851 1760 ingenio:
875 1729 940 1752 non

74 1761 135 1791 erit
159 1759 276 1798 triplex
298 1767 505 1798 procurator,
529 1757 579 1790 sed
605 1760 739 1799 duplex:
763 1761 813 1791 vel
836 1760 873 1792 ad
891 1771 940 1793 res

63 1810 186 1832 ⁴omnes
202 1802 310 1836 datus,
327 1799 376 1830 vel
394 1800 432 1830 ad
449 1807 589 1840 partem:
605 1800 635 1831 id
654 1800 716 1839 est,
733 1800 873 1840 specialis
892 1803 943 1835 vel

73 1841 240 1883 generalis.
265 1841 391 1872 tertium
408 1841 445 1871 ab
462 1840 510 1872 his
528 1839 707 1873 distinctum
724 1851 878 1883 nusquam
892 1844 943 1875 ad-

74 1886 196 1914 ducunt
217 1881 368 1914 Veteres:
392 1891 431 1912 ex
451 1880 592 1923 professo
610 1882 809 1916 instituentes
829 1893 943 1924 procu-

74 1933 214 1956 ratorum
234 1922 440 1955 divisionem:
465 1923 523 1955 hos
537 1923 616 1954 duos
633 1922 755 1964 semper
772 1926 943 1965 appellant.

74 1972 167 1996 certo
182 1964 321 2001 indicio,
338 1974 400 1995 non
417 1963 611 2005 adgnoscere
628 1965 816 2009 1011111111εᾶ
832 1966 853 1998 fi
869 1967 943 1998 alibi

73 2007 275 2038 nominetur:
299 2006 352 2045 (ut
372 2003 408 2036 fit
423 2006 453 2036 in
470 2005 490 2035 1.
509 2009 558 2046 58.
575 2005 616 2036 D.
642 2007 675 2037 de
687 2008 942 2047 procuratoribus,

75 2047 112 2082 δ’
127 2047 142 2077 l.
166 2056 195 2083 9.
216 2046 243 2088 ᾗ.
259 2056 288 2085 4.
306 2046 347 2078 D.
366 2047 399 2077 de
414 2047 589 2087 adquirendo
605 2056 699 2078 rerum
715 2049 855 2089 dominio)
877 2059 942 2081 11011

71 2087 189 2119 adferri
207 2088 343 2128 lpeciem
355 2088 506 2119 diversam
522 2096 559 2119 ac
577 2087 747 2129 separatam
765 2099 780 2120 a
797 2099 944 2130 procura·

76 2137 149 2162 tore
174 2129 310 2170 generali
329 2129 471 2161 omnium
489 2130 712 2170 neg0tiorum:
735 2130 787 2162 sed
806 2132 942 2172 potesta-

78 2178 144 2201 tem
154 2171 217 2209 ejus
231 2171 444 2210 procuratoris
458 2170 523 2202 aliis
542 2171 647 2202 verbis
665 2171 832 2212 indigitari.
856 2174 943 2213 quod

75 2210 98 2242 fi
123 2211 248 2250 probari
275 2211 418 2251 poterit:
450 2212 509 2242 erit
532 2211 702 2244 observatu
726 2214 943 2255 digniffimum.

77 2251 152 2283 Huc
168 2261 245 2283 vero
265 2261 315 2283 me
332 2251 426 2283 trahit
443 2252 555 2285 Paulus
572 2253 621 2285 lib.
641 2263 667 2285 1.
686 2254 816 2288 Samene.
831 2257 876 2286 tit.
897 2265 944 2288 10.

77 2292 107 2334 §.
127 2302 162 2331 2,
186 2293 233 2323 his
251 2292 365 2324 verbis.
406 2293 580 2324 Procurator
593 2300 646 2326 aut
661 2296 699 2326 acl
716 2296 792 2327 litem
804 2320 814 2335 ‚
838 2303 890 2328 aut
907 2298 945 2328 acl

77 2343 156 2364 omne
180 2335 343 2374 negotium,
367 2339 418 2365 aui
442 2335 479 2365 ad
495 2341 606 2375 partem
631 2337 757 2377 negotii,
780 2339 885 2369 autad
901 2347 944 2369 res

76 2373 317 2414 odnzinistrandas
332 2376 429 2407 datur.
452 2375 564 2407 Sensus
576 2376 680 2416 Pauli,
700 2377 943 2410 Procuratorem

77 2417 140 2447 dari
160 2417 207 2447 vel
232 2417 268 2447 ad
294 2416 380 2447 litem
393 2439 402 2455 ,
426 2418 476 2449 vel
493 2417 531 2448 ad
549 2427 597 2449 res
615 2419 888 2452 administrandas:
914 2420 944 2452 &

77 2465 242 2497 utrumque
262 2457 311 2489 vel
336 2460 374 2489 ad
399 2467 494 2489 omne
517 2458 664 2491 constitui
683 2462 868 2501 negotium,
892 2463 944 2493 vel

80 2497 118 2528 ad
136 2506 253 2536 partem
275 2499 405 2539 negotii.
436 2500 478 2530 ita
494 2499 642 2532 subducta
658 2502 780 2535 ratione
792 2526 802 2540 ,
825 2503 944 2542 duplex

81 2536 178 2582 Paulo
194 2538 237 2569 est
255 2548 461 2579 procurator:
483 2541 559 2573 alius
575 2541 735 2582 specialis,
758 2544 835 2576 alius
851 2553 944 2584 gene-

82 2578 152 2608 ralis
171 2580 310 2611 omnium
333 2590 435 2612 rerum
450 2605 459 2620 ,
483 2585 740 2623 negotiorumve.
785 2584 839 2616 Nil
865 2595 944 2626 opus

85 2618 206 2649 verbis:
226 2619 290 2658 ipse
305 2620 346 2651 fic
363 2622 473 2654 Paulus
495 2624 513 2655 l.
534 2633 580 2664 17·
599 2624 627 2666 ὃ.
646 2627 700 2657 ult.
718 2625 760 2657 D.
786 2628 819 2657 cle
830 2626 944 2668 jureju-

84 2659 172 2688 rando
188 2682 197 2695 ,
225 2660 395 2692 Procurator
414 2665 487 2702 quod
503 2666 606 2696 detulit
628 2667 875 2708 (jusjurandum)
898 2678 944 2698 ra-

84 2706 146 2729 tum
162 2699 319 2731 habendum
332 2700 387 2741 est:
402 2704 520 2743 scilicet,
538 2705 567 2743 si
583 2713 635 2737 aut
651 2710 848 2743 universorum
863 2710 943 2740 bono·

84 2749 150 2786 rum
163 2739 564 2785 administrationemsustinet
574 2769 583 2784 ‚
599 2754 651 2778 am
661 2748 690 2786 fi
705 2750 735 2780 id
749 2751 840 2790 ipsum
856 2751 944 2781 nomi.

84 2788 177 2811 rmum
193 2784 360 2813 mandatum
376 2782 420 2818 lit.
451 2784 532 2818 Dedi
550 2787 634 2820 Pauli
648 2789 843 2822 sententiam.
874 2800 943 2831 quae

83 2821 238 2861 Ulpiani?
262 2823 353 2861 plane
374 2824 510 2857 similist.
531 2836 556 2858 1.
575 2828 601 2869 §.
626 2838 650 2861 1.
668 2829 708 2861 D,
733 2832 766 2861 de
777 2839 943 2871 procurato.

83 2865 172 2895 ribus.
203 2863 299 2895 verba
327 2862 462 2904 Ulpiani.
493 2867 666 2901 Procurator
687 2871 732 2901 vel
753 2874 877 2903 omnium
901 2882 944 2903 re-

83 2914 166 2943 rum,
183 2904 228 2935 vel
246 2905 334 2935 unius
350 2907 391 2936 rei
405 2906 455 2946 effe
466 2906 566 2948 potest.
590 2909 742 2950 Ulpianus
760 2913 864 2945 adfert
880 2913 945 2954 spe-

82 2948 168 2984 cies,
192 2955 255 2977 non
272 2954 353 2984 treS,
376 2946 427 2978 sed
445 2948 530 2979 duas.
561 2948 632 2981 Nec
648 2960 769 2985 tantum
785 2953 826 2985 fic
841 2955 895 2986 illo
912 2956 943 2986 in

81 2986 158 3018 loco
177 2985 347 3027 Ulpianus3
365 2986 416 3019 sed
432 2989 525 3020 etiam
543 2990 573 3021 in
590 2991 609 3020 l.
633 3001 677 3023 12.
697 2992 737 3024 D.
755 2995 946 3033 desolationi-

85 3028 151 3066 hus,
171 3027 264 3067 Wro,
283 3029 445 3068 inquiens,
464 3035 643 3070 procuratori
658 3032 730 3064 reste
743 3035 876 3068 solvitur.
900 3046 947 3067 ve-

83 3078 150 3099 rum
164 3075 259 3101 autem
280 3071 403 3110 accipere
422 3072 551 3102 debemus
574 3082 636 3104 eum
660 3076 707 3105 cui
724 3077 893 3108 mandatum
908 3075 946 3117 est

84 3110 131 3139 vel
138 3111 319 3150 specialiter,
343 3112 388 3142 vel
409 3114 457 3142 cui
477 3114 602 3144 omnium
625 3117 800 3156 negotiorum
825 3119 946 3149 admini-

73 3147 329 3226 ,Ιζνιᾶξοιῧιηιῇπαιιεα
345 3151 393 3194 est.
411 3153 517 3188 Etiam
534 3155 566 3188 in
583 3157 611 3189 d.
628 3156 646 3191 l.
660 3165 707 3192 12.
726 3156 768 3191 D.
787 3159 821 3191 de
830 3158 943 3201 pactis,

65 1493 86 1513 'T

968 3162 1113 3205 cipere,
1136 3170 1252 3202 praetcr
1275 3166 1420 3209 omnium
1442 3172 1545 3199 rerum
1570 3172 1623 3198 aut
1646 3166 1853 3207 negotiorum

1793 80 1834 113 45
1844 76 1866 113 7

989 153 1031 185 Et
1055 163 1168 192 nocere,
1193 154 1312 194 inquit,
1336 156 1362 185 ei
1384 153 1511 194 confiat,
1528 152 1591 193 five
1608 157 1634 186 ez·
1650 156 1807 194 mandavi,
1825 163 1869 188 uc*

983 197 1191 235 pacisceretur,
1208 195 1273 234 five
1287 198 1414 227 omnium
1439 206 1532 228 rtrum
1548 206 1676 229 uteorum
1689 203 1856 238 procurator

979 237 1056 276 suit.
1081 237 1141 268 Sed
1158 245 1306 277 apparet,
1331 237 1636 278 Veteres‚·quoties
1652 248 1691 270 ex
1712 238 1854 279 professo

987 278 1130 309 dividunt
1148 286 1389 317 procuratorum
1408 278 1545 319 species,
1562 288 1730 318 numquam
1745 278 1856 311 facere

988 326 1093 359 partes
1121 320 1242 358 plures,
1266 329 1357 360 quam
1382 320 1476 351 duas:
1501 329 1614 358 nempe
1641 321 1804 361 specialem
1824 321 1866 352 &2

988 360 1184 401 generalem:
1209 361 1280 401 quia
1298 371 1362 392 non
1380 369 1509 401 putant,
1534 361 1595 393 ess'e
1611 363 1725 403 plures.
1758 361 1855 394 Dica-

988 411 1056 432 mus
1072 401 1164 442 igitur
1181 412 1290 435 eorum
1310 403 1478 442 exemplo:
1495 405 1581 442 quod
1599 412 1788 443 procurator
1804 403 1865 435 vel*

987 443 1025 473 ad
1048 443 1133 474 litem
1158 443 1268 482 datur,
1292 444 1341 475 vei
1359 444 1396 475 ad
1413 453 1461 474 res
1478 445 1750 478 administrandas:
1776 445 1806 476 δε
1823 453 1856 475 u-

987 490 1099 522 terque
1124 484 1325 517 constituitur
1350 485 1400 516 vel
1419 485 1456 516 ad
1478 494 1575 517 omne
1595 487 1779 527 negotium,
1802 486 1856 518 vel

987 526 1024 555 ad
1043 532 1175 562 partem.

1027 565 1068 597 Et
1082 568 1208 606 quidem
1221 567 1258 598 ad
1270 575 1389 608 partem
1405 567 1524 608 negotii
1541 567 1631 599 datur
1642 570 1692 600 cui
1710 578 1771 600 una
1787 568 1856 610 spe·

985 608 1050 638 cies
1068 631 1077 646 ,
1102 608 1151 639 vel
1175 609 1268 640 etiam
1293 610 1396 649 plures
1418 609 1536 649 species
1559 611 1745 641 nominatim
1768 619 1857 642 man-

985 650 1109 680 dantur.
1134 649 1202 680 talis
1222 659 1299 680 vero
1317 659 1505 690 procurator
1524 651 1695 682 includitur
1712 652 1855 682 mandati

984 690 1100 722 verbis.
1130 690 1184 721 nisi
1207 700 1353 722 occurrat
1371 693 1487 731 aliquid
1506 691 1569 723 sine
1592 701 1658 732 quo
1681 692 1856 732 principale

984 732 1166 762 mandatum
1183 733 1323 771 expediri
1343 741 1491 773 nequeat.
1524 741 1590 764 tum
1612 734 1696 765 enim
1716 733 1780 764 1100
1798 731 1857 764 etsi

985 772 1163 803 excluditur
1186 774 1322 805 mandati
1347 775 1467 812 verbis,
1492 774 1595 806 adhuc
1617 775 1683 814 ejus
1700 774 1856 805 sententia

986 814 1190 844 continetur:
1212 821 1297 845 certa
1316 822 1411 856 atque
1434 816 1598 856 explorata
1616 816 1758 854 ratione,
1783 824 1857 846 eum

986 854 1040 894 qui
1060 861 1202 885 extrema
1219 855 1304 892 vult,
1321 865 1385 888 non
1401 857 1488 897 posse
1504 857 1590 889 nolle
1608 866 1644 888 ea
1663 866 1732 897 quae
1748 858 1786 887 ad
1803 866 1859 887 cx-

986 902 1085 926 trema
1099 893 1168 925 sunt
1180 894 1357 927 necessaria.
1376 896 1425 928 sed
1443 899 1504 929 1100
1520 899 1549 929 10
1567 898 1798 939 praesentiarum
1811 898 1861 928 in-

986 936 1139 976 telligitur
1155 935 1174 966 l.
1191 939 1241 976 56.
1259 936 1296 970 &²
1313 937 1330 967 1.
1348 941 1397 968 62.
1417 938 1456 969 D.
1474 941 1506 969 de
1519 942 1760 979 procuratoribus.
1785 939 1818 970 id
1833 938 1856 970 li

984 986 1049 1008 nou
1067 976 1120 1008 fit:
1137 977 1272 1007 mandati
1292 978 1395 1009 verbis-
1412 978 1518 1010 finitur
1535 981 1638 1012 omnis
1655 981 1700 1013 vis
1717 981 1745 1013 &
1762 988 1856 1021 pote-

985 1017 1043 1049 stas
1058 1017 1198 1058 specialis
1215 1020 1443 1057 procuratoris.
1462 1021 1502 1051 ita
1518 1021 1693 1061 paciscetur
1708 1030 1857 1063 procura-

985 1067 1037 1090 tor
1054 1060 1092 1090 ad
1110 1059 1268 1092 0611011001
1285 1061 1393 1099 datus,
1418 1062 1448 1092 ὃ(
1463 1071 1502 1092 00
1519 1063 1648 1094 nocebit
1664 1064 1817 1100 domino,
1833 1061 1858 1094 fi

985 1101 1014 1131 ei
1033 1102 1214 1132 mandatum
1231 1098 1286 1139 sit,
1304 1109 1338 1130 ut
1356 1102 1528 1140 paciscatur
1545 1104 1563 1134 l.
1586 1113 1629 1135 12.
1648 1104 1690 1135 D.
1708 1107 1740 1135 de
1752 1103 1859 1145 pactis.

985 1143 1072 1180 quod
1091 1141 1111 1172 fi
1129 1150 1192 1172 non
1210 1141 1263 1172 sit:
1288 1151 1399 1173 contra
1418 1143 1471 1174 est.
1499 1145 1583 1175 clare
1601 1144 1781 1178 Gordianus
1797 1147 1816 1177 l.
1826 1155 1857 1186 7.

986 1183 1020 1214 C.
1038 1184 1071 1213 cle
1087 1182 1345 1221 transactionibus,
1372 1183 1587 1215 Transafflonis
1599 1208 1607 1222 ,
1626 1187 1744 1225 inquit,
1767 1187 1860 1227 pluci-

984 1230 1046 1254 ium
1059 1225 1094 1254 ab
1108 1233 1136 1254 eo
1153 1222 1347 1264 interpofiium
1364 1226 1411 1255 cui
1426 1226 1522 1256 causae
1539 1227 1695 1258 actionem
1708 1250 1716 1264 ,
1732 1238 1787 1258 riou
1803 1230 1858 1259 de-

984 1264 1135 1296 cisionem
1160 1265 1222 1297 litis
1249 1265 1411 1306 mandasti,
1434 1264 1507 1303 nihii
1519 1268 1652 1307 petitioni
1667 1274 1723 1298 tuce
1741 1270 1858 1310 deroga-

984 1307 1041 1337 vit.
1064 1305 1176 1338 Paulus
1191 1306 1209 1337 l.
1226 1315 1271 1347 13.
1284 1306 1324 1338 D.
1343 1310 1375 1338 de
1388 1305 1480 1347 pastis*
1498 1307 1538 1339 110
1558 1310 1617 1347 ait,
1635 1308 1725 1345 Serisi
1741 1317 1857 1340 tamum

986 1348 1023 1378 ad
1040 1348 1198 1378 3611011001
1214 1347 1435 1388 procuratorfit
1447 1372 1456 1387 ,
1479 1352 1626 1380 conventio
1641 1351 1726 1389 facici
1743 1352 1856 1382 domino

985 1398 1042 1420 uon
1065 1396 1162 1420 nocet:
1185 1389 1214 1420 ἀ
1240 1390 1327 1420 addit
1349 1393 1516 1422 rationem.
1551 1400 1586 1422 ea
1602 1392 1683 1423 ratio
1702 1392 1764 1424 cst:
1787 1394 1856 1433 (11ιὶ11

985 1430 1119 1470 rzecsolvi
1132 1428 1266 1470 eiporesb.
1286 1430 1367 1463 Satis
1383 1433 1423 1463 de
1439 1441 1647 1472 procuratore
1664 1434 1718 1475 qui
1735 1436 1772 1465 ad
1789 1443 1857 1474 par-

986 1477 1050 1502 tem
1069 1472 1190 1512 negotii
1208 1473 1310 1504 datur.

1028 1512 1118 1544 Alter
1135 1513 1225 1543 datur
1239 1514 1278 1544 ad
1295 1522 1392 1545 omne
1409 1515 1584 1555 negotium.
1609 1515 1699 1555 isque
1716 1518 1788 1550 alias
1805 1527 1858 1558 ap·

985 1555 1121 1596 pellatur
1143 1563 1332 1594 procurator
1358 1557 1501 1587 omnium
1522 1566 1624 1588 rerum
1644 1557 1694 1588 vel
1713 1560 1859 1591 omnium

985 1597 1203 1636 negotiorum.
1231 1596 1283 1626 hic
1297 1606 1374 1627 vero
1392 1596 1436 1628 est
1453 1598 1501 1627 cui
1519 1598 1709 1637 generaliter
1724 1602 1857 1640 permit-

984 1640 1062 1669 titur
1083 1637 1183 1668 libera
1209 1646 1312 1668 rerum
1330 1638 1576 1676 administratio,
1603 1640 1653 1670 vel
1671 1639 1769 1672 libera
1786 1643 1858 1673 uni-

983 1677 1145 1710 versorum
1163 1680 1616 1718 negotiorumadministratio.
1639 1680 1753 1713 Paulus
1768 1690 1859 1714 certe
1884 1696 1886 1698 ’

983 1720 1002 1751 l.
1022 1730 1070 1752 20.
1086 1719 1115 1761 §.
1136 1728 1161 1751 1.
1180 1718 1223 1750 D.
1241 1721 1273 1750 de
1290 1722 1492 1752 novationibus
1509 1731 1673 1761 qmerens,
1690 1723 1742 1763 qui
1760 1733 1859 1756 nova-

985 1771 1019 1793 re
1044 1761 1160 1802 poffinc
1185 1769 1299 1801 praeter
1325 1769 1485 1801 tutorem,
1509 1764 1652 1795 nominat
1668 1773 1859 1804 procurato-

986 1811 1052 1834 rem
1070 1802 1211 1834 omnium
1229 1803 1406 1836 bonorum:
1425 1805 1532 1844 aitque
1547 1806 1576 1836 in
1592 1805 1669 1845 l.58.
1688 1804 1731 1837 D.
1747 1808 1859 1848 depro-

986 1844 1184 1880 curatoribus,
1207 1843 1291 1875 inter
1313 1853 1426 1876 caetera
1449 1847 1544 1877 ctiam
1563 1856 1682 1878 novare
1701 1847 1789 1887 poss'e
1805 1849 1859 1880 cui

985 1885 1175 1925 generaliter
1199 1885 1297 1916 libera
1319 1885 1548 1918 administratio
1571 1897 1676 1919 rerum
1693 1889 1858 1921 commiffa

986 1925 1042 1957 est.
1075 1924 1173 1956 Deest
1188 1927 1316 1966 quidem
1333 1926 1505 1958 Florentiae
1522 1938 1587 1960 vox
1603 1939 1729 1967 rzovare;
1753 1930 1806 1962 sed
1823 1931 1857 1964 in

986 1967 1108 1998 caeteris
1120 1975 1207 1997 extat
1220 1969 1473 2008 exemplaribus;
1490 1971 1660 2002 necminus
1670 1972 1752 2011 apud
1765 1970 1857 2003 Grae-

987 2017 1062 2045 cos,
1080 2007 1194 2044 Basilio.
1212 2009 1259 2039 lib.
1279 2013 1307 2043 8.
1326 2012 1371 2040 tit.
1391 2019 1417 2040 2.
1433 2016 1502 2051 pag.
1519 2021 1588 2051 425.
1606 2017 1672 2043 tom.
1694 2021 1720 2044 1.
1739 2012 1856 2045 Rursus

985 2050 1100 2081 Paulus
1117 2049 1135 2080 1.
1150 2058 1200 2090 59.
1220 2049 1260 2081 D.
1276 2052 1334 2081 eod.
1350 2052 1396 2082 tit.
1419 2051 1603 2091 arbitratur,
1622 2061 1694 2084 eum
1710 2055 1760 2085 cui
1777 2063 1858 2086 con-

986 2090 1066 2122 cess'a
1088 2090 1133 2122 eft
1155 2091 1344 2130 generaliter
1368 2092 1465 2123 libera
1487 2093 1712 2125 administratio
1731 2105 1859 2136 rerum,

985 2131 1074 2172 poss'e
1091 2131 1215 2163 solvere
1232 2133 1456 2164 creditoribus.
1482 2135 1577 2166 talem
1597 2144 1675 2166 vero
1694 2138 1747 2175 qui
1765 2137 1795 2169 id
1812 2137 1858 2169 fa-

986 2174 1067 2210 ciat,
1093 2172 1200 2204 Celsus
1215 2173 1234 2204 1,
1254 2177 1301 2212 87.
1320 2173 1360 2204 D.
1380 2175 1412 2205 de
1422 2174 1613 2214 solutionibus
1629 2179 1768 2218 appellat
1786 2188 1857 2210 orn-

987 2215 1074 2246 nium
1092 2223 1194 2244 rerum
1212 2223 1462 2254 procuratorem.
1488 2217 1588 2257 liquet
1602 2218 1716 2258 igitur,
1740 2229 1855 2259 procu-

985 2264 1123 2287 ratorem
1141 2255 1190 2285 cui
1207 2256 1395 2296 generaliter
1407 2259 1619 2290 committitur
1635 2261 1733 2291 libera
1748 2270 1854 2294 rerum

986 2296 1232 2334 administratio,
1257 2296 1318 2328 effe
1344 2299 1490 2331 eumdem
1508 2303 1708 2339 procuratori
1726 2302 1855 2334 univer-

986 2337 1089 2368 sorum
1106 2338 1328 2378 negotiorum,
1352 2348 1405 2370 aut
1423 2341 1565 2372 omnium
1580 2351 1695 2373 rerum.
1726 2342 1854 2376 Dicitur

987 2387 1109 2417 antem,
1127 2379 1217 2418 (nam
1237 2379 1299 2411 1100
1316 2381 1446 2419 addam,
1463 2380 1541 2412 ficut
1556 2382 1601 2413 est
1614 2383 1742 2423 dignum
1759 2385 1854 2426 addi)

988 2421 1086 2452 libera
1103 2420 1168 2451 dari
1184 2420 1429 2453 administratio:
1453 2423 1516 2462 pari
1536 2422 1639 2455 forma
1658 2433 1718 2465 qua
1735 2426 1854 2460 dicitur

987 2461 1122 2492 concedi
1147 2462 1244 2492 libera
1263 2462 1440 2494 testamenti
1459 2462 1575 2502 faetio;
1599 2465 1649 2497 vel
1666 2475 1682 2497 a
1700 2465 1855 2500 Constan-

987 2504 1054 2534 tino
1072 2502 1091 2533 l.
1114 2511 1137 2533 1.
1157 2502 1188 2534 C.
1210 2503 1442 2543 desocrosarzciir
1457 2504 1575 2542 ecclesiis
1590 2506 1706 2539 dicitur
1725 2508 1854 2541 testato-

987 2545 1010 2575 ri
1028 2544 1163 2574 concedi
1181 2544 1260 2575 liber
1277 2544 1372 2576 stilus.
1404 2545 1519 2577 dicitur
1540 2554 1644 2579 autem
1662 2551 1796 2582 concedi
1818 2551 1856 2583 li-

986 2585 1061 2617 bera
1075 2584 1252 2616 testamenti
1267 2584 1382 2617 fatuo:
1400 2587 1453 2617 ubi
1470 2589 1658 2620 conceditur
1672 2590 1812 2628 legitima
1822 2593 1855 2625 ξε

987 2628 1137 2657 consueta
1153 2626 1330 2658 testamenti
1346 2626 1443 2659 factio
1458 2629 1477 2659 l.
1486 2637 1535 2670 35.
1553 2630 1585 2661 C.
1601 2632 1634 2662 de
1648 2631 1798 2673 inofficioso
1813 2640 1855 2665 te-

979 2666 1141 2706 stamento,
1165 2677 1233 2708 quae
1250 2675 1322 2699 ante
1338 2677 1401 2700 non
1420 2677 1485 2700 erat
1505 2671 1609 2703 libera.
1652 2671 1730 2704 Hoc
1754 2676 1853 2706 modo

988 2710 1031 2740 nil
1055 2708 1173 2748 refert,
1198 2717 1301 2741 utrum
1319 2708 1500 2751 fimpliciter
1512 2713 1654 2746 dicamus
1674 2714 1855 2748 testamenti

987 2750 1180 2788 factionem,
1196 2759 1231 2782 an
1245 2750 1373 2782 liberam
1392 2751 1762 2788 testamentifattionem.
1788 2757 1854 2788 Eo·

988 2793 1060 2822 dem
1086 2791 1184 2822 modo
1209 2792 1325 2823 dicitur
1349 2793 1445 2824 libera
1462 2796 1575 2833 peculii
1589 2797 1815 2829 administratio
1830 2798 1853 2828 1.

987 2837 1036 2866 18.
1052 2831 1080 2873 §.
1100 2832 1152 2863 ult.
1171 2831 1212 2863 D.
1230 2834 1262 2863 de
1275 2835 1464 2874 pigneratitia
1479 2835 1608 2873 actione.
1625 2839 1644 2870 l.
1668 2848 1693 2869 1.
1712 2838 1740 2879 §.
1763 2848 1787 2870 1.
1805 2837 1850 2868 D.

985 2883 1047 2914 qzcoe
1062 2882 1105 2903 res
1115 2874 1247 2914 pignori,
1263 2883 1332 2914 quae
1345 2875 1417 2907 alias
1430 2878 1545 2917 peculii
1561 2879 1786 2911 administratio
1801 2887 1854 2918 ap-

985 2915 1138 2954 pellatur,
1154 2915 1290 2947 detraCta
1307 2925 1388 2948 voce
1403 2918 1488 2950 libem
1504 2919 1522 2950 l.
1544 2929 1589 2951 11.
1609 2920 1637 2961 ᾗ.
1655 2930 1682 2951 2.
1700 2919 1741 2950 D.
1759 2920 1793 2949 de
1808 2928 1854 2949 re-

990 2957 1040 2986 bus
1056 2956 1187 2994 creditis,
1208 2956 1227 2987 l.
1246 2961 1294 2996 46.
1311 2958 1330 2990 l.
1348 2963 1397 2997 48.
1415 2958 1458 2992 D.
1476 2962 1509 2991 de
1522 2961 1650 3002 peculio,
1672 2960 1691 2990 l.
1712 2968 1755 3000 15.
1771 2960 1800 3001 §.
1820 2969 1856 3000 3..

990 2996 1033 3027 D.
1057 2998 1090 3027 cie
1110 2996 1228 3036 diversis
1244 3001 1441 3040 temporalibus
1462 3001 1742 3042 praescriptionibus,
1761 3001 1780 3031 l.
1802 3010 1850 3042 13.

989 3037 1059 3077 inf.
1075 3044 1119 3077 pr.
1139 3037 1180 3070 D.
1204 3039 1238 3070 de
1259 3041 1434 3073 condictione
1457 3043 1584 3073 indebiti.
1617 3041 1691 3080 quid
1707 3043 1736 3072 ni
1756 3041 1855 3083 igitur

969 3103 971 3105 .
990 3080 1169 3117 credamus,
1193 3089 1433 3121 procuratorem
1451 3084 1500 3114 cui
1518 3084 1607 3114 datur
1631 3082 1727 3113 libera
1746 3092 1854 3116 rerum

989 3129 1042 3152 aut
1058 3122 1259 3162 negotiorum
1280 3125 1525 3160 administratio,
1542 3132 1577 3153 ea
1592 3122 1730 3154 formula
1746 3125 1788 3156 nil
1805 3134 1855 3156 ac-

1126 3203 1162 3238 M
1180 3214 1209 3241 m
1226 3214 1256 3238 01
1799 3206 1855 3240 ad·-
