2036 3495
201 126 205 129 ·
249 113 555 149 D1ssanTAT10
582 110 784 146 SECUNDA
813 121 863 146 nn
890 111 1048 147 Caesis
1073 111 1323 146 ConitUP'rffl
1350 111 1769 157 JURISPRUDENTIAE.

119 211 208 234 novo
225 209 319 243 atque
335 201 436 234 inviso
453 202 533 233 orbe
544 201 697 233 utendum
707 198 753 230 fit.
772 200 904 239 perinde
920 210 992 240 qua-

115 242 136 276 fi
155 252 258 275 tutum
283 243 318 275 sit
345 244 432 284 quod
460 253 523 274 non
552 242 588 274 fit
613 249 741 279 verum3
766 249 821 287 aut
845 251 903 281 pro
924 243 993 282 jure

114 285 235 324 scripto
254 284 458 321 observetur,
477 284 561 316 reste
579 283 711 323 intelligi
724 283 855 319 ,inutile
872 283 994 321 iit3aut

117 333 239 358 tantum
256 325 364 357 insulsa
385 325 437 356 usu
455 327 685 366 placereatquc
700 325 847 369 obtinere
865 325 990 364 poffint.

114 387 118 391 -
160 367 252 399 Clara
275 367 343 398 haec
370 368 399 398 ὁὶ
424 375 510 398 certa
538 366 618 404 esse,
642 375 707 397 non
732 365 871 403 sentitis,
897 369 920 396 Α
939 366 991 410 A?

119 418 230 440 verum
246 409 335 440 multi
354 417 407 438 aut
426 409 556 446 inertia,
581 416 633 439 aut
648 408 842 447 ignorantia,
868 415 920 438 aut
939 408 991 447 ipo

117 451 292 487 mercedis,
309 450 338 481 ὅ(
357 449 532 480 ambitione
551 448 730 488 frequentis
746 449 892 479 auditorii
909 456 990 480 auco

116 490 283 522 transversi
309 497 462 530 aguntur:
482 498 517 522 ut
536 490 612 521 nibil
639 489 722 528 pensi
741 489 895 527 babeant,
920 499 991 521 cum

118 532 176 564 suis
202 527 398 564 auditoribus
418 532 563 570 quetidie
587 532 766 562 conlimiles
793 531 924 562 miscere
947 530 990 562 fa-

116 574 225 612 bulas;
249 573 362 613 bisque
392 572 522 613 ignaviae
548 582 584 603 ac
609 572 730 604 delidiae
752 572 909 604 illecebris
927 573 993 613 pul-

116 615 305 646 cherrimam
318 613 500 644 subvertere
518 615 625 645 Artem
638 625 647 652 ;
659 614 687 645 ὅ(
699 638 707 647 ,
723 616 810 653 quod
828 615 990 654 indignum

116 655 182 694 est,
206 657 327 687 animos
342 655 472 694 juvenili
490 656 679 686 credulitate
700 654 802 686 fluxos
821 663 918 694 atque
935 656 989 686 ob-

115 700 231 728 noxios
259 705 482 734 corrumpere,
509 697 539 728 in
557 698 727 736 primisque
754 705 916 736 parentum
936 707 989 726 vo-

113 746 143 768 ta
155 761 164 776 ‚
182 738 209 768 ἃ
232 737 414 778 reipublieae
431 737 559 769 subsidia
575 738 723 769 frustrari.
749 738 874 769 aliudne
891 738 988 769 effici-

113 787 169 810 unt
187 779 245 809 liac
263 779 433 810 verborum
454 778 555 819 speeie
572 789 609 810 ac
626 779 763 810 fraude?
787 788 880 819 quam
898 787 931 810 ut
946 780 992 819 ju-

109 830 211 852 ·venes
229 822 362 861 egregiae
381 819 443 860 spei
461 830 557 860 atque
574 821 708 860 indolis,
725 822 798 851 dum
819 821 847 850 in
868 821 986 851 Acade·

106 862 182 893 ›rniis
200 870 263 893 non
281 868 409 893 audiunt
432 870 556 894 veteres
581 863 688 903 leges,
713 871 818 901 neque
836 861 938 893 bonos
957 871 984 892 e-

105 903 250 937 ,volvunt
275 903 438 940 auctores,
463 913 567 942 neque
594 913 650 943 pei·
676 903 849 934 studiorum
874 904 989 943 gradus

111 945 151 975 ad
177 945 323 982 praeclara
347 954 483 985 quaeque
509 947 537 975 ὅ(
557 944 697 976 sublimia
712 945 911 980 educuntur,
936 953 988 974 ne-

113 995 175 1026 que
193 988 231 1017 ad
250 995 358 1017 verum
378 995 472 1023 atque
493 985 659 1017 honestum
678 986 818 1017 laborem
838 994 990 1016 exercen-

114 1036 184 1065 tur,
207 1035 334 1058 aetatem
351 1026 457 1058 studiis
474 1036 579 1067 aptam
597 1037 632 1058 ac
651 1028 800 1058 devotam
812 1050 820 1064 ,
846 1027 920 1057 luxu
937 1033 989 1056 aut

113 1069 183 1099 otio
202 1068 408 1106 consumant,
430 1077 526 1108 atque
549 1078 589 1100 ex
613 1069 659 1100 bis
685 1069 794 1109 egi-effi
813 1069 935 1108 ipatiis,
959 1068 988 1097 ὅ(

112 1108 247 1149 suijuris
263 1109 356 1145 faeti,
380 1110 497 1141 deinde
522 1110 552 1141 in
573 1119 610 1141 ea
633 1119 703 1149 quae
726 1116 800 1139 ante
819 1118 883 1140 non
900 1109 986 1154 audi-

113 1160 234 1189 veiint,
254 1151 406 1191 legerint,
423 1152 613 1187 didicerint,
633 1150 811 1191 inquirendi
831 1159 936 1190 neque
954 1150 985 1180 li-

112 1192 251 1223 bidinem
270 1193 425 1227 habeant,
450 1201 554 1232 neque
572 1193 716 1229 copiam,
741 1192 822 1222 adeo
842 1191 879 1221 ad
898 1189 981 1236 sene-

110 1232 228 1264 {tutem
256 1234 331 1264 nibil
356 1234 549 1272 nraecipuum
567 1232 711 1264 adferant
728 1240 843 1272 praeter
861 1231 982 1263 stultiti-

109 1283 159 1305 am
180 1275 209 1305 ὅ(
229 1283 459 1315 poenitentiain.

101 1338 106 1341 -
154 1316 260 1355 Atque
272 1317 324 1346 hic
340 1317 489 1355 ignavus,
509 1314 538 1346 δι
557 1314 698 1346 sordidus
714 1314 836 1346 animus
848 1337 858 1352 ,
874 1313 894 1346 si
909 1312 983 1360 Deo

109 1357 233 1397 placet,
257 1357 361 1387 adbuc
384 1358 502 1397 tegitur
527 1364 685 1397 praetextu
702 1356 880 1387 communis
898 1356 982 1386 inbr-

106 1399 237 1430 ¹rnitatis.
262 1408 298 1429 an
318 1399 392 1438 quid
412 1399 610 1437 frequentius
627 1397 771 1436 auditur,
787 1406 880 1437 quam
898 1398 982 1428 viam

107 1440 193 1471 illam
217 1447 358 1471 veterem
383 1449 419 1470 ac
437 1440 552 1480 regiain
570 1438 633 1470 effe
659 1447 870 1478 praeruptaui,
895 1437 981 1478 aspe-

100 1490 193 1518 -ram,
212 1481 396 1518 obscuram,
414 1482 562 1521 longam,
586 1478 771 1519 molestam3
796 1480 849 1511 vix
868 1489 884 1510 a
909 1488 982 1519 pau·

109 1530 154 1552 cis
172 1530 265 1553 etiam
291 1523 402 1553 {edulis
427 1531 521 1561 atque
538 1520 704 1561 ingeniosis
723 1521 820 1552 multa
838 1522 980 1552 lucubra-

109 1565 198 1593 tione
217 1564 245 1593 δὲ
262 1563 414 1594 immenso
432 1564 541 1594 labore
563 1562 695 1593 absolvi.
720 1563 800 1594 lianc
819 1563 980 1605 vulgarem

109 1604 139 1634 ἃ
166 1604 435 1644 compendiariam
461 1612 573 1635 contra
591 1603 653 1634 effe
677 1604 819 1643 planam,
843 1605 979 1642 rectam,

108 1646 314 1676 commodam
332 1645 498 1683 omnibus,
514 1654 554 1675 ne
571 1643 715 1685 segnibus
732 1645 861 1684 quidem
878 1646 907 1676 ὅ(
919 1656 979 1676 vae-

107 1685 258 1717 cordibus
289 1685 530 1724 insuperabilem
550 1697 558 1716 :
588 1686 780 1717 brevitatem
805 1696 883 1717 vero
914 1687 979 1726 ejus

108 1735 283 1757 convenire
306 1727 466 1767 fragilitati
500 1727 642 1758 humanae
667 1727 887 1759 conditionis:
919 1727 980 1759 sua·

107 1769 232 1805 dentis,
257 1767 396 1798 festinari
419 1767 535 1806 studia3
561 1776 594 1799 ut
617 1767 737 1799 fructus
762 1769 978 1809 percipiatur3

109 1809 137 1839 ἃ
167 1819 230 1848 quo
254 1809 357 1848 plures
382 1818 433 1839 aut
460 1809 592 1841 libidine
614 1817 666 1840 aut
690 1810 806 1850 ingenii
831 1811 979 1842 tarditate

109 1858 235 1888 tttnpus
260 1859 296 1880 ac
322 1850 464 1882 laborem
487 1851 641 1890 perdunt,
665 1860 705 1881 eo
730 1851 828 1882 tutius
854 1851 978 1883 confisti

109 1892 139 1922 in
167 1892 300 1922 modicis
326 1891 355 1921 ἀ
375 1891 620 1931 fimpliciffimis,
645 1892 746 1930 iisque
763 1893 802 1923 ad
822 1891 978 1932 jurispru-

107 1932 245 1963 dentiam
265 1941 355 1972 quam
367 1933 529 1971 citissime,
548 1941 610 1964 tam
623 1933 791 1964 certiffime
807 1936 979 1975 perveniri.

104 1973 188 2009 Sed,
213 1982 267 2011 per
286 1972 391 2004 Deum
411 1974 644 2013 immortalem,
671 1984 727 2006 vos
744 1984 806 2015 ego
832 1976 979 2015 appello,

106 2023 180 2051 vos,
206 2016 351 2054 inquam,
376 2016 427 2055 qui
446 2015 487 2046 fic
506 2015 647 2047 sentitis:
672 2017 801 2056 quando
818 2017 857 2047 de
874 2017 976 2049 homi·

102 2055 195 2086 nibus
218 2063 279 2086 tarn
298 2056 378 2087 male
401 2057 516 2088 meruit
537 2055 678 2096 Natura;
703 2057 782 2089 utin
801 2066 863 2089 tarn
880 2059 978 2090 multa

103 2096 131 2127 ἃ
158 2098 304 2136 praeclara
333 2098 411 2128 natis
436 2098 598 2139 ingenium
625 2107 685 2138 qua
709 2108 744 2130 ea
759 2098 977 2139 assequantur,

94 2137 225 2178 -negtrii‘e
253 2138 418 2170 videatur?
441 2140 550 2179 potius
577 2148 743 2180 putemu8‚
768 2150 838 2172 eam
856 2149 890 2171 ut
915 2143 977 2172 avi-

101 2179 160 2214 bus
187 2180 403 2217 celeritatem,
427 2181 558 2213 canibus
581 2181 737 2219 odorem,
764 2182 843 2220 lupis
866 2181 976 2213 saeviti-

102 2228 169 2254 am.
184 2220 226 2250 ita
244 2221 337 2251 nobis
351 2223 466 2253 mentis
485 2221 642 2253 solertiam
660 2222 840 2255 indulsisse?
856 2224 976 2264 quodsi

99 2261 190 2292 lubet
207 2285 216 2298 ,
243 2261 389 2294 homines
405 2272 477 2294 cum
496 2263 677 2295 hominibus
694 2263 863 2296 conferre:
888 2264 968 2296 fate-

101 2312 157 2340 or,
175 2303 336 2342 distinguit
351 2313 408 2334 eos
426 2303 554 2335 fortuna
572 2305 707 2342 opibus,
724 2306 898 2345 natalibus,
915 2305 975 2337 ho-

99 2344 251 2376 noribus:
266 2346 393 2376 interim
409 2346 485 2385 quid
503 2354 566 2377 tam
582 2347 745 2386 :equaliter
760 2347 843 2378 inter
859 2357 915 2378 eos
933 2349 974 2379 di·

99 2384 287 2424 stributum,
312 2395 404 2426 quam
431 2387 515 2418 bona
538 2388 654 2419 mens?
678 2388 787 2419 itane?
813 2389 975 2421 videamus

99 2427 281 2467 plerosque.
328 2437 436 2459 nonne
454 2452 463 2467 ,
493 2429 545 2459 ubi
571 2429 772 2461 adoleverint
794 2430 975 2470 paululum,

62 2499 67 2502 ,
98 2467 166 2499 sunt
186 2470 223 2500 ad
241 2470 414 2509 rogandum
439 2469 568 2508 faciles,
593 2470 622 2501 &
639 2471 676 2502 ad
693 2469 874 2502 discendum
890 2473 973 2502 avidi

99 2517 194 2549 atque
211 2510 341 2541 idonei?
354 2511 415 2549 jam
430 2511 457 2542 in
475 2511 544 2552 ipsis
561 2511 734 2544 infantibus
754 2522 860 2544 nonne
873 2513 972 2544 divini

98 2549 221 2588 spiritus
251 2549 388 2582 scintillae
406 2576 415 2590 ,
452 2554 481 2584 ot
506 2553 593 2584 velut
617 2554 784 2584 conamina
809 2554 972 2586 emicant?

99 2599 169 2629 quae
185 2591 204 2622 fi
218 2592 364 2630 paulatim
377 2594 623 2634 extinguuntur:
641 2602 745 2626 utrum
760 2596 883 2626 cultura
900 2604 972 2635 pec-

98 2632 202 2669 cavit,
225 2641 261 2663 an
287 2631 433 2666 Natura?
454 2645 515 2675 ego
542 2635 623 2666 hanc
649 2637 743 2675 culpa
770 2635 918 2667 absolvo:
942 2637 971 2668 &

98 2671 211 2704 stultos
228 2681 283 2703 aut
297 2675 442 2714 ineptos,
459 2676 590 2715 perinde
606 2685 640 2707 ut
657 2677 792 2718 infignes
806 2678 843 2709 ad
863 2677 971 2708 defor-

97 2713 261 2751 mitatem,
283 2723 336 2745 aut
353 2716 544 2749 monstrosos
559 2727 595 2748 ac
611 2718 812 2759 prodigiosos
824 2741 832 2756 ,
858 2726 973 2759 praeter

99 2754 237 2785 hominis
262 2764 422 2794 naturam,
447 2757 529 2788 nasci
554 2759 757 2798 interpretor.
782 2760 877 2800 igitur
895 2758 972 2790 fiant

89 2795 243 2826 „laborum
259 2796 390 2835 gradus:
408 2798 437 2827 ot
449 2799 535 2837 quod
552 2800 645 2831 rebus
662 2801 806 2831 inanibus
816 2801 876 2841 (ne
894 2802 970 2840 quid

97 2837 186 2876 pejus
210 2837 332 2877 dicam)
356 2838 447 2868 datur
472 2846 596 2879 tempus
612 2863 620 2877 ‚
646 2841 848 2879 impendatur
873 2841 969 2873 Civili

96 2877 294 2909 Prudentiae:
319 2878 395 2917 quid
420 2888 484 2910 non
511 2879 615 2911 ferant
637 2880 803 2914 hominum
826 2883 969 2922 humeri,

96 2919 125 2950 ὗε
144 2919 263 2949 virtute
276 2919 357 2950 duce
373 2919 524 2960 generosa
542 2921 664 2953 indoles
681 2932 745 2954 non
762 2923 938 2963 profliget?

89 2988 94 2991 .
135 2960 215 2991 Sunt
239 2968 344 2990 tamen
369 2960 423 2999 qui
451 2961 646 3001 naufragium
666 2962 794 2996 faciant.
843 2964 888 2996 Ut
903 2965 969 2996 hoc

87 3010 205 3033 Netum
232 3001 284 3032 iit:
309 3001 404 3041 (quid
428 3002 512 3034 enim
540 3003 583 3034 est
608 3003 647 3034 ab
673 3005 760 3036 omni
787 3006 967 3045 perfectum

92 3043 228 3083 parte?)
245 3043 360 3074 ideone
378 3043 547 3075 deserenda
561 3044 616 3074 tibi
628 3045 751 3076 videtur
763 3045 846 3077 bona
858 3056 966 3079 meus:

93 3085 166 3123 quia
189 3093 254 3115 non
277 3084 315 3115 ab
341 3084 509 3121 omnibus,
535 3084 588 3116 etsi
613 3085 835 3126 diligentibus,
860 3089 967 3128 adqui-

93 3124 197 3157 ritur?
215 3134 278 3156 non
300 3126 404 3157 dices:
425 3125 550 3157 censeo.
577 3135 645 3157 nam
668 3125 837 3167 aliquando
857 3129 886 3160 δι
902 3130 966 3160 cul-

96 3173 172 3195 turae
194 3175 257 3196 non
277 3177 316 3196 ex·
335 3176 415 3198 voto
435 3168 536 3198 mellis
556 3166 736 3207 respondet.
771 3168 851 3209 saepe
870 3171 966 3202 etiam

94 3207 268 3246 navigantis
281 3207 365 3248 spem
384 3209 552 3250 tempestas
570 3209 762 3251 interpellat.
780 3211 981 3252 quistamen·

136 3245 212 3280 Toni.
236 3247 263 3279 Ι.

1846 124 1916 160 507

1038 199 1158 231 idcirco
1176 209 1267 241 agros
1279 200 1348 231 suos
1366 200 1524 242 negligit?
1541 201 1611 241 quis
1628 202 1730 233 minus
1747 200 1851 233 studet
1868 201 1914 234 rei

1036 242 1199 272 maritimae
1217 242 1233 274 ἶ)
1266 251 1373 273 nemo.
1406 252 1462 274 cur
1480 243 1572 283 igitur
1588 243 1627 273 ab
1642 245 1780 274 ornanda
1807 244 1914 274 colen-

1037 283 1139 321 daque
1151 282 1730 323 seriojurisprudentiaabsterreamur
1747 293 1806 316 eo:
1823 285 1912 325 quod

1035 325 1073 354 ad
1093 334 1161 355 eam
1181 325 1304 356 virtutis
1331 326 1377 356 via
1400 325 1549 365 grassatus
1568 325 1698 366 aliquis,
1723 325 1775 366 spe
1791 325 1841 357 sua
1857 335 1913 357 ex-

1035 365 1137 396 cidit?>
1160 364 1201 396 Et
1221 365 1241 396 si
1265 367 1294 397 id
1320 375 1429 407 paucis
1447 367 1593 408 contigit.
1619 368 1724 408 plures
1749 368 1809 398 hac
1834 376 1913 408 prae·

1034 406 1148 438 clai-am
1168 407 1337 438 obtinuere
1357 407 1537 446 scientiam,
1555 417 1647 448 quam
1672 409 1726 449 qui
1748 410 1912 449 vulgarem

1035 448 1063 477 ὅ(
1088 450 1348 488 compendiosam
1373 450 1482 480 iniere.
1509 451 1560 488 qui
1580 450 1655 481 mihi
1675 459 1742 481 tum
1758 459 1909 491 quoque,

1035 497 1106 519 cum
1125 489 1154 520 in
1173 498 1300 529 portum
1320 491 1404 522 tuum
1423 500 1620 531 pervenere,
1645 501 1680 522 ac
1698 493 1816 530 sperata
1837 490 1911 523 asse-

1037 531 1126 567 quuti
1145 530 1229 569 lunt,
1256 532 1286 562 id
1305 531 1367 570 est,
1387 533 1493 563 tenuia
1511 533 1541 562 dt
1558 533 1650 569 vilia,
1670 533 1820 564 videntur
1836 542 1911 564 nau-

1036 570 1169 612 fragium
1196 572 1322 603 feciil'e:
1346 582 1418 604 cum
1443 574 1466 604 is
1490 573 1542 612 qui
1569 574 1685 603 summa
1708 575 1808 614 petit,
1832 573 1853 606 si
1870 574 1910 606 ad

1035 622 1070 643 ea
1095 616 1201 650 venit,
1227 614 1268 644 nil
1297 614 1435 653 superius
1454 614 1572 645 habere
1594 614 1704 652 possit:
1728 614 1748 646 si
1765 625 1829 647 non
1848 615 1911 646 buc

1035 655 1141 692 venit,
1167 663 1270 686 tamen
1289 657 1327 686 ad
1347 656 1481 687 lecunda
1497 655 1662 694 admiss'us,
1688 656 1813 688 summis
1837 666 1910 698 pro-

1034 704 1115 725 xima
1144 696 1343 735 adipiscatur.
1387 696 1530 728 Tantum
1547 696 1647 728 refert
1663 697 1692 728 in
1712 697 1775 728 boc
1795 697 1911 738 sapien-

1034 743 1084 766 tiae
1104 737 1282 776 curriculo,
1300 747 1401 770 utram
1423 739 1505 770 viam
1522 738 1717 780 ingrediare!
1743 748 1804 770 nec
1820 740 1911 771 dein—

1034 786 1109 816 ceps
1133 787 1252 816 quterat
1280 778 1400 819 sapiens
1416 787 1512 820 atque
1537 780 1736 820 intelligens,
1761 790 1777 810 a
1794 780 1909 820 quibus

1033 826 1147 857 quanta
1173 829 1268 858 opera
1290 820 1472 859 superetur:
1496 820 1547 852 sed
1566 830 1630 861 quo
1650 831 1750 860 usque
1769 823 1911 862 egredia-

1033 867 1092 889 tur.
1118 860 1212 899 quid,
1237 860 1256 890 ii
1283 870 1322 891 ne
1344 861 1405 900 ipsa
1425 863 1554 901 quidem
1579 863 1632 894 illa
1655 871 1746 894 vetus
1771 863 1801 894 ἂ
1825 864 1910 904 regia

1032 901 1081 930 via
1101 908 1163 930 tam
1188 901 1323 932 difficilis
1342 903 1370 933 ἃ
1394 913 1536 944 praeceps
1551 903 1615 941 est,
1641 913 1733 944 quam
1751 905 1908 944 imperitis

1033 942 1184 972 videtur?
1201 943 1468 982 quemadmodum
1481 947 1564 977 enim
1584 954 1726 977 montem
1738 968 1747 983 ,
1764 946 1806 976 ita
1822 946 1909 977 illam

1032 991 1049 1012 e
1067 982 1243 1022 longinquo
1260 983 1475 1023 prospiciens,
1487 986 1620 1026 abrupta
1638 987 1666 1017 ὅ(
1683 987 1855 1028 praecipitia
1876 987 1907 1018 se

1033 1024 1141 1054 videre
1158 1026 1261 1055 omnia
1274 1048 1282 1061 ,
1300 1026 1468 1057 oculorum
1487 1037 1594 1058 errore
1612 1036 1707 1069 atque
1723 1027 1908 1060 infirmitate

1033 1063 1214 1096 existimat:
1247 1074 1313 1106 quo
1347 1075 1452 1098 autem
1477 1070 1607 1109 propius
1631 1071 1659 1101 ci
1694 1070 1908 1109 admovetur,

1032 1105 1095 1136 lioc
1128 1107 1224 1147 magis
1258 1106 1492 1148 distinguuntur
1515 1110 1662 1142 locorum
1687 1110 1782 1152 spatia
1810 1119 1907 1152 atque

1031 1148 1214 1180 intervalla:
1238 1147 1267 1179 ἃ
1295 1158 1364 1188 quae
1389 1159 1463 1181 ante
1487 1151 1702 1190 praeferebant
1725 1154 1812 1184 ardui
1830 1153 1907 1184 ima·

1027 1189 1133 1229 ginem
1153 1212 1162 1227 ,
1188 1199 1273 1221 nunc
1300 1192 1426 1231 erigunt
1451 1192 1537 1222 lenes
1564 1192 1594 1223 ὃς
1620 1192 1730 1225 faciles
1755 1194 1846 1226 clivi:
1873 1196 1906 1226 in

1028 1239 1108 1269 quos
1130 1230 1182 1260 ubi
1209 1230 1315 1262 sensim
1332 1255 1340 1270 ,
1364 1241 1401 1262 ac
1426 1233 1513 1264 velut
1536 1234 1576 1264 de
1600 1235 1697 1274 gradu
1721 1235 1750 1265 in
1774 1236 1907 1275 gradum

1026 1272 1244 1304 adscenderit:
1269 1275 1323 1304 vix
1351 1274 1415 1305 dici
1439 1274 1565 1314 potest,
1591 1284 1683 1314 quam
1700 1276 1789 1307 alteri
1809 1276 1904 1316 fltju-

1026 1314 1184 1351 cundum,
1209 1314 1282 1346 inde
1310 1322 1456 1355 patentes
1484 1324 1616 1356 campos
1633 1339 1641 1353 ,
1674 1317 1762 1348 alteri
1788 1316 1908 1356 sapien-

1030 1357 1105 1385 tiam
1131 1356 1253 1395 planam
1279 1365 1375 1396 atque
1399 1366 1560 1397 apertam,
1585 1359 1615 1389 (St
1642 1360 1727 1389 ultro
1755 1358 1783 1389 se
1803 1359 1907 1390 oculis

1025 1404 1121 1435 atque
1139 1398 1245 1428 animo
1264 1398 1481 1437 ingerentem,
1500 1408 1605 1439 neque
1626 1399 1765 1430 tenebris
1781 1409 1834 1430 aut
1852 1410 1906 1431 ne-

1025 1437 1105 1469 bulis
1122 1438 1299 1469 involutam
1316 1449 1351 1470 ae
1369 1439 1588 1471 circumfusam
1599 1441 1822 1481 contemplari.
1841 1451 1906 1474 ma·

1023 1487 1084 1519 gna
1101 1479 1171 1510 sane
1187 1488 1260 1511 curn
1276 1481 1462 1520 voluptate,
1476 1491 1536 1512 nec
1551 1481 1675 1514 minore
1690 1483 1828 1514 utilitate
1839 1483 1905 1515 sen-

1024 1521 1102 1558 tiet,
1120 1529 1213 1560 quam
1240 1531 1352 1552 omnes
1376 1531 1489 1563 gentes
1512 1531 1584 1563 agat
1608 1532 1668 1554 una
1693 1522 1824 1555 Naturae
1849 1525 1906 1556 lex

1023 1570 1141 1593 aeterna
1164 1571 1260 1601 atque
1284 1562 1506 1595 immutabilis:
1530 1573 1561 1594 at
1586 1564 1689 1595 civilia
1710 1565 1778 1605 jura
1794 1565 1904 1605 paffim

1024 1603 1163 1641 diversa,
1179 1605 1258 1644 laepe
1275 1606 1433 1636 contraria
1449 1604 1642 1637 scribantur:
1660 1615 1765 1646 neque
1781 1605 1904 1648 semper

1026 1648 1143 1676 eodem
1162 1647 1337 1685 perdurent
1353 1648 1474 1685 modo,
1493 1645 1544 1677 sed
1562 1656 1619 1686 pro
1632 1655 1817 1687 temporum
1836 1657 1905 1687 nio-

1023 1686 1127 1724 ribus,
1153 1687 1383 1726 &reipublicae
1405 1687 1540 1726 formis,
1563 1688 1592 1719 dt
1619 1687 1850 1729 insequentium
1869 1699 1904 1721 u·

1023 1728 1170 1759 tilitatum
1189 1730 1364 1760 rationibus
1386 1728 1464 1770 saepe
1482 1737 1654 1761 mutentur.
1671 1730 1732 1769 iarn
1750 1739 1843 1770 quam
1858 1731 1906 1770 ju·

1022 1770 1162 1800 cundum
1181 1768 1351 1809 speculari,
1374 1770 1556 1802 Duodecim
1573 1769 1731 1810 Tabulas,
1757 1772 1786 1804 ὅ(
1804 1772 1834 1804 in
1854 1772 1903 1803 liis

1023 1810 1109 1850 leges
1128 1809 1261 1852 Regias,
1284 1812 1399 1843 breves
1427 1813 1456 1843 δι
1475 1813 1582 1852 plenas
1600 1814 1737 1853 antiquae
1757 1813 1902 1845 severita-

1023 1852 1085 1889 tis,
1109 1851 1160 1883 sed
1184 1862 1213 1883 in
1231 1862 1344 1893 magna
1363 1854 1476 1894 Populi
1495 1861 1699 1894 paupertate,
1725 1855 1755 1885 ἃ
1772 1855 1901 1895 integro

1023 1901 1118 1932 atque
1136 1894 1326 1934 incorrupto
1344 1896 1448 1926 adbuc
1467 1905 1556 1933 aeVO,
1574 1896 1813 1934 prudentiffitne
1830 1896 1902 1928 scti-

1023 1934 1119 1974 ptas?
1142 1943 1236 1974 quarn
1256 1935 1348 1967 suave
1367 1938 1495 1974 videre,
1520 1945 1570 1968 eas
1588 1937 1704 1968 deinde
1720 1937 1787 1969 aliis
1803 1946 1902 1979 atque

1023 1975 1090 2007 aliis
1123 1976 1245 2016 legibus
1277 1977 1447 2018 abrogari,
1478 1987 1531 2009 aut
1556 1976 1676 2009 restitui
1704 1979 1823 2018 palam:
1846 1988 1901 2011 aut

1022 2025 1194 2057 praetorum
1213 2017 1334 2050 EdiCtis
1351 2019 1460 2050 annuis
1478 2019 1607 2051 mitibus
1625 2019 1654 2050 dt
1670 2020 1899 2060 popularibus,

1021 2058 1169 2090 adhibito
1194 2059 1382 2100 plerumque
1404 2061 1515 2092 colore
1544 2068 1597 2092 aut
1615 2059 1744 2092 fictione
1759 2069 1855 2102 atque
1875 2063 1899 2093 i-

1021 2100 1146 2140 magine
1170 2101 1361 2139 verborum,
1388 2103 1584 2142 temperari,
1616 2101 1727 2139 eludi,
1757 2103 1899 2134 mutari?

1021 2150 1114 2180 quam
1132 2151 1312 2179 amoenum,
1337 2152 1377 2173 ex
1397 2143 1444 2174 liis
1462 2143 1559 2174 veluti
1578 2142 1723 2176 fontibus
1743 2143 1771 2175 ἃ
1789 2145 1898 2176 rivulis

1021 2182 1263 2222 deprehendere
1283 2184 1452 2223 produstas
1472 2184 1565 2225 Legis
1584 2184 1745 2223 actiones,
1771 2186 1801 2217 ἅ
1820 2185 1894 2217 Fori

1020 2224 1269 2264 disputationem
1290 2225 1320 2255 in
1338 2234 1398 2263 qua
1413 2225 1507 2264 AElii,
1533 2225 1679 2265 Claudii,
1694 2226 1804 2265 Bruti,
1824 2227 1899 2258 Mu-

1019 2265 1078 2301 cii,
1104 2265 1241 2305 Aquilii,
1266 2266 1417 2306 Sulpicii,
1442 2266 1608 2306 Trebatii,
1626 2267 1770 2305 Antistii,
1787 2269 1893 2305 Ateii,

1016 2305 1145 2344 Sabini,
1170 2306 1279 2345 Caffii,
1304 2306 1451 2348 Proculi,
1476 2309 1506 2340 &
1529 2309 1648 2349 reliqua
1672 2309 1783 2341 seculis
1802 2319 1897 2341 vene*

1018 2348 1113 2378 randa
1142 2357 1291 2387 nomina,
1316 2350 1438 2390 regulas
1463 2349 1545 2390 juris
1571 2349 1727 2382 definiunt
1749 2361 1757 2382 :
1780 2352 1895 2391 quibus

1018 2386 1140 2429 Legum
1169 2389 1409 2431 ambiguitatem
1439 2398 1581 2432 regunt,
1610 2390 1765 2431 angustias
1787 2393 1896 2433 ampli-

1017 2438 1090 2467 ant,
1114 2429 1313 2462 latitudinem
1330 2432 1538 2473 restringunt,
1563 2433 1710 2464 duritiem
1728 2433 1894 2474 mitigant,

1018 2471 1155 2510 denique
1172 2471 1332 2504 efficiunt:
1357 2481 1391 2503 ut
1413 2473 1510 2505 auctis
1535 2473 1672 2514 publicis
1698 2475 1894 2516 privatisque

1016 2513 1132 2551 opibus
1145 2535 1153 2551 ‚
1180 2514 1208 2544 δε
1231 2516 1285 2550 (ut
1301 2514 1357 2553 iit)
1373 2515 1502 2546 mutatis
1522 2524 1577 2555 per
1593 2515 1648 2546 has
1665 2515 1806 2549 moribus
1818 2540 1828 2556 ,
1852 2517 1895 2549 le-

1014 2563 1069 2593 ges
1086 2562 1212 2585 veteres
1231 2555 1294 2595 pati
1325 2557 1490 2595 potuerint
1509 2557 1616 2588 mollia
1642 2557 1671 2588 δι
1689 2556 1796 2589 felicia
1814 2566 1895 2590 teui-

1015 2604 1104 2634 pora.
1151 2593 1232 2626 Dies
1255 2595 1409 2627 deficeret
1423 2599 1595 2638 exequenti
1616 2596 1752 2639 singula:
1775 2600 1806 2631 in
1825 2600 1894 2641 qui-

1015 2636 1073 2667 bus
1097 2637 1173 2667 licet
1197 2639 1303 2668 animo
1330 2639 1378 2668 via
1396 2639 1491 2670 ducto
1511 2647 1574 2671 tarn
1599 2640 1750 2680 pulchra,
1775 2640 1893 2672 summa

1015 2687 1088 2708 cum
1105 2677 1273 2718 voluptate
1289 2678 1468 2717 exspatiari.
1491 2681 1597 2721 itaque
1611 2681 1672 2721 jam
1693 2681 1770 2713 nibil
1788 2683 1891 2715 dicam

1015 2724 1055 2749 de
1077 2719 1382 2757 Senatusconsultis,
1406 2721 1483 2753 niliil
1506 2723 1546 2754 de
1566 2722 1748 2764 Principum
1768 2723 1892 2755 Consti-

1015 2760 1210 2797 tutionibus,
1235 2760 1297 2792 five
1316 2762 1394 2794 velis
1410 2762 1539 2802 Edista,
1562 2763 1626 2796 five
1643 2764 1802 2803 Decreta,
1826 2764 1890 2796 five

1015 2800 1194 2841 Rescripta:
1218 2803 1248 2832 in
1273 2811 1407 2842 quorum
1429 2804 1639 2844 potestatem,
1665 2805 1734 2843 post
1755 2805 1891 2836 Gordia·

1013 2851 1107 2880 num,
1131 2842 1307 2883 (incertum
1333 2844 1471 2885 sublata,
1494 2857 1532 2878 an
1558 2847 1702 2887 neglecta
1727 2846 1801 2877 Fori
1825 2847 1888 2877 dis-

1013 2883 1198 2924 putatione)
1225 2886 1350 2917 tandein
1369 2889 1472 2919 omnis
1488 2888 1739 2929 jurisprudentia
1755 2895 1889 2918 conces-

1012 2924 1058 2955 fit.
1085 2923 1158 2955 Ncc
1174 2934 1277 2958 tamen
1294 2926 1406 2966 silebo,
1420 2929 1503 2961 illam
1522 2929 1693 2968 Rel'criptis
1710 2936 1746 2958 ac
1765 2927 1889 2959 Decre-

1014 2966 1053 2996 tis
1072 2967 1153 2996 adeo
1170 2976 1232 2998 non
1251 2968 1340 3000 suiffe
1357 2970 1553 3002 obnoxiam:
1576 2971 1648 3009 quin
1676 2969 1744 2999 haec
1771 2976 1887 3008 utpote

1012 3007 1050 3037 ad
1066 3006 1182 3039 factum
1199 3007 1385 3049 spectantia,
1401 3011 1454 3043 nisi
1473 3013 1502 3043 in
1520 3012 1655 3042 formam
1674 3008 1886 3041 Constitutio-

1012 3049 1058 3079 nis
1074 3049 1242 3089 conversa,
1266 3060 1319 3083 aut
1339 3051 1392 3083 usu
1411 3052 1553 3090 firmata,
1577 3051 1748 3089 aliquando
1765 3051 1884 3091 impro-

1012 3090 1178 3129 barentur,
1195 3093 1304 3132 utique
1323 3091 1447 3135 Legum
1467 3093 1686 3123 auetoritatern
1707 3101 1770 3122 non
1789 3101 1886 3131 perae-

1010 3139 1072 3171 que
1092 3131 1256 3165 haberent.
1289 3134 1349 3165 Sed
1371 3138 1410 3165 de
1430 3135 1545 3165 veteris
1562 3132 1735 3173 disciplinae
1753 3136 1884 3167 amoeni-

1009 3178 1074 3203 tate
1092 3182 1128 3203 ac
1145 3172 1297 3206 facilitate
1315 3175 1395 3206 saris.

1049 3214 1163 3246 Adbuc
1181 3216 1360 3255 metuscst,
1379 3218 1399 3247 A
1414 3215 1457 3247 A:
1476 3223 1516 3245 nc
1533 3213 1660 3256 longior
1675 3215 1739 3255 ejus
1759 3216 1808 3247 via
1824 3215 1883 3254 sit;

1121 3256 1139 3287 ὃ
1157 3266 1168 3287 s
1185 3266 1197 3288 S
1221 3268 1237 3288 :1
1533 3284 1536 3285 γ
1851 3260 1880 3289 ὅζ
