2052 3487
555 98 706 136 BREV
725 99 772 135 IS
824 101 1095 138 CAPITUM
1146 103 1349 140 OPERIS

144 192 211 235 fori
228 192 387 226 calumnias
402 191 504 234 quibus
515 189 625 232 pefflme
647 189 806 221 laxabatur
825 201 842 222 a
859 191 921 231 Ju-

150 235 328 274 risconsaltis
339 233 476 266 Hebraeis.
487 231 591 271 fimili5
608 231 718 262 Seneca>
729 231 766 265 {3⁹
776 233 922 265 Ciceronis

147 280 237 310 ratio.
252 287 310 308 mos
323 282 409 308 vetus
420 274 687 316 patrumfamilias,
717 283 782 304 cam
803 277 920 313 morolo-

155 330 222 352 rum
233 344 242 359 ,
254 325 315 351 tum
330 317 531 359 benignorum,
556 317 587 346 in
602 315 749 345 credendis
764 317 899 355 pecuniis
911 340 920 355 ,

152 372 190 394 ex
210 360 383 396 Plutarcho,
405 357 552 399 Ulpiano,
575 353 787 396 Chrylostomo,
804 357 921 389 Seneca.

153 405 193 436 aa
201 404 277 435 hunc
286 410 388 432 rnorem
396 400 527 444 respicere
535 397 607 429 illud
615 397 754 436 Domini,
768 398 802 429 M
808 407 883 429 utuu
890 409 921 431 m

153 446 228 477 date
243 443 319 475 nihil
334 441 407 473 inde
423 442 594 480 sperantes.
629 438 792 470 Dominum
809 450 865 470 non
884 442 921 471 lo-

150 488 202 529 qui
213 487 344 525 proprie,
348 484 401 523 sed
416 482 462 514 uti
478 480 636 521 hyperbole:
651 491 829 522 quamquam
844 492 900 512 non
910 506 920 518 .,

150 538 183 560 ut
199 528 273 568 quod
296 527 327 556 in
348 533 379 555 re
401 529 561 554 extremum
577 521 638 560 fit,
662 521 849 563 affequatur3
865 526 918 563 sed

151 569 226 610 quod
240 569 317 598 intra
330 566 442 596 modum
458 561 598 603 consiliat.
615 574 680 595 eunt
704 565 734 594 in
750 565 916 605 praecipien-

151 613 184 642 do
199 608 250 650 effe
256 610 421 650 sapientum
436 616 558 645 morem,
585 603 725 647 ostensum
739 604 849 647 infigni
867 607 916 637 Se-

1781 116 1847 153 223

1066 201 1139 223 necae
1155 193 1221 224 loco.
1246 202 1309 224 eam
1332 192 1509 235 hyperbolem
1532 201 1590 225 non
1612 192 1715 235 vidiffe
1737 195 1847 238 Augu-

1058 232 1185 274 stinum.
1204 235 1366 266 Dominum
1375 235 1570 276 faenus-inter
1585 235 1705 277 Judaeos
1719 236 1756 271 ἐξ
1765 239 1844 269 Gen-

1068 275 1131 306 tiles
1148 285 1206 307 non
1222 275 1383 317 sustuliffe:
1406 287 1458 308 nec
1466 278 1543 308 inter
1558 288 1601 309 eos
1616 280 1668 320 qui
1676 279 1843 319 salutarem

1068 318 1130 358 ejus
1147 319 1328 359 disciplinam
1344 318 1577 359 ampteauntm:
1600 322 1699 360 modo,
1716 319 1745 359 fi
1759 322 1843 352 civili

1067 358 1192 397 ipsorum
1209 360 1268 401 lege
1284 369 1341 391 non
1355 361 1541 399 prohibeatur
1549 363 1662 401 foenus.
1694 361 1842 400 Ambrosii

1065 409 1153 431 error.
1177 411 1234 432 non
1246 401 1371 442 peccaſje
1390 402 1594 442 Imperatorem
1609 402 1818 444 Juflinianum
1828 415 1840 441 3

1065 451 1130 472 cum
1148 444 1179 473 in
1197 442 1399 477 pandectis&
1410 444 1512 475 Codice
1524 447 1655 482 servavit
1667 445 1798 479 Titulum
1808 448 1842 477 de

1063 484 1178 519 usuris:
1200 494 1291 526 neque
1303 494 1368 515 eum
1383 485 1445 526 ejus
1467 487 1509 515 rei
1519 487 1693 528 poenituiſje.
1783 492 1842 524 169

972 522 1048 554 XII.
1064 524 1164 555 Mores
1179 528 1303 566 rigorem
1318 526 1406 566 Juris
1426 526 1566 559 Canonici
1581 539 1658 560 circa
1676 529 1781 569 usuras
1796 531 1843 560 in-

1053 565 1167 606 jlexss'e
1182 571 1220 599 ad
1238 569 1404 609 aeqititatem
1420 567 1508 607 Jaris
1526 570 1684 610 Gentium,
1710 580 1767 602 non
1780 581 1838 602 om-

1062 609 1131 638 nino
1141 610 1364 650 improbantibus
1376 610 1438 651 ejus
1445 609 1536 651 Juris
1546 612 1758 653 interpretibus.
1778 621 1834 653 171

620 690 843 724 LIBRI
895 690 1261 728 SECUNDI.

42 783 130 816 CAP-
142 781 166 813 Ι.
177 779 315 820 Veterem
319 775 528 819 solvendarum‘
538 780 694 819 usurariam
706 780 846 810 rationem
859 779 919 820 ple·

133 832 251 863 rumque
275 821 448 863 menstruam
465 821 574 861 fuzffe,
606 822 752 852 interdum
776 831 917 853 annuam.

148 874 205 895 non
222 863 272 903 effe
293 873 393 895 verum
409 864 484 904 quod
509 866 543 893 de
564 863 718 901 dilatione,
741 872 759 893 a
776 862 920 894 Kalendis

150 907 189 937 ad
204 905 274 936 Idus
296 907 361 938 dari
375 905 476 943 solita,
501 903 649 944 docttffimi
670 905 811 935 dixerant
830 905 917 935 bomi-

151 956 218 978 nes:
241 957 291 978 nec
304 948 334 978 id
347 947 504 978 Horatium
519 952 570 976 aut
587 945 747 976 Ciceronem
764 946 845 976 velle.
870 955 918 976 ve-

149 995 197 1020 tus
216 988 366 1029 Inscriptio
387 989 555 1026 emendata,
579 988 669 1029 deque
691 987 753 1028 ejus
770 987 918 1019 irttelleetu

155 1031 250 1071 qualis
265 1030 361 1071 qiialis
375 1028 551 1070 conjeetara.
856 1038 920 1075 -173

89 1072 130 1104 II.
154 1072 201 1102 De
216 1073 375 1102 nominibus
396 1075 561 1111 usurarum.
603 1071 673 1111 quid
687 1069 730 1108 fit
746 1071 918 1101 cencestma

151 1112 257 1151 usum,
281 1112 403 1147 &uncle
417 1111 504 1144 dista.
521 1122 582 1143 eam
598 1112 672 1143 alias
688 1112 828 1152 appellari
852 1111 919 1142 usu-
933 1111 934 1114 ’

149 1164 214 1186 ram
239 1154 342 1186 affem.
367 1154 404 1189 &³
427 1154 504 1185 cur?
535 1153 679 1195 ingenitfiz
708 1152 745 1187 &1⁹
763 1153 920 1192 probabilis

152 1195 285 1234 Salmafii
299 1197 390 1236 opinio
407 1196 568 1236 deqaodam
579 1195 671 1226 Plinii
684 1195 752 1226 loco.
767 1194 834 1226 assis
852 1194 919 1226 usu-

152 1246 193 1269 1·ae
205 1244 304 1278 partes
317 1236 368 1277 effe
391 1238 511 1267 minores
533 1236 647 1273 usuras.
692 1242 808 1277 quanta
820 1236 920 1275 fuerit

150 1277 296 1316 centesima
303 1276 472 1318 Justiniani
480 1284 607 1317 tempore,
622 1276 920 1319 etiamposleam.174
974 1322 977 1323 ⁷

74 1318 127 1354 ΠΙ.
151 1320 231 1350 Ante
244 1318 450 1361 Juftinianum
459 1319 550 1360 fuiffe
566 1325 677 1351 certum
691 1323 848 1360 usurarum
857 1329 915 1350 vno-

146 1361 234 1397 ἀκτῆς
255 1370 373 1402 eumque
391 1371 428 1392 ex
439 1363 573 1401 partium
591 1362 779 1393 conventione
791 1360 917 1402 potuiffe

148 1403 187 1433 ad
211 1401 389 1441 centesimam
409 1403 586 1443 adscendere.
611 1401 762 1441 centcstma
779 1403 812 1434 in
819 1401 918 1443 stipu-

148 1443 280 1475 lationem
302 1443 443 1483 aeditua,
466 1443 572 1484 Judiei
592 1444 750 1485 nonfuiffe
760 1444 833 1485 jus,
855 1453 918 1475 eam

145 1493 242 1526 regere
262 1491 314 1526 pro
336 1495 411 1517 more
433 1487 567 1527 regionis.
599 1487 694 1527 usurae
718 1487 835 1517 modum
859 1494 918 1516 non

141 1526 262 1568 patinffe
276 1528 368 1569 egredi
386 1526 576 1566 centesinwm.
599 1528 721 1569 usuram
737 1525 919 1566 centesimam

149 1568 208 1599 elici
221 1571 380 1600 maximam
395 1568 432 1603 ὅ)
446 1569 614 1611 legitimam.
637 1579 700 1612 quae
723 1570 856 1607 modicae,
879 1570 919 1600 ci-

144 1609 235 1648 viles,
257 1609 383 1651 modesta
397 1634 406 1649 ,
430 1612 573 1650 minimae,
596 1611 700 1652 usurae.
737 1611 921 1652 Capitolinas

65 1668 67 1670 -
149 1651 320 1692 explicitus,
343 1651 381 1686 ὅ)
399 1651 582 1692 Papinianus
598 1652 617 1684 l.
635 1662 664 1687 J.
687 1652 724 1695 §.‘
735 1658 804 1694 pen.
828 1651 867 1686 D.
885 1653 920 1684 de

64 1716 68 1720 .
144 1693 317 1735 pignoribus
335 1693 371 1727 δέ’
390 1693 560 1734 hypothecis.
857 1697 917 1732 176

66 1730 126 1765 lv.
149 1733 196 1764 De
210 1735 292 1765 vario
309 1735 467 1774 usurarum
471 1735 540 1775 fato
557 1735 589 1765 in
604 1734 748 1774 republica
763 1734 916 1775 Romana,

147 1773 185 1809 &2⁵
205 1784 260 1815 quo
270 1775 339 1816 jare
353 1774 488 1814 definitus
503 1774 544 1813 sit
563 1785 662 1807 earum
682 1778 794 1809 modus.
859 1786 916 1816 177

84 1815 127 1849 V.
153 1815 200 1847 De
215 1819 294 1847 modo
313 1817 470 1857 asinarum
488 1827 551 1858 quie
566 1818 598 1847 in
614 1818 690 1848 bonae
713 1817 781 1855 fidei
798 1818 920 1859 judiciis

150 1855 242 1897 officio
256 1857 375 1898 Judicis
387 1864 445 1898 prce
474 1864 565 1889 antur
570 1856 635 1895 fine
644 1860 839 1890 conventione.
854 1868 920 1890 eum

145 1899 264 1931 inactum
280 1908 316 1930 ex
330 1909 406 1940 aequo
483 1901 551 1930 bono
570 1898 676 1938 finiri:
700 1909 734 1931 ac
753 1900 921 1941 plerumque

149 1942 212 1980 regi
223 1950 298 1970 more
319 1941 462 1981 regionis,
485 1942 535 1971 ubi
551 1939 730 1972 contractum
749 1939 807 1980 est:
829 1943 920 1972 inter-

148 1982 219 2012 dum
235 1982 311 2012 hanc
320 1983 451 2012 excedere
461 2005 470 2019 ‚
480 1988 567 2023 atque
583 1983 670 2013 etiam
686 1982 865 2020 centesimam
875 1988 921 2014 at-

152 2024 278 2064 tingere:
303 2023 339 2057 &
355 2024 387 2053 in
406 2025 510 2064 quibus
533 2022 636 2060 causis.
664 2023 813 2064 Ulpianus
828 2024 847 2055 l.
875 2033 923 2055 10.

149 2062 179 2104 §.
202 2074 231 2104 3.
255 2063 298 2095 D.
321 2064 464 2096 stiandati
480 2064 527 2095 vel
549 2071 649 2095 comm
670 2065 812 2096 correctus
828 2089 839 2104 ,
869 2067 921 2096 im-

146 2107 270 2145 probata
284 2105 391 2146 Jacobi
406 2106 522 2146 Cujacii
536 2105 746 2149 dispunffione.
770 2106 790 2138 l.
814 2116 861 2147 17.
885 2107 920 2137 C.

149 2147 181 2177 de
189 2147 277 2178 locato
287 2147 325 2182 ὅ)
333 2147 469 2178 conducto
477 2148 614 2189 explicita
623 2171 633 2187 ,
642 2157 681 2178 an
690 2149 849 2180 emendata.
864 2157 921 2188 179

71 2187 126 2220 VI.
151 2188 213 2220 Cur
227 2191 327 2220 modus
344 2190 499 2226 usurarum
515 2199 577 2228 qitae
597 2191 628 2219 in
651 2190 727 2220 bonae
746 2189 820 2230 fidei
837 2190 921 2232 judi-

155 2230 207 2260 ciis
232 2229 269 2264 δέ)
284 2231 454 2271 quibusdam
479 2231 545 2262 aliis
565 2230 655 2272 officio
679 2230 801 2271 Judicis
823 2233 922 2263 deben-

154 2276 220 2308 tur,
237 2269 345 2309 nonsit
364 2271 520 2312 infinitus,
536 2282 602 2303 curn
616 2273 654 2303 ad
668 2274 699 2303 id
716 2274 791 2314 quoa
806 2271 922 2314 interest

148 2313 329 2352 referantur,
352 2312 388 2347 ἐξ
403 2315 596 2354 iit-‘corporum
608 2311 792 2353 (estimatione
802 2338 817 2354 ,¹
835 2316 921 2346 etiam

154 2355 186 2384 in
197 2357 320 2393 pecunia
343 2361 417 2385 certo
432 2354 488 2385 loco
508 2355 667 2396 promiffa,
689 2356 774 2387 aliter
797 2358 829 2387 ob
843 2366 921 2387 erve-

150 2400 211 2467 ἴαν.
233 2397 324 2426 nodus
349 2396 382 2427 in
406 2397 518 2428 ratione
534 2398 615 2439 juris
637 2398 709 2437 satis
731 2396 823 2439 diffici
834 2399 859 2429 is
874 2399 921 2439 so-

162 2441 241 2469 utus.
864 2444 918 2473 181

65 2475 137 2509 Vll.
154 2477 190 2508 In
207 2479 311 2519 quibus
327 2477 437 2516 cafibus
454 2479 569 2512 licuerit
586 2481 719 2511 creditori
742 2482 838 2522 egredi
853 2481 922 2522 legi-

152 2521 254 2550 timum
269 2520 422 2559 usurarum
437 2524 562 2554 modum.
589 2531 623 2552 ac
640 2523 770 2563 primum
794 2524 828 2554 de
847 2532 923 2554 nau-

155 2562 207 2591 tico
215 2561 336 2601 faenore.
360 2562 410 2592 boc
423 2562 574 2602 infinitum
589 2562 699 2603 fuiffe:
717 2563 754 2598 ὃ)
770 2564 849 2595 cur?
866 2564 924 2595 Pa-

149 2603 293 2641 pini-anus
309 2605 479 2635 emendatas
492 2604 528 2638 δὲ)
545 2603 687 2646 expositus
702 2605 720 2635 l.
740 2615 767 2644 4.
782 2612 830 2642 pr.
845 2606 881 2640 δέ’
892 2606 922 2647 §.

120 2662 130 2664 ἡ
159 2651 184 2672 1.
209 2642 252 2674 D.
274 2645 306 2674 de
322 2647 568 2685 nauticofoenore.
583 2647 688 2686 sensus
703 2647 837 2681 &lectio
854 2648 872 2677 l.
890 2658 921 2686 5.

157 2682 200 2713 D.
220 2685 251 2713 cie
266 2686 510 2724 nauticofoenore.
868 2693 924 2722 182

61 2718 148 2753 V111.
160 2721 205 2752 De
219 2724 312 2760 usuris
329 2725 501 2766 specierum
518 2729 712 2760 creditarum:
736 2729 772 2763 ὅ)
786 2740 848 2771 qaoe
862 2730 923 2769 Ju-

156 2761 283 2803 Jtiniano
305 2766 423 2806 species
447 2770 586 2801 dicantur
608 2770 627 2801 l.
652 2774 701 2802 26.
725 2770 755 2812 55.
785 2780 811 2803 1.
835 2771 868 2803 C.
891 2772 925 2802 (le

1067 781 1174 818 icfztris.
1218 780 1265 811 De
1289 782 1385 821 usuris
1403 783 1446 814 rei
1461 783 1621 823 judicatae.
1645 785 1780 817 notabilis
1792 795 1842 817 ve-

1062 824 1131 853 teris
1148 821 1310 853 Marmoris
1335 823 1495 865 Inscriptm.
1785 832 1842 867 185

1066 864 1098 895 A
1112 864 1236 903 legitimo
1256 868 1412 900 usurarum
1435 869 1513 897 modo
1531 869 1626 907 excipi
1641 878 1659 899 a
1676 867 1842 909 dofiiffimis

1064 905 1295 945 Interpretibus,
1318 913 1403 947 atque
1420 909 1450 938 in
1466 909 1510 939 his
1528 920 1545 940 a
1567 909 1677 950 Jacobo
1699 911 1843 952 cujacio,

1064 945 1273 985 antichrefin,
1304 957 1361 978 non
1388 951 1608 991 tacitam,sed
1631 951 1844 985 manifestam.

1066 988 1261 1028 differentiam
1286 998 1373 1029 quam
1400 990 1539 1032 Cujacius
1557 993 1639 1031 facit
1662 994 1739 1024 inter
1761 995 1843 1025 anti-

1068 1029 1190 1061 chresin
1208 1029 1245 1063 ὅ)
1259 1031 1366 1061 usuras
1384 1030 1429 1069 ‚si
1441 1042 1498 1064 rem
1509 1033 1640 1074 spectes,
1651 1035 1763 1066 nullam
1779 1034 1842 1075 effe.

1068 1071 1183 1102 macula
1212 1071 1365 1110 dispuncta
1389 1074 1407 1104 l.
1437 1083 1481 1105 11.
1508 1074 1539 1105 C.
1565 1077 1599 1106 de
1626 1078 1732 1116 usuris.
1755 1079 1844 1110 etiam

1064 1114 1095 1143 in
1119 1113 1197 1144 modo
1219 1113 1254 1142 ab
1273 1113 1369 1153 usuris
1393 1123 1451 1145 non
1472 1113 1615 1158 distingui
1640 1117 1816 1158 antichresin
1830 1142 1842 1158 ‚

1056 1152 1122 1191 five
1138 1155 1278 1191 tacitam,
1294 1153 1360 1192 five
1377 1157 1571 1198 manifestam.
1595 1161 1673 1191 modo
1681 1160 1712 1198 fi
1733 1167 1845 1192 certum

1059 1194 1102 1233 fit
1116 1218 1125 1234 ‚
1157 1205 1221 1226 eam
1238 1196 1335 1236 egredi
1356 1198 1513 1230 usurarum
1529 1199 1631 1238 finem.
1656 1211 1696 1232 an
1717 1200 1754 1236 ὅ)
1781 1212 1844 1244 quce

1060 1235 1102 1275 fit
1121 1238 1211 1268 tacita
1226 1236 1400 1274 antichrefis.
1424 1240 1570 1280 complura
1583 1265 1592 1280 ,
1615 1251 1705 1283 eaque
1722 1244 1846 1276 intrica-

1064 1284 1113 1316 ta,
1131 1279 1211 1320 juris
1226 1278 1322 1309 civilis
1339 1278 1399 1311 loca
1410 1282 1566 1321 expedita.-
1590 1285 1620 1313 in
1635 1285 1741 1324 quibas
1756 1285 1775 1317 l.
1796 1295 1845 1320 11.

1065 1319 1095 1362 §.
1124 1329 1150 1352 1.
1176 1319 1219 1351 D.
1242 1321 1480 1362 depignoribus,
1501 1323 1520 1354 l.
1549 1332 1595 1364 17.
1620 1325 1654 1357 C.
1677 1326 1712 1356 de
1728 1327 1846 1365 usuris,

1065 1364 1086 1392 l.
1114 1369 1141 1393 1.
1164 1360 1192 1403 §.
1218 1371 1247 1402 3.
1272 1362 1313 1393 D.
1336 1363 1371 1393 de
1388 1364 1563 1405 pignoribus
1579 1388 1588 1404 ,
1621 1366 1640 1398 l.
1669 1376 1713 1407 14.
1747 1367 1780 1399 C.
1811 1370 1846 1399 de

1062 1402 1161 1443 usuris
1172 1426 1183 1442 ,
1206 1403 1226 1434 l.
1250 1407 1279 1438 8.
1298 1402 1341 1435 D.
1359 1402 1398 1435 In
1413 1407 1517 1447 quibus
1533 1406 1627 1446 causis
1643 1409 1757 1452 pignus
1772 1411 1847 1442 taci-

1067 1450 1095 1474 te
1110 1444 1300 1476 contrahitur.
1787 1455 1848 1486 186

994 1483 1038 1517 X.
1062 1485 1112 1517 De
1125 1487 1222 1520 usuris
1241 1486 1432 1527 Senatorum,
1442 1488 1528 1530 fisci,
1544 1500 1580 1523 ac
1595 1492 1762 1525 civitatum.
1789 1498 1849 1528 188

974 1525 1034 1559 XI.
1063 1526 1179 1567 wieres
1197 1531 1375 1569 usurarum,
1390 1528 1457 1567 five
1480 1533 1709 1572 anatocifinum,
1731 1534 1781 1570 sed
1794 1544 1848 1567 an·

1064 1571 1259 1608 niversarium
1274 1593 1285 1608 ‚
1323 1570 1426 1603 Edicto
1454 1573 1597 1605 tralatitio
1616 1584 1635 1606 a
1660 1572 1816 1607 Veteribus
1832 1599 1845 1616 ,

1059 1612 1149 1642 etiam
1163 1621 1181 1642 a
1197 1611 1350 1651 Cicerone,
1372 1612 1554 1653 observatum
1565 1614 1676 1655 fuiffe:
1690 1617 1746 1657 sed
1762 1618 1844 1649 dein-

1061 1653 1097 1684 de
1112 1652 1385 1693 Senatuscon'lulto,
1410 1654 1447 1689 δὲ’
1470 1655 1754 1697 Constitutionibus,
1771 1666 1843 1700 pre-

1065 1694 1198 1728 hibz'tum.
1223 1693 1260 1731 &²
1282 1695 1360 1727 cur?
1381 1697 1758 1739 qucenamvistefintulurae
1775 1702 1844 1741 usu-

1061 1745 1164 1768 rarum
1175 1760 1184 1775 ‚
1201 1736 1307 1769 callida
1323 1737 1463 1769 Veterum
1478 1739 1698 1780 interpretatio,
1713 1738 1756 1773 ab'
1768 1742 1842 1774 Am-

1065 1776 1153 1823 brofio
1173 1777 1215 1812 &⁴
1227 1776 1402 1818 Justinz'ano
1420 1777 1572 1822 castigata.
1598 1792 1655 1813 non
1675 1782 1727 1823 effe
1741 1791 1844 1816 anato-

1065 1820 1185 1856 czsmuni
1194 1842 1204 1858 ,
1211 1818 1277 1856 sive
1294 1826 1397 1860 usuras
1408 1821 1627 1861 usurarunhfi
1640 1831 1771 1857 mutetur
1786 1836 1855 1857 ere--

1070 1860 1172 1890 ditoris
1184 1861 1324 1901 perfinia:
1347 1861 1385 1896 ὅ)
1399 1865 1513 1903 quando
1536 1865 1566 1896 id
1576 1865 1682 1904 fallat.
1707 1868 1796 1907 quid,
1814 1866 1845 1905 fi

1068 1901 1133 1941 quis
1141 1898 1306 1942 stipulat-us
1317 1900 1360 1940 sit
1377 1905 1500 1935 minores
1525 1907 1649 1946 usuras,
1676 1906 1713 1942 ὅ)
1728 1909 1774 1939 bis
1789 1912 1844 1948 sua

1065 1943 1114 1972 die
1131 1952 1188 1973 nen
1197 1943 1322 1982 solutis,
1347 1944 1517 1985 legitimas?
1538 1949 1746 1988 anatot-isinum
1761 1951 1844 1992 judi-

1068 1990 1131 2014 cato
1142 1982 1214 2023 fieri
1230 1984 1352 2026 potutffe
1367 1991 1434 2017 ante
1455 1988 1527 2028 Imp.
1552 1988 1782 2029 Juflinianum:
1805 1992 1843 2027 δὲ)

1067 2025 1225 2065 qztomodo?
1250 2028 1337 2057 etiam
1351 2036 1417 2059 eum
1432 2031 1685 2071 a.rz(ttocismumab
1702 2042 1731 2063 eo
1749 2033 1842 2074 Impe-

1064 2072 1160 2097 ratore
1175 2067 1322 2106 sublatum
1338 2068 1400 2109 effe.
1783 2080 1842 2113 189

973 2105 1051 2139 XII.
1068 2106 1115 2138 De
1130 2108 1225 2148 usuris
1240 2115 1435 2151 perceptorum
1449 2111 1611 2151 fruetuum
1626 2115 1674 2146 vel
1690 2125 1727 2147 ex
1737 2116 1843 2159 fingu.

1066 2149 1124 2180 lari
1138 2159 1186 2188 re,
1209 2151 1307 2183 velex
1322 2152 1500 2194 hereditate,
1524 2160 1593 2186 ante
1607 2157 1654 2188 vel
1675 2155 1740 2199 post
1762 2159 1842 2191 litem

1064 2189 1259 2232 contestatam.
1785 2210 1796 2232 1
1802 2209 1841 2238 91

965 2230 1055 2265 XIII.
1066 2231 1114 2264 De
1135 2234 1219 2265 vario
1245 2239 1332 2276 atque
1352 2236 1513 2269 incredibili
1535 2238 1692 2278 usurarum
1721 2243 1814 2282 abusu
1830 2266 1841 2278 ,

1066 2284 1133 2305 cum
1147 2274 1323 2317 manifesto„
1343 2282 1407 2309 tum
1431 2277 1521 2318 tecto,
1542 2281 1595 2321 qui
1611 2281 1679 2313 olim
1692 2283 1780 2323 fuit3
1804 2283 1842 2319 ὃ*

1066 2315 1195 2348 adducta
1218 2317 1356 2350 notabilia
1374 2321 1526 2362 utriusque
1550 2323 1697 2363 exempla:
1719 2325 1843 2367 itemque

1068 2359 1192 2390 remedia
1209 2360 1350 2399 adversus
1364 2361 1484 2400 abusum
1512 2361 1659 2395 Nomina
1666 2373 1752 2397 certa
1762 2368 1843 2408 apud

1067 2399 1248 2440 Horatium,
1271 2401 1393 2432 incerta
1413 2405 1445 2433 in
1461 2403 1713 2443 Senatusconsulto
1739 2408 1841 2440 Mace·

1066 2442 1188 2474 doniano
1204 2453 1222 2474 a
1243 2443 1283 2476 ud
1303 2442 1467 2483 Ulpianum
1483 2445 1504 2475 l.
1531 2454 1556 2476 1.
1583 2446 1626 2477 D.
1652 2448 1685 2479 de
1700 2448 1842 2482 Senatus·

1066 2483 1192 2522 consulto
1252 2485 1435 2516 acedoniano.
1460 2493 1569 2518 certus
1587 2486 1689 2521 homo
1703 2493 1783 2532 apud
1792 2493 1841 2524 Ci-

1065 2534 1202 2556 ceronem.
1228 2526 1332 2566 Sensus
1353 2525 1374 2557 l.
1400 2531 1428 2561 8.
1453 2527 1486 2558 C.
1509 2527 1543 2559 Si
1567 2536 1678 2562 certum
1697 2539 1839 2575 petatur,

1068 2566 1088 2597 l.
1108 2570 1154 2598 1-6.
1173 2566 1206 2598 C.
1224 2568 1257 2598 de
1266 2567 1363 2607 usuris
1373 2566 1631 2611 ,isf'quorundam
1638 2573 1764 2607 aliorum
1778 2576 1841 2616 Ju-

1068 2608 1109 2637 ris
1127 2608 1233 2640 Civilis
1250 2610 1390 2656 capitum.
1781 2627 1837 2654 192

967 2646 1121 2680 X1V.De
1150 2659 1227 2681 nova
1250 2652 1408 2688 usurarum
1433 2651 1599 2691 definitione
1623 2666 1641 2687 a
1662 2655 1837 2698 Justz'niano

1063 2689 1152 2731 saeta
1169 2690 1188 2721 l.
1215 2694 1270 2738 zo..
1287 2690 1316 2732 §.
1349 2701 1376 2724 1.
1402 2692 1436 2725 C.
1459 2695 1493 2725 a'e
1511 2696 1607 2736 usuris
1624 2698 1779 2742 diligenter
1800 2700 1839 2736 fs?

1065 2732 1150 2772 plene
1167 2733 1313 2774 explicita.
1781 2750 1836 2781 195

981 862 1040 895 IX.

650 2855 871 2889 LIBRI
923 2855 1226 2893 TERTII.

63 2924 142 2956 CAP.
155 2924 177 2955 I.
193 2925 302 2965 Causas
317 2928 470 2965 usurarum
485 2931 555 2962 duas
571 2933 683 2969 videri,
706 2933 753 2963 vel
769 2934 800 2963 in
818 2932 922 2974 obliga·

157 2968 250 3004 lione,
274 2968 320 2997 vel
333 2971 362 2997 in
380 2968 468 3008 efficio
491 2972 617 3011 Judicis.
642 2974 677 3005 In
695 2973 922 3014 obligatione&-

155 3012 190 3046 se
205 3018 267 3048 quae
281 3018 317 3039 ex
333 3007 494 3049 testamento
507 3014 659 3053 debentur,
683 3021 734 3045 aiat
749 3014 785 3045 ex
801 3025 923 3046 conven-

162 3050 245 3079 tione.
276 3049 388 3088 Uluras
407 3050 544 3092 instricii
563 3056 642 3095 juris
657 3055 851 3087 contractibus
867 3066 925 3088 non

164 3099 201 3121 ex
211 3090 314 3136 pecie,
329 3093 383 3131 sed
400 3101 436 3123 ex
453 3092 656 3134 stipulatione,
680 3098 781 3128 deberi.
823 3097 925 3141 Quid,

153 3131 183 3169 fi
199 3136 290 3171 usuroe
306 3142 341 3163 ex
358 3135 490 3173 consensu
506 3135 634 3176 proestitae
642 3136 704 3173 sint
721 3139 803 3180 longo
822 3146 924 3180 tempo-

156 3173 208 3204 re?
230 3174 433 3214 complurium,
458 3175 580 3216 &satis
595 3178 776 3219 difficilium,
800 3180 923 3212 locorum

162 3214 281 3257 diligens
298 3215 334 3251 {5⁹
351 3225 489 3250 accurata
505 3219 711 3261 interpretatio.
865 3227 921 3260 198

1005 2933 1045 2966 11.
1074 2933 1188 2975 Usaras
1206 2937 1237 2968 in
1248 2935 1350 2977 siricii
1358 2939 1438 2981 juris
1460 2941 1656 2974 contraeiibus
1681 2943 1836 2984 aliquando

1069 2985 1105 3023 ere
1121 2979 1196 3008 nudo
1209 2978 1294 3019 pacto
1311 2981 1419 3012 deberi.-
1437 2981 1475 3016 ὅ)
1489 2984 1629 3024 quando?
1651 2984 1777 3016 scevola
1794 2994 1838 3016 re-

1061 3016 1215 3058 stitutusl.
1240 3029 1268 3061 7.
1293 3022 1335 3052 l).
1359 3024 1391 3053 de
1408 3026 1523 3054 nautica
1536 3025 1657 3065 faenore.
1681 3025 1840 3066 difficultas

1057 3060 1178 3098 sublata
1200 3071 1236 3093 ex
1256 3062 1278 3093 l.
1301 3073 1351 3100 41.
1377 3064 1405 3106 §.
1429 3074 1457 3096 2.
1485 3065 1523 3095 D.
1549 3069 1582 3096 de
1611 3068 1724 3106 usuris,
1748 3079 1837 3110 quam

1052 3100 1171 3142 frustra
1185 3104 1282 3135 tollere
1297 3107 1424 3137 tentavit
1439 3105 1605 3144 Salmasius.
1774 3120 1837 3144 200

988 3140 1044 3176 ΙΙΙ.
1073 3142 1179 3182 Usuris
1201 3147 1230 3176 in
1240 3144 1460 3185 stipulationem
1476 3146 1676 3185 deductisfi'ne
1691 3157 1765 3182 certo
1779 3163 1836 3183 mo-

1069 3186 1102 3216 do
1122 3209 1131 3219 ,
1157 3187 1237 3218 civili
1252 3187 1317 3227 jure
1333 3188 1430 3218 nullas
1454 3189 1563 3219 deberi:
1585 3191 1641 3227 nisi
1661 3196 1839 3232 argentariis

1067 3228 1172 3268 quibas
1189 3238 1267 3259 nova
1283 3227 1450 3268 Jastiniani
1474 3227 1681 3269 Constitutione
1693 3225 1786 3276 kbeffes
1810 3246 1838 3266 eo

1807 3287 1839 3308 ir.
