2036 3495
369 114 436 152 An
462 115 553 151 [ΑΒ.
584 108 675 148 xm.
711 108 816 145 Τιτ.
850 107 916 144 VI.

35 204 166 248 quaestio
184 206 224 238 de
242 214 282 238 eo
293 206 345 245 qui
363 205 457 237 nobis
473 204 557 236 bona
574 200 637 234 fide
653 197 766 231 servit:
783 198 823 231 de
840 207 907 239 quo

34 249 232 289 Pomponius
247 248 266 280 l.
290 256 332 288 ¹3>
351 246 378 289 §.
397 257 425 279 2.
447 246 474 277 h.
492 251 513 276 t.
604 283 612 290 .
728 282 734 288 ,

77 289 168 327 Haec3
194 288 214 320 ss
235 297 312 321 unus
330 287 365 320 fit
382 285 660 330 commodatarius.
682 283 778 327 quid,
802 279 828 327 fi·
840 281 906 313 duo

36 330 121 363 fint‘?
142 330 205 362 fuit
223 328 403 370 quaefitum,
427 336 530 360 utrum
547 325 630 358 actio
645 323 792 370 adverlus
809 323 909 368 (ingu-

38 373 87 403 los
105 379 267 411 competat
291 371 322 402 in
349 369 498 407 solidum3
521 377 558 399 an
578 375 637 412 pro
657 363 831 410 portione?
859 364 909 409 {ed

36 412 179 453 Ulpiano
194 412 249 453 l.5.
266 411 293 454 §.
310 411 363 442 ult.
381 411 437 442 [ιι.
452 411 556 451 placet
573 408 724 439 sententia
734 404 816 452 Celsi
833 404 909 443 filn;

38 454 263 492 existimantis,
288 460 455 491 utrumque
473 449 503 481 in
530 448 663 480 solidum
683 455 800 478 teneri:
824 446 909 485 quasi

37 495 262 527 commodator
278 493 313 525 fit
330 494 359 525 in
377 492 507 523 solidum
521 491 681 530 utriusque
693 487 787 520 fidem
797 487 906 527 sequu-

39 544 99 568 tus.
145 534 218 567 Nec
238 534 340 566 obstat
362 533 527 566 Africanus
547 531 566 562 l.
584 541 630 564 21.
647 530 676 572 §.
698 539 720 562 1.
738 531 764 561 h.
781 536 802 561 ε.
825 528 906 560 Nam

38 578 91 609 hic
107 576 330 608 commodator
354 573 398 606 est
426 574 609 612 utriusque,
633 581 698 604 non
716 571 906 616 fingulorum

37 618 135 651 fidem
151 619 180 649 in
198 616 327 648 solidum
338 614 497 656 sequutus.
514 613 661 646 illietiam
672 612 816 645 vasorum
826 620 905 653 peri·

37 659 144 691 culum
169 656 359 696 conjunctim
387 656 606 697 susceperunt:
637 654 739 697 pacti,
770 660 803 684 ut
831 651 907 683 esset

37 708 206 732 commune
223 698 412 737 periculum:
436 698 468 729 id
487 696 549 736 est,
573 704 607 728 ut
630 697 765 737 quisque
782 693 905 740 praesta·

35 750 86 774 ret
101 739 231 779 periculi
245 747 384 780 partem:
401 748 466 771 non
483 747 517 770 ut
527 747 605 770 unus
617 737 754 770 solveret
765 735 905 768 solidum.

36 782 76 815 ita
92 781 197 822 singuli
208 790 248 812 ex
259 788 366 812 natura
376 781 559 812 contractus
570 803 578 818 ‚
595 779 647 811 nili
660 779 742 811 aliud
761 778 904 818 placeat,

35 824 66 856 in
85 822 214 854 solidum
233 821 291 853 hac
308 822 434 853 actione
453 829 611 853 tenentur.
628 821 657 852 ἃ
674 818 905 851 observandum

36 865 119 906 quod
135 864 287 903 Ulpianus
304 863 335 895 in
351 864 376 895 d.
396 863 415 895 l.
431 873 460 901 5.
474 863 503 905 §.
522 863 576 894 ult.
595 862 701 900 addit;
724 861 810 901 quod
828 868 905 899 quo-

35 906 207 938 dammodo
224 906 288 936 duo
304 905 349 936 rei
367 904 540 937 habentur:
563 903 624 942 fic,
649 911 683 934 ut
701 902 719 934 fi
736 903 814 934 alter
830 909 903 931 con-

35 955 150 979 ventus
165 944 360 986 praestiterit,
383 946 517 978 alterum
543 945 674 982 liberet,
698 944 727 975 ἀ
749 942 903 974 ambobus

35 995 200 1028 competat
225 986 301 1018 furti
325 987 424 1019 aetio:
457 988 497 1020 de
520 995 586 1028 quo
611 985 756 1026 Cujacius
780 984 827 1015 lib.
853 986 902 1015 26.

36 1030 156 1067 observ.
176 1038 200 1059 c.
217 1031 265 1060 26.

78 1070 256 1104 Caeterum,
275 1068 353 1101 ficut
369 1070 438 1102 haec
454 1069 535 1101 aetio
552 1069 641 1101 datur
657 1066 801 1100 adversus
817 1076 903 1099 com-

35 1112 245 1145 modatarium
268 1123 273 1141 1
307 1114 348 1142 ita
374 1113 463 1143 datur
487 1110 634 1142 adversus
664 1110 728 1150 ejus
753 1109 905 1141 heredes:

38 1154 68 1185 &
87 1152 106 1184 ss
123 1153 226 1193 plures
243 1152 316 1189 sint,
336 1162 394 1190 pro
407 1151 606 1193 portionibus
625 1151 838 1182 hereditariis:
853 1149 906 1180 nisi

37 1194 58 1227 fi
75 1195 145 1233 Quis
162 1203 203 1225 ex
221 1193 273 1225 suo
292 1192 375 1225 facto
392 1194 602 1225 conveniatur
627 1193 646 1223 l.
675 1201 719 1231 17,
746 1192 773 1233 §.
793 1201 818 1224 2.
838 1192 865 1222 Ι).
886 1196 905 1221 ι.

35 1244 89 1266 aut
115 1234 169 1266 nisi
193 1244 270 1266 unus
295 1233 409 1266 habeat
436 1234 621 1266 facultatem
644 1233 842 1264 restituendae
859 1232 903 1262 rei

37 1277 136 1308 totius
162 1276 181 1307 1.
207 1286 236 1317 3.
263 1275 281 1317 §
316 1286 344 1317 3.
372 1277 399 1308 h.
421 1282 443 1308 t.
470 1275 523 1307 ubi
549 1274 734 1307 Charondas
759 1275 790 1305 in
810 1273 905 1305 ·Notis

36 1327 101 1349 mar
125 1327 162 1347 in.

78 1327 174 1389 Ngimc
190 1357 310 1395 dicam,
326 1358 364 1388 ad
383 1358 458 1396 quid
476 1358 568 1389 detur
586 1356 782 1389 commodati
800 1356 904 1394 aelio,

36 1398 66 1430 ἀ
85 1400 170 1438 quod
187 1397 217 1429 in
234 1408 269 1429 ea
285 1398 319 1429 fit
337 1397 613 1437 officiumJudicis.
630 1399 661 1430 id
677 1396 823 1429 ostendet
840 1397 904 1428 for—

34 1440 136 1477 mula,
161 1449 176 1470 a
195 1439 333 1470 Praetore
352 1439 507 1479 prael'eribi
524 1440 621 1472 solita.
650 1449 685 1471 ea
702 1438 838 1470 formula
856 1437 904 1470 fu-

34 1481 75 1512 it:
99 1481 251 1520 quidquid
272 1490 302 1511 te
318 1481 392 1511 mihi
417 1491 455 1512 ex
479 1483 686 1513 commodato
708 1480 779 1512 dare
799 1479 905 1511 facere

37 1529 169 1559 oportet
190 1531 231 1552 ex
254 1521 315 1552 fide
340 1522 433 1554 bona.
459 1532 495 1553 ea
517 1521 655 1555 formula
683 1524 837 1553 convenit
857 1522 904 1552 his

38 1562 140 1594 Edicti
167 1563 291 1600 verbis,
316 1561 415 1605 Quod
439 1563 507 1601 quis
531 1562 742 1595 commodasse
762 1564 902 1602 dicetur,

39 1604 79 1634 de
99 1612 139 1631 eo
155 1603 305 1642 judicium
323 1604 416 1635 dabo.
437 1603 553 1635 Ειὶὶξὶο
577 1614 642 1636 non
661 1604 768 1635 addidi
788 1604 903 1643 verba,

39 1653 80 1676 ex
96 1642 157 1674 fide
175 1643 275 1674 bona:
290 1645 362 1684 quia
381 1654 444 1676 non
462 1644 575 1677 Edicto
593 1646 769 1683 debentur;
786 1645 836 1676 sed
854 1645 903 1685 Ju-

39 1684 250 1717 risconl'ultis:
274 1688 326 1725 qui
341 1686 395 1726 (ut
419 1694 549 1727 apparet
577 1696 616 1718 ex
633 1687 652 1718 l.
675 1696 700 1717 2.
716 1686 743 1728 §v
762 1689 791 1717 6.
811 1687 856 1717 D.
875 1689 907 1717 de

39 1727 108 1766 orig.
118 1726 259 1767 juris)ex
279 1726 416 1768 Legibus
433 1736 527 1768 atque
539 1727 655 1759 Editus
664 1728 823 1759 actionum
842 1727 906 1759 for-

38 1767 138 1799 mulas
161 1766 386 1807 composuere,
412 1777 470 1808 pro
499 1769 624 1808 publica
650 1768 804 1807 utilitate,
828 1769 856 1801 ἃ
875 1769 906 1801 in

39 1807 205 1849 proposito
221 1818 260 1839 ex
279 1818 386 1840 natura
404 1809 581 1842 contracms
598 1819 638 1841 ex
654 1817 791 1850 utroque
810 1811 907 1842 latere

39 1849 231 1889 obligatorii.
258 1848 307 1881 sed
325 1850 406 1881 hanc
425 1851 544 1882 evincit
562 1852 580 1882 l.
595 1861 624 1892 3.
653 1850 680 1892 §.
700 1861 728 1893 3.
749 1852 775 1882 h.
793 1857 814 1882 t.
831 1852 858 1883 ἂ
879 1851 904 1894 §

39 1894 88 1924 28.
117 1887 187 1930 lust.
212 1892 244 1920 de
267 1890 399 1923 αέῖῐυηίὸ.
428 1893 508 1924 Ante
532 1893 637 1924 omnia
664 1893 758 1933 igitur
781 1893 905 1932 dicam,

37 1931 122 1962 hanc
146 1931 301 1962 astionem
329 1941 515 1974 competere
538 1935 576 1965 ad
598 1933 830 1965 restitutionem
859 1934 906 1966 rei

38 1973 268 2016 commodatae:
294 1972 312 2004 fi
330 1977 595 2006 commodatarius
620 1984 688 2006 eam
706 1982 810 2006 teneat
829 1975 906 2007 ultra

37 2014 251 2056 ptaeicriptuui
271 2021 413 2055 tempus3
429 2023 481 2046 aut
500 2025 568 2047 eam
587 2015 754 2047 transferat
764 2019 802 2048 ad
811 2017 905 2049 alium

37 2055 144 2092 ulum,
170 2063 260 2094 quam
284 2057 417 2096 accepit.
441 2056 485 2089 est
508 2058 590 2088 enim
610 2058 820 2090 commodato
837 2068 906 2099 pro-

36 2096 159 2140 prium,
192 2104 225 2126 ut
255 2096 369 2128 habeat
393 2106 514 2130 certum
542 2101 672 2130 modum
696 2107 748 2130 aut
772 2107 906 2140 tempus.

38 2143 100 2174 lta,
123 2134 143 2167 fi
161 2138 427 2170 commodatarius
451 2150 483 2171 re
506 2142 708 2171 commodata
727 2139 794 2171 usus
811 2140 847 2172 fit
867 2143 905 2173 ad

37 2185 111 2208 eum
128 2178 259 2209 modum
274 2188 326 2209 aut
344 2189 489 2220 tempus,
506 2182 703 2222 extinguitur
720 2185 905 2214 commoda-

38 2226 126 2249 tum:
144 2221 171 2249 ά
188 2222 341 2250 convenit
358 2220 450 2252 bonae
468 2221 540 2253 fidei
553 2246 562 2259 ,
587 2232 620 2254 ut
641 2232 708 2255 eam
725 2223 905 2263 reposcenti

37 2260 272 2291 commodatori
284 2260 423 2293 restituat
439 2263 457 2293 Ι.
473 2273 501 2303 5.
521 2263 585 2304 §.8.
605 2262 645 2294 D.
665 2263 700 2298 ἐξ
715 2264 733 2294 l.
750 2274 778 2296 2.
799 2265 830 2296 C.
847 2267 906 2297 αι.

36 2298 153 2331 Utrum
178 2300 207 2331 in
233 2311 369 2341 gencre3
392 2313 428 2334 an
455 2307 484 2335 in
504 2303 632 2343 specie?
656 2304 720 2335 hoc
735 2306 833 2346 magis
853 2305 906 2338 est.

35 2342 87 2379 ἀ,
111 2351 151 2373 ne
169 2351 249 2383 opus
268 2343 301 2374 fit
320 2345 443 2377 eaeteris
467 2354 536 2384 quae
560 2346 650 2377 attuli
667 2345 772 2383 supra,
795 2346 905 2378 adscri—

36 2382 109 2414 bam
135 2382 203 2414 haec
226 2384 323 2415 verba
352 2386 497 2426 Agtaetii,
529 2385 658 2418 Veteris
684 2386 902 2420 Grammatici.

38 2423 253 2470 Commodamus
262 2427 352 2456 amico
357 2435 408 2466 pro
419 2433 538 2467 tempore
545 2437 648 2469 equum
657 2450 666 2466 ,
680 2429 795 2464 servum
805 2453 814 2467 ‚
831 2431 904 2462 banc

35 2465 123 2503 :psam
150 2474 208 2496 rem
232 2476 319 2506 quam
341 2469 471 2499 dedimus
496 2470 646 2508 recepturi.
670 2469 722 2501 Sic
737 2469 759 2501 fi
778 2480 836 2502 una
855 2481 904 2503 res

36 2507 238 2537 commodata
257 2506 301 2539 fit.
325 2509 387 2540 Sed
406 2509 508 2551 finge.
533 2513 608 2541 duas
633 2509 695 2542 effe
719 2513 904 2544 commoda-

36 2553 92 2577 tas.
117 2547 262 2592 potestne
288 2550 327 2579 de
352 2550 449 2582 altera
475 2552 522 2592 agi
547 2553 773 2584 commodati?
799 2552 899 2585 Vivia-

37 2595 95 2632 pus
112 2588 238 2633 quidem
258 2597 356 2628 putat.
380 2591 431 2623 sed
454 2592 567 2624 Paulus
590 2594 652 2630 ait,
676 2593 856 2634 Pomponio
871 2596 902 2626 id

36 2634 80 2658 lta
94 2629 190 2658 Videri
205 2638 310 2661 verum
321 2630 356 2662 :fi
367 2632 512 2672 separata:
521 2633 589 2665 sint.
602 2643 671 2666 nam
687 2644 760 2666 euni
773 2636 823 2676 qui
835 2645 900 2667 car·

36 2667 165 2699 rut-ham
199 2677 273 2708 puta
305 2673 352 2702 vel
383 2673 524 2707 lecticam
549 2677 769 2707 commodavit
789 2699 798 2714 ‚
837 2687 901 2709 non

36 2709 122 2740 recle
141 2710 280 2742 astutum
300 2712 338 2742 de
353 2713 474 2755 singulis
500 2717 649 2754 partibus.
674 2717 724 2749 Sic
748 2718 834 2749 illel.
854 2727 898 2759 17.

35 2749 64 2791 §.
80 2761 108 2796 ῃ.
127 2752 154 2781 h.
174 2758 194 2780 t.
212 2760 285 2783 cum
300 2762 398 2791 eaque
409 2757 510 2794 potest
533 2758 683 2799 conjungi
700 2759 717 2789 l.
738 2763 785 2799 36.
808 2760 850 2790 l).
870 2762 903 2789 de

36 2790 120 2822 ευιὲἳ.
146 2801 215 2831 quae
234 2792 278 2823 est
295 2803 335 2825 ex
351 2797 465 2828 eodem
483 2797 574 2830 libro.
589 2798 696 2840 Quid,
714 2799 733 2831 fi
754 2800 902 2831 reddatur

36 2841 86 2863 res
120 2835 322 2877 commodata
343 2857 352 2873 ‚
389 2836 440 2867 sed
472 2839 611 2870 deterior
630 2841 647 2872 ἰ)
680 2851 742 2872 non
778 2842 903 2873 videtur

35 2874 148 2919 reddi:
179 2882 249 2919 quia
274 2884 337 2906 non
362 2878 476 2914 patitur
499 2878 718 2920 interpretatio
745 2883 838 2914 bonze
869 2882 902 2914 fi·

35 2914 84 2945 dei
103 2938 122 2958 =.
144 2923 177 2944 uc
204 2915 395 2955 intelligatur
418 2920 574 2951 redditum
602 2926 684 2959 quod
710 2934 773 2954 non
798 2923 842 2956 est
861 2925 903 2954 ita

33 2956 191 2986 redditum
206 2980 215 2991 ,
241 2966 272 2987 ut
295 2967 425 2998 oportet
441 2969 479 2990 ex
497 2960 580 2994 bona
605 2963 677 2994 fide.
695 2967 778 2995 unde
796 2964 900 2997 conse-

32 3005 130 3034 quen«
148 2997 209 3034 est,
227 3006 298 3029 cum
316 3000 455 3031 deterior
465 3000 544 3032 facta
555 3003 725 3037 restituitur
743 3016 790 3036 res
815 3015 902 3036 com-

29 3039 173 3072 modata,
199 3047 258 3070 nec
276 3044 304 3069 id
323 3043 406 3079 quod
423 3043 568 3081 interest,
594 3046 774 3085 praestatur,
799 3047 902 3078 adhuc

32 3087 101 3125 eam
121 3080 205 3125 recte
226 3081 290 3119 peti
311 3081 431 3125 judicio
452 3086 541 3114 boriae
563 3084 635 3116 fidei
654 3088 672 3117 l.
692 3098 720 3127 3.
739 3088 766 3128 §.
792 3097 800 3118 ι
832 3090 858 3118 b.
878 3095 900 3118 c.

30 3119 106 3150 licet
126 3129 155 3150 in
173 3121 282 3152 strictis
304 3124 427 3161 judiciis
453 3126 493 3155 de
519 3128 594 3156 dol-›
611 3122 902 3160 aetio'tieiiucretur

29 3160 113 3200 Αἴξ
137 3171 163 3200 3.
178 3162 256 3193 1⁷).(le
266 3164 394 3195 clobmul.
412 3166 485 3196 Sive
505 3166 599 3207 igitur
617 3178 679 3199 non
700 3169 790 3208 posfit
811 3171 897 3201 reddi

24 3205 313 3277 τεεῇῧιτηῑΙηΙοάειεις
337 3206 400 3239 live
416 3216 480 3241 non
492 3209 602 3250 aliter,
625 3218 718 3251 quam
737 3211 897 3252 deterior3

956 106 1145 143 Commodati
1159 109 1212 145 vel
1224 117 1345 145 contra.
1764 121 1834 157 ²49

939 195 1040 229 ‘locus
1055 196 1101 228 est
1118 197 1234 230 actioni
1253 198 1470 232 commodati:
1497 197 1693 240 praesertim,
1715 198 1737 232 fi
1755 201 1833 241 quid

950 237 981 267 in
1002 246 1038 267 ea
1053 247 1086 268 re
1105 238 1222 271 factum
1254 240 1290 272 fit
1312 242 1390 273 dolo
1417 241 1511 283 malo.
1529 241 1573 272 est
1593 244 1676 272 enim
1693 243 1833 275 alienum

949 287 967 308 a
980 277 1071 323 bona
1091 278 1170 310 fide:
1189 289 1220 311 ut
1240 291 1335 321 quem
1352 282 1512 314 beneficio
1532 282 1711 315 effecerim
1733 286 1756 314 is
1774 285 1831 316 mi-

954 319 985 349 hi
1011 320 1152 358 injuriam
1181 321 1298 353 referat
1322 333 1379 362 pro
1396 327 1505 364 gratia.
1530 325 1627 364 idque
1651 326 1682 356 in
1706 333 1831 358 tantum

954 368 1064 391 verum
1082 360 1146 401 est,
1170 370 1203 392 ut
1229 372 1268 394 ne
1294 366 1460 395 conveniri
1478 368 1605 405 quidem
1631 364 1660 398 in
1684 375 1830 399 commo-

952 402 1027 432 dato
1046 402 1159 441 possit,
1175 401 1228 434 Ne
1246 405 1338 435 dolus
1351 406 1532 445 praesteturl
1555 417 1602 447 17.
1618 409 1642 438 b.
1661 413 1681 439 t.
1703 409 1742 438 At
1764 419 1830 441 non

953 449 1075 473 tantum
1093 446 1133 474 de
1153 445 1231 475 dolo
1249 453 1377 476 tenetur
1405 450 1696 480 commodatatius:
1720 449 1770 481 sed
1787 451 1832 482 de

951 484 1044 528 culpa
1066 492 1209 524 quoque.
1232 495 1293 517 nec
1315 486 1494 528 distinguo,
1517 499 1622 520 utrum
1643 491 1769 528 sitiam,
1789 493 1831 523 le-

951 533 1015 562 vis,
1039 533 1076 555 an
1094 525 1254 558 levissima.
1300 527 1433 566 Optime
1460 540 1543 561 enim
1571 530 1748 570 Ulpianust
1780 542 1827 565 10.

950 565 977 597 b.
1003 571 1025 597 t.
1055 565 1134 597 Eum
1160 567 1213 608 qui
1238 578 1306 601 rem
1334 573 1570 601 commodatam
1591 575 1734 612 accepit,
1759 573 1779 605 fi
1796 575 1830 607 in

950 615 1020 638 eam
1037 616 1102 638 rem
1121 611 1189 639 ulus
1206 608 1269 648 est,
1293 612 1426 649 inquam
1448 614 1593 652 accepit,
1614 615 1689 644 lilhil
1707 615 1832 652 praesta-

951 657 1006 687 1·e;
1029 648 1049 680 si
1074 658 1143 681 eam
1170 650 1200 680 in
1229 652 1313 682 nulla
1331 661 1420 691 parte
1438 654 1631 685 deteriorem
1651 654 1749 693 fecit,
1777 666 1830 688 ve·

950 698 1018 721 rum
1037 689 1099 723 est:
1124 700 1195 722 nam
1216 692 1235 723 si
1253 694 1344 734 culpa
1362 695 1426 735 ejus
1443 694 1522 726 fecit
1540 697 1732 726 deteriorem
1746 721 1755 734 ,
1781 705 1829 728 te·-

951 731 1087 763 nebitur.
1113 732 1153 763 lic
1172 731 1335 773 Ulpianus.
1362 745 1421 767 uec
1443 745 1545 768 minus
1571 737 1666 777 plene
1692 736 1789 775 Genus
1805 739 1828 770 l.

952 776 996 818 18.
1014 773 1042 803 h.
1060 779 1081 805 ι.
1099 778 1382 808 acommodatario
1393 787 1522 809 omnem
1537 779 1672 818 praestari
1692 779 1827 815 culpam.

949 822 1094 845 nimirum
1112 837 1121 852 ‚
1152 818 1224 855 quia
1250 819 1439 859 plerumque
1461 819 1551 851 solius
1580 821 1713 850 vertitur
1739 828 1828 852 cotn-

949 856 1114 886 modatarii
1143 857 1270 889 utilitas.
1296 859 1335 890 fic
1365 870 1440 891 vero
1464 861 1526 891 inl.
1547 860 1613 902 5.§
1645 871 1671 892 2.
1689 864 1715 892 b.
1735 869 1754 891 ι.
1775 864 1829 893 de-

948 894 1017 927 finit
1041 896 1203 936 Ulpianus.
1237 900 1331 938 Atqui
1359 900 1442 932 aliud
1467 902 1510 933 est
1535 903 1564 933 in
1585 905 1744 942 precario:
1769 901 1826 935 etfi.

949 938 1009 967 lioc
1027 946 1156 978 quoque
1174 947 1274 972 torum
1303 942 1422 981 spectet
1449 945 1487 973 ad
1505 942 1690 984 accipientis
1710 944 1829 975 utilita-

948 987 1022 1009 tem.
1046 988 1117 1011 nam
1145 981 1195 1019 qui
1222 991 1365 1021 precario
1391 993 1536 1023 accepit,
1559 992 1681 1016 tantum
1701 984 1828 1026 praestat:

945 1021 1052 1052 dolum
1078 1023 1106 1052 ὁὶ
1132 1022 1257 1062 culpam
1283 1025 1372 1055 latam
1398 1025 1417 1055 l.
1442 1026 1509 1068 λδ
1535 1036 1562 1067 3.
1585 1026 1621 1057 D.
1638 1030 1672 1057 cie
1685 1029 1826 1066 precario.

945 1061 1006 1093 Sed
1024 1062 1104 1092 salva
1122 1072 1170 1093 res
1185 1064 1246 1095 est:
1264 1065 1476 1099 differentiam
1497 1077 1576 1099 mter
1586 1070 1826 1100 commodatum

949 1104 977 1134 ἀ
997 1105 1169 1148 precarium
1185 1104 1324 1138 faciente
1343 1109 1506 1147 utriusque
1528 1119 1645 1140 natura.
1668 1110 1828 1141 contrahi·

950 1152 999 1175 tur
1017 1154 1099 1176 enim
1117 1150 1353 1179 commodatum
1381 1150 1561 1189 praescripto
1583 1155 1691 1182 utendi
1712 1151 1774 1182 fine
1794 1150 1828 1184 ὅζ

949 1189 1059 1216 modo:
1084 1195 1188 1227 eoque
1205 1198 1265 1220 non
1285 1191 1385 1230 post-st
1402 1191 1626 1231 intempestne
1645 1193 1785 1224 revocari
1801 1191 1824 1224 l.

952 1235 985 1266 17
1015 1227 1042 1268 §.
1064 1238 1090 1269 3.
1108 1228 1135 1259 h.
1152 1236 1172 1259 ι.
1190 1237 1222 1260 at
1239 1239 1414 1270 precarium
1425 1242 1487 1263 non
1505 1232 1546 1264 fic
1563 1235 1673 1272 datur3
1687 1237 1827 1273 i-leoque

948 1272 1051 1309 potest
1080 1272 1220 1301 revocari
1244 1272 1386 1312 stmper‚
1410 1273 1465 1304 etsi
1489 1275 1514 1306 is
1538 1276 1590 1311 Qui
1617 1283 1761 1314 precario
1776 1283 1828 1306 ac-

948 1311 1034 1350 cepit
1061 1313 1198 1342 nondum
1222 1313 1288 1344 usus
1313 1313 1348 1345 fit
1364 1315 1382 1345 Ι,
1404 1324 1430 1346 1.
1447 1316 1465 1345 l.
1488 1325 1514 1346 2.
1531 1315 1560 1357 §.
1580 1326 1597 1347 2
1627 1316 1646 1347 l.
1667 1325 1715 1347 12.
1738 1316 1766 1346 Ι)
1791 1317 1828 1348 de

943 1357 1056 1392 precer.
1082 1361 1118 1383 ae
1137 1362 1252 1385 metito
1268 1355 1368 1392 potest
1386 1360 1532 1395 imputari
1560 1367 1588 1387 ei
1608 1357 1660 1395 qui
1680 1366 1751 1388 curn
1769 1354 1827 1387 sust

948 1393 1068 1438 chtam
1088 1394 1218 1425 haberet
1236 1397 1431 1438 diligentiam
1450 1398 1514 1438 eius
1540 1398 1588 1429 cui
1614 1399 1757 1435 precario
1774 1399 1829 1428 de·

948 1436 1013 1473 dit,
1038 1436 1231 1475 precarium,
1259 1448 1289 1469 ut
1308 1447 1452 1478 poterat,
1476 1448 1536 1470 non
1557 1449 1730 1470 revocavi.
1757 1437 1824 1478 lpse

948 1476 988 1507 sle
1007 1478 1155 1517 ‘ulpianus
1166 1481 1193 1508 α.
1211 1478 1228 1508 l.
1247 1483 1264 1513 8
1293 1479 1357 1519 §.2
1377 1479 1447 1511 Nec
1457 1481 1532 1520 quid
1550 1482 1653 1511 turbat
1666 1481 1727 1512 hoc
1744 1481 1827 1520 ejth-

948 1519 1266 1559 demjurisconsulti,
1291 1519 1456 1561 Custodiam
1475 1522 1560 1561 plane
1586 1523 1762 1556 commodatae
1785 1522 1827 1556 rei

948 1560 1034 1604 etium
1052 1560 1215 1600 diligentem
1230 1564 1307 1591 uelut
1323 1562 1463 1602 prastare.
1483 1563 1500 1593 1.
1518 1574 1536 1603 5
1565 1563 1593 1603 §.
1611 1573 1642 1601 5.
1660 1564 1677 1594 b
1706 1569 1727 1594 t.
1747 1561 1826 1595 Non

948 1609 1031 1632 emm
1054 1601 1105 1632 hic
1130 1602 1263 1641 dicitur,
1287 1602 1566 1635 commodatarium
1596 1605 1714 1635 debere
1739 1612 1828 1637 com-

950 1643 1086 1675 modatae
1111 1643 1152 1673 rei
1182 1645 1324 1682 praestare
1347 1645 1521 1678 custodiam
1546 1644 1748 1686 diligentem:
1770 1644 1827 1677 fed

950 1683 1122 1715 custodiam
1148 1685 1240 1724 plane
1267 1686 1462 1726 diligentem.
1489 1687 1588 1726 qualis
1616 1686 1755 1717 custodia
1780 1685 1827 1718 est

949 1726 1197 1765 diligentiflima:
1214 1727 1391 1766 eodemque
1412 1731 1506 1761 modo
1523 1728 1562 1759 sic
1581 1728 1695 1759 dicitur
1711 1729 1751 1758 ab
1769 1727 1829 1760 Ul·

952 1767 1062 1807 piam,
1087 1776 1150 1807 quo
1176 1767 1363 1806 justinianus
1390 1770 1417 1811 §.
1444 1780 1471 1802 2.
1503 1768 1572 1810 lnfl.
1597 1769 1677 1811 th
1706 1771 1778 1800 mod.
1795 1778 1827 1800 re

951 1810 1077 1839 contrab.
1106 1809 1189 1849 ohlig.
1227 1809 1272 1847 ls,
1305 1812 1425 1849 inquit,
1457 1813 1508 1852 qui
1534 1818 1672 1842 mensum
1699 1811 1827 1850 accepit,

948 1849 1019 1886 sane
1035 1849 1166 1881 exustum
1183 1852 1362 1892 diligenciam
1379 1851 1565 1893 custodienda
1580 1855 1621 1884 rei
1637 1851 1827 1893 proefiurejtc-

951 1892 1043 1922 betur.
1062 1900 1133 1923 nam
1146 1895 1218 1930 jane
1228 1893 1383 1925 exadaest
1403 1895 1493 1925 valde
1504 1894 1622 1925 exaffla.
1640 1895 1668 1924 ἃ
1690 1904 1730 1924 ua
1747 1902 1826 1932 quo-

950 1936 1108 1974 que‚sane
1124 1935 1257 1974 iniquum
1274 1935 1317 1966 est
1330 1937 1421 1966 valde
1438 1935 1579 1974 iniquum
1598 1936 1617 1976 §
1639 1945 1689 1975 30.
1704 1935 1772 1972 [νηί.
1791 1935 1826 1965 de

949 1973 1126 2014 aetionibu53
1146 1975 1175 2006 ἃ
1188 1976 1283 2007 homo
1295 1979 1450 2018 quispiam
1466 1983 1533 2014 save
1550 1977 1647 2007 doetus
1667 1985 1723 2015 pro
1740 1976 1826 2007 valde

949 2015 1064 2053 auctas,
1079 2018 1162 2057 apud
1181 2019 1214 2048 A.
1241 2016 1402 2055 Gellium,
1420 2019 1466 2050 ΗΖ).
1486 2029 1514 2059 3.
1533 2018 1622 2050 Noa.
1643 2018 1733 2048 Amc.
1754 2028 1768 2048 c
1801 2026 1826 2049 Ι.

949 2057 1010 2089 Sed
1030 2059 1089 2088 hoc
1106 2059 1189 2098 quod
1209 2059 1273 2090 dixi
1293 2061 1332 2092 de
1349 2061 1434 2091 omni
1453 2062 1545 2100 culpa
1564 2062 1594 2090 in
1620 2060 1827 2093 commodato

949 2099 1140 2140 praestanda,
1165 2102 1292 2132 demum
1319 2111 1428 2133 verum
1453 2100 1516 2132 est:
1540 2100 1560 2132 fi
1578 2101 1668 2133 solius
1687 2100 1828 2133 versetur

949 2140 1189 2173 commodatarii
1206 2143 1332 2174 utilitas.
1358 2153 1426 2173 nam
1448 2141 1468 2174 fi
1495 2143 1661 2182 utriusque
1678 2141 1735 2179 fit3
1757 2149 1827 2175 tum

951 2190 1074 2215 tantum
1094 2183 1172 2214 levis
1193 2183 1356 2223 praellatur
1373 2187 1390 2215 cl
1418 2185 1436 2215 l.
1460 2189 1505 2217 18.
1525 2184 1551 2215 h.
1570 2191 1590 2214 t.
1608 2185 1686 2219 imo,
1712 2182 1733 2214 fi
1759 2182 1827 2214 soli·

951 2233 985 2255 us
1008 2225 1239 2255 commodantis
1263 2225 1352 2256 causa
1374 2225 1408 2257 fit
1435 2228 1690 2262 commodatum,
1716 2232 1749 2254 ut
1773 2224 1827 2255 ali·

950 2267 1078 2305 quando
1102 2266 1170 2296 talis
1192 2268 1332 2297 occurrit
1357 2267 1460 2298 casus:
1484 2266 1609 2298 rationis
1626 2264 1690 2302 est,
1716 2265 1825 2298 dolum

950 2307 1044 2338 solum
1064 2307 1214 2346 praestari:
1240 2309 1390 2345 idemque
1413 2309 1541 2343 servari.
1566 2306 1586 2338 fi
1612 2308 1653 2337 ita
1671 2308 1825 2341 convenit

948 2348 966 2378 l.
984 2359 1011 2387 5.
1032 2348 1050 2389 ἓ
1085 2357 1128 2379 10.
1149 2348 1176 2380 h.
1195 2357 1216 2379 t.
1237 2348 1286 2380 De
1305 2350 1373 2380 casu
1399 2348 1532 2380 fortuito
1553 2350 1724 2380 videamus.
1749 2347 1825 2379 huic

948 2398 1009 2421 non
1030 2390 1131 2428 potest
1150 2389 1288 2421 resistere
1304 2390 1440 2421 humana
1458 2388 1638 2421 infirmitas:
1655 2398 1715 2420 non
1734 2391 1821 2421 enim

947 2430 1050 2471 potest
1067 2440 1138 2461 eum
1151 2431 1345 2471 praevidere3
1364 2432 1392 2462 ἃ
1404 2431 1422 2463 fi
1437 2432 1607 2470 praevideat
1619 2455 1628 2466 ,
1642 2440 1731 2462 certe
1746 2441 1824 2469 prae-

949 2473 1058 2502 venire
1076 2474 1195 2512 nequit.
1220 2473 1341 2503 idcirco
1358 2474 1388 2503 it]
1406 2472 1491 2505 nullo
1506 2472 1596 2504 bonae
1615 2470 1687 2503 fidei
1704 2472 1825 2512 judicio

949 2512 1108 2553 praestatur
1124 2515 1142 2544 t.
1161 2524 1208 2554 23.
1230 2514 1269 2544 D.
1287 2517 1319 2544 tie
1331 2514 1436 2555 regulis
1448 2513 1536 2555 juris.
1561 2523 1622 2545 nec
1644 2513 1688 2544 est
1713 2514 1822 2552 causa,

948 2564 1004 2585 cui·
1021 2563 1059 2584 eo
1078 2554 1204 2585 nomine
1223 2563 1367 2585 teneatur
1385 2557 1663 2586 commodatarius:
1688 2555 1706 2585 si
1726 2556 1824 2586 modo

946 2597 970 2627 is
989 2596 1074 2627 casus
1092 2606 1153 2626 non
1172 2595 1264 2634 iplius
1291 2597 1382 2636 culpa
1399 2596 1754 2628 interveneritalioouin
1777 2606 1824 2627 ra-

947 2638 1039 2668 tionis
1050 2637 1396 2674 ell,commodatarium
1416 2637 1534 2676 teneri,
1547 2647 1676 2675 propter
1695 2639 1824 2677 culpam

946 2688 1019 2709 ante
1030 2679 1131 2709 casum
1144 2678 1301 2709 admissam
1314 2703 1321 2713 ,
1340 2679 1366 2709 ἃ
1379 2679 1420 2710 ob
1430 2679 1568 2711 secutum
1580 2679 1680 2710 casum
1694 2689 1755 2710 non
1769 2687 1822 2709 ex-

945 2720 1213 2750 cuffinuam.idem
1233 2721 1277 2758 jus
1296 2718 1361 2752 est:
1376 2720 1415 2757 fi,
1432 2730 1501 2752 cutn
1518 2720 1627 2753 incidit
1646 2721 1749 2758 casm,
1768 2721 1822 2750 ad-

945 2761 1009 2792 huc
1022 2762 1123 2800 aliqua
1134 2758 1822 2801 commodatariideprehendaturculpagetfi

946 2802 1136 2833 nullafuerit
1150 2811 1224 2833 ante
1239 2803 1351 2835 casum.
1375 2804 1507 2835 alterum
1526 2812 1611 2835 notat
1629 2803 1819 2842 justinianus

945 2843 972 2884 §.
987 2853 1013 2874 2.
1031 2840 1099 2882 [wsb.
1112 2842 1321 2886 Qfibanoctre
1330 2847 1457 2875 contrat).
1474 2846 1555 2881 vblie.
1577 2852 1745 2880 utrumque
1764 2842 1820 2873 Ul-

947 2885 1056 2924 pianus
1072 2884 1089 2914 l.
1107 2896 1134 2924 j.
1154 2883 1182 2925 §.
1200 2895 1227 2922 4.
1251 2885 1287 2921 ᾤ’
1303 2896 1329 2926 7.
1353 2886 1388 2918 Ι).
1405 2890 1432 2917 b.
1455 2893 1465 2916 ι
1497 2887 1655 2926 Caeterum
1673 2906 1682 2920 ‚
1717 2891 1748 2913 ut
1777 2883 1818 2916 de

946 2925 1014 2955 casu
1034 2924 1167 2956 fortuito
1186 2936 1244 2957 non
1264 2936 1409 2959 teneatur
1427 2930 1713 2958 commodatarius:
1738 2933 1819 2962 prae-

947 2966 1052 2997 {landa
1068 2975 1170 2998 tamen
1188 2970 1227 2998 ab
1244 2977 1283 3002 eo
1299 2978 1328 2999 in
1348 2980 1380 3000 re
1401 2970 1596 2999 commodata
1622 2973 1736 3003 praeter
1752 2966 1818 2996 cul-

946 3017 1016 3048 pam
1035 3007 1078 3038 est
1097 3009 1259 3049 diligentia
1272 3035 1279 3046 ,
1304 3009 1367 3042 fite
1385 3011 1520 3053 custodia
1539 3010 1564 3037 d.
1582 3005 1609 3053 §1
1625 3015 1654 3035 α.
1670 3008 1696 3035 (Ι.
1712 3006 1728 3035 l.
1748 3006 1819 3048 5.§.

947 3060 973 3080 2³.
991 3058 1088 3087 usque
1104 3052 1200 3086 adeo,
1226 3060 1258 3082 ut
1276 3053 1390 3083 debeat
1418 3059 1477 3081 non
1502 3058 1530 3079 in
1559 3052 1616 3084 wia
1642 3055 1763 3079 tantum
1785 3056 1819 3078 re

946 3094 1160 3129 commodata,
1183 3093 1233 3123 sed
1252 3094 1280 3123 in
1299 3094 1361 3133 ejus
1378 3100 1503 3129 quoque
1526 3089 1721 3121 accceffione
1740 3098 1818 3127 prae-

943 3131 1011 3162 stari
1050 3141 1147 3170 pone:
1173 3143 1286 3172 equam
1313 3134 1367 3163 tibi
1393 3131 1600 3162 commodavi.
1626 3131 1817 3168 campullus

941 3175 1161 3205 comitabatur.
1187 3175 1280 3206 etiam
1293 3173 1366 3212 pulli
1379 3180 1410 3202 te
1421 3172 1590 3202 custodiam
1602 3170 1745 3211 praestare
1762 3173 1816 3201 dc·

941 3214 1197 3289 berereteres
1224 3216 1452 3256 responderunt
1477 3215 1506 3246 d.
1529 3213 1548 3245 l.
1576 3223 1606 3257 5.
1631 3212 1661 3257 §.
1679 3223 1707 3258 5.
1724 3211 1760 3285 ἐξ
1781 3221 1816 3247 92

1042 3264 1054 3287 ²
1194 3271 1197 3274 ’
1740 3287 1747 3290 .
1759 3261 1816 3290 ΟΠ·
