2052 3487
395 94 476 134 DE
526 93 838 131 Fozuonn
887 98 957 129 ET
1009 90 1272 130 Usuats.

758 235 973 275 CAPUT

1326 93 1429 134 an,
1456 91 1531 133 111.
1771 99 1852 142 *20¹9

1032 233 1114 276 IX.

62 343 113 384 An
142 345 240 393 usum
256 344 287 379 fn
306 343 388 377 home
398 339 477 386 fidei
492 337 620 384 judiciis
635 343 709 370 ante
728 346 845 370 moram
871 335 1040 370 debeantur
1057 337 1183 382 Jadicis
1206 337 1305 385 officio
1326 340 1343 374 ‚9
1369 334 1460 390 Quid
1482 351 1568 376 mora
1575 339 1620 387 fit
1638 340 1656 374 ’.2
1684 340 1765 375 Eam
1790 346 1850 375 non

134 408 172 431 ffl-
192 407 243 436 re,
261 391 321 439 sed
339 401 377 424 ex
398 392 541 434 persona,
566 386 728 419 coniirzitti.
756 382 796 423 ὃ)
812 384 884 428 qaid
907 385 987 419 hoc?
1016 387 1176 431 Optimam
1198 388 1254 433 effe
1278 392 1443 433 rationein,
1469 401 1525 425 cur
1548 401 1651 433 mora,
1677 388 1704 432 si
1714 398 1794 435 pura
1803 387 1851 434 fit

135 444 278 488 obligatio
293 467 302 482 ‚
337 438 435 483 inagis
458 447 496 470 ex
520 434 649 482 persona
665 460 674 475 ,
704 444 796 478 quain
821 443 861 466 ex
885 445 934 474 re,

954 432 1029 478 fiat.
1057 435 1163 482 Quid,
1190 437 1223 481 sl
1251 439 1282 471 in
1307 439 1387 472 diem
1410 446 1550 483 concepta
1569 437 1615 483 fit
1638 438 1818 484 nonsolutio
1838 462 1850 480 ,

122 493 180 542 sed
200 489 342 535 obligatio
360 487 376 519 Ρ
402 485 513 519 Utrum
534 494 596 517 una
622 482 827 528 interpellatio
843 479 988 527 sufficiat
1007 483 1048 517 ad
1068 495 1184 519 moram
1204 512 1214 527 ‚
1247 498 1288 520 an
1302 488 1407 531 plures
1425 486 1630 531 (infidereiztar
1647 487 1664 521 ?
1692 485 1735 521 Ut
1763 497 1850 522 mora

134 552 173 578 ex
185 537 311 586 persona
319 534 381 582 fiat
393 559 406 577 ‚
431 533 514 579 exigi
523 531 647 578 justam
663 530 937 576 interpellationem
948 558 956 573 ,

143 628 275 659 ebentur
290 624 384 665 igitur
401 621 498 653 usurae
524 620 554 652 in
576 619 669 651 bonae
692 618 767 650 fidei
780 617 925 664 Judiciis,

63 631 138 704 D
162 670 189 699 ἃ
205 667 224 699 fi
243 676 311 706 quae
331 664 366 696 iis
382 669 590 703 exaequentur
606 684 616 699 ,
640 670 680 692 ex
703 670 793 692 mora
814 658 926 691 officro

61 709 189 751 Judicis.
234 710 280 739 An
302 707 333 738 δι
357 713 430 736 ante
455 702 604 736 moram?
628 704 682 733 vix
708 703 835 747 opinor.
861 710 925 732 non

63 751 147 782 enim
163 751 277 790 patitur
293 746 377 779 bona
393 744 489 783 fides,
514 744 755 775 aestimationem
776 743 853 773 lolvi
872 752 930 782 pro

64 793 179 824 damno
205 790 291 831 quod
312 789 431 821 nullum
455 786 510 825 fit,
542 795 606 817 non
630 783 793 816 commiffa
818 793 931 816 mora:

67 832 167 865 usuras
190 839 295 863 autem
313 829 430 870 Judicis
452 825 560 860 officio
579 836 642 858 non
661 833 794 867 propter
811 825 819 856 l
866 834 933 871 rum

65 881 262 916 petentium,
288 871 340 903 secl
364 870 406 901 ob
424 879 545 901 moram
570 866 783 904 solventium,
815 876 823 897 1
871 867 933 907 igi,

65 915 178 949 Paulus
203 914 309 946 auctor
325 911 369 943 est
390 912 410 943 l.
439 920 485 952 17.
509 910 538 952 §.
561 919 590 950 3.
614 909 655 939 D.
687 910 719 939 rie
743 909 848 948 usuris.
880 909 933 939 Pa-

67 959 209 999 pinianus
229 964 358 995 quoque
381 953 400 985 l.
432 962 480 991 24.
512 952 553 983 D.
585 948 715 990 Depofiti
736 948 783 979 vel
804 954 905 980 contra
924 972 934 989 ,

68 1008 162 1040 agens
179 998 217 1029 de
236 995 399 1036 deposito,
424 995 485 1032 ait,
509 999 621 1024 contra
645 991 761 1022 bonam
787 990 883 1021 fidem
905 990 935 1022 ὅ(

69 1038 202 1080 ‹iepofiti
231 1045 371 1070 naturam
396 1034 476 1074 esse,
506 1033 610 1065 usuras
633 1033 671 1063 ab
695 1042 735 1078 9⁰
759 1031 934 1077 desiderare

70 1081 223 1121 temporis
248 1086 320 1110 ante
336 1086 480 1115 moram3
503 1076 556 1116 qui
580 1072 772 1106 beneficium
797 1072 934 1119 infusci-

70 1123 184 1163 pientia
210 1120 342 1161 pecunia
368 1119 472 1150 dedit:
503 1117 632 1157 utique,
662 1114 683 1146 si
706 1115 862 1146 abimtro
895 1115 935 1146 de

70 1163 167 1195 usuris
191 1163 267 1194 nilnl
284 1161 456 1199 convenit3
473 1159 613 1199 alioquin
629 1156 810 1189 contractus
828 1155 934 1197 legem

70 1205 197 1236 servari.

113 1246 173 1277 Sed
194 1244 340 1284 quiahoc
357 1242 447 1283 poffit
463 1239 695 1273 dubitationem
712 1238 859 1279 accipere
875 1248 935 1278 eo,

71 1288 157 1327 quod
186 1287 278 1318 ul‘urae
307 1287 337 1317 in
354 1286 372 1315 l.
400 1294 424 1316 1.
449 1282 476 1324 §.
506 1293 529 1315 1.
556 1282 596 1313 D.
618 1283 651 1313 de
673 1283 785 1328 asarz's,
809 1280 838 1311 ἃ
863 1281 882 1312 l.
905 1291 935 1328 5.·

73 1330 106 1360 C.
130 1332 162 1359 de
177 1327 332 1359 aaronitas
350 1327 433 1366 empti
450 1324 486 1359 ὤ)
501 1325 629 1361 venditi,
656 1323 824 1360 dicuntur,
847 1332 935 1353 ornnz-

70 1371 147 1401 modo
163 1370 273 1406 deberi,
297 1367 384 1398 etiam
402 1376 479 1398 mora
496 1375 552 1397 non
574 1366 799 1396 interveniente:
824 1363 853 1393 &
877 1372 939 1394 rur-

70 1410 118 1442 sus
138 1411 246 1442 Paulus
262 1409 279 1439 l.
308 1419 354 1447 17.
378 1408 406 1450 §.
431 1418 462 1446 4.
480 1406 523 1438 D.
548 1408 581 1437 de
601 1407 692 1447 usuris
708 1405 771 1442 ait,
795 1403 845 1435 Ex
865 1404 938 1436 loca-

72 1458 98 1484 to
113 1452 162 1493 qni
184 1451 368 1488 convenitur,
384 1447 438 1487 nifi
454 1449 635 1487 convenerit,
659 1454 693 1478 ut
708 1446 826 1477 tardius
844 1455 939 1485 pecu·

34 1494 39 1500 ¹
72 1495 130 1525 niae
151 1494 239 1524 illatae
258 1491 360 1523 usuras
377 1491 528 1528 deberet,
548 1499 604 1520 non
622 1487 676 1527 nisi
692 1497 728 1518 ex
744 1497 822 1518 mora
838 1489 940 1527 usuras

67 1532 197 1576 praestare
214 1535 308 1565 debet.-
332 1542 394 1564 non
412 1532 466 1563 abs
485 1541 518 1562 re
534 1530 651 1569 fuerit,
674 1530 750 1570 quid
766 1538 855 1560 mora
884 1527 938 1568 fit,

73 1578 102 1608 οἱ
120 1576 282 1615 quomodo
299 1574 353 1606 fiat
366 1598 374 1612 ‚
399 1575 505 1615 paucis
528 1581 702 1612 exponere.
848 1611 854 1617 ι
874 1611 881 1617 ι

114 1616 166 1648 Est
184 1625 288 1647 autem
308 1625 415 1654 mora,
438 1613 544 1654 injusta
567 1613 697 1645 cess'atio
720 1612 789 1658 cJus·
803 1620 855 1658 qui
871 1620 940 1652 jure

71 1659 309 1698 interpellatus,
334 1666 398 1688 non
425 1655 540 1693 solvit,
563 1663 699 1685 autnon
723 1661 861 1694 accipit,
885 1654 940 1684 de—

71 1699 183 1732 bitum.
208 1700 346 1731 Primum
371 1697 437 1729 dixi
455 1698 542 1736 quod
559 1695 605 1727 est
625 1694 774 1726 cessatio:
797 1694 839 1726 fic
855 1695 939 1725 enim

69 1749 204 1772 vocatur
228 1740 247 1770 l.
276 1749 322 1779 17.
347 1737 387 1769 D.
411 1739 444 1768 de
469 1737 575 1778 usuris.
599 1736 729 1768 cess‘atio
751 1744 857 1767 autem
874 1735 939 1774 est,

70 1779 203 1821 'quoties
219 1779 388 1812 differendi
405 1778 495 1809 causa
512 1777 565 1809 fit:
591 1785 624 1809 ut
642 1779 673 1809 in
697 1778 716 1808 l.
742 1786 791 1809 21.
816 1776 858 1808 D.
881 1778 941 1808 eod.

76 1825 124 1853 tit.
150 1823 265 1853 deinde
283 1821 409 1858 addidi,
434 1820 522 1859 quod
537 1818 582 1850 est
597 1818 725 1849 cess'atio
735 1819 801 1858 ejus
816 1818 941 1858 quinon

72 1863 169 1895 solvit
185 1886 194 1901 ‚
225 1870 278 1893 aut
302 1871 366 1893 non
390 1861 527 1900 accipit,
559 1860 726 1891 debitum:
751 1860 824 1899 quia
854 1868 943 1891 mora

75 1914 141 1936 non
160 1912 281 1935 tantum
301 1912 316 1933 a
344 1901 509 1939 debitore,
534 1899 585 1932 sed
608 1902 703 1932 etiam
723 1909 738 1930 a
763 1900 943 1940 creditore,

76 1946 291 1977 committitur
308 1944 327 1975 l.
350 1953 399 1985 37.
426 1943 467 1975 D.
492 1941 634 1973 Mandatz'
650 1941 696 1972 vel
712 1948 829 1979 contra,
852 1941 871 1972 l.
894 1951 943 1981 72.

77 1987 115 2022 &
131 1987 150 2017 l.
176 1996 222 2026 39.
250 1985 288 2017 D.
309 1984 558 2025 desolationibus:
574 1991 670 2024 atque
687 1990 720 2014 ut
736 1983 864 2014 interest
880 1992 946 2014 cre-

75 2021 208 2066 ditoris,
231 2027 284 2059 fibi
303 2027 444 2057 debitum
472 2024 525 2056 suo
551 2032 698 2064 tempore
722 2021 800 2055 solvi
825 2034 842 2054 a
859 2023 946 2055 debi-

75 2077 166 2107 tore,
191 2079 225 2099 ut
247 2079 286 2100 eo
306 2067 350 2099 uti
377 2067 486 2107 poffit:
510 2065 550 2097 sic
566 2065 722 2097 debitoris
742 2065 890 2104 interest,
913 2066 945 2097 id

77 2121 94 2141 a
117 2111 297 2148 creditore,
327 2118 399 2139 cum
423 2109 451 2139 ei
475 2107 610 2139 offertur
626 2130 635 2145 ,
665 2107 786 2147 accipi,
811 2106 904 2146 seque
928 2116 945 2138 a

75 2152 159 2183 sorte
183 2153 209 2182 ἃ
228 2150 325 2182 usuris
343 2150 477 2181 liberari.
503 2158 538 2180 ac
562 2149 734 2180 commode
760 2148 880 2179 Seneca
895 2149 943 2180 lib.

77 2204 106 2225 2.
132 2192 177 2223 De
193 2192 332 2231 beneficiis
350 2201 373 2223 c.
401 2201 446 2231 17.
470 2189 555 2222 Male
570 2191 670 2221 audire
684 2189 757 2228 solet
766 2190 944 2230 foenerator,

71 2233 101 2273 fi
122 2236 217 2264 acerbe
239 2236 348 2274 exigit:
380 2242 456 2274 oeqae
472 2255 481 2271 ,
499 2230 527 2271 fi
550 2232 582 2263 in
603 2232 763 2271 recipiendo
787 2233 890 2262 tardus
912 2241 947 2263 ac

80 2274 205 2317 difficilis
227 2285 318 2305 moras
340 2275 451 2314 qnaerit.
500 2273 596 2314 Igitur
622 2282 711 2305 mora
733 2272 777 2304 est
793 2272 944 2312 cessatio,

79 2316 232 2352 debitoris
250 2339 258 2352 ,
297 2317 346 2346 vel
370 2315 561 2351 creditoris,
594 2314 645 2346 sed
670 2314 799 2355 injusta,
825 2314 854 2345 &
876 2315 944 2355 jure

78 2358 282 2397 interpellati.
306 2357 396 2397 quia,
421 2364 454 2387 ut
473 2365 560 2387 mora
577 2355 631 2394 fit,
654 2365 717 2387 non
735 2355 869 2394 sufficit,
892 2365 945 2395 pe·

79 2400 102 2429 ti
118 2407 170 2430 aut
186 2397 292 2430 offerri
315 2396 420 2437 posse,
446 2397 474 2428 ἃ
492 2407 555 2429 non
575 2396 653 2429 solvi
671 2406 723 2428 aut
741 2407 806 2428 non
825 2397 944 2437 accipi:

77 2439 150 2478 sed,
173 2449 243 2471 cum
264 2439 332 2479 jure
359 2441 493 2477 petitum
516 2446 569 2470 aut
586 2439 730 2470 oblatum
753 2437 850 2477 esset,
881 2438 946 2470 sine

79 2481 167 2512 causa
191 2491 255 2512 non
272 2480 333 2512 esse
354 2481 489 2511 solutum
506 2489 558 2511 aut
584 2489 648 2511 non
671 2489 850 2520 acceptum.
873 2489 945 2511 nam

80 2531 152 2553 cum
169 2524 208 2554 de
227 2531 314 2553 mora
338 2521 550 2561 disputamus,
572 2531 635 2552 non
663 2523 849 2561 quaerimus,
875 2530 945 2561 quae

81 2563 117 2594 fit
138 2563 273 2603 potestas
291 2563 396 2595 verbi:
420 2562 500 2603 (sub
517 2572 581 2603 quo
605 2570 726 2594 certum
746 2563 790 2594 est
811 2564 852 2593 rei
880 2572 945 2594 mo-

84 2613 166 2642 ram,
189 2604 251 2635 sive
276 2605 445 2636 tardiorem
472 2604 661 2636 solutionem
682 2605 869 2643 contineri)
893 2603 946 2635 sed

85 2653 153 2682 quae
182 2645 216 2676 {it
239 2655 325 2676 mora
345 2647 411 2685 jure
426 2646 611 2686 iudicioque
637 2647 834 2678 emendanda
852 2646 946 2684 idco,

88 2686 159 2722 quia
176 2686 280 2724 iniuria
301 2689 419 2718 nocuit.
445 2688 513 2718 haec
530 2696 607 2718 vero
630 2697 695 2718 non
716 2687 760 2719 est
778 2687 822 2718 rei
841 2696 947 2725 mora,

87 2724 137 2754 seu
157 2726 390 2767 qualiscumque
409 2729 527 2759 tardior
545 2728 678 2765 solutio:
702 2728 753 2761 sed
776 2737 863 2759 mora
880 2738 948 2765 per-

87 2763 171 2796 sonae
195 2775 261 2805 quae
283 2769 350 2807 jure
377 2769 574 2809 interpellata
591 2792 600 2808 ,
632 2769 694 2801 fine
717 2769 804 2801 causa
830 2769 948 2808 cessat,

87 2807 175 2843 quod
198 2808 310 2845 debet,
342 2808 456 2841 facere.
481 2811 576 2850 idque
592 2811 674 2843 adeo
700 2821 809 2842 verum
829 2810 891 2850 est,
918 2819 952 2842 ut

88 2847 226 2893 PssUlUS,¹
242 2848 259 2878 l·
288 2858 332 2888 ¹7.
353 2849 383 2890 §.
406 2861 425 2888 4
449 2850 489 2882 D.
509 2854 541 2881 de
557 2853 652 2889 usuris
667 2852 757 2884 aliam
781 2852 875 2883 faciat
893 2862 950 2883 nio-

88 2898 170 2934 W'J,
190 2889 278 2920 aliam
295 2893 443 2921 tardiorem
461 2891 632 2931 solutionem
650 2904 658 2924 .·
687 2893 738 2925 Ex
759 2894 847 2925 locato
870 2916 879 2931 ,
908 2893 951 2924 in-

91 2939 219 2966 aniens,
243 2931 294 2971 qni
309 2933 494 2970 convenitur,
517 2932 571 2970 nisi
594 2937 774 2972 con-venerit,
792 2942 824 2966 ut
839 2935 953 2966 tardius

87 2972 173 3001 illatae
185 2972 308 3010 pecaniae
326 2974 425 3006 ulziras
441 2974 565 3012 deberet,
589 2985 645 3006 non
664 2976 718 3014 nifi
736 2987 772 3007 ex
795 2987 869 3007 mora
886 2978 951 3013 usu.

88 3022 136 3043 ras
151 3010 382 3051 prrrsltiredehet.
408 3012 507 3044 sensus
518 3015 691 3054 emissuras
709 3019 739 3049 in
752 3017 952 3049 locatiaftio-

88 3062 129 3084 ne
146 3054 273 3091 quidem
289 3054 397 3085 deberi
414 3063 453 3084 ex
463 3054 651 3095 cessatione,
671 3057 734 3089 five
751 3061 888 3090 tardiore
900 3068 952 3098 pe-

87 3095 188 3125 cuniae
206 3094 383 3134 solutione,
409 3102 439 3125 at
456 3105 518 3127 non
540 3096 680 3137 semper,
717 3099 768 3131 sed
786 3100 807 3132 fi
834 3109 953 3131 conve-

87 3135 187 3167 nerit:
218 3137 357 3175 alioquin
386 3146 448 3168 non
467 3147 506 3167 ex
531 3147 585 3176 ea,
610 3137 660 3170 sed
676 3149 715 3171 ex
738 3150 835 3173 mora.
859 3142 954 3182 igitur

88 3176 248 3250 diangui}
267 3177 380 3211 Paulus
408 3178 580 3221 tardiorem
606 3178 798 3216 solutionem
815 3191 832 3214 a
847 3191 951 3218 mora:

152 3228 204 3250 vm.
246 3242 254 3252 ι

983 529 1024 570 &³
1041 532 1181 578 qaaefine
1196 533 1289 580 caasa
1314 537 1502 582 negligatur.

971 618 1000 650 &
1019 619 1102 652 bene
1119 645 1128 661 ,
1153 623 1242 663 quod
1262 621 1312 655 lib.
1336 632 1365 664 3.
1388 622 1521 655 Sentent.
1545 624 1592 654 tit.
1616 628 1646 657 8.
1669 623 1779 663 Mora,
1803 623 1850 655 iri-

970 662 1058 706 quit‚
1078 662 1149 702 fieri
1164 665 1298 703 videtur,
1322 674 1387 695 cum
1400 663 1560 706 postulanti
1576 675 1634 696 non
1651 666 1750 696 datur.
1773 664 1851 696 Pau-

973 702 994 733 ll
1023 701 1209 736 sententiam
1236 706 1424 746 confirmat,
1455 707 1589 748 exponit
1617 715 1680 744 ue,
1711 705 1852 737 Marcia-

973 743 1067 788 nus-l.
1094 755 1144 786 32.
1167 744 1209 777 D.
1234 749 1267 778 de
1289 748 1402 787 iliaris,
1426 757 1499 780 cnm
1516 749 1577 786 ait,
1641 757 1720 778 oram
1743 756 1801 778 non
1814 755 1852 778 ex

976 794 1005 815 re
1018 786 1104 824 fleri,
1121 788 1174 826 sed
1190 796 1226 819 ex
1246 789 1384 829 persona:
1409 790 1439 821 id
1456 788 1513 830 est,
1532 788 1561 827 fi
1585 788 1786 828 interpellatus
1804 794 1851 828 op-

971 828 1161 867 portnnoloeo
1175 838 1232 859 non
1241 830 1374 869 solverit.
1391 830 1574 863 Marcianus
1590 828 1741 871 fignificat
1752 853 1762 868 ‚
1778 838 1852 860 mo-

976 876 1040 898 ram
1057 877 1122 900 non
1149 870 1280 911 intelligi
1300 881 1340 902 ex
1358 870 1425 904 solo
1444 880 1592 913 tempore
1610 872 1704 903 tardae
1722 870 1854 903 solutio-

977 909 1042 940 nis:
1068 911 1120 941 sed
1138 909 1157 941 si
1176 910 1290 942 solutio
1307 913 1424 945 tardius
1449 912 1504 945 fiat
1522 915 1603 944 vitio
1621 914 1783 952 personae:
1807 919 1853 943 at·

978 959 1041 989 que
1059 950 1141 982 hanc
1166 953 1294 984 demum
1320 956 1439 991 videri3
1465 955 1485 986 fi
1509 955 1637 987 debitor
1663 962 1852 995 opportuno

978 991 1054 1022 loco
1078 993 1297 1033 interpellatus
1312 1018 1321 1033 ,
1344 1005 1409 1027 non
1428 996 1569 1028 solverit.
1593 995 1781 1036 Justinianus
1806 995 1854 1027 di-

977 1040 1086 1072 ecret,
1110 1043 1231 1066 moram
1255 1034 1322 1067 fieri
1347 1047 1405 1068 non
1424 1038 1479 1078 ipso
1489 1039 1579 1079 jure3
1602 1036 1655 1069 sed
1682 1037 1744 1068 litis
1760 1042 1854 1068 conto·

970 1072 1116 1114 statione,
1140 1084 1193 1106 aut
1211 1079 1406 1109 conventione.
1432 1088 1502 1110 nam
1517 1089 1591 1111 cum
1607 1079 1638 1111 in
1655 1079 1674 1110 l.
1697 1082 1747 1119 46.
1764 1077 1801 1125 §.
1821 1087 1854 1118 4.

979 1115 1011 1146 C.
1034 1118 1069 1162 ¹de
1084 1116 1231 1162 Episcopis
1256 1118 1292 1152 ὅ)
1308 1119 1425 1150 Clericis
1447 1120 1592 1161 juberet,
1615 1129 1736 1152 moram
1763 1130 1793 1151 in
1812 1119 1856 1151 le-

977 1166 1057 1197 gatis
1075 1167 1133 1198 pns
1151 1159 1214 1198 ipsa
1231 1169 1263 1190 re
1282 1161 1443 1192 committi
1466 1161 1530 1193 fine
1546 1163 1689 1202 personae
1706 1161 1856 1202 interpel-

978 1199 1117 1237 latione,
1143 1199 1184 1231 slC
1208 1200 1298 1240 infit,
1330 1202 1484 1233 Sancirnus
1508 1212 1566 1234 non
1590 1203 1714 1244 inspecta
1735 1212 1815 1234 mora
1837 1210 1856 1234 a

980 1241 1043 1273 litis
1066 1240 1302 1274 contestatione
1323 1251 1376 1274 aut
1395 1245 1637 1282 conventione,
1654 1244 1710 1285 sed
1727 1243 1795 1285 ipso
1809 1243 1859 1283 ju-

980 1292 1013 1314 re
1029 1281 1171 1313 intelleeiit
1192 1283 1295 1325 (quod
1315 1285 1424 1316 dicitnr
1448 1285 1565 1326 vulgo)
1585 1294 1664 1316 mora
1682 1284 1855 1326 proeceffiffe.

980 1323 1168 1368 justinianus
1194 1325 1281 1363 vult,
1305 1335 1426 1358 moram
1452 1336 1517 1359 non
1535 1327 1696 1358 committi
1719 1326 1785 1367 ipsa
1801 1335 1856 1364 re,

982 1366 1034 1397 seu
1052 1369 1187 1405 lponte,
1210 1366 1262 1398 sed
1277 1366 1340 1399 litis
1350 1368 1606 1405 contestatione,
1625 1368 1656 1400 id
1672 1366 1736 1406 est,
1761 1368 1859 1399 inter-

982 1407 1306 1448 pellationejudiciali
1318 1416 1391 1447 ,aut
1407 1409 1629 1441 conventione
1646 1408 1730 1447 ,five
1747 1409 1857 1440 admo-

983 1448 1106 1480 nitione
1124 1449 1362 1489 extrajudiciali.
1381 1449 1422 1481 fic
1442 1451 1526 1482 enirn
1545 1452 1762 1482 conventionem
1771 1449 1856 1490 apud

982 1489 1188 1530 justinianum
1205 1491 1335 1531 accipe:
1356 1492 1418 1532 (ut
1435 1492 1465 1523 in
1483 1492 1502 1522 l.
1522 1501 1573 1532 59.
1590 1491 1619 1532 §.
1641 1503 1672 1532 5.
1698 1491 1740 1523 D.
1763 1492 1859 1524 Man-

982 1532 1053 1562 dati.
1076 1532 1096 1563 l.
1130 1542 1159 1563 2.
1184 1531 1216 1563 C.
1247 1532 1365 1573 dejure
1387 1533 1621 1573 emphyteutico)
1651 1540 1748 1573 atque
1775 1533 1858 1564 hane

983 1582 1049 1604 non
1067 1574 1203 1611 nudam,
1228 1582 1268 1604 ne
1283 1583 1333 1605 res
1353 1574 1545 1613 probatione
1570 1573 1778 1612 destituatur,
1803 1573 1859 1606 sed

984 1614 1100 1645 testato
1123 1613 1256 1645 factam:
1286 1622 1322 1646 ut
1339 1616 1370 1646 in
1386 1615 1406 1646 l.
1434 1625 1500 1648 122.
1524 1614 1554 1656 §.
1577 1625 1607 1656 3.
1631 1614 1674 1646 D.
1700 1617 1733 1646 de
1760 1616 1859 1648 verbo-

983 1665 1048 1687 rum
1066 1656 1294 1698 obligationibus.

1024 1697 1124 1738 Igitur
1144 1706 1233 1729 mora
1255 1707 1321 1729 non
1337 1707 1378 1729 ex
1391 1707 1442 1737 re,
1466 1697 1518 1730 sed
1534 1706 1575 1729 ex
1596 1696 1748 1738 persona,
1769 1707 1860 1732 com·

985 1739 1146 1770 mittitur:
1177 1748 1278 1779 eaque
1302 1738 1366 1778 fit,
1398 1739 1419 1771 fi
1443 1740 1511 1780 quis
1536 1740 1758 1781 interpellatus
1791 1749 1861 1774 non

985 1780 1125 1811 solverit.
1151 1786 1212 1818 qua
1228 1780 1379 1812 ratione?
1402 1779 1474 1816 seme
1498 1780 1621 1821 optima
1644 1781 1675 1812 in
1695 1790 1776 1823 puro
1804 1782 1860 1814 de-

985 1822 1065 1852 bito.
1089 1821 1119 1852 in
1147 1829 1212 1860 quo
1236 1821 1285 1861 agi
1303 1822 1449 1860 videtur,
1473 1830 1508 1854 ut
1523 1821 1628 1854 statim
1654 1822 1685 1854 ὄι
1710 1823 1804 1854 cedat
1827 1823 1862 1856 δε

986 1862 1094 1893 veniat
1117 1861 1196 1892 dies.
1220 1861 1308 1902 quod
1332 1861 1394 1901 est,
1427 1871 1493 1895 non
1516 1871 1550 1895 ut
1573 1863 1678 1895 statim
1701 1863 1861 1906 solvatur,

987 1902 1041 1934 sed
1068 1910 1102 1934 ut
1125 1901 1228 1934 statim
1252 1903 1384 1944 incipiat
1406 1903 1543 1943 deberi,
1576 1905 1606 1937 δι
1630 1905 1696 1946 peti
1721 1903 1814 1946 pbffit
1836 1906 1862 1937 l.

987 1954 1058 1986 213.
1082 1943 1124 1975 D.
1148 1945 1181 1975 de
1205 1945 1357 1976 verboram
1375 1943 1600 1986 fignificatione.
1623 1947 1667 1978 ita
1688 1946 1817 1979 debitor
1838 1946 1862 1981 fi

988 1995 1052 2018 non
1074 1984 1173 2017 solvat
1195 1985 1317 2025 statim,
1342 1995 1379 2017 ac
1402 1987 1545 2027 petitur3
1568 1996 1609 2019 ex
1632 1987 1766 2028 persona
1790 1997 1862 2020 mo-

988 2036 1052 2059 ram
1075 2027 1269 2058 committit:
1294 2028 1367 2066 quia
1393 2028 1541 2069 impingit
1565 2029 1597 2061 in
1620 2030 1669 2069 jus
1693 2029 1865 2070 obligatio-

987 2070 1052 2099 nis:
1077 2067 1148 2107 sed,
1171 2067 1193 2099 fi
1214 2077 1280 2100 non
1297 2069 1399 2101 solvat
1412 2071 1580 2109 pecuniam
1596 2093 1606 2109 ,
1628 2079 1702 2102 cum
1718 2080 1784 2103 non
1802 2081 1858 2113 pe-

987 2110 1092 2149 titur;
1123 2119 1189 2141 non
1211 2111 1390 2142 committit
1413 2120 1535 2143 moram
1561 2121 1603 2143 ex
1627 2111 1769 2152 persona.
1794 2122 1862 2145 nou

988 2151 1071 2182 enirn
1107 2150 1185 2182 facit
1217 2159 1330 2183 contra
1363 2151 1501 2184 formam
1535 2152 1768 2194 obligationis:
1798 2163 1861 2195 qua

988 2202 1053 2224 non
1078 2193 1181 2224 astum
1205 2192 1276 2232 est,
1300 2201 1335 2224 ut
1359 2193 1500 2225 debitori
1524 2195 1688 2227 neceffitas
1713 2195 1750 2227 fit
1774 2195 1860 2227 ultro

988 2234 1151 2269 solvendi:
1175 2233 1228 2265 sed
1244 2242 1278 2265 ut
1295 2235 1464 2267 creditoris
1481 2235 1645 2268 arbitrium
1656 2236 1711 2275 fit,
1729 2238 1861 2277 quando

988 2284 1086 2316 petat.
1111 2284 1175 2315 quo
1196 2274 1284 2307 sensu
1303 2275 1441 2316 Cicero,
1467 2276 1624 2317 Tusculan.
1651 2276 1748 2319 qaoest.
1766 2279 1813 2309 lib.
1835 2288 1862 2311 1.

987 2327 1010 2348 c.
1035 2327 1084 2357 39.
1116 2318 1156 2348 de
1178 2324 1289 2349 natura
1313 2317 1394 2349 infit.
1436 2317 1483 2349 Ea
1507 2320 1621 2360 quidem
1647 2321 1724 2350 dedit
1745 2321 1865 2360 usuram

987 2360 1073 2396 vitm,
1097 2363 1237 2400 tanquam
1252 2360 1399 2398 pecuniae,
1422 2360 1504 2390 nulla
1515 2358 1682 2400 praestituta
1698 2361 1752 2392 die.
1778 2361 1864 2403 Quia

988 2399 1154 2441 elligitur,
1177 2401 1251 2441 qnod
1274 2409 1415 2441 querare,
1432 2399 1461 2438 fi
1481 2403 1601 2440 repetit,
1624 2410 1689 2432 cum
1715 2402 1808 2435 vult?
1830 2412 1864 2435 ect

990 2442 1065 2472 enini
1082 2443 1241 2472 conditione
1258 2447 1414 2481 acceperas.
1460 2439 1565 2473 Unum
1592 2441 1740 2474 observet
1757 2444 1862 2476 credi-

989 2491 1059 2521 tor,
1085 2492 1125 2513 ne
1150 2482 1321 2513 inciviliter
1343 2482 1458 2513 faciat:
1480 2490 1535 2520 ut,
1559 2482 1580 2514 ss
1604 2483 1703 2515 hodie
1726 2486 1861 2524 credat,

989 2533 1057 2555 cras
1077 2531 1212 2563 repetat.
1241 2523 1272 2554 id
1294 2523 1378 2555 enim
1399 2523 1584 2555 Ambrosius
1600 2525 1726 2566 culpat,
1750 2525 1798 2557 De
1811 2526 1864 2558 To-

989 2567 1035 2596 bia.
1056 2574 1081 2595 c.
1103 2575 1130 2605 3.
1156 2565 1202 2596 his
1222 2564 1349 2603 verbis,
1372 2564 1456 2607 Qyz'd
1477 2567 1553 2597 enim
1576 2567 1678 2597 tetrius
1699 2576 1728 2598 eo
1749 2570 1800 2609 qui
1815 2569 1865 2600 ho-

988 2608 1034 2637 die
1049 2606 1198 2646 foenerat,
1222 2605 1259 2640 ὃ)
1284 2616 1347 2636 cras
1362 2606 1480 2647 exigit?
1504 2605 1543 2645 est
1567 2607 1696 2646 odibilis,
1721 2610 1863 2651 inquam,

989 2648 1067 2678 homo
1086 2648 1259 2689 hujusmodi.
1284 2647 1386 2679 oblatio
1396 2649 1510 2689 quidem
1526 2649 1712 2689 blanda‚·sed
1726 2651 1864 2683 immanis

990 2687 1111 2720 exaetz'o.
1159 2688 1221 2719 Sed
1249 2689 1337 2727 quod
1356 2689 1537 2722 Ambrosius
1561 2693 1794 2731 commendat,
1818 2693 1865 2724 est

993 2729 1206 2762 humanitatis.
1230 2730 1280 2761 cui
1304 2729 1325 2761 fi
1349 2731 1423 2762 dare
1448 2731 1528 2763 velit
1557 2733 1718 2772 creditor,
1741 2733 1863 2774 potest:

993 2771 1015 2803 fi
1039 2771 1119 2802 nolit
1136 2793 1145 2809 ,
1178 2780 1241 2802 non
1267 2772 1403 2812 cogitur.
1434 2772 1532 2804 habet
1553 2777 1637 2806 enim
1658 2774 1707 2814 jus
1732 2775 1863 2815 petendi

993 2822 1105 2851 aeque,
1127 2821 1163 2843 ac
1181 2811 1358 2844 differendi.
1373 2812 1441 2852 sed,
1465 2813 1486 2845 fi
1504 2824 1568 2847 non
1587 2823 1694 2856 petat:
1717 2815 1763 2848 est
1778 2816 1864 2857 quod

993 2853 1048 2885 fibi
1064 2876 1074 2891 ,
1096 2854 1149 2884 sed
1165 2863 1230 2885 non
1252 2854 1339 2895 quod
1356 2854 1515 2895 debitori,
1540 2857 1694 2897 imputet:
1720 2857 1773 2898 qui
1798 2858 1864 2896 ejus

994 2895 1189 2927 humanitate
1205 2896 1322 2928 utitur:
1346 2896 1487 2937 denique
1509 2899 1654 2939 injuriam
1679 2900 1706 2930 ei
1731 2907 1794 2929 non
1818 2896 1863 2928 fa-

994 2938 1059 2974 cit3
1081 2945 1154 2969 cum
1179 2938 1345 2976 pecuniam
1371 2939 1399 2969 ei
1423 2939 1582 2979 debitam,
1614 2941 1680 2980 eJ'us
1697 2938 1863 2970 voluntate

995 2978 1122 3010 retinet.
1164 2977 1263 3020 Quod
1283 2978 1303 3010 fi
1323 2978 1390 3019 est3
1413 2979 1573 3019 efficitur,
1597 2988 1630 3011 ut
1657 2982 1687 3010 in
1714 2989 1803 3011 mora
1828 2979 1864 3011 fit

995 3020 1141 3058 debitor,
1158 3029 1222 3053 non
1237 3019 1397 3059 sufficere,
1413 3022 1443 3053 <St
1459 3022 1576 3054 ceffiffe
1593 3022 1622 3052 ὅ(
1640 3020 1756 3052 veniss‘e
1773 3022 1863 3053 diem

997 3061 1218 3101 obligationis,
1241 3063 1273 3094 id
1296 3062 1360 3100 est,
1382 3063 1443 3103 jam
1466 3064 1574 3094 deberi
1605 3069 1641 3092 ac
1665 3062 1731 3101 peti
1756 3062 1863 3103 poffe:

995 3101 1047 3134 sed
1065 3110 1217 3144 praeterea
1235 3105 1371 3144 petitum
1391 3104 1472 3139 effe,
1486 3105 1515 3135 &
1534 3112 1596 3134 non
1614 3101 1748 3135 solutum
1768 3113 1866 3144 opor·-

996 3151 1073 3175 tere.
1098 3144 1156 3183 sic,
1180 3144 1200 3176 fi
1218 3155 1295 3185 pure
1312 3146 1518 3176 contrahatur
1537 3144 1709 3183 obligatio,
1734 3145 1785 3177 vel
1808 3146 1864 3186 (ut

996 3184 1113 3219 Cicero
1129 3187 1271 3228 loquitur
1294 3189 1321 3219 d.
1339 3187 1413 3233 loq)
1437 3185 1517 3217 nulla
1527 3184 1693 3227 pra—(tituta
1714 3187 1767 3219 die.

1365 3226 1394 3258 [J
1412 3234 1431 3256 o
1773 3228 1866 3262 idem
