2036 3495
161 75 231 111 350

163 152 267 184 solarii
284 157 391 183 autem
408 149 532 183 ratione
550 147 581 179 &
598 146 688 179 causa
706 155 771 179 non
789 145 855 184 est,
877 147 965 188 quod
982 147 1035 179 hic

162 194 254 234 plura
272 192 454 232 exspectes:
478 199 550 221 cum
567 187 698 220 sufficiat
720 188 883 228 diligentia
902 188 960 220 CL.
979 187 1035 219 Vi-

164 235 210 273 ri,
227 233 310 265 Petri
331 231 524 269 Burmanni,
541 229 588 260 De
601 227 790 269 vestigalibus
808 227 914 268 Populi
929 228 1035 260 Roma-

164 276 216 313 ni,
239 284 262 305 c.
287 282 331 304 12.
369 272 478 302 Minus
504 270 628 311 probo,
653 269 741 309 quod
756 270 787 300 in
807 270 836 300 d.
855 269 885 311 §.
901 279 929 301 2.
960 271 1035 301 alias

165 316 284 350 editur,
311 313 346 343 ab
362 321 390 341 eo
406 311 517 342 relifto.
549 310 701 342 servanda
718 309 902 342 Florentina
918 311 1033 343 lectio:

164 358 199 387 ab
212 365 245 386 ea
259 363 288 384 re
302 352 409 384 relibia.
429 361 496 384 erat
506 375 516 390 ‚
532 352 668 392 opinor,
686 351 837 392 scriptum
847 375 856 388 ,
871 352 906 383 ab
920 362 952 383 ea
962 351 1033 383 RE·

164 395 232 427 lina
247 394 320 425 inde
336 392 453 424 factum
464 416 474 432 ‚
490 394 525 424 ab
539 402 567 423 eo
583 392 698 424 relib'ia:
713 402 785 424 cum
797 401 963 434 oporteret
979 403 1034 433 po-

165 438 197 468 ni
209 436 261 474 ,ab
278 445 310 465 eu-
329 444 358 464 re
373 433 482 465 relibia.
497 434 607 474 juvant
619 432 783 473 Graeci3&
802 435 984 475 exemplum
1003 435 1034 466 in

163 478 182 508 l.
195 476 258 517 8.§.
276 485 299 507 i.
313 474 353 506 D.
374 476 407 506 de
418 474 671 506 transactionibus.
696 475 814 507 Praeter
830 475 1035 507 haectenetut

162 517 369 553 fructuarius,
393 515 413 547 fi
439 517 560 548 vicinus
587 524 694 556 petat,
718 515 772 547 fibi
797 517 903 547 caveri
929 517 1035 548 damni

164 558 274 591 infesti
297 557 450 596 nomine,
469 560 496 588 ei
515 567 649 595 cavere,
666 558 695 588 ἃ.
714 558 843 596 quidem
862 558 942 589 datis
958 557 1033 589 fide-

163 599 342 641 Juss'oribus.
368 599 456 638 quod
473 598 494 630 fi
510 597 609 630 ceffet
625 597 754 636 facere,
771 607 842 630 curn
860 599 943 638 petit
960 599 1035 630 vici-

162 651 242 680 nus,
266 650 373 680 eoque
397 639 577 680 compulsus
601 638 646 670 est
662 640 810 671 dominus
830 641 1033 680 repromitte-

164 693 218 721 re,
241 682 504 723 (repromiffione
520 681 604 711 enim
621 680 646 710 is
667 679 798 722 defungi
817 680 940 722 potest)
963 690 1035 721 pro-

166 724 271 756 hiberi
292 723 390 755 debet
407 722 596 754 fruCtuarius
614 722 658 752 uti
675 720 737 753 frui
755 722 775 753 l.
794 730 823 758 9.
841 721 870 763 §.
887 732 917 761 5.
939 722 980 753 D.
1003 724 1037 754 de

165 767 268 797 damno
284 763 397 805 infesto
443 763 488 793 Ea
504 763 600 804 igitur
617 761 708 793 causa
725 772 791 794 non
809 764 854 794 est
872 762 1035 795 fructuari-

164 816 222 845 us,
244 805 265 838 si
285 812 408 846 paratus
424 803 459 835 fit
476 802 704 835 usumfructum
721 804 961 844 derelinquere,
980 814 1035 836 co-

165 849 289 891 gendus
304 847 435 878 domum
451 844 603 884 reficere,
615 845 645 877 in
664 845 779 885 quibus
791 844 910 877 casibus
926 847 954 878 ei
973 846 1038 878 boc

167 899 248 921 onus
273 887 440 919 incumbit.
470 887 512 918 ita
537 894 610 918 ante
634 894 804 926 acceptum
828 895 941 918 contra
966 897 1038 919 eum

166 930 346 972 Judicium:
372 927 437 959 imo
460 928 488 959 ὅ(
515 927 586 968 post
611 936 801 966 acceptum,
825 927 844 959 si
863 937 986 968 paratus
1003 929 1038 961 sit

167 972 391 1009 derelinquere
413 967 660 1007 usumfructum,
678 968 797 1000 absolvi
816 970 914 1000 debet
930 980 946 1000 a
962 971 1040 1011 Judi-

167 1023 206 1045 ce
221 1013 240 1044 l.
254 1016 302 1049 64.
321 1011 398 1049 l.48,
422 1009 461 1042 D.
480 1012 513 1041 de
531 1009 697 1050 usofrueiu.
722 1009 789 1042 Nisi
804 1010 825 1042 fi
843 1011 919 1050 quid
936 1010 971 1042 sit
988 1013 1040 1043 de-

165 1055 265 1086 terius
281 1052 399 1084 factum
416 1051 469 1082 suo
487 1051 678 1092 suorumque
693 1051 789 1083 fafito.
813 1061 884 1083 nam
901 1060 987 1091 tum,
1004 1054 1040 1084 li-

165 1104 220 1127 cet
239 1094 317 1125 velit
335 1092 566 1124 usumfructum
585 1093 825 1134 derelinquere,
841 1102 905 1124 non
923 1093 968 1125 est
984 1095 1038 1126 ab·

164 1136 348 1169 solvendus.
388 1135 487 1166 debet
504 1134 589 1166 enim
606 1143 703 1165 omne
725 1135 813 1174 quod
832 1135 967 1175 diligens
985 1145 1038 1176 pa-

165 1177 350 1211 terfamilias
375 1176 407 1206 in
435 1175 486 1207 sua
510 1176 609 1206 domo
637 1174 736 1213 facit,
761 1175 790 1207 &
814 1175 879 1216 ipse
895 1175 1002 1208 facere
1018 1177 1051 1208 ld

166 1225 216 1260 65.
233 1218 268 1250 D.
280 1218 338 1248 eod.
353 1217 400 1247 tir.
423 1217 564 1256 alioquin
581 1225 621 1247 eo
638 1216 797 1257 obligatur
811 1217 960 1255 nornine,
977 1227 1039 1249 nec

165 1260 386 1308 obligatione,
410 1257 467 1290 nifi
491 1255 693 1299 praestatione
722 1257 787 1297 ejus
811 1259 899 1298 quod
921 1258 1038 1298 debet,

163 1303 364 1374 bbg-Quiane
376 1339 506 1379 quidem
524 1339 694 1380 improbo:
712 1339 799 1380 quod
818 1338 999 1380 Ulpianusl.
1009 1349 1039 1381 7.

169 1384 198 1426 ᾗ.
221 1393 246 1414 1.
263 1382 305 1414 D.
324 1382 356 1412 de
372 1380 526 1416 usufruc'iu
547 1383 589 1412 ait
607 1404 622 1426 ,¹
646 1380 811 1421 placuisse,
833 1380 1038 1413 fructuarium

169 1425 256 1457 mitti
271 1425 305 1456 in
320 1422 542 1464 poffeffionem
559 1423 735 1456 vicinarum
760 1423 876 1457 aeuium
892 1431 933 1457 ex
950 1422 1041 1456 causa

771 60 1076 96 Gr-:RARD1
1125 57 1355 94 NooDr

1078 147 1183 179 damni
1199 146 1330 186 infecti,
1354 147 1385 180 ὅ(
1404 156 1476 185 eas,
1497 146 1519 180 fi
1537 145 1756 189 perseveretur
1772 160 1837 186 non
1851 161 1945 188 cave·

1077 188 1121 226 ri,
1142 189 1210 228 iure
1234 189 1364 221 dominii
1383 188 1558 229 poffidere:
1581 198 1644 221 nec
1662 191 1833 231 quidquam
1852 197 1943 228 amit.

1078 237 1167 268 tere,
1190 229 1282 261 finito
1300 230 1471 262 usufructu.
1496 239 1557 262 nec
1573 237 1678 262 tamen
1694 231 1724 263 in
1740 232 1805 264 hoc
1821 234 1943 276 semper

1076 271 1158 302 iturn
1177 270 1239 302 fuit
1263 272 1406 303 omnium
1432 270 1645 303 consensum
1663 273 1819 307 credimus
1836 274 1946 317 Ulpiae·

1077 320 1120 342 no
1146 311 1165 343 l.
1188 321 1234 353 153.
1260 311 1287 354 §.
1308 317 1333 347 8.
1357 312 1398 344 D.
1417 314 1450 343 cie
1465 314 1567 344 damno
1583 312 1707 353 infefio:
1729 314 1869 355 dicenti,
1891 317 1948 350 Su-

1077 351 1290 392 perficiariurn
1317 354 1347 385 ὅς
1373 353 1578 385 fructuamum
1604 355 1710 386 damni
1735 355 1842 388 infecti
1862 358 1947 391 utili-

1078 401 1127 438 ter
1148 392 1302 434 stipulari,
1327 394 1423 426 hodie
1446 395 1590 427 constat:
1613 404 1670 427 cur
1686 396 1771 428 enirn
1796 398 1856 436 ait,
1877 397 1946 431 Ho-

1078 435 1148 466 die:
1163 434 1217 468 nisi
1236 436 1323 475 quod
1340 436 1418 467 olim
1437 438 1521 468 idem
1541 445 1604 468 non
1626 445 1773 476 peraeque
1790 437 1947 473 constitit.

1077 474 1133 506 Est
1150 476 1275 508 interim
1293 478 1373 508 ratio
1396 478 1460 517 ejus
1475 478 1550 517 juris
1567 487 1632 509 non
1650 477 1775 518 injusta:
1798 481 1870 519 quia
1891 481 1947 521 (ut

1077 515 1189 549 Paulus
1206 517 1250 548 ait
1264 517 1284 548 l.
1305 522 1352 552 18.
1374 518 1414 549 D.
1431 520 1489 549 eod.
1506 520 1574 560 tit.)
1592 518 1708 551 Damni
1725 519 1834 552 infesti
1852 521 1948 562 stipu-

1077 558 1155 589 latio
1170 559 1328 598 competit
1343 568 1407 590 non
1426 567 1548 592 tantum
1566 560 1594 592 ei
1614 561 1702 601 cuius
1719 562 1749 592 in
1768 562 1861 593 bonis
1877 572 1948 602 res,

1077 598 1130 630 sed
1155 599 1249 645 etiam
1272 600 1358 640 cujus
1381 601 1524 640 periculo
1542 611 1591 633 res
1608 602 1663 634 est.
1695 610 1823 634 tenetur
1848 612 1948 643 porro

1078 639 1287 678 fruftuarius,
1303 642 1437 672 durante
1454 641 1634 682 usufrufilm,
1652 643 1696 674 uti
1715 643 1775 675 frui
1792 644 1947 678 arbitratu

1078 681 1156 712 boni
1173 682 1251 720 viri,
1274 681 1304 712 ἃ.
1321 680 1430 719 finito,
1448 683 1612 716 restituere
1629 685 1717 725 quod
1734 686 1866 717 extabit.
1892 687 1949 718 de-

1079 722 1136 753 bet
1152 723 1266 763 igitur,
1282 723 1415 754 durante
1428 723 1606 763 usufructu,
1623 726 1813 766 providere,
1830 736 1870 758 ne
1887 728 1951 759 rui-

1079 772 1119 794 na
1147 764 1319 795 vicinarum
1344 765 1458 796 aedium
1478 766 1630 798 vitientur
1644 775 1698 798 aut
1713 768 1864 800 tollantur
1879 767 1950 800 fru-

1081 804 1204 835 etuariae
1235 806 1343 836 aedes:
1375 804 1454 836 ficut
1478 805 1558 838 solet
1582 809 1685 839 bonus
1710 808 1947 848 paterfamilias.

1080 847 1169 885 quod
1186 845 1205 877 fi
1225 846 1402 886 neglexerit
1426 846 1555 886 facere,
1577 849 1607 880 ὅ(
1624 851 1712 880 ruina
1728 851 1877 881 damnum
1895 849 1960 882 fiat·

1081 887 1260 919 fructuariis
1274 888 1411 919 aedibus:
1436 897 1562 928 aequum
1578 889 1642 928 est,
1660 890 1692 922 id
1711 899 1831 921 nocere
1848 891 1875 922 ei
1893 900 1959 923 cur

1079 928 1128 969 jus
1153 928 1245 969 culpa
1277 930 1403 960 accidit.
1433 930 1504 960 vice
1528 929 1616 962 versa
1639 940 1704 962 non
1727 931 1826 962 fuerit
1847 932 1951 964 absur-

1082 971 1178 1007 dum,
1202 970 1325 1001 lucrum
1349 969 1369 1001 fi
1394 971 1481 1009 quod
1507 971 1655 1003 inciderit
1676 981 1715 1003 ex
1736 971 1824 1003 causa
1842 973 1950 1006 damni

1083 1010 1194 1043 infecti
1212 1034 1222 1050 ‚
1247 1012 1285 1042 ad
1308 1010 1515 1043 fructuarium
1538 1013 1718 1052 pertinere:
1744 1014 1878 1045 volente
1903 1023 1950 1046 ra-

1083 1053 1192 1090 tione,
1215 1061 1311 1092 quem
1336 1051 1508 1093 sequuntur
1526 1054 1749 1093 incommoda,
1773 1064 1846 1086 eum
1863 1054 1952 1095 sequi

1082 1095 1264 1125 commoda.
1300 1095 1387 1133 quod
1403 1102 1508 1126 autem
1526 1093 1569 1126 sic
1589 1103 1776 1137 perceptum
1795 1095 1839 1127 est
1855 1106 1872 1127 a
1888 1096 1953 1129 fru-

1082 1135 1200 1166 Ctuario
1213 1136 1280 1175 J'ure
1295 1134 1505 1174 ususfructus,
1523 1136 1587 1176 ejus
1603 1145 1708 1168 manet
1725 1136 1818 1169 finito
1835 1137 1956 1170 usufru«

1083 1176 1153 1207 ctu:
1175 1175 1329 1216 fiquidem
1355 1175 1469 1207 sufficit
1492 1177 1541 1214 ei,
1562 1177 1726 1210 restituere
1748 1180 1836 1218 quod
1856 1188 1952 1211 extre

1082 1216 1250 1248 fructuaria
1265 1215 1411 1257 superest.
1441 1227 1540 1258 porro
1558 1219 1688 1251 interest
1704 1220 1787 1251 inter
1803 1229 1869 1252 rem
1884 1220 1953 1252 fru-

1083 1258 1231 1289 Ctuariam
1249 1281 1258 1296 ‚
1283 1259 1312 1289 ἁ
1329 1259 1415 1298 quod
1433 1269 1472 1290 ex
1491 1269 1544 1297 ea,
1569 1261 1677 1300 ejusve
1693 1260 1863 1292 occasione
1880 1270 1956 1302 per··
1993 1271 1997 1275 ·

1081 1300 1199 1338 cipitur
1211 1299 1280 1339 jure
1298 1298 1497 1332 ususfructus.
1521 1309 1592 1333 nam
1611 1303 1662 1334 illa
1681 1301 1726 1334 est
1737 1302 1858 1334 domini
1876 1311 1951 1342 pro-

1083 1340 1247 1381 prietatis:
1274 1341 1336 1372 hoc
1361 1339 1534 1373 fructuarii.
1569 1342 1614 1374 est
1637 1342 1731 1384 igitur
1749 1343 1800 1374 illa
1818 1344 1956 1375 domino

1083 1380 1293 1419 restituenda,
1308 1380 1400 1412 finito
1419 1381 1597 1417 usufruCtu:
1613 1384 1677 1417 hoe
1694 1394 1762 1418 non
1777 1383 1954 1421 restituitur

1083 1422 1133 1464 ei,
1153 1421 1207 1456 sed
1224 1421 1388 1456 fructuarii
1405 1432 1524 1457 manet.

866 1528 1081 1569 cipue
1140 1526 1231 1568 XV.

455 1616 506 1656 De
521 1618 729 1668 constituenda
743 1631 763 1654 a
775 1621 978 1667 proprietario
984 1619 1137 1666 ‚servitute
1146 1618 1256 1666 praedii
1271 1626 1311 1654 ex
1324 1613 1657 1667 confhnfhfruffuarit'.

162 1723 361 1803 Postquam
392 1723 532 1765 explicui
556 1723 787 1757 usumfructum
804 1723 895 1756 fundi
918 1724 948 1756 ἃ
965 1725 1038 1757 aedi-

236 1775 308 1805 um,
335 1767 390 1798 vix
413 1766 489 1798 mihi
517 1769 686 1806 tempero:
709 1775 747 1797 ne
773 1766 825 1797 hic
849 1766 979 1797 tractem
998 1767 1039 1799 de

161 1811 231 1851 jure
245 1808 449 1849 imponendae
460 1830 469 1846 ‚
487 1808 736 1847 adquirendaeve
754 1806 913 1839 servitutis
927 1807 1039 1848 praedii

161 1850 269 1884 rustici
281 1850 332 1882 vel
347 1849 469 1881 urbani.
486 1849 526 1880 de
541 1857 606 1888 quo
617 1847 661 1878 est
671 1856 760 1880 vetus
771 1848 800 1879 ἀ
812 1848 943 1880 molesta
958 1858 1039 1890 qua:-

162 1893 242 1925 stio:
258 1892 308 1922 cui
328 1890 451 1922 causam
470 1890 606 1930 praebuit
622 1888 778 1928 Ulpianus
793 1890 811 1920 l.
827 1899 872 1929 15.
889 1890 919 1931 §.
931 1890 983 1921 ult.
996 1889 1038 1923 D.

164 1936 196 1966 de
213 1932 391 1973 usufrufiu,
417 1931 529 1963 Paulus
546 1931 565 1962 l.
589 1935 635 1962 16.
656 1931 696 1962 D.
715 1932 772 1962 eod.
791 1933 836 1962 tit.
853 1931 882 1963 ἃ
900 1932 1041 1973 Pompo-

162 1977 234 2007 nius
248 1974 266 2006 l.
286 1984 315 2007 2.
336 1973 377 2005 D.
405 1973 437 2004 Si
453 1971 636 2012 nsurfruiius
648 1977 771 2012 petetur.
797 1981 885 2013 agam
909 1973 961 2004 dili
988 1983 1042 2005 en-

165 2023 234 2049 ter:
252 2015 303 2047 sed
321 2016 458 2056 primurn
476 2012 604 2054 Ulpiani
622 2013 717 2044 verba
733 2022 903 2054 apponam.
921 2015 957 2045 da
985 2022 1042 2045 unt

165 2059 250 2089 enim
266 2057 383 2088 certius
399 2054 565 2087 consilium
577 2053 710 2093 subjecta
722 2055 823 2086 oculis
834 2053 961 2095 Ulpiani
974 2065 1041 2086 ver-

164 2099 215 2130 ba.
238 2098 293 2129 Sed
309 2107 359 2128 nec
366 2098 540 2137 servitutem
559 2097 699 2136 imponere
714 2096 808 2135 fundo
818 2094 905 2136 potest
917 2098 1040 2137 proprie-

165 2141 281 2178 tarius,
303 2148 354 2170 nec
377 2139 508 2170 eminere
520 2137 698 2174 servitutem.
719 2137 871 2178 adquirere
884 2137 1040 2178 planeser-

164 2182 289 2212 vitutem
310 2190 373 2211 eum
385 2179 478 2220 posse,
502 2180 589 2210 etiam
604 2179 697 2209 invito
714 2177 884 2218 fruciuario
900 2201 910 2217 ,
940 2178 1040 2219 Julia-

166 2232 224 2253 nus
248 2220 369 2262 scripsit.
441 2221 525 2250 uibus
540 2224 750 2260 consequenter,
769 2219 959 2260 frustuarius
975 2222 1038 2261 qui-

165 2265 228 2295 dem
250 2263 398 2304 adquirere
439 2262 513 2291 undo
523 2261 698 2299 servitutem
713 2270 770 2291 non
783 2260 891 2301 potest:
914 2263 1038 2292 retinere

162 2312 260 2336 autem
270 2300 378 2344 potest3
395 2301 465 2339 &fi
475 2303 556 2342 forte
564 2302 684 2342 fuerint
695 2325 703 2340 ‚
720 2312 777 2332 non
792 2308 888 2333 utente
897 2301 1039 2342 fruiiua-

164 2347 206 2377 rio
217 2369 226 2383 ‚
248 2344 371 2385 amzffae,
394 2345 445 2375 boc
461 2352 572 2384 quoque
589 2344 700 2373 nomine
716 2345 867 2374 tenebitur.
907 2343 1039 2384 Proprie-

166 2389 237 2419 tatis
252 2387 385 2418 dominus
408 2394 444 2416 ne
464 2385 579 2426 quidem
603 2385 792 2422 consentiente
800 2384 971 2424 fruiinario
984 2386 1041 2423 ser-

167 2430 291 2459 vitutem
308 2429 447 2467 imponere
458 2423 559 2466 potest.
591 2425 731 2457 Primum
750 2434 845 2467 negat
864 2425 1040 2466 Ulpianus,

167 2468 375 2500 fructuarium
393 2467 499 2499 fundo
519 2467 687 2508 adquirere
707 2466 905 2499 servitutem.
938 2477 1040 2508 puto,

168 2512 243 2549 quia
260 2510 391 2541 servitus
410 2508 454 2540 cst
469 2508 561 2540 fundi
581 2508 713 2549 qualitas
729 2518 799 2549 quae
819 2508 924 2548 potest
939 2519 956 2540 a
971 2508 1040 2540 fun—

171 2551 202 2582 di
226 2552 359 2582 domino
386 2550 508 2590 adquiri
533 2548 655 2580 fundo:
679 2559 695 2580 a
712 2549 885 2581 fructuario
901 2552 955 2590 qui
975 2560 1040 2582 non

168 2592 214 2624 est
230 2591 319 2623 fundi
336 2592 501 2630 dominus,
524 2590 627 2622 fundo
645 2591 766 2631 adquiri
784 2600 848 2622 non
870 2590 986 2631 potest.
1009 2599 1042 2622 at

166 2642 357 2673 quamquam
368 2631 554 2663 fructuarius
572 2641 636 2663 non
656 2631 762 2672 potest
777 2631 960 2664 servitutem
971 2632 1041 2664 fun-

168 2676 212 2706 do
239 2674 421 2713 adquirere:
447 2673 552 2713 potest
580 2682 685 2705 tamen
704 2697 714 2712 ‚
738 2681 773 2704 ut
795 2672 950 2714 Ulpianus
975 2674 1039 2712 ait,

168 2715 353 2747 servitutem
370 2713 472 2744 fundo
489 2715 636 2746 retinere.
669 2724 740 2746 nam
760 2724 829 2746 eam
854 2715 975 2746 utendo
992 2724 1039 2746 re-

169 2759 252 2789 tinet
268 2755 496 2796 proprietarius
514 2757 562 2786 cui
580 2755 752 2787 constituta
776 2755 840 2788 est:
865 2756 952 2788 nullo
978 2757 1039 2788 dis—

168 2799 322 2835 crimine,
345 2803 448 2827 utrum
474 2805 529 2835 per
548 2795 577 2827 se
602 2804 706 2828 utatur
723 2797 894 2836 servitute,
919 2807 956 2828 an
983 2806 1040 2837 per

168 2841 263 2872 alium
282 2839 299 2870 l.
310 2847 360 2870 20.
379 2836 414 2871 &⁹
422 2836 503 2877 seqq.
523 2836 563 2867 D.
583 2836 828 2879 Quemadmodum
841 2839 995 2874 servitutes
1008 2848 1038 2870 a·

168 2883 339 2913 mittuntur.
355 2876 461 2919 potest
479 2877 573 2917 igitur
591 2880 774 2911 servitutem
792 2889 847 2919 per
871 2879 1037 2912 fructuari-

167 2933 223 2955 um
239 2922 387 2954 retinere.
410 2918 507 2958 idque
525 2918 555 2949 in
573 2926 694 2950 tantum
711 2921 834 2960 placet:
852 2928 885 2952 ut
903 2921 1037 2952 fructua-

168 2966 254 3003 rius,
277 2968 411 3004 propter
435 2958 620 2990 servitutem
642 2969 706 2991 nou
732 2962 853 2992 utendo
880 2961 1036 3000 amissam,

168 3007 304 3037 domino
331 3009 486 3034 teneatur.
509 3000 607 3031 debet
622 3001 706 3031 enirn
723 3001 825 3032 fundo
846 3004 891 3033 uti
910 3003 972 3035 frui
990 3013 1036 3035 ar-

164 3047 284 3078 bitratu
309 3045 386 3076 boni
416 3043 495 3074 viri:
519 3050 584 3072 non
610 3040 712 3078 soliti,
737 3044 844 3080 praedii
868 3043 1037 3076 servitutes

168 3097 233 3119 non
253 3087 375 3118 utendo
390 3085 547 3116 amittere.
576 3083 671 3123 igitur
684 3081 705 3112 si
721 3084 752 3112 id
770 3082 883 3114 fecerit
899 3084 1037 3117 fructua-

168 3129 250 3164 rius,
267 3135 393 3159 tenetur
410 3126 543 3156 domino
559 3123 773 3164 proprietatis.
794 3127 836 3153 ita
854 3125 883 3154 in
901 3124 1038 3158 fructua-

168 3171 217 3202 rio
230 3169 277 3209 jus
292 3168 347 3201 est.
370 3165 460 3210 Quid
473 3166 506 3198 in
517 3163 758 3207 proprietatio?
780 3164 824 3196 ait
842 3163 996 3205 UlpIanus
1009 3169 1039 3201 ci.

1943 1585 1951 1607 i

1083 1724 1102 1755 l.
1122 1733 1170 1766 15.
1188 1723 1217 1766 §.
1241 1723 1294 1755 ult.
1318 1722 1406 1765 posse
1430 1722 1534 1756 fundo
1557 1724 1725 1765 adquirere
1749 1724 1956 1765 servitutem·

1083 1766 1113 1797 &
1138 1764 1384 1804 consentiente,
1407 1764 1437 1796 ὄῑ
1461 1766 1564 1797 invito
1589 1766 1782 1800 fructuario:
1805 1767 1953 1799 amittere

1084 1816 1149 1838 non
1167 1806 1265 1847 poss'e.
1291 1807 1388 1846 idque
1406 1816 1516 1839 verum
1535 1807 1589 1840 est.
1820 1847 1823 1848 ⁷

1124 1847 1177 1879 De
1195 1857 1235 1879 eo
1249 1850 1417 1888 quaeritur,
1433 1857 1469 1878 an
1487 1849 1579 1888 poflit
1595 1848 1698 1880 fundo
1714 1850 1879 1889 imponere
1895 1848 1956 1880 ser-

1085 1890 1243 1927 vitutem,
1267 1891 1377 1929 utique
1404 1889 1586 1921 usuifruCtui
1614 1892 1743 1923 noxiam
1762 1891 1779 1923 ¹?
1803 1891 1833 1922 ἀ
1858 1895 1955 1931 negat

1085 1929 1265 1971 Ulpianus,
1287 1930 1522 1971 impositurum:
1547 1931 1748 1963 dissentiente
1770 1931 1954 1963 fructuario.

1085 1982 1158 2004 nam
1183 1980 1217 2003 ut
1241 1971 1330 2003 fundi
1351 1973 1499 2003 dominus
1524 1971 1579 2011 fit,
1602 1982 1639 2003 ac
1662 1975 1709 2013 jus
1726 1973 1956 2004 constituendae

1084 2013 1244 2045 servitutis
1260 2023 1276 2044 a
1289 2014 1357 2054 jure
1373 2014 1505 2044 dominii
1523 2015 1694 2052 procedat,
1720 2015 1867 2053 reClfflque
1884 2023 1957 2053 pos-

1084 2054 1121 2086 fit
1147 2054 1279 2085 fundunt
1305 2054 1389 2085 suurn
1414 2055 1542 2091 dicere,
1567 2057 1660 2085 etiam
1678 2064 1750 2087 curn
1771 2056 1890 2085 alienus
1909 2051 1956 2086 est

1085 2095 1276 2126 ususfructus
1294 2095 1311 2126 l.
1326 2105 1374 2135 25.
1388 2094 1427 2125 D.
1440 2097 1472 2125 de
1486 2094 1873 2137 verborumsignificatione:
1889 2105 1955 2126 non

1085 2137 1207 2167 idcirco
1233 2136 1365 2167 debebit
1390 2136 1544 2174 impedire
1562 2136 1768 2169 fructuarium
1788 2144 1952 2168 utentem:

1082 2186 1124 2208 ne
1148 2178 1341 2208 deteriorem
1366 2176 1483 2208 efficiat
1509 2177 1574 2217 ejus
1592 2179 1824 2209 conditionem.
1855 2185 1954 2216 atque

1083 2218 1147 2249 hoc
1162 2228 1293 2259 quoque
1309 2228 1433 2258 aequum
1453 2217 1534 2256 esse,
1553 2219 1637 2249 ultro
1656 2228 1768 2250 omnes
1787 2219 1940 2250 fatentur.

1124 2259 1204 2291 Illud
1224 2262 1331 2291 durius
1348 2260 1491 2296 videtur,
1515 2262 1602 2299 quod
1621 2269 1718 2299 porro
1737 2261 1777 2291 ait
1798 2258 1952 2300 Ulpianus

1083 2302 1112 2332 d.
1125 2301 1142 2331 l.
1160 2310 1203 2341 15.
1215 2301 1243 2342 §.
1256 2301 1310 2332 nit.
1338 2301 1526 2341 Proprietatis
1543 2302 1693 2340 dominus,
1709 2311 1744 2332 ne
1759 2302 1873 2342 quidem
1890 2309 1954 2331 con-

1075 2343 1221 2383 senciente
1230 2341 1421 2381 fwiiuario,
1437 2342 1613 2381 servitutem
1627 2344 1766 2383 imponere
1779 2340 1878 2383 potest.
1910 2342 1951 2372 A·

1084 2385 1147 2415 deo
1173 2392 1237 2414 non
1261 2382 1370 2414 serunt
1394 2382 1458 2413 hoc
1476 2381 1678 2415 Eruditiffimi
1696 2384 1774 2423 Juris
1796 2384 1952 2423 interpre-

1083 2433 1142 2456 tes.
1174 2424 1248 2465 quin
1274 2432 1407 2464 putant,
1432 2422 1573 2463 Ulpiano
1595 2426 1706 2456 malam
1729 2424 1870 2456 nocuisse
1892 2433 1954 2456 rna*-

1083 2475 1170 2497 num.
1195 2475 1256 2497 nec
1280 2466 1408 2496 interim
1433 2465 1501 2495 sunt
1525 2467 1671 2497 contenti
1689 2476 1761 2498 ⁴uno
1786 2466 1951 2498 medicinae

1084 2516 1213 2548 genere.
1255 2507 1297 2539 At
1315 2516 1388 2538 tneo
1402 2507 1524 2546 judicio
1536 2530 1545 2543 ‚
1570 2505 1743 2546 potuerunt
1761 2517 1890 2548 parcere
1909 2506 1952 2538 su-

1083 2557 1250 2589 pervacuae
1267 2549 1494 2580 emendationi.
1525 2548 1621 2579 habet
1637 2551 1720 2581 enim
1742 2549 1808 2581 haec
1827 2547 1954 2588 Ulpiani

1083 2589 1231 2620 definitio
1248 2590 1403 2620 rationem
1419 2589 1494 2628 juris
1516 2599 1581 2620 non
1599 2589 1788 2622 insubtilem.
1820 2601 1855 2621 ea
1872 2585 1967 2621 rati0⁰

1082 2630 1150 2662 est:
1184 2632 1272 2671 quod
1301 2631 1409 2672 praedii
1441 2630 1571 2662 servitus
1602 2630 1646 2662 est
1668 2633 1776 2672 praedii
1801 2632 1951 2672 qualitasz

1083 2680 1197 2712 quam,
1221 2672 1242 2703 fi
1263 2672 1406 2703 nocitura
1427 2671 1464 2703 fit
1480 2671 1655 2703 constituto
1672 2674 1733 2713 jam
1752 2671 1952 2709 usuifruetun

1082 2722 1148 2744 non
1177 2713 1282 2753 potest
1309 2713 1458 2744 dominus
1484 2713 1604 2753 praedio
1620 2713 1794 2746 fructuario
1811 2717 1954 2753 impone-

1082 2764 1135 2786 re:
1152 2763 1257 2794 neque
1275 2754 1379 2786 invito
1396 2753 1591 2793 fructuari03
1607 2756 1678 2794 quia
1695 2765 1758 2787 non
1777 2756 1872 2786 habet
1887 2754 1953 2793 ple-

1081 2802 1154 2826 nam
1171 2796 1420 2836 proprietatem:
1437 2805 1541 2835 neque
1558 2796 1797 2835 consentiente;
1821 2797 1890 2836 quia
1908 2794 1952 2825 ni·

1081 2836 1125 2868 hil
1143 2835 1222 2867 facit
1239 2836 1411 2869 consensus
1433 2846 1499 2868 non
1519 2837 1664 2870 habentis
1682 2839 1789 2878 praedii
1807 2837 1948 2878 proprie-

1078 2885 1201 2916 tatem,
1217 2887 1321 2918 neque
1338 2877 1468 2909 solidam
1485 2887 1526 2909 eo
1545 2881 1643 2911 modo
1659 2879 1826 2916 facientis,
1843 2886 1949 2918 quarn-

1082 2919 1136 2950 diu
1161 2919 1278 2950 retinet
1295 2918 1524 2951 usumfructum
1543 2920 1582 2950 ab
1599 2930 1636 2951 ea
1652 2919 1833 2961 separatum.
1864 2917 1948 2958 opti-

1081 2969 1133 2991 me
1151 2960 1358 2998 Prudentius,
1384 2960 1622 3000 Hamortz'genz‘a.

1123 3000 1182 3042 Jus
1199 3002 1318 3032 varium
1335 3011 1392 3032 non
1409 2999 1447 3041 est
1459 3002 1596 3042 plenum:
1619 3004 1686 3043 quia
1701 3010 1756 3032 non
1772 3000 1852 3030 babet
1869 2998 1942 3029 alter

1126 3042 1280 3088 Quidquid
1295 3043 1391 3083 dispar
1407 3044 1505 3074 babet:
1527 3044 1674 3074 cumulum
1688 3042 1810 3079 discretio
1826 3041 1931 3079 carpit.-

1082 3083 1153 3116 Erit
1170 3084 1244 3115 huic
1263 3084 1425 3115 sententia:
1435 3086 1547 3124 pignus
1564 3094 1658 3124 atque
1674 3081 1837 3115 indicium,
1855 3081 1946 3118 quo-d,

1082 3134 1160 3156 mox
1178 3126 1261 3157 idem
1279 3123 1504 3166 Ulpianusinl.
1519 3135 1564 3164 17.
1586 3124 1623 3155 D.
1638 3125 1671 3154 de
1686 3120 1840 3161 uinfrustu
1855 3122 1947 3160 (αυτ

1084 3166 1131 3200 est
1147 3176 1188 3200 ex
1207 3169 1323 3200 eodem
1339 3166 1387 3198 lib.
1402 3170 1450 3201 18.
1467 3166 1517 3198 Aa
1532 3166 1671 3198 Sabinum
1686 3172 1726 3195 ex
1742 3171 1806 3202 quo
1822 3161 1866 3194 est
1881 3164 1947 3200 dd.

1899 3214 1948 3245 15.
