2108 3479
544 126 715 163 VITA
765 126 812 162 V.
864 127 901 162 C.
952 125 1254 169 GERARDI
1303 127 1546 170 NOODT.

156 208 281 259 gregiis
298 195 462 252 Operibus
482 202 614 239 abunde
634 203 690 238 sub
703 201 941 240 ministrarent.
989 198 1028 238 Id
1047 203 1156 249 ipsum
1174 206 1229 241 vel
1247 204 1363 251 stilus,
1389 219 1457 254 quo
1483 210 1605 257 scripta
1623 212 1716 257 sunt,
1743 215 1938 254 adtendenti

155 259 268 296 statim
283 249 494 291 manifestum
512 251 612 287 facit:
638 259 743 297 quare
763 252 818 286 illa
836 253 877 287 ad
896 251 1149 299 intelligendum
1167 253 1225 289 fibi
1245 254 1432 302 deposcunt
1455 258 1637 295 Lectorem
1658 261 1692 297 in
1718 266 1935 308 pervolutan-

153 308 206 344 dis
221 303 325 340 Libris
343 301 530 343 Veterum,
557 311 674 335 eorum
694 301 874 347 pracsertim
894 302 949 348 qui
966 302 1072 336 breve
1092 302 1223 338 dicendi
1238 314 1344 350 genus
1372 305 1500 352 sequuti
1526 309 1618 351 sunt,
1647 309 1693 344 fic
1721 311 1797 348 satis
1821 314 1933 350 versa-

154 366 232 393 tum.
281 352 378 397 Isque
394 361 491 385 amor
508 348 682 384 brevitatis
705 360 868 395 praeterea
885 348 1015 385 Nostro
1032 358 1129 386 natus
1146 361 1218 386 erat
1240 363 1283 387 ex
1301 352 1439 400 ingenio
1455 382 1465 399 ,
1494 367 1562 402 quo
1582 358 1756 404 pollebat,
1788 360 1933 408 philoso-

150 397 269 453 phico':
298 409 334 435 ut
351 397 602 434 adcurationem
623 408 809 444 quaerente,
835 400 880 434 ita
898 409 1036 434 omnem
1057 400 1313 436 redundantiam
1329 401 1491 448 fugiente.
1847 450 1849 452 v

194 450 280 485 Non
301 446 433 493 possum
455 446 530 482 heic
553 447 637 482 mihi
654 458 862 493 temperare,
889 447 988 493 quin,
1016 458 1060 482 eo
1086 459 1120 483 re
1144 449 1309 493 ducente,
1346 451 1521 488 ostendam
1537 481 1547 498 ⁹
1582 465 1682 502 qnam
1705 456 1823 504 inique
1845 458 1931 495 non·

147 499 248 539 nulli,
272 497 462 532 clanculum
482 495 557 538 alii,
585 496 640 530 alii
655 496 785 540 palam,
824 496 927 543 plagii
952 495 1118 531 Nostrum
1146 496 1335 533 insimulare
1357 500 1544 546 voluerint,
1580 513 1625 539 eo
1651 505 1812 550 obtentu,
1839 506 1931 554 quod

146 558 211 584 una
225 545 315 581 forte
329 554 386 580 aut
407 545 512 580 altera
527 555 570 580 ex
589 545 659 590 ejus
677 543 901 590 conjeeturis,
929 544 971 580 ad
987 545 1094 592 Leges
1109 546 1270 591 quasdam
1287 548 1520 585 emendandas*
1532 560 1590 587 aut
1602 554 1819 599 explicandas
1836 566 1932 592 com—

144 595 267 646 paratis
282 622 294 638 ,
315 594 387 641 jam
410 602 487 629 ante
507 593 549 627 ab
573 593 684 639 aliquo
710 594 775 628 alio
798 593 970 639 Scriptore
999 593 1172 641 proposita
1196 595 1308 631 fuerit.
1360 595 1429 632 Etsi
1450 598 1503 634 vel
1530 602 1681 637 maxime
1703 603 1832 639 candor
1851 604 1931 641 Viri

143 644 306 686 summus,
333 641 371 678 ἃς
388 653 469 677 cura
493 641 648 678 laudandi
668 641 837 677 Auctores
858 654 879 677 a:
894 642 1012 689 quibus
1030 643 1151 688 aliquid
1168 642 1337 691 singularis
1355 651 1531 683 mutuatus·
1546 647 1675 693 fuerat,
1702 662 1771 687 non
1790 661 1930 690 omnem

145 693 275 729 tolleret
291 691 512 737 suspicionem
528 718 537 734 ,
565 703 647 726 eum<
660 691 736 726 data
761 702 866 737 opera
881 690 1022 726 voluisse
1047 691 1154 728 aliena
1177 704 1239 738 pro
1262 693 1326 728 suis
1354 694 1549 731 venditare:
1577 698 1652 733 satis
1675 701 1717 735 ab
1741 710 1782 735 ea
1806 701 1928 749 injuria

142 751 252 777 tutum
267 750 346 776 eum
363 739 522 786 praestare
539 739 641 776 debet
660 740 800 787 exigua,
831 750 930 787 quam
950 740 1113 783 habebat,
1141 741 1261 776 notitia
1279 742 1534 780 innumerorum
1551 744 1730 782 Librorum
1743 775 1753 791 ,
1781 759 1867 796 quos
1894 762 1929 787 a·

142 790 178 826 lii
203 790 236 825 se
253 788 362 836 legiss‘e
377 788 574 836 gloriantur.
602 788 684 823 Vidi
701 800 768 835 ego
789 787 1026 834 supellectilem
1044 789 1115 834 ejus
1132 789 1297 824 librariam
1313 801 1321 825 ε
1350 790 1386 826 ἃ
1402 793 1457 838 qui
1475 793 1653 840 viderunt,
1676 796 1775 843 juxta
1791 807 1929 835 meeum

139 838 268 882 sciunt,
296 844 398 885 quam
416 838 472 873 illa
489 838 600 873 tenuis
622 836 719 880 effet,
755 836 778 871 fi
806 848 948 872 nurnero
972 837 1132 872 librorum
1151 862 1162 880 ‚
1195 848 1263 873 non
1282 840 1433 884 pondere
1457 868 1466 884 ‚
1495 842 1726 882 aestimaretur.
1777 847 1928 895 Optimis

141 886 299 935 equidem
317 887 564 922 Recentiorum
582 886 736 931 scriptis,
764 887 818 932 qui
838 885 906 921 usui
923 884 989 921 effe
1007 886 1037 921 ei
1051 895 1211 931 poterant
1234 886 1275 921 ad
1293 897 1397 923 artem
1418 889 1530 934 suam,
1549 892 1711 929 instructa
1729 904 1817 931 erat:
1845 896 1927 933 alios

143 935 264 971 frustra
281 935 327 971 ibi
349 934 566 983 quaefiviffes:
596 946 652 970 aut
669 934 692 969 fi
711 935 765 982 qui
787 933 874 970 forte
891 935 1133 979 reperirentur,
1161 935 1368 981 adparebant
1397 940 1463 973 rari
1485 947 1592 976 nantes
1615 944 1651 977 im
1668 945 1805 990 gurgite
1826 947 1923 996 vtsso-

139 983 257 1021 Auum
278 977 442 1031 spondere
458 1011 468 1027 ‚
495 985 678 1020 multorum
696 995 740 1019 ex
757 983 824 1018 hoc
840 994 966 1030 genere
984 994 1026 1018 n‘e
1044 990 1171 1018 nomen
1189 984 1324 1029 quidem
1341 984 1402 1031 ipsi
1420 997 1537 1023 notum
1555 988 1660 1027 fuiss'e.
1713 992 1751 1027 Id
1772 993 1927 1039 inprimis

136 1027 282 1069 'fidenter
299 1034 410 1068 dicam
427 1033 470 1068 de
485 1033 596 1068 nescio
615 1043 681 1080 quo
706 1032 922 1074 NlELLtO,
955 1042 1056 1075 quern
1081 1031 1228 1076 primum
1251 1043 1393 1069 monent
1420 1036 1611 1074 emendasse
1627 1039 1668 1076 L.
1691 1049 1745 1084 13.
1771 1040 1800 1089 §.
1824 1054 1855 1079 1.
1880 1045 1925 1081 D'.

136 1083 188 1118 De
198 1083 285 1129 pign.
299 1083 410 1117 astion.
437 1082 472 1116 in
490 1080 706 1125 Controverfiis
729 1081 822 1126 Juris
841 1080 1001 1123 Feztdalis‚
1026 1079 1138 1126 Lipsiae
1154 1080 1257 1115 Anno
1276 1084 1380 1125 1629.
1408 1083 1526 1128 editis,
1554 1086 1576 1121 si
1596 1086 1680 1123 fides
1693 1088 1742 1125 est
1757 1091 1926 1130 Bibliothe-

138 1143 181 1166 ηε
203 1132 299 1176 Jurz's
320 1132 445 1166 SelebZae
467 1130 515 1165 Cl.
543 1129 756 1164 STRUVM.
811 1128 895 1177 Quis
914 1138 1028 1173 putet,
1057 1129 1194 1183 Noodtiq
1210 1131 1349 1184 copiam
1369 1130 1467 1168 fuiffe
1483 1134 1555 1180 ejus
1573 1136 1688 1179 Libri,
1716 1148 1837 1183 parum
1854 1140 1927 1177 for-

137 1189 171 1215 te
188 1181 220 1214 in
235 1179 304 1224 ipsa
324 1179 490 1214 'Germania
508 1178 629 1213 obvii?
656 1178 755 1212 Certe
773 1176 832 1223 ipsi
853 1178 1069 1220 lVaechvtlerm
1099 1177 1232 1213 homini
1250 1179 1421 1223 Germano,
1451 1192 1550 1219 notus
1567 1194 1633 1219 non
1652 1196 1742 1222 erat:
1770 1189 1848 1224 alias
1864 1191 1926 1227 ob-

137 1228 269 1263 servare
283 1239 350 1262 non
371 1225 548 1269 omisisset,
576 1225 655 1260 dum
686 1227 965 1261 emendationem.
984 1225 1073 1261 illam
1099 1226 1281 1273 expendit,
1316 1241 1334 1263 a
1360 1230 1517 1276 populari·
1539 1231 1598 1267 suo
1615 1233 1687 1280 jam
1708 1246 1923 1283 occupatam:

137 1277 208 1311 Aut
230 1275 253 1310 si
269 1275 357 1310 forte
374 1275 516 1310 Librum
538 1286 607 1310 non
628 1276 824 1321 ignorabat,
854 1274 1047 1310 emendatio
1061 1275 1246 1319 milacem,
1274 1276 1312 1312 ἃ
1330 1278 1407 1312 loco
1425 1278 1500 1314 satis
1517 1280 1627 1316 alieno
1650 1282 1777 1328 posita,
1804 1289 1925 1323 oculos

136 1324 238 1370 ipsius
256 1322 397 1371 fugerat.
456 1323 620 1371 Adeoque
645 1324 746 1371 longe
776 1324 887 1358 minus
913 1323 1088 1370 probabile
1109 1322 1159 1358 est
1176 1351 1185 1365 2
1220 1325 1348 1361 etiamsi
1373 1328 1427 1362 vel
1456 1329 1605 1365 maxime
1625 1330 1767 1367 Librum
1790 1332 1926 1372 'vidisset

135 1374 303 1413 Noodtius,
320 1383 405 1408 -eam
424 1372 468 1408 illi
486 1372 681 1408 occurrisse:
710 1383 812 1420 quum
831 1372 1012 1418 praesertim
1030 1371 1104 1407 satis
1125 1373 1276 1416 constet,
1304 1375 1336 1410 in
1357 1375 1441 1421 Jure
1461 1377 1609 1423 Feudali,
1635 1381 1676 1415 ad
1699 1382 1791 1428 quod
1814 1385 1925 1420 Niellii

136 1421 390 1468 Disputationes
415 1422 606 1467 pertinent,
632 1422 808 1456 minimam
829 1429 959 1468 partem
981 1430 1095 1467 operae
1112 1420 1177 1457 suae
1201 1421 1368 1459 Nostrum
1386 1426 1584 1464 collocasse:
1611 1428 1733 1466 Veteri
1753 1431 1926 1480 Jnrispru·

137 1470 257 1506 dentiae
274 1470 441 1505 Romanae
463 1470 644 1506 tractandae
659 1469 695 1505 ἃ
711 1468 909 1506 excolendae
922 1480 1002 1506 ante
1015 1470 1129 1506 omnia
1148 1471 1325 1508 intentum.
1376 1472 1433 1509 De
1458 1475 1561 1523 ipsius
1584 1479 1831 1516 emendationis
1850 1494 1927 1529 pre-

137 1521 186 1555 tio
205 1519 284 1554 nibil
303 1520 433 1555 dicam:
458 1519 518 1555 nifi
537 1520 628 1562 hoc,
666 1530 727 1555 me
743 1519 862 1554 mirari«
878 1519 978 1554 valde
994 1546 1002 1561 ‚
1039 1518 1130 1566 quod
1155 1530 1248 1556 tanto
1273 1521 1451 1566 supercilio
1475 1525 1629 1561 nonnulli
1652 1538 1728 1564 eam
1754 1529 1924 1575 rejiciant:

137 1568 216 1604 dum
234 1579 346 1603 tamen
369 1567 535 1611 fatentur,
563 1568 719 1603 Eruditos
737 1567 810 1603 fere
825 1579 943 1603 omnes
958 1567 1050 1603 istius
1068 1568 1209 1615 gloriam
1233 1568 1363 1605 Noodt'a'o
1385 1573 1572 1618 gratulatos
1596 1574 1672 1613 ell'e.
1723 1577 1817 1613 Mihi
1840 1579 1928 1615 suffr·

137 1618 205 1658 cit,
233 1616 326 1664 quod
339 1618 380 1653 ab
394 1617 492 1653 omni.
508 1617 581 1653 veri
599 1617 708 1662 specie
730 1615 928 1660 abhorreat,
964 1614 1023 1652 vel
1047 1627 1174 1652 nomen
1199 1620 1309 1654 Niellii
1333 1629 1494 1667 umquam
1520 1634 1615 1659 aures
1641 1623 1762 1661 N'ostri
1783 1623 1926 1666 feriiffe:

138 1665 266 1701 nedum
292 1666 324 1702 ei
339 1665 572 1714 Disputationes
587 1666 665 1701 illas«
677 1666 827 1702 feudales
842 1675 1003 1713 umquam
1022 1665 1110 1702 visas
1131 1665 1249 1704 fuisse:
1277 1679 1341 1704 nec
1356 1668 1495 1714 dubito,
1522 1672 1601 1717 quin
1626 1684 1680 1709 res
1705 1674 1929 1713 manifestiffi-

137 1725 195 1749 ma
207 1714 324 1760 fieret,
350 1714 374 1750 fi
389 1715 520 1763 porilem
535 1724 735 1762 comparare
752 1715 914 1759 rationes,
942 1715 1064 1762 quibus
1082 1714 1117 1750 in
1134 1716 1225 1753 illam
1241 1717 1492 1765 cogitationem
1513 1720 1666 1768 delapsus
1682 1733 1752 1759 erat
1767 1725 1927 1771 Niellius,

138 1775 218 1800 cum
237 1765 275 1800 iis
291 1765 410 1811 quibus
429 1764 559 1800 Noster
578 1764 641 1800 fibi.
656 1768 757 1801 etiarn
774 1765 1020 1800 obvenientem
1040 1762 1202 1801 firmavit.
1254 1766 1352 1814 Tam·
1364 1766 1460 1805 dives
1477 1771 1673 1818 ceteroquin
1695 1772 1827 1809 Noodtio
1850 1773 1929 1811 fun-

137 1811 201 1848 dus
218 1822 308 1855 erat,
336 1823 386 1848 tot
403 1813 503 1848 habet
520 1814 598 1855 sua,
627 1825 700 1860 quae
717 1825 820 1849 nemo
844 1813 903 1848 fibi
923 1813 1131 1856 vindicavit,
1160 1825 1224 1849 nec
1239 1814 1354 1861 potest
1373 1816 1571 1862 vindicare,
1599 1822 1668 1855 tam
1687 1821 1794 1857 multa
1810 1830 1853 1859 ex
1867 1823 1928 1860 suo

137 1860 295 1898 thesauro
308 1860 466 1907 protulit,
493 1867 636 1905 quorum
655 1872 718 1895 nec
743 1862 824 1895 vola
841 1872 904 1895 nec
922 1860 1103 1906 vestigium
1122 1862 1198 1896 alibi
1215 1862 1339 1897 exstat:
1368 1871 1403 1897 ut
1417 1863 1532 1900 alienis
1557 1867 1679 1911 opibus
1700 1869 1800 1905 ditari
1823 1871 1927 1908 mini-

135 1921 194 1945 me
213 1920 299 1956 opus
317 1908 349 1944 ei
367 1906 467 1951 effet,
494 1908 532 1944 δε
548 1907 679 1943 nonnifi
705 1918 834 1943 temere
863 1918 903 1941 ac
927 1908 1110 1942 inhumane
1133 1909 1303 1951 ejusmodi
1329 1909 1442 1946 deliffi
1464 1923 1539 1948 reus
1562 1913 1639 1949 fieri
1661 1925 1783 1962 queat,
1819 1919 1928 1956 etiam

137 1959 195 1994 ubi
211 1957 247 1993 in
263 1957 403 1998 Scriptis
426 1957 488 1992 suis
507 1957 682 2002 quaedam,
710 1965 882 2001 tamquam
899 1954 1098 2007 expropria
1120 1966 1232 2000 penu,
1260 1956 1433 2003 promsiss'e
1454 1958 1752 2009 deprehendatur,
1773 1966 1817 2002 ab
1834 1968 1926 2014 aliis,

137 2017 280 2054 quorum
300 2006 418 2041 Libros
436 2006 469 2040 in
487 2016 625 2051 promtu
643 2004 803 2046 habebat,
826 2004 899 2051 jam
921 2001 1023 2040 (heta.
1070 2002 1149 2052 ,Vix
1168 2015 1254 2040 unus
1275 2005 1366 2042 forte
1390 2007 1478 2044 inter
1494 2009 1651 2048 Eruditos
1674 2012 1745 2058 est,
1770 2015 1827 2052 cui
1852 2028 1926 2056 non

136 2054 314 2101 aliquando
335 2054 514 2101 contigerit
530 2081 540 2096 ,
576 2053 644 2088 sola
668 2052 831 2088 industria
853 2052 908 2087 sua
928 2061 985 2087 aut
1007 2052 1131 2089 mentis
1155 2054 1375 2091 meditatione
1398 2056 1432 2093 id
1461 2058 1651 2105 invenisse,
1685 2063 1778 2109 quod
1804 2066 1924 2111 postea

137 2104 263 2148 reperit
277 2103 317 2138 ab
331 2104 443 2149 aliquo
463 2112 541 2138 ante
556 2102 775 2137 observatum
788 2129 798 2144 ,
826 2101 904 2136 loco
920 2100 956 2136 in
972 2111 1073 2148 quem
1092 2101 1161 2147 ipse
1176 2113 1243 2138 non
1267 2103 1454 2149 inciderat,
1480 2116 1537 2157 aut
1557 2108 1598 2144 ad
1619 2121 1719 2157 quern
1745 2112 1856 2150 obiter
1877 2116 1924 2152 le==

139 2152 230 2187 &tum
250 2163 319 2187 non
339 2152 551 2187 adtenderat:
578 2150 678 2197 idque
696 2149 831 2196 profeffi
848 2149 921 2185 sunt
938 2149 1051 2196 plures
1070 2149 1147 2186 Viri
1172 2151 1386 2190 Eruditiffimi
1403 2182 1413 2198 ,
1448 2154 1491 2192 de
1508 2167 1651 2204 quorum
1679 2159 1748 2196 fide
1772 2160 1925 2200 dubitare

138 2201 255 2248 religio
272 2200 362 2235 effet.
392 2200 483 2248 Quid
504 2200 593 2246 quod
608 2199 748 2234 fortuita
770 2199 827 2234 illa
844 2198 877 2233 in
895 2198 986 2234 idem
1004 2197 1181 2235 inventum
1206 2200 1381 2238 consensio
1396 2213 1643 2253 nonnunquam
1660 2207 1923 2256 irrepat,etiam

139 2249 195 2284 ubi
216 2260 368 2294 tempore
385 2251 530 2294 priorem
552 2247 721 2293 posterior.
733 2248 894 2283 inventor
919 2246 1079 2283 facillime
1098 2247 1259 2294 potuiss'et
1278 2260 1348 2285 non
1363 2252 1545 2300 ignorare?
1568 2253 1774 2304 Exemplum
1790 2261 1923 2297 notabi-

139 2297 170 2332 le
185 2297 312 2332 Noster
332 2297 401 2342 ipse
420 2297 502 2332 mihi
524 2297 734 2343 suppeditat,
762 2296 797 2331 in
816 2296 883 2331 alio
909 2293 1028 2343 insigni
1055 2297 1227 2344 quon-dam
1253 2298 1470 2346 Lugdunensis
1488 2303 1684 2341 Academiae
1699 2307 1923 2353 Jnrisconsul-

138 2356 192 2387 to,
219 2356 315 2381 antea
335 2356 535 2382 memoratu.
588 2346 638 2380 Ab
657 2356 699 2380 eo
719 2344 883 2381 didicerat
900 2345 1175 2383 emendationem
1191 2345 1465 2394 fimpliciffimam
1486 2352 1528 2388 L.
1549 2363 1629 2388 101.
1656 2355 1702 2390 D.
1725 2356 1777 2392 De
1793 2357 1920 2396 Verbon

139 2396 278 2439 Obligat.
306 2394 498 2430 antinomiae
522 2394 677 2429 tollendae
701 2393 956 2441 excogitatam,
1000 2393 1118 2444 Quum
1140 2394 1210 2442 ipse
1239 2407 1315 2431 eam
1342 2398 1441 2434 valde
1463 2400 1648 2446 probaret,
1682 2403 1773 2440 dedit
1795 2405 1919 2443 honori

140 2444 198 2477 Crrr
213 2438 253 2485 zi,
280 2442 317 2478 δε
338 2442 498 2489 suiipsius
524 2442 630 2478 studio
653 2453 866 2490 quacumque
889 2439 999 2493 poffet
1017 2443 1161 2490 publicis
1186 2446 1377 2482 commodis
1400 2448 1615 2494 consulendi,
1651 2460 1704 2496 ut,
1740 2454 1920 2492 occasione

137 2493 230 2533 data,
258 2492 291 2526 in
308 2492 419 2538 primo
437 2491 494 2526 suo
514 2492 649 2536 Opere,
675 2492 886 2527 Probabilz'um
908 2491 1056 2526 Libuos.
1082 2492 1162 2540 Cap.
1180 2504 1217 2538 4„
1242 2493 1371 2541 Legem
1393 2496 1438 2532 ita
1459 2498 1692 2545 emendatam,
1719 2513 1805 2537 cum.
1821 2503 1920 2541 laude

136 2539 309 2581 Auctoris,
336 2534 532 2575 Lenoribus
549 2539 684 2575 fisteret.
737 2541 864 2587 Longo»
875 2537 957 2587 pust
971 2549 1150 2589 rem-pore,
1184 2544 1315 2578 monuit
1338 2555 1417 2579 eum
1441 2546 1578 2593 Collega
1600 2547 1672 2594 jam
1696 2549 1770 2586 suus
1794 2552 1841 2586 V.
1868 2554 1916 2588 Cl.

135 2588 354 2634 JOANNES
381 2588 614 2632 VOETIUS,
642 2589 798 2624 eamdem
825 2589 1098 2625 emendatimiem
1125 2590 1189 2636 legi
1204 2591 1329 2627 dudum
1353 2593 1387 2628 in
1406 2594 1510 2630 Notis
1531 2596 1791 2635 CLSIMONIS
1808 2600 1919 2637 VAN

137 2636 401 2681 LEEVVVEN,
427 2636 462 2671 ἃ
480 2638 613 2683 quidem
635 2638 674 2672 ad
692 2637 794 2683 ipsam
815 2638 942 2684 Legem
965 2635 1048 2672 vitio
1065 2638 1245 2674 adfectam.
1299 2641 1383 2689 Quis
1402 2653 1512 2689 putet,
1538 2656 1603 2680 nec
1620 2646 1740 2692 Crusto,
1757 2660 1820 2684 nec
1841 2650 1918 2685 No-

138 2684 224 2727 str0‚
252 2687 387 2731 copiam
404 2684 500 2720 fuisse
523 2686 688 2721 Editionis
707 2686 811 2729 illius,
839 2686 1001 2721 hactenus
1028 2687 1168 2733 optimae
1186 2716 1196 2731 ,
1224 2699 1298 2735 quae
1323 2702 1450 2736 nuper,
1485 2703 1624 2730 curante
1646 2696 1813 2741 Leevwio,
1840 2711 1917 2743 pro-

140 2732 262 2776 dierat,
289 2735 391 2769 Anno
405 2734 582 2768 millesimo
598 2734 842 2770 sexcentesimo
860 2734 1066 2780 sexagesimo
1083 2736 1209 2771 tertio?
1239 2738 1303 2773 Sed
1324 2741 1433 2775 neutri
1451 2740 1484 2776 in
1500 2753 1648 2778 mentem
1673 2756 1814 2781 venerat
1839 2747 1917 2782 No-

140 2781 240 2823 tulas,
266 2783 306 2817 ab
320 2783 456 2818 Editore
474 2783 620 2824 additas,
648 2783 828 2828 inspicere:
858 2795 965 2829 neque
982 2785 1164 2828 probabilis
1189 2786 1373 2823 admodum
1397 2788 1509 2826 caussa
1534 2800 1606 2827 erat
1627 2792 1832 2840 suspicandi,
1857 2807 1918 2832 ηοω

143 2827 178 2861 vi
194 2829 270 2873 quid
289 2830 333 2865 ibi
352 2832 384 2866 in
402 2844 471 2866 rem
491 2831 577 2866 forte
594 2841 765 2876 repertum
782 2832 821 2866 iri
839 2846 848 2876 3
875 2842 978 2877 quum
995 2832 1067 2866 satis
1091 2833 1231 2878 scirent,
1257 2836 1291 2871 in
1308 2848 1350 2872 eo
1366 2849 1490 2884 genere
1503 2840 1641 2876 remedii
1658 2842 1804 2889 Legibus
1823 2843 1915 2880 adfe-

142 2875 236 2910 rendi
261 2888 326 2912 non
350 2879 395 2914 ita
424 2881 536 2914 valere
560 2881 780 2923 Leeuvwz'um,
828 2889 864 2915 ut
892 2882 980 2915 bona
1002 2880 1106 2917 multa
1131 2883 1173 2916 ab
1208 2895 1252 2918 eo
1284 2886 1508 2931 exspeetanda
1541 2888 1654 2925 essent.
1709 2892 1765 2926 Re
1800 2900 1913 2928 tamen

142 2924 388 2969 animadversa,
414 2928 541 2962 Noster
555 2929 712 2975 quidquid
727 2930 768 2964 de
791 2941 831 2964 ea
856 2928 1097 2965 emendatione
1121 2931 1249 2967 dixerat
1269 2933 1416 2980 delevit,
1448 2936 1484 2973 in
1507 2937 1616 2984 prima
1639 2936 1796 2975 Editione
1820 2940 1915 2988 Ope·

140 2983 214 3007 rum
240 2971 334 3007 fimul
356 2975 558 3019 junctorum.
615 2978 651 3012 In
680 2977 783 3011 Libro
809 2989 893 3012 vero
918 2978 966 3012 De
995 2978 1100 3013 Panis
1120 2977 1162 3019 ἐξ)
1186 2980 1477 3029 Transattionibus,
1517 2996 1599 3022 tunc
1630 2987 1775 3033 primurn
1800 2988 1914 3036 edito,

141 3022 213 3067 Cap.
234 3021 309 3055 XX.
341 3023 394 3056 ubi
410 3051 419 3065 ,
446 3035 487 3057 ex
511 3025 642 3059 monitu
668 3027 785 3066 Voetii‚
821 3026 962 3060 remittit
985 3029 1026 3061 ad
1050 3028 1163 3063 Notas
1188 3030 1347 3074 Leevwii,
1380 3033 1597 3070 nihilominus
1625 3046 1690 3080 pro
1718 3035 1856 3074 au6t0re
1876 3049 1914 3075 e·

138 3070 363 3104 mendationis
390 3071 500 3105 adhuc
525 3072 624 3107 habet
651 3074 807 3118 Crustum,
837 3085 872 3108 ut
889 3076 1030 3109 omnino
1048 3087 1137 3112 erate
1167 3078 1225 3113 etsi
1242 3080 1342 3123 alius,
1369 3080 1440 3127 ipso
1466 3082 1592 3125 inscio,
1628 3083 1720 3129 prior
1739 3097 1814 3121 eam
1834 3098 1914 3134 pro-

139 3117 268 3153 tuliffet.
320 3120 419 3153 Certe
447 3120 479 3154 in
499 3120 553 3153 tali
579 3121 650 3155 casu
675 3135 739 3157 non
769 3133 897 3157 tantum
928 3135 1067 3170 uterque
1093 3137 1231 3169 eorum,
1258 3128 1315 3173 qui
1343 3129 1375 3164 in
1394 3129 1550 3165 eamdem
1575 3131 1819 3177 cogitationem
1842 3135 1913 3171 for-

141 3175 176 3201 te
194 3166 402 3211 inciderunt,
429 3169 602 3203 communi
621 3169 808 3205 dividundo
830 3183 929 3218 agere
947 3173 1075 3218 potest:
1112 3175 1165 3210 sed
1188 3175 1224 3211 δε
1251 3176 1412 3220 solidum,
1437 3189 1516 3214 meo
1542 3180 1678 3226 quidem
1702 3181 1849 3228 judicio,
1876 3196 1913 3220 u-

140 3215 297 3263 nicuique
317 3217 497 3263 adjudicari
519 3219 642 3263 debet,
678 3220 723 3256 ita
748 3219 877 3257 ferente
904 3221 952 3257 rei
979 3232 1106 3260 natura.
1167 3224 1225 3261 Ille
1247 3225 1383 3261 demum
1414 3227 1559 3274 aliquam
1591 3227 1669 3265 heic
1692 3229 1794 3268 habet
1824 3243 1910 3278 prae-

1296 3273 1342 3292 Η
1372 3285 1390 3319 3
1857 3292 1910 3317 ro-
