2052 3487
515 70 826 114 Pssonmtiuii
873 67 1001 114 Junxs
1047 66 1227 107 valLls
1277 64 1373 108 Lu.
1421 68 1471 106 ΙΙ.

829 233 1041 273 CAPUT
1100 237 1145 273 X.

97 348 247 387 ·Maltum
262 348 294 382 in
308 344 453 392 'puniendo
472 343 617 391 desertore
633 343 770 390 interff’
783 370 791 386 ,
818 351 921 378 utrum
939 355 1007 378 cum
1027 343 1219 392 necestitate,
1246 355 1287 379 an
1303 345 1400 387 ultro,
1420 342 1465 390 fit
1485 343 1642 392 reversas,
1668 351 1724 381 aut
1738 352 1794 391 per
1806 353 1865 391 pa.

154 407 230 434 trem
245 397 370 431 oblatus.
423 395 534 428 Arrius
552 394 724 428 Menander
739 394 889 427 cori-enus
905 404 980 427 nove
997 392 1027 439 §.
1050 404 1105 438 13.
1121 395 1139 428 l,
1157 404 1189 437 4.
1210 395 1251 429 D.
1271 394 1306 428 de
1323 405 1355 428 re
1375 394 1514 429 militari.
1916 393 1918 396 ’

157 493 282 525 lacetne
304 491 359 525 tibi
388 490 538 530 scriptura
564 488 619 520 ista
643 489 673 520 δι
703 487 857 520 sententia
879 487 961 520 Arrii

177 533 346 564 Menandri
363 531 391 572 §.
415 541 460 572 ¹3·
480 531 498 562 l.
516 540 545 569 4.
562 530 603 562 D.
621 531 653 561 de
670 539 698 560 re
715 529 858 561 militari?

145 574 253 608 Edicta
270 574 436 605 Germanici
461 573 578 611 Caesaris
596 572 714 602 militem
735 572 900 611 desertorem
917 572 962 608 fa-

166 617 296 653 ciebant,
320 615 371 655 qui
384 615 435 644 diu
451 613 585 653 afuiffet‚
607 618 639 643 ut
663 613 687 642 is
702 613 776 642 inter
792 616 962 652 remunsores

164 658 332 688 haberetur.-
345 657 399 695 sed
415 654 479 693 sive
494 656 588 687 redeat
603 656 667 696 quis
689 654 724 688 &³
743 653 842 694 offerat
857 660 901 691 se,
918 652 959 691 fi·

161 707 198 728 ve
213 697 395 737 deprehensus
412 695 568 736 offeratur,
591 703 702 736 poenam
721 695 887 735 desertionis
904 695 962 724 evi-

161 744 229 769 tat:
250 746 301 768 nec
316 737 431 779 interest
448 761 458 777 ,
488 739 536 768 cui
544 742 578 777 se
593 736 714 777 offerat,
739 737 785 767 vei
806 746 824 766 a
840 745 893 776 quo
918 737 962 766 de—

160 779 369 821 prehendatur.

102 819 181 856 Non
205 827 284 867 puto
300 821 427 860 placere
442 827 588 851 extremo
608 818 707 850 versu.
740 818 839 858 patiar
858 814 977 856 enim,

104 861 256 895 deserton
285 863 417 902 gratiam
442 861 508 892 fieri
525 884 535 899 ‚
569 862 643 892 dum
671 860 699 890 se
729 858 794 899 ipse
821 858 958 896 Praenes,

96 903 271 940 -Tribunm
293 910 346 933 aut
369 903 418 933 alii
440 902 605 942 potestati,
631 900 766 938 offerat3
791 910 889 940 pei-ve
909 909 961 940 pa-

94 951 184 977 .trem
210 943 381 976 offeratur:
405 942 447 975 fin
475 944 498 974 is
522 943 648 983 publice
673 940 886 981 deprehensus
907 940 960 979 fit,

96 987 135 1018 ,δι
150 995 223 1017 cum
240 985 423 1017 neceffitate
440 984 600 1024 reversus3
623 993 726 1024 poenae
740 984 872 1024 gratiam
893 982 961 1013 fieri

92 1036 275 1068 ‚numquam
299 1027 406 1066 patiar.
433 1026 462 1057 ὁ(
485 1027 537 1065 qui
566 1027 675 1065 poffim
695 1048 704 1063 ,
734 1026 824 1055 sodes
840 1048 849 1062 ‚
881 1022 961 1054 salva

103 1069 229 1101 militari
249 1066 436 1108 disciplina?
458 1068 611 1107 numquid
628 1066 768 1097 futurum
787 1065 850 1103 est,
874 1063 894 1095 fi
911 1064 962 1094 de-

130 1108 277 1141 rehensus
305 1109 404 1140 evitat
435 1117 582 1149 poenam;
614 1117 692 1144 nee,
726 1116 742 1137 a
766 1116 829 1146 quo
853 1105 959 1151 deprev

94 1119 263 1183 -gendatur
278 1173 288 1188 ‚
319 1149 418 1181 refert
436 1161 443 1181 :
475 1150 569 1180 facile
587 1157 620 1179 ut
636 1148 777 1179 deserant
801 1147 962 1186 legionum

104 1199 212 1233 partes
233 1200 352 1231 magnae
370 1201 379 1230 ;
409 1200 467 1230 pro
486 1191 645 1221 desertore
663 1196 767 1219 autem
787 1196 882 1218 nemo
906 1196 961 1227 pu-

104 1232 234 1264 niatur?
265 1241 362 1272 porro
388 1232 438 1261 cui
463 1232 505 1262 rei
530 1232 588 1262 erit
607 1253 616 1268 ,
649 1229 816 1261 desertioni
843 1228 962 1268 imponi

105 1282 233 1314 poenam
250 1296 259 1310 ‚
290 1272 435 1303 adversus
459 1271 653 1303 desertorem
669 1295 677 1309 ‚
701 1270 763 1302 sive
787 1271 961 1309 deprenen-

96 1314 178 1352 -sus,
211 1313 274 1345 five
289 1314 434 1351 oblatus,
468 1313 524 1350 fit,
554 1322 618 1344 non
636 1310 872 1344 exercendam?
905 1310 962 1351 lgi-

106 1362 176 1393 tur,
202 1364 240 1385 ne
260 1355 374 1386 menda
397 1354 432 1385 fit
456 1356 542 1385 eoin
561 1354 668 1391 versu,
702 1362 794 1393 quam
819 1352 962 1384 moechus

103 1396 186 1437 apud
205 1396 367 1434 Plautum,
391 1394 606 1433 manifestior,
628 1395 714 1426 diluo
741 1393 770 1425 &
790 1393 902 1424 scribo.

145 1437 213 1470 Nec
232 1435 345 1477 interest
360 1459 369 1476 ,
392 1437 480 1477 cuise
498 1437 618 1478 offerat,
642 1445 743 1467 verum
759 1445 777 1466 a
799 1444 853 1476 quo
869 1436 962 1475 depre-

182 1479 333 1508 hendatur.

96 1519 212 1562 ,Quam
238 1526 311 1558 apte
339 1519 368 1549 &
393 1518 516 1557 probe!
549 1519 682 1559 primum
701 1541 710 1556 ,
741 1517 859 1557 sigium
878 1516 962 1555 hoc,

106 1561 154 1599 V,
180 1559 291 1600 (quod
317 1559 406 1590 fuisse
427 1561 525 1591 videri
544 1560 648 1599 potest
669 1561 732 1590 hoc
755 1560 784 1589 in
805 1559 907 1598 loco)
931 1568 962 1588 u—

104 1608 249 1642 tramque
264 1601 412 1633 voculam
427 1624 437 1641 ,
468 1601 501 1633 id
517 1601 586 1641 est,
618 1601 646 1632 ἂ
665 1601 711 1632 vel
733 1599 762 1632 δι
787 1609 889 1630 verum
911 1607 964 1631 aut

795 1712 1010 1749 CAPUT

97 1811 239 1847 Natum
254 1811 308 1856 jas
329 1809 528 1845 immutabile.

154 1860 233 1906 illust
239 1867 337 1894 ratiis.

201 1953 264 1985 uod
287 1963 381 1992 vere,
406 1953 456 1985 sed
472 1953 627 1992 breviter,
657 1953 685 1985 ἃ
704 1953 777 1985 ideo
794 1952 961 1984 subobscu-

211 2004 264 2033 re,
291 1994 466 2035 Imperator
486 1994 513 2036 §.
535 2004 578 2026 11.
606 1993 676 2036 Inst.
695 1997 727 2026 de
737 1995 805 2035 jure
829 2001 961 2034 natum,

208 2037 340 2077 gentium
364 2035 400 2071 ὅ)
416 2036 513 2074 civili,

146 2076 201 2107 Sed
217 2077 366 2108 naturalia
382 2078 493 2118 quidem
502 2077 574 2118 jura
585 2101 593 2116 ‚
617 2087 678 2118 quce
694 2078 769 2117 apud
785 2086 878 2107 omnes
891 2086 961 2118 gen-

166 2122 207 2148 tes
220 2125 347 2158 peroeqiie
365 2121 567 2156 observantur,
599 2120 700 2149 divina
720 2119 845 2159 quadam
862 2119 962 2159 provi-

166 2160 264 2190 dentia
284 2157 455 2199 constituta,
475 2161 580 2201 semper
589 2160 679 2200 firma
699 2166 783 2201 utque
798 2159 962 2191 immutabi-

166 2200 206 2230 lia
220 2206 395 2240 permanent.

108 2241 159 2280 id,
182 2251 258 2281 age,
283 2251 321 2272 ex
341 2241 494 2274 Veterum
514 2241 666 2274 sententia
681 2241 776 2281 paulo
794 2241 826 2279 ὅτ,
841 2241 963 2281 plenius

110 2283 141 2313 δι
173 2282 285 2313 clarius
318 2283 586 2322 repraesentemus.
636 2283 680 2314 Ea
711 2284 863 2314 sententia
894 2283 963 2321 est,

101 2323 218 2354 *Deum
241 2322 325 2361 esse3
357 2334 427 2355 eum
447 2324 554 2355 feciffe
569 2325 617 2364 jus
641 2332 776 2356 naturae:
806 2323 915 2355 feciffe
934 2333 965 2355 e-

109 2365 174 2395 nim
196 2365 366 2404 mundum
395 2364 503 2396 fecisse
527 2374 630 2396 autem
652 2366 767 2396 summa
792 2365 965 2405 providen-

112 2406 181 2436 tia:
213 2407 240 2436 ἃ
272 2405 345 2437 ideo
378 2406 431 2437 fibi
463 2405 557 2437 finem
590 2405 738 2447 delegisse
770 2415 893 2438 certum
921 2406 964 2436 ob

111 2456 206 2486 quem
238 2446 352 2487 singula
388 2447 587 2479 institueret:
628 2455 780 2488 praeterea
813 2445 965 2478 invenisse

102 2488 191 2518 ‘viam
219 2497 278 2527 qua
299 2487 400 2526 poss'ct
422 2489 460 2519 ad
479 2498 550 2520 eum
576 2487 669 2520 finem
689 2490 874 2528 pervenire:
897 2488 965 2520 abs-

112 2538 173 2569 que
196 2529 279 2559 enim
304 2529 350 2559 bis
370 2528 465 2568 effet3
497 2539 560 2561 non
579 2539 641 2561 tam
668 2529 823 2570 sapienter
848 2528 963 2569 egisse,

111 2579 204 2609 quarn
225 2571 321 2601 coec6
335 2571 476 2611 impetu:
499 2580 530 2602 at
545 2595 554 2610 ,
578 2570 597 2602 si
617 2572 645 2602 ἀ
671 2570 765 2602 finem
792 2572 913 2602 invenit
931 2569 965 2602 fi-

109 2609 142 2641 bi
162 2633 171 2648 ,
202 2611 231 2642 &
256 2612 334 2642 viam
354 2635 361 2649 ‚
392 2614 619 2652 perducentem
638 2612 676 2643 ad
693 2611 805 2643 finem:
835 2612 873 2642 ad
893 2620 964 2642 exe-

105 2652 237 2689 ·quenda
265 2662 299 2682 ea
323 2652 453 2693 obligari
479 2653 666 2685 immutabili
691 2654 753 2684 five
779 2653 964 2690 voluntate,

113 2691 176 2722 five
206 2693 412 2725 necestitate:
449 2703 519 2725 nam
555 2695 638 2726 dictu
669 2694 834 2725 absurdum
867 2692 964 2731 fore,

115 2730 220 2764 Deum
236 2734 265 2764 δι
280 2734 386 2765 vidiffe
401 2735 513 2773 semel,
536 2736 565 2767 ἂ
591 2735 751 2776 probasse,
776 2736 861 2775 quod
880 2734 965 2765 dein-

106 2772 157 2803 'de
172 2781 223 2803 aut
246 2783 309 2805 non
331 2776 474 2814 videret,
498 2784 550 2807 aut
573 2786 636 2807 non
662 2777 822 2816 probaret.
866 2774 966 2816 Quod

116 2811 139 2844 fi
160 2811 231 2850 est·‚
261 2823 362 2859 neque
387 2817 507 2857 placet,
540 2827 556 2848 a
572 2816 712 2858 sapiente
732 2817 798 2848 fieri
820 2816 966 2848 mutatio·

116 2862 208 2891 nem;
237 2854 289 2885 mfi
312 2864 345 2887 ut
370 2860 556 2889 emendetur
578 2868 666 2889 error
685 2858 737 2898 qui
763 2858 802 2889 ab
819 2858 910 2888 initio
928 2858 966 2888 ir-

116 2893 236 2933 repfit3
266 2897 314 2926 vel
339 2906 371 2928 ut
392 2900 521 2930 tollatur
545 2901 632 2940 quod
657 2899 766 2938 postea
791 2898 900 2930 inutile
922 2898 966 2930 fa-

116 2935 199 2980 fssum
216 2934 279 2973 Cst3
303 2946 400 2978 eaque
424 2941 454 2971 in
474 2939 548 2971 Deo
566 2950 629 2972 non
651 2940 732 2971 ferat
750 2940 831 2972 ratio
848 2940 966 2980 sapien-

116 2984 168 3006 tiae
188 2986 248 3016 qua
270 2976 339 3024 usus
362 2979 404 3010 est
422 2982 451 3010 in
468 2982 575 3013 mundi
593 2981 816 3022 dispofitione:
835 2981 897 3020 jam
914 2989 965 3021 ap-

115 3026 226 3063 patere
243 3039 253 3055 ,
283 3028 331 3058 Jus
355 3027 472 3051 naturae
489 3044 499 3059 ,
528 3023 560 3053 id
585 3023 629 3053 est
647 3046 656 3060 ,
688 3030 739 3053 aut
762 3020 858 3053 finem
875 3045 883 3059 ,
915 3029 967 3053 aut

116 3067 199 3090 Viam
219 3081 229 3097 ,
259 3067 352 3099 quam
379 3059 433 3092 fibi
460 3064 580 3103 optime
603 3063 632 3096 δι
650 3064 772 3096 invenit
794 3063 824 3095 ἂ
851 3063 967 3104 delegit

112 3188 114 3190 v
155 3209 230 3244 Tem.
254 3212 280 3245 I.

1002 499 1067 520 <vero
1092 489 1210 521 indicat
1234 490 1317 529 apud
1337 489 1499 520 Valerium
1527 487 1665 521 Probum
1683 513 1693 530 ‚
1728 489 1866 531 Magno·

1003 540 1076 561 nem
1092 555 1101 570 ,
1136 531 1165 562 ὅ(
1195 530 1386 562 Diaconum.
1411 531 1527 561 deinde
1554 530 1685 562 Macen·
1701 531 1731 563 δι
1758 531 1823 571 ipse
1847 542 1866 562 e

1004 571 1205 610 Menandro,
1224 581 1301 603 meae
1319 572 1554 603 convenienter
1570 573 1809 611 emendationi,
1833 573 1866 604 in

1003 613 1023 644 l.
1046 622 1091 654 13.
1108 614 1135 655 §.
1153 613 1206 644 ult.
1229 612 1268 644 D.
1288 613 1346 644 eod.
1366 614 1411 643 tit.
1434 611 1474 643 sic
1493 613 1535 643 ait
1590 613 1789 651 Desertorem,
1814 614 1868 654 qui

1004 664 1023 685 a
1034 660 1118 694 patre
1139 655 1187 690 luo
1198 653 1304 694 fuerat
1324 654 1432 684 oblatus
1450 676 1459 691 ‚
1490 655 1521 684 in
1545 655 1706 685 deteriorem
1731 656 1867 685 militiam

1005 694 1105 726 Divus
1125 695 1198 726 Pius
1215 696 1280 725 dari
1296 695 1398 736 justit,
1424 704 1458 724 ne
1473 696 1625 731 videntur,
1649 695 1762 736 inquit,
1783 702 1867 735 pater

1004 739 1041 767 ad
1058 737 1233 777 supplicium
1258 735 1393 775 obtuliffe.
1436 735 1508 766 Item
1547 735 1643 766 Divus
1675 738 1799 767 Severus
1828 735 1867 770 ὅ)

1004 778 1174 808 Antoninus
1190 787 1252 807 eum
1269 800 1277 815 ,
1309 779 1357 818 qui
1375 774 1434 815 poll
1455 778 1686 818 quinquennium
1702 778 1866 815 desertionis

995 821 1030 859 se
1048 819 1164 857 obtulit,
1189 820 1331 858 deportari
1347 818 1495 859 jnfflerunt
1509 841 1517 855 ,
1550 820 1624 858 quod
1646 819 1804 858 exemplum
1822 818 1866 852 {5⁹

1004 861 1035 890 iri
1051 862 1156 890 caeteris
1176 860 1253 900 sequi
1269 869 1317 890 nos
1335 861 1446 896 dehere,
1461 858 1758 900 Aienmzderscripfit.
1784 859 1866 891 Haec

1005 900 1126 931 Macer.
1153 900 1271 931 Verum
1295 899 1379 931 cesso
1408 909 1488 941 ego,
1518 901 1555 931 ad
1579 901 1775 940 probandam
1794 901 1864 932 Me-

1002 942 1110 973 nandri
1136 941 1322 973 sententiam
1348 941 1560 973 Menandrum
1588 941 1699 973 testem
1733 942 1864 973 adhibe—

1004 983 1062 1014 re?
1087 983 1177 1022 plane
1194 983 1218 1014 is
1235 983 1255 1014 i.
1273 993 1302 1022 5.
1322 981 1362 1013 D.
1379 984 1426 1012 eod
1456 984 1500 1013 tit.
1545 982 1635 1021 Non,
1660 984 1780 1023 inquit,
1806 994 1863 1014 om·

1003 1033 1053 1054 nes
1072 1028 1218 1060 desertores
1236 1022 1371 1061 fimiliter
1394 1025 1536 1063 puniendi
1557 1027 1647 1060 lunt:
1676 1026 1722 1061 sed
1744 1025 1864 1055 habetur

1005 1064 1040 1099 &⁹
1059 1066 1164 1096 ordinis
1179 1062 1387 1105 stipendiorum
1403 1066 1477 1094 ratio
1495 1087 1507 1103 ‚
1532 1067 1643 1105 gradus
1668 1066 1792 1104 militm,
1817 1065 1864 1102 vel

1004 1107 1075 1144 loci,
1098 1108 1224 1137 muneris
1242 1106 1362 1145 deserti,
1383 1104 1419 1139 ὅ)
1438 1105 1572 1137 anteae'tce
1587 1107 1671 1137 vz‘tae:
1693 1109 1739 1143 sed
1755 1107 1791 1140 ὅ)
1809 1117 1865 1137 nit-

1004 1157 1116 1185 merus,
1142 1145 1171 1185 fi
1190 1146 1281 1185 soliis,
1304 1146 1350 1176 vel
1367 1156 1430 1176 cum
1447 1147 1551 1184 altero,
1582 1147 1628 1177 vel
1651 1149 1864 1188 cumpluribus

1005 1189 1124 1223 deseruit
1136 1210 1145 1226 ,
1167 1187 1284 1218 aliudve
1301 1189 1375 1228 quod
1392 1190 1497 1218 crimen
1518 1189 1665 1225 desertioni
1681 1190 1862 1228 adjunxerit.

1007 1229 1079 1262 Item
1101 1230 1248 1269 temporis,
1272 1239 1325 1269 quo
1342 1231 1373 1259 in
1389 1230 1541 1268 differtione
1559 1229 1671 1267 fuerit,
1696 1229 1731 1263 ἐξ
1747 1240 1863 1269 eorum,

1004 1280 1066 1312 quae
1080 1268 1174 1311 posteo
1194 1269 1273 1311 gesta
1285 1270 1414 1309 fuerint.
1457 1269 1511 1300 Sed
1528 1269 1564 1304 δ’
1577 1268 1605 1307 fi
1619 1270 1709 1307 fuerit
1731 1271 1803 1302 ultro
1820 1282 1864 1302 re·

1004 1320 1104 1348 versus
1121 1335 1130 1350 ,
1166 1321 1223 1342 non
1248 1321 1313 1342 cum
1328 1309 1528 1351 necessitudine
1544 1333 1553 1348 ,
1585 1320 1640 1341 non
1664 1313 1716 1341 erit
1742 1313 1866 1353 ejusdem

994 1353 1095 1394 fhrtis.
1141 1351 1227 1383 Idem
1249 1352 1426 1383 Menander
1448 1352 1477 1393 §.
1498 1362 1525 1392 3.
1549 1352 1578 1383 ὅ(
1602 1362 1631 1390 4.
1656 1352 1797 1392 eiusdem
1813 1363 1864 1384 ca-

1004 1395 1088 1435 pitis.
1132 1393 1266 1424 Desertor
1277 1392 1306 1431 Ji
1322 1397 1353 1424 in
1370 1395 1436 1424 urbe
1455 1394 1643 1431 inveniatur,
1665 1394 1756 1433 capite
1776 1396 1863 1433 puni-

1003 1437 1029 1466 ri
1046 1435 1132 1472 solet:
1155 1435 1223 1466 alibi
1238 1435 1426 1475 apprehensus
1444 1443 1480 1465 ex
1493 1435 1590 1474 prima
1614 1436 1765 1469 desertione
1785 1433 1865 1476 resti·
1910 1452 1913 1455 ·

1005 1479 1049 1507 tui
1069 1474 1156 1516 potest
1176 1486 1186 1512 ‚·
1216 1477 1321 1507 iterum
1345 1476 1489 1513 deserendo
1515 1477 1605 1515 cupite
1625 1479 1787 1516 puniendus.
1815 1475 1864 1512 eli.

1008 1518 1070 1561 Qii
1088 1519 1119 1548 in
1138 1519 1289 1548 desertione
1298 1517 1364 1556 fui:
1377 1541 1386 1555 ,
1403 1515 1432 1554 fi
1447 1526 1474 1553 se
1489 1517 1636 1552 obtulerit,
1660 1526 1695 1547 ex
1713 1518 1864 1559 indulgen-

1007 1564 1049 1591 tia
1067 1559 1249 1600 Imperatoris
1264 1554 1354 1601 nostri
1369 1559 1401 1589 in
1416 1557 1538 1598 insulam
1553 1560 1715 1599 deportatus
1731 1557 1779 1598 eli.

1082 1709 1168 1750 XI.

582 1809 782 1857 Jasiinianus
804 1809 833 1858 §.
861 1820 915 1844 11.
942 1809 1048 1857 Insilit.
1064 1810 1182 1855 dejure
1199 1813 1340 1851 natam,
1365 1808 1502 1854 gentium
1525 1805 1566 1847 ὅ)
1590 1808 1677 1842 civili
1700 1818 1740 1843 ex
1752 1807 1867 1844 Seneca

1004 1952 1113 1991 Deus,
1136 1951 1247 1984 mutari
1264 1960 1368 1992 neque
1393 1951 1498 1992 posse,
1530 1961 1635 1992 neque
1654 1952 1784 1984 debere.
1828 1951 1864 1984 Id

1004 1994 1076 2026 sane
1093 1995 1206 2025 volunt
1226 1993 1333 2024 Annaei
1354 1994 1481 2024 Senecae
1498 1994 1545 2025 lib.
1567 1997 1598 2025 6.
1622 1993 1668 2024 De
1685 1992 1824 2033 beneficiis
1840 2003 1866 2024 c.

1006 2046 1056 2078 23.
1082 2035 1177 2066 verba
1193 2033 1267 2073 ista,
1290 2033 1311 2065 fi
1327 2036 1499 2065 examines.

1045 2077 1117 2109 Non
1136 2082 1255 2107 externa
1278 2080 1383 2116 cogunt
1404 2075 1494 2110 Deos‚·
1510 2075 1563 2114 sed
1573 2076 1633 2116 sita
1650 2075 1705 2106 illis
1723 2076 1755 2107 in
1778 2077 1865 2117 legem

1066 2125 1170 2149 (eterna
1184 2116 1316 2147 voluntas
1336 2114 1384 2155 est.
1430 2117 1621 2154 Statueruut,
1645 2127 1706 2158 quie
1730 2127 1786 2147 non
1805 2127 1867 2147 init-

1065 2165 1168 2190 tarent.
1214 2157 1316 2198 Itaque
1340 2167 1396 2188 non
1415 2157 1530 2197 poffiint
1553 2159 1648 2188 videri
1678 2158 1788 2194 faciuri
1813 2158 1867 2188 nli·

1066 2201 1153 2242 quid,
1182 2199 1316 2238 qumnvis
1343 2198 1461 2234 nolint,
1492 2199 1560 2239 quia
1583 2200 1723 2240 quidquid
1744 2198 1866 2232 definere

1067 2251 1124 2272 non
1138 2250 1170 2281 po
1195 2240 1250 2270 'unt
1261 2263 1269 2276 ,
1284 2242 1460 2278 perseverare
1478 2240 1652 2271 voluerunt:
1669 2250 1719 2270 nec
1735 2250 1865 2281 unquam

1060 2284 1150 2324 primi
1166 2279 1272 2318 confilii
1295 2279 1370 2311 Deos
1383 2282 1509 2320 paenitet.
1553 2281 1623 2312 Sine
1639 2283 1720 2312 (lubio
1729 2279 1810 2321 Jiire
1829 2281 1862 2311 il-

1067 2324 1120 2361 lis,
1152 2321 1187 2357 ἐξ
1207 2323 1351 2358 desciscere
1375 2323 1405 2352 in
1422 2323 1599 2352 contrarium
1623 2332 1680 2353 non
1704 2323 1786 2353 licet:
1819 2322 1864 2354 fea

1065 2375 1122 2395 nen
1139 2366 1196 2395 ideo
1213 2386 1222 2401 ‚
1251 2364 1321 2403 quia
1341 2364 1387 2392 vis
1412 2369 1460 2393 lua
1479 2363 1540 2393 iilos
1562 2366 1592 2394 in
1607 2362 1743 2402 propofito
1767 2368 1864 2400 tenet,

1067 2415 1118 2437 nec
1139 2404 1329 2436 imbecillitate
1348 2409 1536 2443 permanent,
1558 2405 1604 2441 sed
1628 2405 1696 2444 quin
1719 2413 1776 2434 non
1801 2406 1865 2434 iicet

1068 2449 1102 2478 ab
1121 2446 1230 2486 optimis
1249 2446 1398 2482 aberrare,
1423 2444 1458 2478 ἑὸ)
1469 2442 1512 2483 fic
1534 2446 1573 2474 ire
1589 2451 1730 2476 decretum
1750 2442 1796 2484 effi

1007 2488 1096 2520 Idem
1125 2489 1156 2518 in
1178 2485 1367 2527 praefatione
1392 2485 1440 2517 lib.
1471 2495 1496 2517 1.
1519 2486 1714 2518 Naturalium
1736 2483 1865 2527 qaeestio-

1006 2539 1086 2561 num.

1049 2570 1129 2601 Tunc
1152 2573 1263 2600 naturae
1281 2577 1376 2598 rerum
1391 2568 1504 2610 gratias
1528 2577 1598 2610 ago,
1620 2578 1684 2600 cum
1707 2567 1786 2599 illam
1806 2577 1864 2599 nm

1066 2613 1102 2643 ab
1126 2611 1178 2641 hac
1196 2615 1278 2649 parte
1292 2611 1371 2640 video
1390 2632 1399 2648 ‚
1431 2618 1493 2650 quae
1514 2610 1626 2648 publica
1649 2606 1707 2648 eft,
1724 2610 1776 2649 =sed
1800 2619 1864 2639 cum

1056 2652 1212 2693 secretiora
1233 2650 1294 2691 ejus
1314 2652 1443 2688 intravi,
1467 2659 1531 2680 cum
1548 2652 1620 2691 disco
1636 2674 1644 2689 ‚
1669 2660 1728 2691 quae
1747 2652 1863 2681 univer-

1058 2692 1089 2732 fi
1108 2693 1228 2723 materia
1247 2689 1304 2729 fit,
1327 2694 1391 2732 quis
1414 2690 1513 2722 azielor
1535 2699 1587 2723 aut
1610 2690 1719 2732 custos:
1739 2693 1808 2732 quid
1823 2689 1864 2729 sit

1066 2734 1167 2766 Deus.-
1196 2738 1269 2763 totus
1285 2734 1315 2762 in
1332 2734 1357 2769 s'e
1374 2733 1519 2769 intendat,
1545 2743 1584 2764 an
1602 2736 1638 2764 ad
1658 2742 1708 2763 nos
1730 2733 1864 2773 aliqnan-

1067 2777 1100 2807 do
1119 2775 1248 2814 respiciat
1265 2784 1274 2804 :
1295 2774 1393 2813 faciut
1416 2774 1539 2815 quotidie
1556 2775 1665 2815 aliquid
1683 2798 1692 2811 ,
1725 2783 1763 2804 an
1784 2772 1864 2810 semel

1060 2818 1186 2857 fecerit:
1208 2815 1291 2846 liceat
1305 2816 1347 2846 iili
1360 2816 1493 2856 hodieque
1508 2817 1672 2853 decernere,
1696 2814 1732 2849 ἐπ’)
1753 2823 1788 2844 ex
1806 2813 1863 2853 lege

1060 2858 1195 2898 fatorum
1213 2856 1321 2897 aliquid
1335 2858 1485 2898 derogare,
1507 2866 1544 2887 an
1563 2856 1720 2899 majestatis
1737 2855 1862 2898 diminu-

1069 2901 1106 2929 tio
1127 2897 1167 2936 fit
1184 2921 1192 2935 ,
1222 2896 1257 2931 ὅ)
1285 2897 1414 2939 confeffio
1437 2900 1562 2936 erroris,
1596 2899 1736 2929 mutantia
1752 2894 1863 2935 fecisse.

1069 2939 1184 2980 Nec-effe
1202 2936 1240 2978 eft
1263 2939 1336 2970 enim
1359 2941 1384 2970 ei
1404 2940 1498 2970 eadem
1510 2939 1638 2980 placere,
1662 2940 1725 2974 cui,
1747 2933 1802 2970 nili
1817 2941 1863 2975 op-

1071 2983 1161 3019 tima,
1180 2982 1292 3020 placere
1316 2991 1372 3012 non
1390 2979 1515 3022 poffimt.
1564 2980 1627 3012 Nec
1647 2980 1676 3008 ol)
1702 2979 1751 3007 noc
1767 2978 1863 3007 inians

1064 3029 1164 3064 potens
1185 3020 1220 3056 ἐξ)
1236 3020 1306 3052 liber
1326 3020 1374 3063 esl.
1417 3023 1479 3063 ipse
1491 3022 1565 3053 enim
1581 3018 1619 3061 ⁶st
1641 3018 1784 3058 neceffitas
1792 3019 1862 3058 sita.

1394 3214 1459 3246 F2
1773 3210 1856 3242 Ca⁴
