2052 3487
199 76 270 111 216

194 161 289 202 serit,
311 169 373 194 nec
387 156 579 202 provocatio
597 154 727 195 sequuta
742 149 783 198 fit'
800 151 820 183 l.
836 160 871 198 4..
887 151 923 184 C.
941 146 1072 197 Depofiti

196 204 245 235 vel
266 209 376 235 contra.
400 202 420 232 l.
442 209 488 240 13.
512 199 546 229 C.
570 198 604 228 de
623 195 741 235 usuris:
764 194 841 225 licet
863 202 895 224 in
915 192 976 224 illis
999 199 1072 233 quae

195 243 346 286 stipulatu
376 241 534 273 debentur
549 259 559 277 ,
589 236 676 269 aliud
695 236 745 276 jus
768 233 804 267 fit
826 234 846 265 l.
865 239 895 269 8.
918 233 962 265 D.
987 233 1021 264 de
1043 241 1071 264 eo

195 286 272 327 quod
293 291 367 316 ceno
384 283 450 313 loco.
751 316 757 322 ⁶
896 316 901 321 ¹

234 326 298 357 Sed
322 322 419 355 usurae
442 329 506 352 non
535 325 657 350 tantum
672 315 775 349 1sortis
808 315 970 348 solutione
994 311 1070 346 desi-

194 375 295 404 nunt,
318 364 371 395 sed
387 360 652 403 compensatione
662 367 797 400 quoque
812 358 832 390 l.
849 368 878 398 4.
900 357 980 389 (λάε
995 366 1068 387 com-

192 405 424 448 pensationibus,
441 403 471 434 &
487 401 683 438 novatione,
708 399 847 431 maxime
864 398 1069 438 stipulatione

193 447 297 479 facta:
320 454 392 486 quae
416 452 488 475 cum
506 441 768 474 contrahentium
790 440 960 472 voluntate
984 439 1067 479 prin-

193 488 330 528 cipalem
352 485 447 518 tollat
465 483 719 525 obligationem,
744 482 774 513 ἃ
798 482 947 520 civilem,
971 481 1000 512 ἃ
1018 489 1069 512 na-

192 529 354 567 turalem;
384 527 429 558 nil
452 526 568 558 mirum
586 548 596 564 ,
624 523 646 556 fi
672 524 702 555 &
723 522 929 554 accefforiam
952 521 1068 553 tollere

192 570 339 602 videatur
362 568 381 600 l.
403 573 450 603 18.
477 566 519 598 D.
542 569 576 597 de
591 565 807 596 novationibus.
831 563 938 605 Quid,
961 562 983 594 si
1003 563 1067 594 litis

192 610 431 643 contestatione
456 607 513 640 fiat
535 607 671 639 novatio
688 606 706 638 *ἓ
736 604 807 636 fane
830 605 909 637 ficut
940 603 1065 644 stipula-

190 653 300 692 tione,
322 651 365 683 fic
385 651 506 691 judicio
530 656 690 688 accepto,
714 646 918 678 contrahitur
935 669 945 684 ‚
970 646 1014 676 ita
1030 652 1066 676 ut

191 694 282 737 prior
311 692 489 735 obligatio,
512 689 643 732 sequuta
669 686 741 730 post
764 687 1040 720 condemnatione
1054 708 1065 725 ,

795 62 1107 99 GnRARnr
1155 59 1389 96 Noonr

1113 151 1146 182 in
1160 150 1293 192 judicati
1316 147 1550 190 obligationem
1568 147 1773 180 transferatur
1794 147 1814 180 l.
1831 158 1861 190 3.
1885 148 1914 190 §.
1933 157 1982 180 11.

1113 192 1158 223 D.
1182 192 1216 222 de
1231 191 1353 231 peculio.
1377 191 1398 222 l.
1420 193 1467 222 16.
1491 189 1520 231 §.
1538 192 1571 220 6.
1595 189 1637 220 D.
1654 190 1687 220 de
1698 189 1877 229 pignoribus.
1918 188 1981 222 Sed

1114 242 1151 264 ea
1171 232 1306 264 novatio
1325 241 1342 263 a
1364 231 1528 272 superiore
1551 229 1763 271 distinguitur.
1786 238 1852 261 non
1876 231 1982 269 enim,

1113 282 1150 306 ut
1170 274 1241 312 illa,
1265 273 1378 314 sponte
1402 271 1662 304 contrahentium
1678 294 1689 310 ‚
1722 269 1774 301 sed
1798 269 1881 302 inter
1904 271 1984 303 invi-

1114 323 1185 354 tos,
1207 315 1366 356 contingit
1388 314 1407 345 l.
1427 319 1477 354 83.
1499 313 1528 355 §.
1549 322 1574 345 1.
1599 312 1640 344 D.
1662 314 1695 343 de
1710 312 1862 342 verborum
1876 311 1983 352 obliga-

1112 357 1261 393 tionibu53
1292 366 1332 387 ex
1359 355 1543 387 necestitate
1565 354 1583 384 l.
1603 355 1657 385 ult.
1684 352 1724 384 D.
1745 353 1780 383 de
1792 353 1985 392 separationi-

1112 399 1183 436 bus,
1207 406 1313 438 neque
1327 396 1443 428 achoris
1459 395 1581 427 causam
1600 394 1794 426 deteriorem
1811 393 1908 431 facit3
1930 392 1984 426 sed

1112 440 1280 471 meliorem
1303 439 1323 470 l.
1342 447 1391 474 29-
1415 437 1459 469 D.
1478 439 1511 469 de
1527 436 1739 467 novationihus.
1755 435 1891 475 proinde
1907 434 1985 466 licet

1112 481 1306 519 novatione,
1337 487 1394 520 per
1420 478 1655 520 stipulationem
1680 476 1789 515 fasta,
1812 475 1908 508 usurae
1929 475 1985 508 sta—

1112 522 1170 553 tim
1198 520 1339 553 desinant
1358 530 1484 551 currere
1507 522 1536 551 d.
1559 519 1577 550 l.
1598 524 1643 553 18.
1671 518 1710 549 D.
1728 519 1787 548 eud.
1806 519 1851 548 tit.
1877 525 1984 550 tamen

1110 562 1132 594 si
1149 562 1210 594 litis
1226 561 1461 593 contestatione
1484 561 1541 592 fiat
1556 560 1707 598 novatio,
1732 558 1829 590 usurae
1846 566 1983 599 pergunt

1109 612 1238 635 currere
1259 603 1279 634 l.
1297 613 1347 644 35.
1376 602 1418 634 D.
1442 604 1475 633 de
1490 604 1584 641 usuris
1607 610 1705 641 usque
1722 601 1760 632 ad
1778 598 1980 632 sententiam:

1109 644 1181 686 post
1197 644 1398 682 inhibentur,
1423 643 1453 675 ἃ.
1469 644 1537 675 aliae
1559 652 1600 674 ex
1613 643 1745 683 judicati
1762 640 1853 673 causa
1875 640 1981 674 succe·
2003 670 2006 674 .
2049 630 2050 667 }

1111 686 1190 718 dunt
1211 686 1230 717 l.
1246 685 1300 718 ult.
1325 685 1358 718 C.
1375 687 1408 717 de
1428 685 1524 726 usuris
1540 686 1581 717 rei
1593 686 1741 726 juclz'catae.

901 804 1122 842 ‘CAPUT
1172 790 1272 847 XV.

191 900 244 939 De
270 902 421 938 oblatione
436 929 446 945 ‚
481 899 711 946 obsignatione,
744 895 786 937 Εὖ)
807 894 984 943 depositione
999 924 1009 939 ‚
1033 894 1128 943 sortis
1155 892 1196 934 ἐξ
1218 895 1381 941 usurarum
1397 922 1406 938 ‚
1440 906 1508 929 cum
1531 892 1563 928 in
1585 903 1670 928 mora
1693 891 1738 941 cst
1755 893 1902 928 creditor:
1930 893 1978 929 de·

264 964 321 997 que
343 953 410 998 ejus
437 952 484 986 rei
510 949 633 995 effetha
667 945 709 987 ἐξ
732 946 830 992 quid,
860 946 888 987 fi
912 946 1027 980 debitor
1052 945 1178 991 recipiat
1201 947 1363 990 pecuniam
1387 945 1542 985 oblatam,
1576 942 1766 988 obsignatam
1782 969 1792 986 ‚
1824 939 1866 980 ἐξ
1891 943 1980 988 depo-

255 999 388 1047 fitam?
418 1011 460 1034 an
490 997 532 1038 &²
556 997 673 1044 quando
691 1023 700 1039 ‚
722 994 819 1042 facia
844 995 995 1030 oblatione
1014 1021 1023 1037 ‚
1054 1005 1107 1028 nec
1121 991 1254 1039 sequuta
1280 991 1487 1039 obfignatione
1509 1004 1545 1026 ac
1572 990 1746 1037 clepofitlone
1764 1019 1773 1034 ,
1798 992 1979 1036 principalis

201 1051 204 1055 ’
262 1049 392 1084 tollatur
415 1048 586 1095 obligatio,
621 1043 662 1085 &⁹
688 1053 792 1079 utrum
815 1042 877 1090 ipso
899 1046 973 1091 jure
990 1068 1003 1084 ,
1037 1054 1078 1077 an
1113 1051 1164 1088 ope
1192 1041 1409 1088 exceptionis?
1440 1041 1675 1075 Sabinianoruin
1708 1038 1750 1079 δέ)
1780 1040 1978 1075 Proculiano-

261 1110 332 1133 rum
358 1096 507 1144 diffenfio.

561 1094 739 1131 Marcellus
772 1092 791 1126 l.
821 1104 877 1136 72.
915 1093 957 1127 D.
984 1093 1018 1127 de
1031 1091 1237 1137 solutionibus
1267 1091 1415 1125 liberatus
1442 1090 1522 1124 malo
1553 1100 1608 1135 quo
1640 1090 1784 1123 botlenus
1811 1089 1978 1125 laboravit.

255 1148 336 1193 ,quid
358 1148 391 1182 in
421 1145 521 1193 usuris
547 1156 586 1179 ex
615 1152 702 1178 mora
722 1141 830 1176 debitis
853 1168 862 1184 ,
887 1139 958 1185 sive
983 1152 1019 1176 ox
1033 1140 1214 1188 stipulatu,
1241 1137 1313 1184 five
1339 1137 1439 1185 officio
1470 1138 1597 1183 Judicis
1616 1137 1633 1172 ἶ)
1668 1137 1808 1181 Jacobus
1836 1137 1978 1182 Cujaciur

262 1190 303 1235 ἐξ)
331 1196 484 1231 Antonius
512 1193 612 1228 Faber
638 1191 781 1237 refutati.
810 1187 909 1234 fimul
932 1188 1094 1235 composita
1126 1187 1258 1234 insignis
1290 1186 1330 1227 ἐξ
1355 1185 1480 1231 molesta
1505 1187 1543 1220 lis
1569 1199 1632 1232 quae
1658 1186 1715 1221 huc
1738 1198 1830 1231 usque
1854 1187 1978 1223 diremit

262 1245 454 1280 concordiam
484 1242 650 1288 Papiniani
684 1241 705 1276 l.
735 1251 763 1274 1.
799 1237 828 1285 §.
862 1250 893 1284 3.
930 1239 971 1273 D.
998 1238 1033 1272 a'e
1059 1236 1170 1283 usuris.

1224 1237 1374 1271 Marcelli
1399 1234 1440 1276 ἐξ
1469 1235 1602 1280 Ulpiani
1629 1235 1647 1270 Ι.
1673 1241 1727 1274 28.
1764 1233 1794 1281 §.
1821 1246 1848 1270 1.
1878 1235 1922 1270 D.
1941 1234 1976 1269 de

263 1292 527 1340 administratione
551 1297 686 1325 tutorum
703 1315 713 1331 ‚
744 1287 947 1335 demonstrato
974 1287 1062 1321 vario
1089 1293 1258 1331 temporum
1283 1284 1337 1331 usu
1362 1287 1467 1331 quibus
1492 1285 1538 1318 illi
1553 1282 1699 1330 floruere.
1736 1284 1767 1318 in
1801 1283 1830 1317 d.
1865 1283 1887 1317 l.
1916 1289 1974 1322 28·

258 1341 289 1390 ᾗ,
319 1355 347 1376 ι.
384 1353 443 1376 non
466 1349 614 1386 apparere
644 1337 822 1372 Triboniani
849 1347 974 1370 manum
1003 1343 1059 1369 aut
1080 1335 1228 1381 culpam:
1261 1333 1316 1379 etsi
1328 1332 1506 1380 suspicatus
1523 1332 1570 1377 fit
1593 1332 1745 1367 Antonius
1772 1332 1884 1368 Faber.
1923 1344 1977 1367 nec

251 1391 431 1439 feliciorem
454 1388 510 1434 effe
534 1391 599 1434 ejus
625 1388 826 1432 conjecturam
848 1384 883 1419 de
902 1384 999 1418 Paulo
1034 1384 1055 1417 l.
1083 1395 1139 1430 73.
1176 1384 1220 1418 D.
1250 1383 1284 1417 de
1307 1383 1565 1428 procuratoribus.
1599 1383 1769 1416 extricatur
1789 1382 1869 1415 locus
1894 1381 1973 1416 Scae-

259 1440 336 1475 vola·
362 1435 605 1483 impeditffmus
632 1437 682 1480 qui
705 1434 749 1479 est
774 1433 806 1467 in
832 1433 852 1468 l.
880 1444 958 1467 122.
994 1431 1012 1479 §

1016 1459 1023 1467 .
1051 1444 1080 1474 5.
1117 1433 1161 1467 D.
1195 1432 1229 1467 de
1255 1434 1415 1467 verborum
1448 1431 1700 1476 obligationibus..
1727 1428 1913 1474 antichrefin
1936 1440 1975 1463 ex

250 1487 411 1535 sententia
440 1483 677 1532 clarfflmorurn
705 1482 858 1516 hominum
876 1480 947 1526 sola
972 1481 1037 1515 tolli
1062 1481 1223 1516 oblatione.
1258 1491 1325 1515 eam
1346 1479 1536 1526 stertentium
1564 1480 1672 1524 procul
1696 1490 1768 1513 vero
1792 1476 1857 1524 ff·
1906 1479 1975 1512 An-

257 1538 379 1571 toninus
408 1534 429 1570 l.
458 1545 510 1567 11.
540 1533 572 1566 C.
600 1532 635 1566 de
657 1529 756 1578 usuris
781 1530 890 1565 leviter
914 1530 1089 1565 emendatus
1113 1527 1154 1570 ὃ)
1181 1528 1363 1577 illustratus.
1392 1528 1464 1574 quid
1489 1530 1521 1562 in
1550 1526 1651 1574 usuris
1670 1526 1810 1573 frugum
1832 1527 1978 1562 humida-⁴

256 1595 326 1620 rum
347 1589 402 1619 aut
428 1580 617 1617 aridarum?

181 1682 405 1758 Tollantur
425 1687 558 1722 quoque
582 1676 680 1709 usurae
704 1674 796 1708 sortis
827 1674 1055 1716 usurarumque

274 1724 466 1761 oblatione,
497 1719 716 1761 obsignatione
736 1740 746 1756 ‚
779 1726 816 1748 ac
843 1717 1053 1758 depofitione.

181 1764 287 1807 finge3
310 1765 440 1796 debitor
464 1761 618 1794 usurarius
641 1758 710 1799 (fic
735 1759 820 1789 enim
837 1765 971 1789 vocatur
986 1758 1006 1789 l.
1024 1766 1053 1798 7.

180 1806 225 1838 D.
249 1808 283 1839 de
300 1806 419 1847 usuris)
442 1803 540 1837 offert
564 1801 718 1833 creditori
740 1798 857 1830 sortem
883 1799 913 1830 ἀ
936 1798 1052 1830 usuras.

180 1856 276 1889 negat
306 1847 450 1886 creditor
478 1843 650 1885 accipere,
678 1847 786 1873 motus
816 1849 880 1872 non
912 1841 1057 1879 ratione,

179 1888 234 1921 sed
263 1888 442 1921 commodo
472 1886 632 1918 usurarum
651 1905 661 1921 ,
690 1882 721 1913 &
752 1881 845 1922 copia
876 1881 1056 1924 debitoris,

181 1931 324 1970 (morem
350 1931 453 1970 tangit
477 1928 598 1960 Seneca
621 1925 670 1956 lib.
695 1934 723 1955 2.
747 1922 795 1954 De
817 1921 933 1962 benefic.
956 1932 979 1955 c.
1008 1931 1053 1963 ιγ.

179 1972 229 2003 his
244 1972 373 2010 verbis,
397 1969 480 2002 Male
505 1969 606 2000 audire
626 1965 692 2005 solet
708 1964 890 2005 faenerator,
906 1962 936 2001 fi
958 1966 1056 1995 acerbe

179 2015 299 2055 exigit:
331 2022 419 2054 aeque
437 2010 466 2051 fi
489 2014 521 2041 in
548 2007 707 2049 recipiendo
738 2007 839 2037 tardus
865 2015 899 2036 ac
929 2004 1055 2046 difficilis

179 2065 274 2086 moras
295 2054 434 2096 quaerit)
455 2051 570 2084 sufficit
587 2048 748 2085 debitori,
772 2047 940 2087 pecuniam
966 2047 1054 2077 debi-

181 2103 245 2128 tam
263 2105 336 2127 cum
359 2094 456 2126 usuris
472 2090 642 2130 obtulisse,
668 2087 843 2130 obsignasse
861 2089 890 2119 in
909 2087 1054 2127 sacculo,

181 2137 212 2168 &
235 2135 424 2176 deposuiffe.
447 2144 511 2167 non
536 2134 621 2165 enim
647 2132 763 2173 patitur
781 2131 884 2168 ratio,
909 2138 966 2169 per
983 2138 1053 2160 cre-

180 2179 322 2216 ditorem
345 2177 444 2216 stare,
469 2184 575 2208 utrum
602 2173 755 2205 liberetur
778 2171 907 2202 debitor
930 2172 982 2210 qui
999 2179 1051 2211 pa-

157 2221 160 2226 '
179 2226 265 2251 ratus
284 2218 329 2250 est
344 2220 371 2250 ei
390 2217 477 2259 quod
502 2216 600 2248 debet
616 2213 750 2245 solvere.
775 2212 869 2254 igitur
887 2210 907 2243 fi
931 2211 1053 2242 recusat

179 2261 323 2292 creditor
339 2259 403 2291 fine
419 2257 528 2295 causa,
551 2256 691 2287 oblatam
716 2263 789 2285 cum
816 2252 911 2284 usuris
935 2252 1051 2284 sortem

178 2303 343 2342 accipere,
369 2300 398 2332 ὅ(
417 2300 545 2332 debitor
570 2296 785 2337 consignatam
804 2294 964 2334 deponit:
995 2293 1051 2325 etsi

176 2344 308 2384 proprie
333 2341 411 2374 nihil
437 2341 556 2378 solvat;
580 2347 706 2376 tamen,
730 2338 802 2378 quia
828 2345 886 2376 pro
907 2334 1051 2367 solvente

177 2385 335 2422 habetur,
354 2382 458 2415 statim
479 2381 630 2414 liberatur
646 2388 662 2410 a
681 2378 764 2409 sorte
788 2378 808 2408 l.
826 2387 854 2414 9.
882 2376 914 2407 C.
931 2378 964 2407 cle
978 2377 1052 2414 sola-

177 2427 322 2464 tionibus‚
348 2425 378 2457 &
401 2425 440 2456 ab
456 2422 552 2455 usuris
575 2421 594 2452 l.
610 2425 641 2453 6.
666 2419 702 2455 ἑὸ)
724 2420 744 2451 l.
766 2429 812 2455 19.
838 2418 870 2449 C.
887 2419 920 2449 de
941 2419 1048 2458 usuris.

177 2468 209 2498 &
231 2467 296 2498 hoc
314 2465 379 2504 est,
404 2466 491 2506 quod
516 2463 705 2504 Papinianus
728 2462 755 2492 d.
780 2461 798 2492 l.
818 2469 846 2501 7.
871 2461 932 2497 ait,
955 2459 1049 2490 Exeo

178 2509 224 2539 die
240 2509 314 2539 ratio
330 2517 387 2539 non
410 2507 558 2538 habebitur
573 2505 740 2544 usurarum.
763 2503 793 2533 &
812 2509 885 2532 ante
909 2510 981 2532 eum
1001 2500 1052 2532 Ci-

176 2558 254 2580 cero
277 2549 325 2580 lib.
342 2552 372 2580 6.
400 2548 449 2579 Ad
464 2548 557 2579 Attic.
576 2543 653 2586 epist.
674 2555 699 2577 1.
725 2541 876 2583 Confistere
898 2544 987 2582 usura
1005 2544 1051 2573 cle-

175 2591 240 2622 buit
255 2599 329 2632 quae
345 2595 406 2620 erat
428 2591 460 2620 in
477 2587 565 2619 edicio
579 2596 648 2618 meo.
673 2587 806 2626 deponere
822 2584 965 2615 volebant.
988 2583 1051 2614 Sed

175 2640 212 2663 ut
231 2631 295 2662 hoc
313 2632 361 2671 jus
378 2630 432 2668 fit,
456 2639 520 2661 non
538 2628 670 2666 sufficit,
694 2626 888 2668 obsignatam
906 2626 935 2656 ἀ
952 2626 1051 2666 depo-

175 2672 265 2705 fitam
286 2681 302 2703 a
319 2671 468 2703 debitore
495 2669 556 2702 esse
573 2670 762 2710 pecuniam3
786 2667 839 2699 sed
862 2667 957 2699 etiarn
982 2676 1050 2698 cre-

177 2714 273 2746 ditori
297 2713 438 2744 oblatam
467 2711 529 2743 esse
557 2717 690 2751 oportet
721 2710 740 2741 l.
765 2719 792 2740 2.
817 2709 850 2740 C.
874 2710 906 2739 de
929 2709 1024 2750 usuris
1039 2731 1050 2746 ,

177 2755 318 2788 maxime
341 2752 471 2785 testibus
496 2751 701 2792 praesentibus
724 2751 744 2784 l.
761 2754 790 2782 6.
815 2750 849 2781 C.
865 2750 924 2781 eod.
949 2751 994 2781 tit.
1018 2748 1050 2780 si-

178 2807 222 2829 ve
238 2819 249 2836 ,
278 2796 340 2837 (ut
364 2793 543 2835 Imperator
566 2792 730 2833 Philippus
751 2793 793 2823 ait
821 2792 841 2822 l.
862 2800 908 2828 19.
934 2791 966 2822 C.
989 2792 1048 2822 eod.

176 2839 254 2879 tit.)
277 2836 349 2878 post
373 2834 650 2867 contestationem.
687 2842 802 2873 nempe
833 2839 892 2870 ut,
923 2832 945 2864 si
968 2831 1051 2864 facta

175 2886 312 2921 negetur
328 2877 472 2915 oblatio,
497 2875 555 2906 sint
576 2874 688 2914 qmbus
714 2875 840 2915 probari
866 2874 960 2915 poffit
982 2874 1001 2904 l.
1020 2883 1049 2904 2.

177 2922 212 2953 C.
244 2920 410 2952 Debitorem
440 2917 633 2948 venditionem
663 2915 794 2956 pignoris
830 2916 964 2956 impedire
992 2925 1050 2946 non

175 2962 260 3004 poffe.
283 2960 417 3001 amplius
436 2958 537 2990 debet
552 2957 703 2987 creditori
722 2957 850 2987 debitor
872 2964 972 2987 totam
989 2956 1050 2987 sor-

178 3012 245 3036 tem
276 3001 413 3039 offerre,
438 3000 468 3032 ὅς
492 2998 591 3030 totius
614 2995 718 3027 usuras
734 3019 743 3035 ‚
775 3004 870 3035 atque
888 2997 966 3038 ipsas
992 3007 1049 3038 op-

176 3053 320 3086 portuno
337 3043 413 3075 loco
431 3041 461 3073 &
478 3047 635 3080 tempore.
657 3046 729 3068 nam
746 3037 767 3069 si
790 3039 853 3069 alio
872 3039 946 3070 loco
962 3062 972 3077 ,
996 3047 1050 3071 aut

177 3086 241 3117 alio
270 3093 435 3125 tempore,
458 3081 596 3119 offerat,
618 3086 672 3110 aut
696 3087 761 3110 non
790 3088 902 3110 omnes
926 3081 1050 3119 usuras,

177 3135 231 3157 aut
245 3133 367 3158 tantum
383 3122 618 3166 partessortis,
636 3120 732 3152 habet
750 3119 892 3151 creditor
909 3120 1030 3152 causam
1042 3145 1051 3160 ,

176 3176 234 3200 cur
250 3167 374 3200 recuset
396 3165 563 3199 solutionis
584 3162 830 3204 acceptionem3
854 3161 882 3192 ἃ
906 3161 979 3194 ideo
998 3171 1060 3204 neq

1098 1684 1162 1716 qne
1181 1674 1280 1707 debiti
1305 1673 1530 1706 liberationem
1556 1672 1667 1714 sequi,
1691 1680 1796 1711 neque
1812 1670 1971 1705 usurarum

1098 1718 1195 1748 totius
1220 1717 1318 1748 debiti
1346 1716 1580 1756 praestationem
1605 1714 1772 1751 retardari,
1797 1714 1901 1745 verius
1926 1713 1973 1745 est

1096 1758 1115 1789 l.
1131 1767 1179 1798 41.
1203 1757 1232 1799 §.
1252 1767 1278 1789 1.
1304 1756 1348 1791 D.
1369 1759 1401 1788 de
1422 1758 1528 1797 usuris.
1554 1758 1583 1788 d.
1606 1756 1625 1787 l.
1642 1764 1672 1791 9.
1700 1754 1733 1785 C.
1754 1753 1791 1789 ὅ)
1813 1755 1832 1786 l.
1852 1763 1903 1795 39.
1925 1754 1970 1786 D.

1099 1800 1132 1831 de
1153 1798 1350 1836 fiilutionibus.

1138 1841 1201 1872 Sed
1231 1847 1264 1871 ut
1286 1849 1352 1871 non
1376 1839 1489 1871 sufficit
1506 1864 1515 1880 ‚
1547 1839 1663 1871 sortem
1693 1845 1766 1868 cum
1794 1835 1892 1869 usuris
1915 1837 1973 1875 ob·¹

1099 1880 1249 1923 signatam
1266 1890 1303 1912 ac
1322 1880 1497 1921 depositam
1515 1880 1596 1920 elie,
1621 1879 1673 1911 nisi
1690 1886 1765 1909 ante
1787 1877 1824 1909 sit
1844 1878 1970 1911 oblata:

1099 1922 1141 1954 sic
1159 1932 1220 1954 nec
1242 1923 1382 1954 oblat-am
1404 1921 1465 1954 esse
1480 1921 1611 1960 sufficit,
1636 1919 1691 1952 nisi
1715 1921 1743 1950 ἂ
1761 1919 1923 1960 obsignata
1939 1920 1970 1951 δε

1099 1963 1242 2004 deposita
1257 1963 1303 1995 fit.
1328 1964 1360 1995 id
1377 1965 1461 1996 enim
1479 1965 1518 1995 ad
1538 1963 1728 1995 Marcellum
1754 1968 1844 1992 notat
1863 1959 1972 2000 Ulpia·
2023 1992 2025 1994 ,

1098 2015 1154 2037 nus
1187 2005 1205 2036 l.
1232 2009 1280 2039 28.
1312 2004 1340 2046 §.
1370 2014 1395 2036 1.
1427 2004 1469 2036 D.
1496 2006 1528 2036 de
1554 2001 1801 2043 administratione
1831 2007 1970 2034 tutorum.

1097 2048 1249 2086 idemque
1267 2046 1454 2086 Papinianus
1474 2047 1604 2085 requirit
1626 2045 1644 2075 l.
1668 2054 1693 2076 1.
1717 2043 1745 2084 §.
1763 2043 1819 2074 ult.
1842 2043 1879 2077 δ’
1901 2043 1920 2073 l.
1938 2054 1967 2083 7.

1097 2087 1139 2119 D.
1171 2089 1205 2127 cle
1232 2087 1328 2128 usuris
1345 2111 1354 2126 ,
1385 2088 1482 2118 etiam
1514 2086 1693 2118 Antoninus
1722 2086 1741 2115 l.
1765 2088 1795 2115 6.
1822 2083 1858 2118 ὅ)
1879 2093 1908 2120 9.
1933 2085 1968 2117 C.

1096 2130 1155 2160 eod.
1176 2130 1225 2160 tit.
1250 2129 1279 2160 Gt
1300 2128 1462 2169 Philippus
1485 2128 1503 2159 l.
1525 2138 1570 2166 19.
1598 2128 1630 2158 C,
1650 2128 1708 2157 eod.
1728 2127 1775 2157 tit.
1799 2125 1898 2156 debet
1916 2136 1968 2156 au-

1095 2178 1159 2202 tem
1175 2170 1317 2211 deposita
1332 2170 1394 2201 esse
1413 2172 1444 2201 in
1461 2170 1537 2201 leco
1555 2178 1627 2200 tuto
1644 2169 1671 2199 d.
1691 2168 1710 2199 l.
1729 2171 1775 2201 28·
1799 2166 1827 2207 §.
1842 2176 1866 2198 1.
1892 2176 1968 2206 qua-

1094 2212 1132 2244 lis
1156 2211 1200 2244 est
1228 2211 1401 2253 publicus:
1430 2220 1569 2251 eumque
1600 2209 1732 2249 intelligi
1757 2207 1968 2240 sacratissimas

1096 2254 1179 2286 aedes
1198 2277 1207 2292 ,
1232 2253 1282 2284 vel
1308 2253 1361 2284 ubi
1386 2261 1575 2293 competens
1599 2251 1701 2291 judex
1718 2274 1728 2285 .
1759 2249 1849 2289 super
1874 2259 1909 2281 ea
1932 2259 1967 2280 re

1094 2296 1217 2334 aditus,
1240 2303 1292 2326 eas
1309 2294 1426 2335 deponi
1447 2293 1650 2335 disposuerit,
1675 2290 1786 2322 definit
1804 2290 1882 2331 Imp.
1896 2290 1979 2323 Phi-⁴

1094 2337 1199 2377 lippus
1221 2337 1250 2368 d.
1274 2336 1294 2367 l.
1317 2345 1362 2371 19.
1387 2335 1483 2367 recte.
1508 2344 1578 2366 nam
1602 2335 1631 2366 ἅ
1652 2332 1716 2364 fani
1737 2333 1854 2363 Cicero
1877 2341 1913 2363 ea
1933 2333 1965 2363 in

1094 2388 1127 2409 re
1151 2377 1297 2410 meminit
1320 2378 1348 2408 d.
1366 2375 1446 2417 epist.
1466 2386 1492 2408 1.
1517 2376 1564 2407 lib.
1581 2380 1611 2407 6.
1634 2375 1686 2406 Aa
1700 2375 1793 2405 Attio.
1819 2375 1848 2405 ὅ(
1871 2382 1966 2413 pecu-

1093 2419 1160 2451 nias
1183 2420 1212 2450 in
1232 2417 1353 2450 aedibus
1370 2419 1462 2449 sacris
1481 2418 1599 2457 deponi
1619 2425 1655 2447 ac
1671 2415 1843 2455 publicitus
1861 2414 1966 2446 custo-

1095 2461 1154 2492 diri
1179 2459 1307 2498 solitas,
1330 2460 1452 2491 indicat
1475 2459 1558 2490 inter
1583 2459 1661 2489 alios
1681 2456 1808 2488 Plautus
1830 2456 1966 2488 Bacchirl.

1095 2512 1124 2534 2.
1149 2511 1179 2543 3.
1204 2501 1278 2540 vers.
1294 2511 1342 2541 72.
1387 2500 1535 2532 Publicus
1559 2500 1654 2541 igitur
1677 2499 1767 2529 locus
1792 2497 1869 2538 lmp.
1894 2497 1966 2528 Phi-

1094 2544 1184 2584 lippo
1205 2542 1317 2574 hocin
1343 2542 1414 2573 casu
1436 2541 1481 2573 est
1498 2541 1581 2573 aedes
1599 2539 1692 2571 sacra.
1718 2539 1823 2576 addit,
1846 2539 1895 2570 vel
1912 2539 1967 2570 ubi

1094 2592 1284 2625 competens
1300 2583 1402 2623 Judex
1418 2582 1510 2623 super
1527 2591 1564 2613 ea
1587 2591 1621 2613 re
1636 2581 1755 2618 aditus,
1778 2589 1830 2611 eas
1846 2580 1966 2619 deponi

1094 2624 1300 2667 disposuerit:
1324 2626 1354 2656 &
1372 2624 1550 2664 hujusmodi
1568 2622 1656 2654 casus
1674 2621 1719 2653 est
1736 2622 1764 2652 in
1788 2621 1806 2652 l.
1822 2625 1872 2661 56.
1896 2620 1924 2662 §.
1939 2630 1965 2652 ι.

1093 2666 1137 2698 D.
1160 2666 1304 2700 Mandatz'
1325 2666 1372 2697 vel
1393 2671 1504 2696 contra.
1549 2663 1650 2702 Haec,
1673 2663 1692 2695 si
1712 2662 1847 2703 prael'ens
1863 2663 1966 2693 credi·

1094 2717 1145 2739 tor
1159 2707 1205 2740 sit.
1229 2708 1324 2748 quid,
1347 2706 1368 2738 fi
1386 2706 1491 2738 absens
1507 2704 1568 2737 sit?
1593 2705 1690 2737 debet
1714 2704 1843 2735 debitor
1861 2703 1975 2743 Praesi-⁴

1093 2751 1166 2782 dem
1185 2748 1276 2789 super
1299 2749 1364 2780 hoc
1382 2747 1586 2788 interpellare
1607 2748 1637 2779 d.
1661 2747 1680 2778 l.
1698 2749 1728 2777 6.
1755 2745 1788 2775 C.
1806 2746 1838 2776 de
1856 2745 1963 2782 usuris.

1136 2791 1233 2832 Igitur
1251 2790 1390 2829 oblatio,
1414 2789 1467 2821 sed
1486 2798 1580 2829 quam
1604 2787 1733 2828 sequuta
1756 2785 1800 2818 est
1821 2785 1965 2827 obsigna-

1094 2833 1141 2864 tio
1169 2832 1198 2864 &
1220 2831 1377 2872 depositio
1395 2854 1404 2869 ,
1434 2831 1665 2871 obligationem
1688 2828 1774 2860 tollit
1790 2828 1856 2868 ipso
1877 2828 1962 2868 jure:

1094 2873 1297 2946 Effqlssbllffic
1316 2871 1536 2954 Ἓὲὲᾚέυξῗὲ
1553 2866 1964 2951 Ὲῗιῖἒέἳέῑῖῗξὲιῗὲῗυῗέ

1298 2937 1307 2953 ⁵
1383 2934 1398 2945 '⁴
1935 2932 1940 2944 ι

1093 2957 1273 2993 creditore,
1297 2965 1402 2996 neque
1418 2964 1539 2987 moram
1557 2953 1667 2985 faeere
1683 2952 1892 2992 intelligatur,
1907 2959 1964 2981 ne-

1093 3007 1157 3037 que
1175 2997 1214 3028 ad
1232 2996 1347 3030 sortem
1363 3005 1418 3028 aut
1434 2996 1538 3028 usuras
1557 2995 1667 3027 teneri.
1691 2995 1821 3034 utique,
1839 2991 1860 3022 si
1875 2991 1963 3022 dein-

1094 3040 1134 3071 de
1158 3038 1273 3070 sortem
1298 3047 1371 3070 cum
1393 3038 1489 3069 usuris
1514 3047 1579 3069 non
1605 3036 1746 3076 recipiat.
1771 3042 1859 3069 nam,
1891 3031 1911 3062 si
1929 3032 1962 3063 id

1095 3081 1157 3118 fit,
1195 3079 1306 3111 desinit
1330 3079 1489 3120 depositio
1515 3078 1607 3117 effe3
1636 3077 1666 3108 δε
1696 3073 1852 3107 reviviscit
1875 3072 1961 3112 prior

1095 3122 1178 3153 aCtio
1194 3144 1205 3159 ,
1237 3129 1309 3153 ante
1333 3121 1492 3152 extincta:
1526 3126 1715 3160 quamquam
1738 3124 1800 3146 non
1824 3113 1961 3159 dire&a;

1096 3163 1127 3201 id
1154 3163 1239 3197 enim
1261 3162 1331 3196 fieri
1354 3162 1491 3204 nequit,
1525 3161 1615 3194 salvis
1640 3156 1753 3198 regulis
1773 3156 1848 3195 juris
1872 3154 1892 3185 l.
1910 3158 1961 3186 66.

1886 3195 1915 3236 ς.
1935 3205 1961 3226 1.
