2036 3495
503 71 569 107 An
595 70 682 106 Lm.
709 66 786 102 XII.
822 64 921 102 Tir.
950 64 1010 121 Hs.
1045 65 1096 102 De
1114 66 1146 101 in
1162 65 1400 112 litemjztrana'o.

57 175 186 214 petunt:
204 167 244 200 fic
263 171 413 205 nusquam
430 162 591 203 proditum
610 158 653 191 est
670 157 702 188 in
719 156 841 201 c-aeteris
858 165 926 197 quoe

59 221 130 244 eum
158 210 253 242 finem
280 216 342 240 non
371 205 488 236 habent
504 226 514 241 ,
537 202 699 242 magisque
725 198 865 245 spectant
887 199 926 229 ad

59 252 264 285 traditionem
282 249 324 280 rei
342 247 380 277 ab
398 246 503 276 actore
521 252 584 275 non
605 238 766 281 profeerae.
783 280 787 285 ι
810 238 924 270 Exem-

60 294 148 335 pium
172 293 201 324 in
220 291 343 322 actione
369 296 407 318 ex
424 293 533 324 empto
551 283 642 315 nobis
659 280 860 326 suppeditant
884 280 926 310 se-

60 333 189 375 quentia
205 330 398 364 Diocletiani
427 328 456 357 δι
473 322 656 357 Maximiani
681 321 794 352 verba:
818 322 851 351 Si
868 326 927 351 tra-

59 378 131 409 tiitio
154 374 195 405 rei
210 374 348 409 vendicat,
367 371 457 410 juxta
481 365 628 411 emptionis
648 361 843 410 qontroftnm,
862 367 928 408 pro·-

58 419 138 448 cacia
161 414 315 445 venditoris
347 419 404 442 non
419 409 496 446 fiat.-
524 410 628 448 quanti
650 404 774 451 interffle
792 403 927 450 ¹compleri

58 458 223 497 emptionem
239 455 335 494 fuerit
361 451 516 482 arbitratus
537 448 641 485 Praeses
660 451 836 485 proeminet,
861 451 925 491 tan-

59 505 123 530 tum
145 499 175 528 in
197 492 434 527 condemnationis
458 490 634 520 taxationem
652 488 787 517 deducere
803 486 923 516 curabit.

59 540 80 571 l.
98 550 126 576 4.
146 537 177 568 C.
198 539 230 568 de
245 535 299 567 αᾶ.
316 533 409 573 empti.
431 530 542 562 Sermo
568 528 799 569 Imperatorum
823 526 867 558 est
885 526 925 557 de

59 579 183 612 afflone
207 575 324 616 empti,
348 582 417 613 quae
443 570 488 602 est
513 570 641 610 quidem
668 569 759 600 bonae
779 567 870 605 fidei,
893 575 924 597 at

56 630 124 653 non
154 619 233 660 petit
255 614 483 648 restitutionem
509 612 551 643 rei
582 611 620 641 ab
644 618 790 650 emptore
817 607 922 648 profe·

16 680 21 685 -
59 662 136 700 Ctae3
168 659 218 691 sed
243 657 444 689 traditionem
469 654 535 691 rei,
559 661 630 692 quae
657 652 760 683 adhuc
790 649 836 695 fit⁴
852 658 925 695 ven·

59 701 170 734 ditoris
187 723 197 738 ‚
227 705 396 736 numquam
421 694 482 726 fuit
508 694 671 734 emptoris.
708 693 739 723 in
764 700 801 737 ea
830 698 924 730 igitur

59 744 183 775 aCtione
212 740 327 771 nolunt
365 737 576 777 Imperatores
593 758 602 773 ‚
633 740 771 774 emptori
790 755 810 778 ‚⁸
831 740 923 771 quan-

59 783 173 815 tumvis
209 777 354 821 querenti
387 779 425 809 de
462 776 608 816 procacia
650 774 827 805 venditoris
857 781 924 803 rem

58 823 217 856 venditam
245 831 308 852 non
337 820 487 851 tradentis
504 840 513 855 ,
544 817 755 857 jusjurandum
781 815 815 860 in·
837 814 924 859 litem

58 864 193 897 deferri:
226 863 297 903 quia
323 869 451 901 emptor
476 869 540 890 uon
570 859 694 898 cogitur
719 865 784 887 rem
809 863 925 886 inVitus

60 907 217 943 vendere,
229 912 263 935 ut
280 903 308 934 ei
323 901 528 941 relinquenda
544 900 576 930 iit
594 900 721 943 libertas
740 906 807 928 eam
825 905 863 927 ex
881 894 923 926 af·

60 946 204 979 fectione
222 942 409 978 aestimandi,
435 950 540 982 quanti
560 940 613 980 ipsi
632 941 785 970 Videatur.
809 945 841 968 at
867 945 926 967 nec

59 987 205 1020 venditor
226 984 328 1026 potest
355 993 420 1015 rem
445 992 512 1023 quae
536 982 599 1021 ejus
629 981 691 1019 est,
716 988 837 1010 emere:
861 978 889 1009 ὅ(
906 977 927 1008 fi

60 1038 165 1066 emat,
191 1027 303 1059 nullius
320 1033 473 1057 momenti
492 1023 536 1054 est
552 1022 706 1066 emptiorl.
727 1024 771 1052 16.
790 1019 825 1054 δέ)
841 1020 859 1049 l.
878 1028 926 1059 34.

61 1071 89 1112 §.
105 1081 134 1109 4.
154 1069 193 1100 D.
211 1070 242 1099 cle
257 1068 382 1098 contrari.
399 1071 481 1105 enipi.
517 1062 662 1103 Superest
678 1063 790 1103 igitur3
813 1070 844 1091 ur
862 1069 924 1090 em-

63 1120 138 1152 ptor
165 1119 259 1151 agens
283 1109 321 1139 ad
345 1109 388 1139 rei
417 1106 553 1137 venditae
578 1103 797 1137 traditionem.
823 1111 861 1132 ne
883 1101 926 1132 ob

62 1154 242 1194 procaciam
262 1150 388 1188 quidem
408 1147 582 1179 venditoris
604 1155 669 1177 rem
685 1145 845 1188 venditam
863 1151 927 1173 non

63 1191 232 1230 tradentis,
265 1191 302 1221 ad
321 1189 531 1230 jusjurandum
553 1187 582 1218 in
616 1187 703 1230 litem
728 1186 927 1216 admittatur:

63 1243 222 1272 vereque,
247 1232 275 1263 ἀ
290 1230 347 1270 iuri
364 1230 594 1261 convenienter
610 1227 779 1258 rescribunt
795 1225 927 1264 Impera-

63 1284 170 1311 tores,
193 1273 213 1305 fi
241 1272 386 1303 venditor
411 1270 557 1310 procacia
579 1269 629 1300 sua
647 1277 711 1299 non
733 1267 926 1311 tradat-rem

63 1316 242 1350 venditam,
264 1313 503 1344 aestimationem
520 1310 584 1350 ejus
609 1310 696 1348 quod
712 1315 864 1353 emptoris
883 1316 927 1353 in-

65 1356 157 1388 terest
179 1364 247 1386 eam
264 1354 360 1390 tradi,
385 1352 446 1384 effe
463 1351 639 1382 faciendam
662 1349 772 1380 officio
789 1349 927 1388 Judicis:

62 1398 186 1434 semper
211 1404 320 1427 verum
343 1395 478 1434 pretium
494 1391 679 1432 quaerentis:
703 1391 826 1431 insuper
845 1389 929 1420 liabi-

65 1448 99 1470 to
122 1437 311 1479 singulorum
333 1434 447 1467 affeetu
470 1441 523 1465 aut
543 1433 679 1464 utilitate
701 1432 720 1462 l.
737 1442 787 1472 353.
817 1431 856 1461 D.
880 1431 929 1461 Ad

64 1480 170 1519 Legem
196 1478 346 1518 Aquiliam
365 1477 385 1507 l.
404 1480 454 1517 63.
482 1476 527 1506 D.
551 1475 601 1506 Ad
627 1473 732 1515 Legem
761 1472 928 1504 Falcidiam.

63 1521 158 1553 ,Adeo
184 1519 304 1551 refert:
334 1526 438 1549 utrum
462 1515 530 1547 Lex
555 1516 633 1546 velit
649 1538 659 1553 ‚
692 1514 930 1546 aestimationem

67 1562 132 1602 ejus
150 1561 236 1600 quod
257 1558 383 1591 interest
400 1567 415 1588 a
435 1557 545 1597 Judice
568 1556 654 1595 fieri3
677 1566 713 1587 an
738 1556 776 1587 ab
804 1555 930 1594 actore,

68 1604 98 1633 ei
116 1602 222 1632 delato
239 1601 269 1632 in
285 1601 372 1631 litem
386 1598 585 1639 jurejurando
603 1598 621 1629 l.
640 1602 688 1636 64.
709 1595 750 1628 D.
768 1598 799 1628 de
808 1597 902 1638 judic.

110 1642 245 1673 Obtinet
270 1641 363 1682 igitur
381 1640 592 1679 jusjurandum
609 1640 637 1669 in
657 1639 744 1669 litem
762 1639 792 1668 in
807 1637 932 1678 judiciis

69 1682 252 1715 arbitrariis:
268 1691 327 1713 nec
344 1684 442 1712 minus
461 1681 490 1711 in
505 1680 628 1720 judiciis
647 1679 740 1710 bonae
757 1679 850 1718 fidei3
868 1679 933 1719 qui-

69 1725 128 1756 bus
154 1733 261 1765 agatur
283 1726 321 1754 ad
344 1722 585 1756 restituendum,
620 1721 888 1752 exhibendumve.
913 1720 934 1750 i-

68 1776 124 1799 mo
147 1775 190 1796 ne>
208 1766 249 1796 iic
271 1764 399 1805 quidem
423 1762 540 1802 semper
562 1763 679 1802 juratur
702 1764 731 1793 in
757 1763 860 1793 litem:
885 1761 936 1792 sed

70 1809 126 1847 (ut
146 1805 325 1837 Marcianus
346 1806 397 1836 lib.
414 1815 441 1841 4.
465 1804 653 1844 Regularum
673 1804 715 1834 ait
738 1805 767 1833 in
783 1805 809 1834 d.
825 1804 843 1834 l.
860 1813 887 1843 5.
906 1802 934 1844 §.

69 1858 99 1889 3.
121 1848 146 1878 h.
166 1848 205 1887 t.)
230 1848 272 1877 ob
289 1847 397 1877 dolum
415 1845 530 1882 solum,
555 1854 618 1875 non
635 1844 727 1875 etiam
745 1845 787 1876 ob
803 1845 936 1884 culpam.

71 1889 159 1920 addit
177 1888 356 1919 Marcianus
369 1911 376 1924 ‚
402 1887 473 1918 Haec
496 1889 569 1917 enim
595 1888 662 1926 (res
680 1886 796 1925 poscit,
820 1886 892 1916 banc
909 1894 934 1915 e·

69 1930 150 1968 nim)
169 1931 280 1973 Judex
303 1927 431 1968 cestiiizai.
464 1937 558 1968 puta,
589 1937 629 1958 ex
654 1930 697 1958 rei
730 1929 879 1958 vei-itate:
904 1934 937 1957 ut

67 1972 169 2003 modo
185 1970 312 2001 arctum.
358 1969 547 2008 Eodemque
570 1967 654 1999 sensu
676 1969 770 1999 etiam
789 1967 938 2008 Ulpianus

70 2012 89 2043 l.
111 2030 117 2042 ι
134 2036 139 2041 .

70 2011 195 2084 ταφῒᾶῑιὲτιι
213 2053 395 2088 deferendum
412 2050 538 2091 constat.-
554 2053 604 2092 Jecl
618 2049 830 2090 affirmationem
846 2061 863 2082 α
881 2051 926 2090 Jzi

71 2094 319 2133 dicefacienciam.
346 2092 504 2123 Videlicet
522 2102 584 2123 non
604 2093 823 2131 pluris,quam
843 2101 938 2132 quan-

73 2136 95 2165 ti
114 2144 160 2166 res
176 2134 237 2165 est:
261 2144 331 2165 cum
348 2135 546 2174 jurejurando
565 2132 676 2165 aftoris
693 2134 721 2165 in
740 2134 827 2164 litem
845 2134 938 2164 etiarn

73 2176 151 2206 ultra
170 2176 346 2206 aestimetur.
372 2176 502 2206 alterum
522 2176 619 2205 docet
636 2175 788 2215 Ulpianus
805 2176 822 2205 l.
843 2184 868 2205 1.
890 2175 936 2205 l).

73 2217 99 2247 b.
117 2224 136 2246 i.
158 2225 325 2255 utrumque
349 2217 467 2247 evincit
488 2216 599 2247 Paulus
622 2216 640 2245 l.
662 2226 689 2247 2.
708 2216 726 2257 §
758 2225 782 2247 1.
807 2217 851 2247 D.
869 2216 896 2246 cl.
915 2221 937 2246 t.

72 2257 176 2289 verbis
192 2266 259 2295 quae
278 2257 407 2297 subjeci:
432 2257 580 2288 Interdum
595 2260 670 2297 quod
686 2256 798 2293 interfit
811 2257 938 2297 ngeniis,

62 2299 159 2337 solum
174 2296 351 2339 astruimur,
374 2298 465 2328 veluti
482 2308 546 2329 cum
564 2299 647 2337 culpa
672 2307 729 2328 non
747 2296 938 2338 restituentis,

73 2339 118 2370 ‘cel
134 2350 188 2369 non
206 2341 363 2372 exhibentis
377 2341 502 2379 punitur
514 2362 522 2377 ,
547 2340 652 2380 quanli
673 2341 704 2369 in
730 2338 809 2369 litem
821 2339 939 2379 jur-tive-

74 2382 111 2412 iic
128 2379 213 2411 (ιὲἶον.
257 2380 303 2411 Ex
331 2379 377 2412 his
397 2380 500 2412 verbis
525 2380 731 2419 intelligitur,
757 2380 830 2420 quid
850 2380 940 2411 inter·

73 2423 166 2459 dum,
189 2431 248 2452 nec
265 2422 386 2459 minus,
410 2422 484 2462 quid
501 2422 605 2460 paffim
624 2421 687 2451 fiat.
730 2421 810 2452 Sunt
828 2420 896 2451 liaec
913 2430 940 2451 e·

73 2464 230 2494 videntia:
256 2472 316 2494 nec
335 2472 415 2502 opus
442 2463 601 2503 pluribus;
625 2461 679 2493 niii
702 2462 831 2500 addam,
856 2462 942 2502 quod

74 2504 113 2535 de
131 2504 222 2541 culpa
240 2505 324 2541 dixi,
349 2505 388 2535 de
406 2503 467 2534 levi
485 2503 546 2534 ess'e
563 2503 815 2534 exaudiendum:
839 2511 941 2541 cerm,

75 2544 166 2575 laram
187 2544 238 2575 sub
262 2545 337 2575 dolo
359 2545 589 2585 comprehendi
613 2544 631 2574 l.
652 2548 721 2575 226.
750 2546 793 2575 l).
813 2546 845 2574 de
863 2545 941 2575 verb.

69 2584 173 2623 signif.
199 2594 234 2615 ac
250 2587 401 2624 proinde,
426 2595 496 2617 cum
519 2587 600 2625 apud
621 2585 816 2616 Marcianum
836 2586 862 2615 d.
879 2585 897 2614 l.
914 2596 942 2624 5.

76 2625 103 2666 §.
114 2634 140 2665 3.
163 2625 205 2655 l).
222 2625 247 2655 b.
264 2631 283 2656 c.
300 2625 340 2657 fic
356 2635 460 2664 extat,
482 2627 536 2658 Sed
550 2628 582 2657 in
598 2627 641 2657 his
657 2628 783 2657 omnibns
804 2627 835 2657 ob
848 2627 942 2657 dolum

69 2667 164 2706 solum
185 2666 215 2695 in
234 2665 309 2696 litem
321 2667 460 2707 juratur,
483 2678 539 2698 non
557 2669 641 2699 etiam
665 2669 695 2698 ob
711 2668 841 2707 culpam:
865 2668 941 2698 veri-

79 2706 175 2738 simile
199 2705 261 2744 est,
284 2709 398 2749 verba,
421 2710 451 2738 ob
474 2709 695 2750 dolmnsolmm
728 2718 790 2740 non
818 2709 940 2749 opponi

77 2748 178 2786 culpa:
201 2748 287 2785 latae,
306 2747 361 2792 'sed
384 2749 483 2788 culpae
501 2751 571 2781 levi.
611 2752 652 2781 At
673 2750 754 2788 hoc,
780 2750 880 2790 palam
900 2758 939 2780 ter

78 2788 175 2820 statur
192 2789 371 2819 Antoninus
387 2790 404 2819 l.
423 2800 450 2820 2.
469 2790 499 2820 C.
518 2791 544 2821 b.
564 2796 584 2821 t.
607 2792 703 2822 verba
721 2791 891 2822 Antonini:
916 2790 944 2821 Is

79 2832 131 2870 qui
146 2831 285 2860 rationem
303 2830 458 2869 tutelaeseu
475 2840 548 2861 curce
573 2834 689 2871 repetit
701 2855 709 2869 ‚
732 2834 846 2863 invitus
866 2834 895 2862 iri
912 2831 944 2861 Ii-

80 2877 136 2901 tem
148 2871 251 2910 jurare
265 2871 389 2910 compelli
404 2881 460 2901 non
475 2870 577 2911 potest:
592 2874 642 2913 sed
657 2874 753 2904 volens
770 2875 812 2904 ila
834 2875 944 2904 demum

78 2913 239 2942 audientius
255 2909 292 2951 est
304 2935 311 2946 ,
330 2910 358 2949 fi
372 2912 446 2942 heres
461 2919 510 2951 per
525 2916 637 2952 longum
651 2913 850 2955 succeffionem
874 2919 933 2944 tuto

79 2954 122 2983 ris
145 2951 335 2992 instrumenta
360 2953 520 2992 pzipilliiri‘a
552 2954 610 2984 tiolo
632 2955 676 2985 vel
703 2956 946 2986 circumveniendi

74 2994 181 3034 pupilli·
195 2995 293 3035 gratia
304 3017 312 3028 ,
335 2996 463 3025 exhibere
477 3004 532 3024 nnn
548 2994 623 3025 vuli.
646 2996 698 3026 Sin
714 3006 780 3027 vero
797 3007 885 3037 neque
901 2998 941 3026 do-

79 3035 142 3076 liis,
164 3044 254 3075 neque
269 3035 328 3065 lata
344 3035 445 3075 culpa,
469 3045 556 3075 neque
566 3036 654 3073 fraus
676 3039 780 3068 heredis
800 3038 935 3068 convinci

79 3081 149 3113 tur,
173 3076 267 3115 omiffa
278 3077 638 3117 juiirjzirumiifiii-uitale
654 3078 766 3122 Judex
789 3080 822 3109 de
840 3079 935 3109 verita

78 3123 105 3146 1³
119 3120 280 3157 cognoscet:
302 3127 363 3159 quae
379 3120 464 3152 eiiam
485 3119 662 3160 argumentis
687 3120 805 3161 liquidis
828 3116 946 3160 investi-

74 3159 141 3199 gari
151 3156 251 3198 potest.

116 3198 193 3233 Tam.
215 3199 259 3232 ΙΙ.

203 2012 255 2041 uli.
274 2012 301 2041 d.
319 2017 339 2041 t.
364 2011 414 2041 Ex
430 2011 529 2049 culpa,
555 2011 675 2048 inquit,
699 2019 754 2040 non
772 2010 821 2051 effe
841 2010 944 2053 jusju-¹

1778 73 1847 108 227

1010 153 1056 185 Ut
1080 154 1240 187 absolvam
1263 154 1404 196 regulam
1430 154 1458 186 α’.
1483 153 1502 184 1.
1518 163 1548 194 5.
1564 154 1592 186 h.
1611 159 1632 185 t.
1665 153 1695 185 in
1721 161 1846 183 merno-

969 197 1046 227 riam
1065 205 1274 234 revocemus,
1298 196 1423 236 quaeio,
1447 195 1566 228 dietum
1583 195 1613 227 in
1630 194 1844 232 antecessum,

969 236 1190 275 Marcianum,
1215 246 1287 269 curn
1313 237 1353 268 fic
1377 238 1438 278 ait,
1465 237 1502 268 In
1524 236 1684 268 actionibus
1708 238 1741 266 in
1764 245 1842 274 rem,

970 277 1006 311 δ’
1024 279 1060 308 ad
1078 280 1288 317 exhibendum,
1312 278 1348 312 &P
1374 281 1406 309 in
1423 281 1499 310 [2072ae
1509 278 1581 318 fidei
1597 278 1738 319 judiciis,
1761 277 1792 306 irz
1808 277 1844 306 li-

969 325 1025 348 tem
1045 319 1188 359 juratur,-
1217 329 1258 350 ex
1281 319 1413 351 adverso
1437 318 1628 360 significare,
1664 320 1692 349 in
1716 318 1842 358 judiciis

969 359 1063 403 stricti
1077 360 1151 398 juris
1169 369 1234 390 non
1251 360 1411 392 observari
1428 362 1486 392 ita:
1510 370 1580 392 nam
1598 362 1628 392 in
1650 361 1696 391 his
1717 369 1780 390 non
1795 359 1843 399 ju-

969 409 1028 431 rari
1050 400 1081 430 in
1104 400 1212 437 litem,
1237 409 1270 430 ut
1286 402 1434 432 maxime
1459 402 1551 434 dolus
1581 404 1610 433 ot
1637 401 1843 432 contumacia

967 439 1141 472 accusetur.
1187 440 1264 471 Hoc
1289 441 1460 473 secundum
1486 444 1625 483 regulam
1647 444 1841 473 Marcianus.

967 489 997 512 at
1014 490 1078 512 uon
1095 481 1159 513 fine
1175 484 1388 523 exceptione:
1413 492 1483 514 nam
1502 486 1550 514 vel
1570 486 1600 516 in
1619 485 1665 515 his
1681 484 1770 523 finit,
1794 483 1841 514 in-

967 523 1091 554 terdum
1111 523 1141 553 in
1169 523 1256 553 litem
1284 524 1376 563 Jurari
1401 525 1428 554 d.
1455 524 1472 554 i.
1487 534 1516 563 5.
1545 524 1571 565 §.
1594 536 1612 563 4
1659 525 1770 563 Plane,
1793 525 1842 555 in-

967 564 1099 603 quiens,
1120 565 1266 595 interdum
1296 564 1333 599 ὅ)
1352 566 1382 594 in
1405 564 1513 596 actione
1531 565 1621 603 (tristi
1639 566 1747 606 judicii
1761 568 1793 596 in
1808 566 1844 596 li-

970 605 1168 645 zemjuracnr.
1215 607 1261 636 Ac
1278 615 1317 636 ne
1333 606 1516 645 exemplum
1535 606 1652 637 dceil'et
1675 607 1843 647 exceptio-

971 647 1021 678 ni:
1045 647 1151 684 addit,
1177 645 1318 685 Velutifi
1331 647 1477 688 promzffor
1494 648 1587 678 Stichi
1602 657 1707 678 moram
1723 648 1843 687 admise-

970 689 1028 725 rit,
1051 687 1086 720 ἐξ
1105 688 1221 718 Stichus
1237 688 1387 728 clecefferz‘t.
1427 688 1517 720 Aliud
1535 689 1570 720 fit
1590 698 1630 719 ex
1653 688 1749 720 Paulo
1772 690 1789 718 l.
1809 692 1842 719 6.

966 727 988 759 si
1005 728 1131 759 Stichus
1151 729 1303 766 debeatur
1320 740 1358 760 ex
1385 729 1584 761 testamento.
1628 730 1715 761 Bene
1736 737 1842 761 autem

967 771 994 800 d.
1014 770 1032 800 l.
1050 780 1079 809 5.
1104 779 1214 800 monet
1242 771 1411 810 Ulpianus,
1435 772 1498 802 hoc
1523 772 1721 813 procedere,
1744 770 1764 801 fi
1780 770 1842 801 Sti-

969 810 1047 840 chus
1065 811 1249 849 decesserit,
1275 812 1401 843 aurniss‘a
1420 823 1527 845 mora:
1552 822 1622 844 nam
1643 813 1710 843 haec
1728 822 1844 852 perpe-

969 859 1036 882 tuat
1053 852 1302 892 obligationem,
1326 863 1363 884 ac
1380 854 1451 893 quia
1470 855 1547 886 solvi
1571 863 1635 885 non
1661 853 1767 893 potest
1783 853 1843 883 Sti-

969 892 1047 923 chus
1064 902 1115 930 qui
1141 892 1185 937 est
1207 903 1372 932 mortuus,
1397 904 1522 936 aequutn
1548 894 1646 927 visum
1664 895 1726 935 eii,
1753 896 1843 926 dein·

970 934 1008 964 de
1025 933 1264 978 aestimationem
1281 936 1345 975 ejus
1364 937 1439 967 loco
1456 937 1573 968 deberi.
1597 937 1701 975 Alias,
1723 935 1784 976 (sic
1800 944 1843 967 ex

970 974 1067 1005 Paulo
1086 976 1246 1015 iubjicitur
1269 978 1295 1007 d.
1314 977 1331 1007 ἰ.
1353 979 1404 1018 6.)
1427 977 1448 1013 fi
1472 988 1508 1009 ex
1527 977 1674 1019 stipulatu
1690 979 1737 1009 vel
1753 987 1789 1008 ex
1803 983 1843 1007 te-

961 1014 1104 1055 stamento
1129 1024 1255 1058 agatur,
1282 1028 1337 1049 non
1361 1020 1428 1058 solet
1453 1021 1484 1049 in
1507 1020 1584 1050 licem
1600 1020 1712 1060 jurari.
1757 1018 1842 1050 Cum

969 1065 1037 1103 ait,
1054 1057 1156 1103 Alios:
1178 1056 1360 1099 fignificat,
1378 1059 1397 1091 si
1417 1060 1543 1092 Stichus
1558 1069 1632 1092 ante
1649 1070 1768 1092 moram
1789 1061 1843 1091 de-

970 1098 1112 1142 ceilerrr,
1137 1100 1366 1140 obligationem
1388 1102 1529 1142 extingui
1558 1103 1688 1133 interitu
1708 1101 1843 1133 naturali

971 1138 1084 1178 lpeciei
1103 1141 1219 1171 debitae
1245 1143 1263 1173 l.
1283 1152 1329 1183 23.
1355 1144 1394 1173 l).
1416 1144 1449 1173 de
1466 1145 1541 1174 verb.
1560 1143 1642 1184 oblig.
1659 1143 1678 1175 l.
1703 1153 1767 1183 ¹07·
1796 1142 1841 1174 D.

970 1182 1002 1210 tle
1013 1182 1097 1227 solut.
1120 1182 1230 1213 Solere
1255 1194 1332 1214 vero
1360 1184 1426 1225 post
1448 1194 1567 1216 moram
1586 1193 1732 1223 mortuo,
1755 1184 1786 1215 in
1805 1185 1842 1216 li-

971 1230 1033 1252 tem
1050 1224 1162 1267 Jurari,
1188 1223 1367 1256 Marcianus
1391 1226 1451 1257 ait:
1476 1227 1546 1266 quia
1564 1226 1665 1264 judex
1690 1225 1844 1257 aestimare

970 1262 1033 1306 fine
1049 1265 1243 1303 jurisjurandi
1264 1265 1418 1298 relatione
1435 1268 1491 1307 (an
1510 1267 1689 1298 delatione:
1716 1266 1794 1307 saepe
1813 1276 1846 1297 e-

970 1313 1034 1335 nim
1057 1305 1296 1338 confunduntur
1319 1308 1434 1345 verba,
1458 1308 1560 1347 referre
1576 1308 1605 1339 ὅ(
1623 1308 1731 1347 deferre
1746 1308 1842 1347 jusju-

972 1346 1117 1377 randum:
1141 1348 1170 1378 6<
1194 1347 1263 1379 sunt
1293 1349 1439 1389 exempla
1463 1350 1491 1380 in
1516 1350 1533 1381 l.
1553 1358 1600 1387 24.
1618 1348 1658 1380 D.
1687 1349 1843 1390 dejureju-

972 1389 1061 1418 ramlo
1086 1388 1104 1419 l.
1133 1397 1179 1419 12.
1206 1390 1253 1420 D.
1279 1390 1348 1420 Rer.
1372 1397 1458 1421 amot.
1485 1391 1502 1421 l.
1525 1401 1555 1430 5.
1583 1389 1609 1431 §.
1630 1399 1658 1428 4.
1686 1389 1723 1422 D.
1748 1392 1775 1421 b.
1803 1391 1844 1430 t.)

973 1438 1037 1459 non
1065 1429 1170 1468 potest
1195 1439 1261 1461 rem
1281 1440 1351 1471 quae
1375 1441 1439 1462 non
1457 1440 1556 1462 extat.
1597 1431 1694 1471 lgitur
1712 1432 1762 1462 vel
1780 1432 1846 1462 hoe

974 1471 1043 1500 calu
1060 1470 1097 1501 fit
1114 1472 1315 1511 neceffitate3
1340 1480 1372 1502 ut
1394 1482 1442 1503 res
1459 1482 1528 1512 quae
1551 1472 1622 1512 post
1652 1481 1771 1504 moram
1792 1481 1848 1513 pe-

974 1512 1046 1549 riit,
1070 1511 1182 1543 actoris
1211 1513 1414 1553 jurejurando
1441 1513 1626 1544 aestimetur:
1650 1523 1714 1545 non
1739 1523 1779 1545 ex
1802 1512 1850 1544 af-

974 1552 1131 1626 ῗείὲἰὶοῃες
1158 1553 1209 1584 sed
1243 1563 1284 1585 ex
1310 1554 1464 1594 veritate,
1487 1554 1575 1587 nullo
1599 1553 1775 1587 affefitionis
1799 1564 1850 1587 re·
1889 1565 1895 1571 ·

990 1604 1025 1636 pe
1064 1605 1080 1625 u

985 1643 988 1646 ⁴
1016 1633 1158 1675 Sequens
1183 1636 1271 1670 locus
1294 1637 1339 1669 est
1356 1661 1365 1677 ‚
1399 1648 1493 1679 quem
1516 1645 1667 1679 oporteat
1694 1638 1849 1680 jusfuran-

978 1679 1051 1709 dum
1069 1678 1098 1708 in
1119 1678 1206 1709 litem
1225 1679 1377 1711 deferre?
1401 1681 1431 1712 ὃς
1453 1682 1494 1711 ait
1512 1679 1683 1719 Ulpianus,
1703 1680 1853 1720 Judicem

979 1718 1105 1750 deferre
1131 1728 1291 1759 oportere.
1316 1722 1412 1761 quid,
1437 1721 1458 1754 si
1481 1722 1556 1752 alius
1580 1721 1731 1752 detulerit
1756 1721 1852 1761 jus'u-

980 1762 1130 1799 randum,
1154 1761 1205 1792 vel
1229 1772 1292 1793 non
1311 1763 1417 1793 delato
1432 1764 1567 1803 juratum
1585 1762 1647 1795 fit?
1665 1763 1780 1793 nullam
1813 1771 1854 1793 o-

980 1812 1012 1833 re
1031 1802 1237 1842 religionem,
1263 1813 1322 1834 nec
1336 1804 1568 1845 jusjurandum,
1595 1804 1678 1835 idem
1696 1802 1852 1843 Ulpianus

981 1845 1024 1874 ait
1038 1843 1056 1873 l.
1075 1854 1103 1882 4.
1120 1843 1148 1885 ᾗ.
1170 1852 1193 1874 1.
1213 1846 1240 1875 b.
1258 1851 1278 1876 t.
1304 1846 1332 1876 ὅ(
1357 1846 1400 1877 est
1419 1855 1517 1877 ratio:
1542 1847 1628 1886 quod
1654 1845 1718 1876 hoc
1732 1845 1854 1886 jureju-

980 1887 1078 1916 rando
1108 1886 1229 1925 agitur,
1254 1894 1288 1917 ut
1315 1889 1461 1925 puniatur
1483 1887 1683 1918 contumacia
1707 1886 1773 1927 ejus
1795 1885 1853 1926 qui

977 1925 1073 1967 jussus
1089 1926 1254 1958 restituere
1280 1937 1443 1969 praecepto
1467 1937 1529 1959 non
1559 1936 1663 1967 paret:
1688 1927 1779 1969 hujus
1797 1936 1854 1958 ve-

981 1977 1017 1999 ro
1043 1969 1270 2007 contumaciae,
1297 1979 1482 2010 poenae-que,
1506 1970 1610 2011 cujus,
1634 1967 1688 2000 nisi
1707 1969 1825 2008 Judicis
1840 1990 1854 2004 ‚

981 2008 1220 2041 :estimationem
1250 2010 1330 2048 esse,
1369 2012 1397 2041 in
1422 2010 1556 2042 formula
1581 2011 1684 2042 voluit
1707 2009 1854 2042 Praetor?

982 2050 1086 2082 desert
1104 2050 1197 2090 igitur
1214 2051 1277 2082 hoc
1291 2052 1508 2093 jusjurandum
1521 2053 1634 2094 Judex.

1021 2094 1063 2122 At
1080 2092 1157 2123 cui?
1181 2093 1313 2124 domino
1340 2094 1409 2125 litis.
1447 2092 1617 2133 Ulpianum
1635 2091 1705 2124 audi
1724 2092 1743 2123 l.
1761 2101 1789 2132 7.
1810 2090 1855 2122 D.

982 2134 1007 2164 h.
1028 2140 1048 2163 t.
1074 2133 1170 2174 Vulgo
1187 2136 1388 2174 praelumiiur,
1413 2136 1505 2166 alium
1530 2136 1561 2165 in
1588 2135 1664 2165 licem
1685 2143 1742 2164 non
1760 2134 1856 2163 crebere

976 2175 1099 2216 jurare,
1122 2185 1209 2216 quam
1225 2178 1370 2206 dominum
1386 2176 1454 2207 litis.
1487 2175 1562 2207 Hoc
1580 2185 1656 2206 vero
1678 2174 1795 2211 verbo,
1819 2181 1856 2204 ut

982 2225 1021 2246 ex
1047 2215 1249 2255 sequentibus
1279 2218 1491 2257 intelligitur,
1529 2215 1682 2256 Ulpianus
1714 2215 1857 2246 aetorem

983 2256 1131 2297 designat.
1157 2266 1216 2288 nec
1243 2258 1421 2299 distinguit3
1444 2267 1547 2290 utrum
1577 2266 1646 2298 agat
1673 2257 1797 2287 anione
1823 2257 1857 2287 in

982 2307 1048 2329 rem
1066 2321 1075 2336 ‚
1104 2308 1140 2329 an
1166 2300 1195 2329 in
1223 2299 1401 2338 personam.
1425 2308 1547 2330 tantum
1573 2298 1750 2336 desiderat,
1781 2306 1856 2328 eum

983 2338 1043 2370 effe
1063 2338 1124 2371 litis
1138 2339 1313 2371 dominum.
1336 2350 1396 2372 nec
1420 2349 1523 2371 tamen
1550 2340 1577 2370 ei
1602 2338 1730 2376 sufficit,
1754 2338 1857 2370 domi-

984 2390 1058 2412 num
1082 2380 1143 2412 ess‘e
1163 2382 1298 2421 qualiter
1325 2381 1476 2421 qualiter:
1500 2381 1551 2412 sed
1571 2389 1679 2411 verum
1697 2379 1774 2417 effe,
1798 2388 1856 2419 po-

985 2422 1086 2453 stulat.
1113 2423 1156 2453 ita
1182 2423 1302 2453 domini
1329 2422 1543 2463 appellatione
1561 2431 1624 2452 non
1646 2420 1856 2460 comprehen-

986 2465 1033 2494 dit
1057 2471 1319 2503 procuratorem,
1344 2463 1398 2495 etii
1425 2464 1480 2495 lite
1497 2462 1673 2494 contestata
1689 2463 1856 2493 dominum

986 2504 1113 2535 factum.
1140 2514 1203 2535 non
1223 2506 1306 2535 enim
1330 2505 1373 2535 est
1391 2514 1481 2535 verus
1507 2504 1669 2535 dominus:
1694 2504 1720 2534 ὅ(
1745 2512 1783 2534 ex
1803 2503 1856 2535 Pa-

987 2546 1114 2585 piniano
1142 2547 1172 2575 iii
1200 2547 1226 2576 d.
1247 2546 1265 2576 l.
1284 2556 1310 2586 7.
1343 2546 1515 2576 commode
1542 2545 1720 2585 subjicitur,
1752 2545 1856 2576 Alium

986 2596 1043 2616 riori
1063 2586 1137 2626 poffe
1157 2587 1280 2627 jurare,
1305 2597 1391 2628 quam
1415 2596 1477 2617 eum
1503 2588 1554 2628 qui
1576 2587 1653 2616 licem
1670 2588 1719 2624 sico
1743 2586 1857 2616 nomine

987 2626 1157 2668 contestatus
1183 2626 1239 2667 eft.-
1262 2629 1292 2658 id
1313 2628 1375 2665 est,
1401 2629 1453 2667 qui
1480 2637 1513 2658 re
1531 2637 1602 2658 vera
1622 2627 1684 2658 litis
1707 2627 1857 2658 dominus

987 2668 1051 2707 est;
1075 2678 1138 2699 non
1167 2670 1217 2708 qui
1241 2668 1317 2709 juris
1345 2669 1514 2699 iubtilitate
1537 2678 1594 2708 pro
1612 2669 1744 2700 domino
1762 2667 1858 2698 habe·

988 2718 1046 2740 tur.
1072 2709 1248 2741 Nimirum.
1274 2711 1345 2749 quia
1363 2710 1426 2741 hoc
1440 2709 1644 2752 jurejurando
1670 2719 1718 2740 res
1737 2719 1798 2740 non
1816 2717 1856 2738 ae·

987 2750 1143 2788 stimatur,
1169 2750 1276 2789 quanti
1304 2762 1335 2782 re
1363 2762 1433 2782 vera
1458 2752 1520 2789 est,
1545 2751 1594 2783 sed
1623 2751 1703 2783 ultra
1725 2759 1765 2781 ex
1781 2749 1857 2780 affe-

988 2793 1093 2823 {tione
1119 2791 1178 2822 laesi
1204 2792 1280 2822 dolo
1297 2791 1327 2823 &
1350 2794 1551 2824 contumacia
1575 2792 1766 2832 poffefforis;
1789 2798 1857 2835 non

988 2833 1091 2873 potest
1109 2833 1255 2871 alterius,
1280 2843 1371 2873 quam
1389 2834 1453 2875 ejus
1471 2835 1560 2875 cujus
1578 2834 1659 2864 aetio
1679 2832 1740 2868 est,
1760 2831 1858 2871 jusju-

988 2876 1118 2904 randum
1144 2872 1352 2905 intervenire:
1375 2885 1415 2906 eo
1439 2878 1525 2915 quod
1544 2878 1566 2907 is
1584 2875 1683 2912 solus,
1708 2871 1806 2911 qualis
1824 2870 1858 2902 <Sc

989 2923 1104 2954 quanta
1125 2914 1190 2954 ejus
1206 2915 1332 2947 affectio
1349 2915 1401 2954 fit,
1425 2917 1582 2958 intelligit.
1673 2954 1678 2958 Ι
1775 2953 1780 2957 ,

1031 2955 1106 2986 lude
1125 2955 1283 2994 quaefitum
1308 2957 1370 2988 fuit
1393 2958 1412 2988 l.
1432 2969 1460 2997 4.
1487 2958 1516 2989 D
1540 2960 1566 2987 b.
1582 2964 1601 2986 r.
1627 2954 1700 2994 quid
1720 2953 1796 2994 J'uris
1819 2951 1858 2997 sit

989 2997 1018 3028 in
1038 2996 1160 3028 tutelari
1177 2999 1273 3030 causa.
1319 2999 1411 3030 Hanc
1432 2999 1551 3030 causam
1567 2996 1740 3028 exaudiunt
1760 2992 1858 3025 Doeh

990 3037 1058 3069 Viri
1075 3039 1114 3069 de
1130 3038 1254 3070 aftioiie
1271 3041 1378 3071 tutelae
1398 3039 1542 3072 adversus
1556 3044 1780 3073 contutorem,
1802 3035 1859 3066 hc-

990 3080 1139 3111 redemve
1161 3081 1227 3122 ejus
1250 3091 1408 3113 remotum
1433 3080 1675 3115 exculatumve,
1707 3086 1722 3107 a
1750 3083 1859 3108 tutore

990 3121 1098 3162 pupilli
1123 3123 1252 3154 nomine
1275 3123 1424 3155 instituta.
1448 3124 1476 3153 in
1503 3130 1539 3151 ea
1558 3121 1587 3151 in
1605 3120 1693 3150 litem
1709 3118 1804 3159 J'urari
1825 3117 1860 3148 li-

992 3169 1068 3204 quet
1081 3172 1129 3246 {⁴¹}
1145 3164 1163 3194 l·
1182 3170 1209 3201 8.
1226 3166 1254 3199 h.
1272 3172 1293 3198 t.
1320 3163 1417 3205 Igitur
1441 3162 1610 3204 quaeritur,
1632 3160 1708 3202 quid
1729 3160 1805 3202 juris
1821 3158 1859 3203 sit

1147 3213 1165 3237 2
1825 3207 1858 3231 ln
