2052 3487
269 200 924 293 GERARDI
1030 172 1593 280 Noob‘r,

260 438 263 441 ἱ
550 334 845 416 Jurisconsuiti
883 344 931 394 &
969 333 1310 400 Antecefforis,

46 576 814 695 FOENORE
895 576 1138 682 ET
1221 556 1822 686 USURIS,

336 769 802 833 LIBER
921 757 1521 824 PRIMUS.

653 915 1213 971 PRAEFAT10.-

47 1020 293 1074 &gssffissffle
320 1029 448 1062 foenore
482 1026 512 1058 &
537 1025 636 1057 usuris
659 1030 752 1055 vetus
779 1020 909 1062 quaestio

46 1074 88 1138 (ᾖ
154 1069 159 1074 ’
230 1078 271 1118 ficu)
293 1072 362 1103 est:
395 1079 455 1111 qua
480 1069 618 1105 dubito,
648 1075 686 1097 an
710 1064 791 1095 nulla
814 1061 850 1094 fit
872 1061 910 1092 ad

48 1126 89 1153 ᾧ..
124 1093 203 1173 D
230 1120 270 1154 Q·
293 1112 513 1154 cognitionem
533 1108 718 1149 elegantior.
740 1112 827 1135 certe
844 1102 908 1133 nul-

58 1146 90 1209 ’,ξ
230 1145 270 1209 ὣ
292 1154 318 1184 la
339 1155 377 1185 ad
395 1151 563 1193 regendam
589 1148 788 1189 negotiorum
804 1152 907 1182 aequa-

49 1166 270 1252 ἓέἒτρςζρ)
292 1195 412 1226 litatem
434 1193 529 1232 magis
555 1196 736 1230 opportuna
754 1185 809 1217 est.
837 1184 908 1222 sed,

147 1231 177 1250 ²¹*
292 1235 377 1273 quod
399 1234 512 1265 mirere
527 1254 536 1269 ‚
561 1230 645 1261 nulla
661 1236 751 1267 aeque
777 1233 909 1267 experta

52 1276 98 1310 est
115 1276 272 1308 contraria
295 1276 458 1307 hominum
472 1272 598 1312 judicia.
625 1269 686 1300 fuit
709 1269 811 1306 enim,
835 1276 908 1298 cum

48 1318 124 1358 justa
143 1318 171 1348 ὅ(
191 1315 427 1354 honesta,fuit‚
443 1322 515 1345 cum
532 1312 666 1355 impia&
683 1307 836 1350 flagitiosa
857 1309 909 1354 ha-

48 1360 175 1390 beretur
194 1357 298 1388 usura:
320 1357 434 1388 nedum
460 1355 559 1384 turbae
579 1354 608 1384 ὁ(
627 1352 782 1391 imperitae
802 1350 886 1389 plebi
899 1372 908 1387 ,

44 1398 223 1431 inconsulte
240 1397 416 1438 procedere
434 1395 550 1427 solitae:
575 1394 625 1425 sed
642 1392 834 1433 sapientibus
852 1401 907 1422 no-

45 1440 100 1472 bili
115 1439 198 1471 fama
215 1440 244 1470 ἃ
263 1437 399 1479 spectata
416 1438 582 1478 gravitate.
607 1434 662 1466 etsi
689 1443 753 1465 non
773 1431 827 1464 suo
844 1442 906 1464 me·

44 1485 123 1519 rito,
146 1480 198 1512 sed
217 1480 382 1512 hominum
399 1479 526 1510 foenore
544 1477 574 1508 δε
599 1476 696 1507 usuris
715 1475 797 1506 male
817 1482 906 1505 uten-

45 1523 133 1554 tium.
156 1522 339 1562 adjuvitque
362 1529 501 1552 errorem
523 1529 532 1557 3
564 1519 650 1558 quod
670 1518 723 1556 qui
744 1515 908 1555 disciplina

46 1563 224 1595 formarunt
243 1572 348 1594 mores
365 1585 374 1599 ‚
400 1561 577 1602 castigatur-i
603 1558 696 1590 seculi
722 1558 855 1597 vitium,
880 1565 908 1587 a·

43 1604 214 1645 liquando,
240 1612 274 1635 ut
292 1602 350 1642 fit,
369 1603 467 1635 frenis
485 1601 525 1633 us]
544 1600 634 1632 fuere
650 1599 906 1636 adductioribus,

44 1652 138 1687 quam
163 1654 212 1677 res
237 1645 352 1677 veliet:
384 1644 453 1675 fere
477 1652 511 1674 ut
538 1642 625 1683 quod
651 1640 782 1672 solutius
808 1638 904 1677 cil'et,

43 1687 82 1719 ad
102 1685 364 1727 integritudinem
388 1686 587 1717 reducerent.
621 1682 673 1713 sed
697 1682 836 1713 maxime
860 1680 907 1711 fa·

44 1727 127 1760 &um
142 1727 319 1768 ignorantia
336 1727 467 1758 rationis
479 1748 489 1764 ‚
505 1735 553 1757 res
570 1724 720 1755 humanas
738 1723 909 1754 cominen-

43 1770 102 1808 tis,
126 1777 160 1800 ut
176 1768 283 1799 foenus
300 1766 462 1806 usui-:eque
484 1773 678 1797 vetarentur.
701 1773 761 1796 nec
781 1771 906 1799 tamen,

43 1820 85 1842 ne
101 1816 306 1841 exerceretur
325 1809 478 1848 pecunia,
501 1807 624 1848 legibus
640 1807 831 1847 poenisque,
855 1804 907 1835 vel

42 1851 247 1892 gravissimis,
273 1851 475 1890 impetratum
494 1847 566 1878 fuit.
590 1856 703 1878 contra
727 1855 857 1886 coepere
875 1855 907 1876 u-

43 1892 121 1924 surae
140 1891 194 1922 sub
210 1891 273 1922 alio
290 1893 420 1922 nomine
443 1898 483 1921 ex
506 1888 706 1928 locupletum
726 1887 854 1918 libidine
873 1885 908 1917 fi-

44 1943 85 1965 ne
106 1932 170 1965 fine
194 1933 270 1972 peti.
295 1936 337 1962 ita
360 1932 510 1962 damnum
526 1930 631 1961 attulit
651 1929 806 1960 medicina
820 1950 829 1964 ,
854 1936 909 1963 un-

43 1975 84 2007 de
102 1973 180 2006 salus
199 1972 215 2003 s
233 1973 395 2004 erabatur:
420 1973 629 2012 apparuitque
647 1993 657 2008 ,
689 1969 780 2000 satius
799 1967 908 2005 fuisse,

42 2014 163 2046 usuram
224 2015 344 2046 entium
359 2014 427 2054 jure
447 2012 628 2049 subnixam,
653 2011 681 2042 &
699 2011 737 2041 ad
756 2009 909 2040 tuendam

43 2056 249 2098 proprietatis
274 2056 338 2086 vim
364 2064 460 2095 atque
485 2054 655 2085 utilitatem
673 2051 910 2092 pertinentem,

42 2097 198 2139 probabili
225 2096 379 2137 indulgeri
412 2095 511 2127 modo
531 2117 540 2132 ‚
572 2103 666 2134 quam
699 2093 909 2123 veneratione

43 2139 159 2170 erroris
176 2161 186 2177 ,
218 2136 314 2169 officii
333 2136 436 2178 specie
455 2136 616 2173 fallentis,
651 2143 786 2175 pergere
807 2133 908 2170 ultra,

43 2189 136 2220 quarn
166 2178 345 2210 communis
376 2185 537 2219 pateretur
567 2174 680 2208 sensus.
731 2174 792 2206 Sed
823 2175 908 2205 enim

45 2222 195 2252 virtutem
219 2229 325 2251 veram
346 2219 375 2251 &
392 2219 560 2251 masculam
585 2227 602 2249 a
620 2226 700 2248 vana
718 2224 814 2256 atque
833 2216 908 2246 ima-

46 2262 164 2304 ginaria
180 2261 312 2299 separari
335 2261 448 2292 decet:
471 2260 554 2291 illam
572 2259 683 2291 utilem
699 2258 838 2289 humano
858 2266 909 2297 ge-

47 2303 116 2334 neri
140 2302 267 2334 retin‘eri
296 2302 425 2342 colique
449 2299 595 2342 religiose
613 2300 643 2332 δί
665 2298 789 2337 sancte,
822 2297 910 2330 istam

47 2343 131 2375 inani
169 2341 336 2374 severitate
368 2342 496 2374 noxiam
538 2341 618 2374 serio
657 2339 815 2381 repudiari
834 2362 844 2378 ,
877 2349 911 2370 o·

47 2385 168 2416 mnium
195 2383 335 2416 interest.
361 2383 415 2415 nifi
439 2383 523 2415 aliud
547 2383 689 2415 humanis
717 2381 810 2413 rebus
831 2389 911 2412 vero

48 2431 148 2472 atque
171 2425 239 2456 utili
266 2427 365 2465 magis
383 2425 545 2456 convenit.
571 2432 602 2456 at
623 2423 685 2465 ipsa
702 2423 779 2464 quid
800 2421 846 2453 est
869 2420 910 2452 sa—

51 2473 196 2509 pientia,v
236 2472 407 2508 tantopere
436 2466 584 2499 omnibus
619 2465 729 2498 seculis
760 2464 911 2501 laudata,

953 1019 1070 1090 ssraet'er
1086 1016 1154 1047 veri
1170 1023 1267 1053 atque
1283 1015 1367 1046 utilis
1389 1011 1630 1056 intelligentiam
1641 1014 1658 1047 ἒ)
1674 1014 1712 1046 ad
1728 1006 1823 1055 quarti

977 1069 1037 1090 ona
1055 1058 1119 1090 fide
1138 1058 1310 1094 accedere,
1343 1057 1516 1096 unicuique
1536 1056 1585 1096 jus
1602 1056 1646 1087 est
1670 1063 1746 1087 nato
1766 1055 1824 1086 ho-

952 1102 1053 1138 mini,
1086 1108 1152 1130 non
1176 1097 1375 1139 impediente
1399 1105 1507 1128 natura
1525 1120 1534 1135 ,
1567 1098 1654 1128 utilis
1679 1097 1823 1137 bonique

953 1140 1090 1173 studiosa
1107 1149 1115 1170 :
1137 1141 1214 1171 eniti
1233 1149 1311 1170 vero
1339 1139 1476 1179 pretium
1494 1147 1602 1178 operae
1619 1138 1716 1170 fuerit
1736 1139 1766 1169 in
1789 1148 1825 1170 re

954 1183 1032 1215 tanti
1059 1181 1237 1219 moinenti,
1262 1189 1324 1220 qua
1349 1179 1435 1211 nulla
1453 1178 1498 1210 est
1523 1176 1659 1219 majoris.
1684 1178 1825 1219 scilicet,-

953 1226 1026 1265 quia
1044 1233 1080 1255 ea
1099 1222 1355 1265 commercium,
1371 1220 1500 1252 unicum
1519 1220 1663 1259 humanae
1683 1221 1826 1262 indigen-

953 1267 1004 1297 tiae
1023 1264 1209 1303 subsidium,
1241 1272 1319 1303 paee
1337 1263 1367 1294 &
1392 1261 1498 1300 beno,
1521 1261 1585 1294 five
1603 1262 1764 1304 privatos,
1788 1262 1826 1294 fi-

953 1317 993 1339 ve
1019 1307 1166 1338 civitates
1185 1329 1195 1344 ,
1226 1304 1290 1336 sive
1317 1304 1479 1345 principes
1496 1326 1506 1341 ‚
1537 1302 1601 1334 five
1627 1304 1765 1343 denique
1792 1304 1824 1335 in

952 1348 1097 1381 maximis
1117 1370 1127 1386 ‚
1159 1346 1297 1379 minimis
1315 1368 1324 1383 ‚
1354 1343 1517 1385 praesentis
1544 1344 1825 1385 opportunitatem

952 1391 1098 1431 pecuniae
1115 1395 1209 1429 putes
1268 1396 1378 1419 carere
1403 1395 1468 1417 non
1488 1385 1591 1426 possit.
1618 1385 1677 1417 hac
1701 1383 1827 1418 ratione

953 1440 1013 1463 nec
1031 1437 1207 1473 contentus
1224 1411 1269 1460 sui
1281 1451 1290 1467 ,
1308 1425 1450 1468 ,attigisse
1472 1436 1543 1469 rem
1558 1427 1825 1467 pulcherrimam,

952 1482 1073 1513 perque
1097 1480 1210 1511 omnes
1235 1469 1339 1501 civilis
1357 1465 1515 1509 sapientiae
1535 1472 1639 1510 partes
1665 1469 1762 1510 longe
1780 1470 1824 1502 la-

952 1523 1049 1554 teque
1067 1512 1221 1544 diffusain.
1248 1511 1347 1552 magis
1373 1509 1497 1541 sustinui
1518 1533 1528 1548 ‚
1560 1511 1716 1551 integram
1735 1520 1828 1543 com·

951 1556 1046 1597 plecti
1068 1553 1225 1596 formam,
1247 1552 1343 1593 ipsam
1362 1550 1547 1588 obscuram,
1572 1554 1668 1592 atque
1688 1554 1823 1593 impedi-

952 1605 1035 1635 tam,
1058 1605 1119 1627 nec
1137 1604 1298 1636 tamquam
1321 1603 1361 1625 ex
1380 1591 1567 1633 praescripto
1581 1591 1674 1624 semel
1696 1601 1800 1625 natam
1813 1617 1826 1633 ‚

951 1648 1057 1679 neque
1077 1637 1159 1668 adeo
1184 1646 1276 1667 unam
1295 1635 1325 1666 ὃς
1344 1633 1564 1672 constantem,
1588 1634 1713 1673 qualem
1731 1635 1826 1674 pleri-

951 1689 1014 1721 que
1037 1678 1193 1719 effingunt
1217 1677 1388 1708 hastenus:
1421 1674 1474 1707 sed
1493 1698 1502 1712 ,
1535 1676 1624 1715 quod
1641 1676 1751 1707 evenit
1775 1676 1824 1708 his

951 1731 1021 1761 quae
1040 1720 1198 1757 utentium
1224 1716 1456 1761 consuetudine
1480 1716 1658 1748 formantur
1674 1740 1683 1755 ‚
1714 1717 1824 1750 sensim

951 1761 1146 1803 perfeetum,
1171 1769 1268 1801 atque
1285 1756 1415 1791 interim
1434 1759 1492 1798 pro
1512 1758 1565 1789 usu
1584 1762 1767 1799 temporum
1786 1754 1827 1790 ac'

952 1812 1078 1835 morum
1098 1802 1214 1833 variam
1235 1810 1272 1831 ac
1289 1799 1493 1839 mutabilem,
1519 1799 1599 1839 saepe
1622 1801 1742 1839 palam,
1768 1801 1826 1832 ali-

952 1844 1080 1884 quando
1098 1852 1155 1883 per
1179 1838 1439 1881 consequentiam
1465 1840 1578 1872 mutati
1607 1841 1765 1879 nominis,
1788 1850 1825 1873 ut

950 1886 1007 1926 jusv
1027 1884 1139 1915 inutile
1165 1883 1217 1914 vel
1244 1883 1356 1913 colore
1373 1882 1564 1913 eluderetur.
1592 1885 1629 1912 ea*
1653 1881 1723 1914 sane
1741 1882 1771 1914 ἀ
1790 1883 1827 1915 fi:

953 1926 1038 1958 milia
1058 1935 1130 1957 cum
1148 1925 1185 1956 ad
1203 1924 1246 1955 rei
1268 1930 1432 1955 momenta
1457 1921 1583 1954 adferre
1602 1924 1774 1964 plurimum
1792 1926 1824 1956 δε

953 1968 1033 1999 lucis
1052 1967 1082 1998 ἃ,
1101 1965 1274 2006 voluptatis
1301 1963 1532 2006 existimarem,
1565 1973 1755 2006 quamquam
1776 1976 1824 1998 ar·

953 2009 1051 2040 duum
1070 2007 1167 2046 ess'et,
1192 2005 1379 2044 observavi,
1412 2004 1564 2045 quantum
1591 2015 1647 2046 per
1671 2008 1825 2047 antiquos'

953 2050 1043 2084 licuit
1071 2048 1225 2080 Auctores
1252 2048 1365 2087 quibus
1386 2047 1480 2087 longa
1505 2047 1649 2087 pepercit
1669 2048 1821 2081 vetustas.

952 2090 1015 2122 fuit
1031 2099 1160 2131 quoque
1179 2089 1231 2120 ubi
1248 2089 1396 2120 Lrbrariis
1414 2098 1429 2118 a
1447 2088 1560 2128 quibus
1579 2087 1734 2129 descripta
1751 2085 1824 2122 sunt.

953 2141 1063 2174 eorum
1082 2138 1309 2168 monumenta,
1342 2130 1530 2169 imputarem
1557 2128 1708 2162 causarias
1730 2132 1823 2163 loco-

952 2183 1020 2205 rum
1038 2181 1162 2213 partes,
1187 2181 1359 2211 earumque
1383 2171 1541 2207 molestias
1560 2172 1665 2211 levare
1684 2180 1738 2203 aut
1761 2173 1822 2205 tol-

954 2216 1018 2246 lere
1036 2215 1160 2250 medica
1180 2223 1315 2244 conarer
1334 2214 1400 2244 arte
1417 2221 1511 2252 quam
1540 2213 1584 2243 eis
1609 2212 1756 2246 homines
1776 2215 1822 2245 in-

952 2257 1050 2297 genio
1072 2256 1100 2286 <Sc
1125 2255 1267 2288 doctrina
1294 2254 1453 2293 principes
1469 2276 1477 2291 ‚
1511 2253 1627 2285 nullam
1646 2263 1700 2285 aut
1719 2255 1826 2287 infeli-³

954 2298 1037 2328 citer
1061 2296 1241 2327 attulerant.
1286 2296 1346 2327 Seu
1372 2295 1411 2327 de
1437 2294 1465 2325 se
1486 2295 1620 2334 quisque
1648 2294 1750 2335 sperat
1768 2298 1823 2328 be&

956 2349 1015 2371 ne:
1041 2338 1069 2369 &
1096 2346 1129 2368 tu
1148 2347 1212 2369 rem
1232 2338 1330 2369 mavis
1348 2360 1357 2375 ‚
1391 2345 1483 2376 quam
1510 2337 1617 2368 verba.
1643 2337 1750 2369 deflno
1767 2340 1825 2380 igi-·

955 2389 1005 2411 tur
1023 2378 1168 2420 praefari:
1192 2379 1220 2410 az
1239 2388 1333 2418 quem
1359 2377 1521 2418 exspectas
1539 2376 1655 2410 futurae
1671 2378 1822 2412 ordinem?

956 2420 1186 2462 disputations,
1210 2419 1352 2461 subjicio.

785 2590 995 2635 Crp'ur
1045 2583 1070 2632 f.

677 2712 855 2748 Summarl'a
880 2712 975 2758 operis
1000 2703 1183 2758 distriburib.

54 2826 190 2899 Opus
206 2825 268 2858 hoe
288 2831 382 2878 quod·
392 2831 431 2864 de
449 2831 576 2865 foenore
598 2833 627 2865 &
644 2832 740 2865 usuris
758 2831 915 2874 inscripfla

154 2877 184 2899 in
210 2875 272 2900 tres
299 2871 438 2904 distribui
465 2875 573 2907 libros.
607 2884 743 2914 quorum
772 2875 916 2915 primus,

56 2907 200 2948 exposita
230 2917 302 2955 ante
336 2914 565 2948 vocabulorum
601 2916 631 2947 vi
664 2925 700 2947 ac
733 2915 892 2956 potestate
907 2938 916 2953 ,

55 2957 151 2989 quarn
173 2958 234 2996 aut'
253 2959 357 2991 priora
377 2963 431 2985 aut
448 2956 611 2996 insequuta
637 2958 820 2989 invenerint
837 2965 914 2987 tem¹

52 2997 151 3029 pora,
184 2993 257 3023 dein
287 3002 323 3023 an
347 2992 500 3028 Gentium
518 3007 571 3028 aut
599 2997 721 3029 Divino
738 2999 807 3038 jure
829 2997 917 3028 usura

52 3030 238 3078 aut-foenus
262 3034 433 3074 probetur,
462 3038 526 3069 late
549 3039 712 3080 disceptat.
739 3040 818 3071 alter
839 3048 916 3069 con·

49 3070 180 3119 sumitur
201 3082 285 3105 circa
302 3076 433 3108 modum
459 3077 638 3120 finemque,
669 3090 764 3121 quem
782 3089 841 3121 pro
858 3079 914 3110 ho-

47 3121 169 3160 minum
193 3112 420 3162 causarumque
441 3120 592 3151 varietate
609 3145 619 3160 ‚
650 3121 712 3153 five
735 3131 776 3152 ex
792 3130 915 3152 contra-

51 3152 195 3188 hentium
219 3164 443 3191 conventione
461 3183 468 3194 .
502 3160 563 3193 five
590 3172 629 3194 ex
650 3162 758 3194 officio
775 3161 914 3201 judicis,

958 2832 1009 2871 vel
1027 2831 1165 2863 vetustas
1192 2830 1347 2870 tenuerit,-
1379 2832 1429 2864 vel
1450 2831 1488 2863 ad
1512 2840 1628 2867 novam
1647 2824 1825 2865 hamar-ufta&

960 2875 1003 2904 tis
1018 2873 1119 2914 legem
1143 2872 1328 2913 Jussinianus
1353 2873 1530 2906 inflexerit:
1553 2874 1639 2906 simul
1658 2898 1667 2913 ,
1699 2875 1772 2915 quid
1790 2883 1822 2910 a·

961 2915 1069 2952 varitia
1096 2923 1208 2946 contra
1229 2915 1329 2955 palam
1355 2923 1409 2946 aut
1427 2924 1493 2946 arte
1509 2915 1577 2947 ausa
1601 2915 1657 2955 fit,
1685 2924 1820 2961 quaeque

960 2956 1108 2988 adversus
1132 2965 1199 2987 eam
1229 2957 1368 2987 remedia
1401 2957 1619 2995 invaluerint,
1650 2956 1821 2995 diligenter

959 2998 1128 3029 examinat.
1153 2999 1263 3036 tertius
1282 2997 1386 3030 causas
1402 2996 1613 3038 exseq‘utituS‚
1636 2997 1748 3034 quibus
1767 3001 1820 3028 na'-

959 3037 1000 3084 sci
1019 3047 1073 3070 aut
1090 3038 1158 3070 tolli
1176 3039 1264 3070 usura
1283 3040 1446 3077 videatur,
1471 3041 1529 3070 iter
1553 3039 1610 3069 viae
1630 3038 1734 3076 utilis,
1759 3047 1825 3076 nec⁴

960 3089 1143 3125 mamoenae,
1174 3090 1366 3122 quamquam
1393 3079 1562 3119 aliquando
1588 3079 1728 3118 aspcrae,
1759 3082 1821 3111 nec

958 3119 1027 3152 latis
1046 3123 1200 3163 vulgatae‚
1225 3121 1372 3153 absolvit.
1415 3122 1476 3153 Sed
1493 3120 1628 3161 primum
1647 3119 1687 3152 de
1706 3120 1821 3153 verbo-

957 3172 1027 3196 rum
1045 3164 1075 3197 vi
1092 3173 1189 3205 atque
1208 3162 1260 3196 usu
1285 3163 1414 3195 videbo.

1310 3250 1342 3283 T
1364 3260 1386 3291 3·
1751 3251 1779 3288 C
1787 3250 1821 3284 Aa
