2036 3495
499 137 957 172 Osssarzvi‘rz

92 220 300 268 deiussoribus
315 224 552 269 locupletibus:
573 232 763 267 tantumque
774 225 880 267 excipi
892 233 961 266 per-

92 269 183 302 sonas
198 266 403 308 necessarias,
426 278 444 300 a
468 268 582 310 quibus
603 267 871 309 qualemcumque
894 268 959 299 dari

92 309 304 351 'fidejussorem
320 333 329 349 ‚
353 310 385 342 id
402 310 464 349 est,
488 310 585 344 etiam
600 317 665 342 non
681 308 881 349 locupletem
899 308 959 340 suf-

91 351 160 384 ficit
175 353 196 383 Ι.
216 360 243 385 1.
261 360 289 384 2.
306 350 344 386 ὅ)
358 360 387 393 3.
411 351 454 382 D.
482 352 514 383 in
542 351 583 382 ‘us
607 350 705 382 vocati
727 355 763 381 ut
784 355 879 389 eant,
907 356 960 381 aut

82 395 162 434 satis
183 393 238 424 vel'
251 398 370 425 cautum
392 393 470 424 dent.
559 399 621 433 que
644 390 769 423 constat
784 390 848 423 esse
864 414 873 430 ,
906 394 959 431 qui

90 436 120 465 r'n
135 434 184 473 Jus
198 434 325 473 vocati,
337 442 401 465 non
421 442 462 464 co
487 441 578 466 antur
594 432 763 472 satisdare3
776 431 828 464 sed
845 433 962 472 poffint

88 474 241 514 juratoria
255 474 404 508 cautione
413 475 452 506 de
471 475 565 515 ungi3
580 473 691 515 estque
700 475 887 515 pervulgata
897 473 962 505 sen-

92 518 211 556 tentia,
233 517 264 548 in
282 515 331 548 his
355 514 418 548 esse
436 516 489 556 qui
512 515 727 554 fidejussorem
744 515 890 547 invenire
909 525 963 547 ne-

90 565 235 598 queant:
267 557 366 589 modo
391 558 454 589 hoc
477 558 614 598 primurn
649 557 845 589 sacramento
878 557 959 589 affir-

88 606 197 637 ment,
215 598 245 630 &
261 598 378 631 deinde
393 599 577 639 Juratoriam
593 598 777 630 cautionem
798 598 958 639 praestent.

132 639 167 671 Id
182 648 260 671 vero
275 648 293 670 a
310 639 384 679 Jure
400 638 508 671 nostro
528 638 590 672 effe
608 640 744 672 alienum
755 663 765 678 ,
788 640 863 672 mihi
887 648 958 681 per-

88 679 214 712 suadeo.
260 677 345 712 Nam
371 682 459 721 quod
484 682 600 714 attinet
615 682 656 713 ad
672 680 844 713 secundum
861 689 958 723 caput

88 721 218 754 Novella
229 730 303 767 ¹112.
326 723 358 753 in
375 731 440 764 quo
465 724 570 764 capito
596 723 660 755 hoc
685 723 765 755 tradi
791 724 957 755 creditur:

85 763 116 794 in
139 771 180 793 eo
203 763 282 794 nmil
305 763 376 795 tale.
401 771 524 797 tantuin
547 767 652 806 agitur
681 763 723 795 ibi
748 766 788 795 de
811 764 919 795 astore
942 774 958 795 a

89 805 154 844 quo
171 803 342 844 praestanda
359 804 395 836 fit
412 805 575 838 satisdatio
599 815 658 847 pro
675 806 777 838 litium
793 804 957 846 expenfis:

87 853 236 877 caeterum
254 845 294 878 de
309 847 461 878 cautione
481 848 602 888 Judicio
626 846 685 879 sisti
706 856 722 878 a
739 856 796 879 reo
814 846 956 887 praestan-

88 887 145 933 cla,
169 896 208 918 ne
225 887 252 918 ei
270 888 396 920 neceffe
418 888 454 920 fit
478 891 508 921 in
525 890 573 930 jus
595 889 724 928 venire,
749 898 809 929 qua
825 888 865 919 de
884 897 955 918 cau-

86 935 176 959 tione
201 928 269 960 haec
301 929 405 961 nostra
428 929 475 961 est
497 931 673 972 disputatio
689 953 699 968 ,
722 939 764 962 ne
792 930 956 961 minimum

84 969 215 1009 quidem
240 970 341 1002 exstat
365 971 542 1012 vestigium.
574 980 609 1004 ut
638 971 704 1003 hoc
734 971 954 1011 intelligatur:

84 1009 197 1042 sufficit
212 1011 365 1051 inspectio
390 1013 463 1044 dicti
490 1013 612 1055 Capitis
633 1012 779 1051 secundi,
804 1013 891 1052 quus
909 1011 956 1043 In-

81 1050 213 1092 scriptio
234 1053 324 1084 estin
344 1053 414 1086 haec
434 1054 540 1087 verba.
584 1054 632 1086 De
652 1055 782 1086 cautione
803 1062 865 1095 quse
887 1055 955 1084 ante

87 1102 199 1125 reorum
216 1095 381 1126 citationem
399 1095 531 1137 ,arrestari
550 1098 627 1128 debet
650 1097 686 1127 ab
710 1094 813 1127 altore.
859 1093 953 1136 ipsius

83 1143 190 1166 autern
212 1134 333 1173 Capitis
350 1138 445 1168 verba
468 1138 539 1169 talia
560 1137 639 1169 sunt.
690 1137 742 1168 Ad
765 1136 955 1167 excludendas

82 1183 180 1207 autem
198 1177 366 1216 calumniose
388 1181 565 1210 moventium
581 1178 752 1209 intentiones
770 1177 806 1212 ὅ)
822 1183 952 1209 executo-

82 1227 147 1249 rum
161 1218 286 1257 fraudes
310 1219 394 1250 aliud
416 1221 529 1251 invenit
547 1216 733 1261 providentia
755 1216 849 1259 nostra
863 1228 952 1249 reme-

84 1260 173 1290 dium.
224 1258 376 1291 Sancimus
404 1263 479 1292 enim
503 1270 597 1292 ornnes
615 1260 729 1302 judices
751 1282 760 1298 ‚
784 1258 813 1297 fi
837 1261 951 1301 quando

84 1299 196 1341 aliquos
215 1303 304 1332 teneri
319 1302 365 1332 vel
386 1304 514 1334 amoveri
532 1302 697 1340 voluerint,
721 1301 795 1332 banc
819 1302 952 1331 conditio-

85 1349 150 1372 nem
166 1343 197 1372 in
215 1343 278 1383 suis
302 1343 568 1374 interlocutionibus
582 1343 725 1384 adjicere,
748 1349 781 1374 ut
796 1351 853 1373 non
868 1342 953 1373 aliter

84 1383 313 1414 conventionales
329 1384 414 1416 libelli
434 1385 555 1425 pulsatis
573 1386 786 1426 porrigantur,
809 1390 951 1423 azitspor-

80 1423 147 1454 ναίω
170 1426 367 1456 executoribus
390 1428 496 1457 cientur
513 1450 523 1465 ,
554 1421 610 1464 rufi
628 1426 712 1466 prius
738 1425 774 1459 (ᾗ)
797 1426 828 1456 in
851 1425 951 1455 libeliis

84 1463 164 1496 naor
174 1472 227 1506 per
239 1472 267 1505 se
283 1473 336 1498 aut
350 1474 402 1508 per
419 1468 576 1499 tabularios
585 1467 802 1508 subscripserit:
827 1466 863 1500 ἐξ
877 1465 951 1497 αὲῗὶς

81 1508 339 1539 intervenientibus
352 1508 546 1550 fidejufforem
568 1506 714 1540 ideonezmz
732 1507 858 1548 pericula
878 1514 949 1539 com-

75 1548 201 1589 petentis
219 1547 303 1590 officii
318 1548 482 1591 proeftiterz't
498 1574 508 1590 ,
531 1549 712 1590 confitentem
728 1573 738 1586 ,
761 1551 837 1590 quod
860 1557 950 1591 usque

79 1590 118 1620 ad
125 1587 218 1628 finem
233 1591 293 1621 litis
303 1597 488 1632 permaneat,
511 1591 548 1626 ὃ)
560 1594 629 1629 suas
645 1592 816 1622 intentiones
834 1596 886 1621 aut
901 1596 951 1629 per

71 1633 105 1671 Je
129 1635 180 1662 aut
200 1637 253 1671 per
274 1632 434 1674 legitimum
453 1639 666 1672 procuratorem
688 1637 840 1664 exerceat:
869 1631 905 1666 &³
922 1630 951 1669 si

77 1669 174 1713 postea
189 1672 290 1712 fuerit
315 1676 488 1715 approbatus
504 1671 610 1715 injuste
622 1673 699 1705 litem
714 1673 829 1714 movzffe
843 1695 852 1711 ,
866 1678 949 1713 sum-

72 1718 182 1754 ptuum
203 1712 240 1749 ὅ)
262 1716 451 1756 expensarum
476 1717 588 1747 nomine
611 1716 747 1746 decimam
760 1719 871 1755 partem
886 1715 949 1756 ejus

80 1755 276 1795 quantitatis,
298 1765 360 1797 quae
380 1758 412 1788 in
436 1754 525 1787 libello
551 1757 738 1795 continetur,
762 1756 877 1797 pulsato
901 1764 945 1787 re-

74 1793 198 1836 stituat.
241 1796 274 1827 Si
296 1804 392 1829 autem
415 1799 521 1829 dixerit
537 1821 549 1836 ‚
569 1806 628 1829 non
648 1798 744 1828 valere
757 1795 950 1837 fidejuffo‘rem

77 1837 147 1868 dare
163 1846 174 1868 .·
203 1841 275 1868 tunc
298 1840 376 1879 apud
387 1838 524 1879 Judicem
541 1849 560 1871 a
575 1849 630 1880 quo
646 1840 731 1878 caula
753 1839 951 1870 examinanda

79 1873 142 1918 cst,
164 1877 279 1918 sanctis
303 1878 452 1920 propositis
478 1880 648 1923 Euangeliis
668 1887 720 1920 per
739 1881 952 1918 sacramentum

77 1920 131 1950 boc
146 1918 238 1960 ipsum
252 1919 394 1962 affirmet,
416 1920 453 1956 ὅ)
468 1919 512 1959 sic
530 1921 709 1963 juratoriam
728 1922 888 1953 cautionem
901 1929 951 1953 ex-

76 1965 195 2002 ponat,
217 1959 255 1996 &⁹
275 1968 330 2004 per
351 1972 413 1994 eam
434 1963 492 1994 baec
515 1972 576 2004 quse
594 1963 724 2004 superius
745 1960 826 1995 aida
846 1964 950 2003 sunt,

71 2000 255 2047 profiteatur.
300 2003 337 2036 ln
353 2004 403 2035 his
425 2004 531 2035 verbis
552 2013 624 2044 quae
646 2005 692 2036 rei
718 2005 827 2036 cautio
849 2005 881 2036 in
904 2004 951 2044 ju·

82 2043 170 2074 dicio
185 2043 273 2077 sisti?
296 2044 392 2077 nulla.
409 2045 506 2086 igitur
519 2045 633 2078 frustra
647 2045 722 2078 inde
741 2046 879 2086 petitur,
894 2043 949 2076 ubi

79 2084 208 2117 inducta
225 2095 291 2119 non
307 2085 363 2119 est.
387 2086 485 2127 quid,
508 2086 530 2119 fi
552 2096 612 2119 nec
629 2095 702 2119 ante
725 2087 806 2119 hanc
823 2085 949 2118 Novel-

76 2125 140 2172 lnm
158 2127 333 2160 obtinuit?
362 2127 458 2160 solito
483 2127 643 2168 Praetore,
667 2129 848 2160 concedere
864 2127 951 2159 acto-

77 2175 124 2207 ri,
145 2169 271 2201 volenti
292 2169 412 2210 judicio
438 2170 600 2210 experiri,
631 2169 840 2202 adversarium
862 2169 949 2202 suurn

79 2209 113 2240 in
126 2209 174 2248 ius
190 2219 326 2250 vocare3
350 2219 387 2242 ac
400 2210 457 2243 nisi
472 2211 545 2243 satis
562 2212 613 2244 vel
628 2219 756 2243 cautum
776 2212 830 2243 det
845 2234 858 2250 ,Ἴ
877 2209 950 2252 post

78 2249 340 2291 antestationem-,
363 2253 395 2283 in
407 2253 456 2294 jus
472 2253 591 2285 ducere
613 2254 652 2286 ad
671 2252 865 2292 Praetorem,
889 2261 948 2294 po-

80 2290 299 2338 stulationibus
325 2292 516 2334 sedentem3
544 2295 684 2336 alioquin
706 2295 737 2326 in
761 2301 923 2326 carcerem
937 2317 948 2333 ,

80 2332 135 2364 ubi
161 2332 301 2365 lervetur
323 2335 354 2366 in
379 2333 564 2374 sequentem
588 2336 812 2376 postulationis
837 2336 922 2367 diem
938 2358 948 2374 ‚

78 2375 112 2405 in
139 2374 208 2414 jure
235 2373 358 2407 sistendi
393 2375 492 2408 causa.
551 2376 625 2418 Ejus
656 2378 702 2409 rei
733 2376 949 2409 testimonium

78 2415 194 2456 (quod
212 2425 291 2449 unus
313 2416 496 2449 observavit
521 2418 561 2450 V.
580 2418 640 2451 CL.
662 2418 799 2459 Jacobus
824 2418 950 2450 Raevar-

83 2457 159 2497 dus,
181 2457 244 2491 Ad.
267 2458 341 2501 Leg.
362 2457 438 2492 XII.
471 2458 542 2491 Ίῖιῦ.
560 2470 586 2494 c.
604 2460 663 2502 5.)
686 2459 731 2492 est
753 2462 839 2502 apud
859 2459 950 2492 Plau-

786 2566 1000 2606 CA'Pur

992 147 1013 170 o
1047 126 1128 172 rto
1167 145 1192 170 M
1243 133 1356 170 Lis.
1396 133 1448 170 11.
1825 133 1897 176 285

1006 232 1073 257 tum
1091 248 1101 264 ,
1132 225 1164 255 in
1190 224 1275 265 Persa
1299 234 1328 255 ε’..
1354 233 1387 264 4.
1412 227 1461 258 18-
1498 221 1573 257 SA.
1600 216 1741 253 Vadatur
1769 219 1816 251 bic
1833 229 1890 251 me.

1006 266 1089 298 PAE.
1127 266 1252 297 Utinam
1275 266 1365 297 vades
1389 265 1502 304 defint‚
1525 265 1557 294 in
1581 269 1694 294 carcere
1709 259 1804 306 utfis.
1849 259 1885 293 Id

1005 315 1111 339 tamen
1130 331 1139 347 ‚
1162 317 1203 339 ne
1227 308 1320 339 nimis
1349 306 1509 338 vetustum
1527 327 1537 343 ,
1569 311 1676 345 eoque
1700 303 1883 348 obsoletum

1004 348 1067 380 effe
1088 350 1235 381 videatur
1254 348 1374 389 juvabo
1402 347 1595 379 auctoritate
1619 345 1700 385 lmp-
1737 343 1882 390 =iustinia-

1005 393 1055 429 ni,
1081 391 1121 422 de
1138 390 1196 421 suis
1216 390 1415 431 temporibus
1433 390 1519 420 idern
1543 386 1762 418 confirmantis
1785 385 1805 417 l.
1827 394 1876 422 19.

1005 431 1039 462 C.
1056 432 1089 462 de
1111 429 1247 471 testibus,
1272 431 1377 462 verbis
1397 429 1612 472 sequentibus,
1653 428 1688 459 Si
1702 427 1878 468 quando‘in·

1004 475 1079 503 vitos
1096 473 1175 513 testes
1194 474 1226 504 in
1246 472 1426 513 pecuniariis
1449 469 1541 509 caufis
1557 479 1593 501 ex
1617 467 1715 509 nostra
1737 469 1797 509 tege
1819 466 1874 499 ali-

1005 516 1070 555 qztis
1088 516 1197 546 trabere
1211 514 1347 545 maluerit
1365 537 1375 552 ,
1400 511 1429 550 fi
1443 514 1558 554 quidem
1566 515 1627 552 sua
1643 515 1740 553 sponte
1751 511 1876 553 fidejus·

998 555 1108 594 fiorrem
1120 557 1178 594 [ωε
1191 557 1314 597 persona
1325 553 1389 593 fine
1403 556 1508 586 damno
1519 551 1655 594 proefiare
1678 551 1773 583 velint
1789 574 1799 590 ‚
1823 551 1874 582 boc

995 595 1089 637 fieri:
1113 596 1164 636 fin
1187 604 1283 629 autem
1310 597 1479 635 noluerint,
1502 604 1561 626 non
1588 592 1725 625 carcerali
1746 590 1875 634 eistadiae

1001 640 1132 677 detrudi,
1146 640 1201 679 sed
1220 639 1396 676 [aeramento
1419 646 1461 668 eos
1479 637 1617 668 committi
1641 634 1794 674 censemus.
1841 633 1876 665 Si

1000 681 1075 710 enim
1087 687 1142 720 pro
1160 686 1216 711 toto
1231 680 1292 710 litis
1307 680 1464 711 certamine
1474 677 1666 720 jurijurando
1683 673 1799 714 testium
1813 684 1874 706 cree

1001 722 1126 752 ciendum
1152 721 1204 762 effe
1227 721 1401 762 putaverint
1423 720 1454 751 bi
1471 743 1481 760 ,
1512 720 1563 761 qui
1585 727 1628 750 eos
1652 717 1874 760 produxerint:

1001 763 1088 793 multo
1102 766 1193 804 magis
1205 765 1385 803 prcesetztt'um
1395 764 1484 801 ,sitam
1508 758 1625 802 testibus
1638 763 1813 800 sacramento
1827 767 1872 804 50²

999 810 1062 834 rum
1078 806 1187 834 credere
1204 804 1313 834 debent.
1358 802 1408 834 Ex
1432 803 1480 834 his
1502 801 1663 842 justiniani
1681 800 1788 831 verbis
1806 799 1871 843 <1¹⁵ss

1000 845 1100 884 citur,
1125 845 1226 875 teneri
1246 854 1318 876 reos
1336 845 1367 876 in
1381 847 1430 885 jus
1449 847 1584 876 vocatos
1603 866 1613 882 ,
1634 841 1733 874 actori
1755 846 1874 872 cavere

1000 886 1080 918 datis
1094 884 1343 925 fidejussoribus:
1368 885 1456 926 quod
1479 884 1533 917 nisi
1556 885 1694 921 faciant,
1718 883 1750 914 in
1766 891 1873 914 carce·

999 936 1066 958 rem
1083 928 1219 958 detrudi.
1243 927 1393 966 idemque
1410 925 1582 959 obtinuisse
1598 927 1628 958 in
1645 925 1776 957 testibus
1792 947 1802 963 ‚
1826 930 1872 955 te-

999 967 1136 1000 stimonii
1153 967 1243 999 causa
1259 969 1289 999 in
1304 968 1353 1008 jus
1372 969 1515 1000 vocatis:
1539 969 1616 999 licet
1632 966 1731 1008 parati
1748 964 1870 1005 effent,

996 1010 1179 1050 juratoriam
1196 1008 1340 1050 praestare
1357 1009 1559 1042 cautionem:
1581 1010 1689 1041 donec
1705 1007 1765 1039 hos
1785 1016 1803 1038 a
1825 1015 1873 1038 re-

996 1051 1071 1092 gula
1093 1051 1168 1090 juris
1193 1050 1323 1091 excepit
1346 1049 1425 1091 Imp.
1453 1050 1664 1090 justinianus:
1694 1048 1870 1090 praefatus,

998 1091 1165 1124 absurdum
1189 1091 1276 1130 este,
1308 1093 1423 1132 quibus
1448 1091 1624 1132 iurantibus
1646 1091 1788 1123 creditur
1811 1097 1871 1130 pro

999 1141 1072 1164 toto
1089 1134 1151 1165 litis
1168 1132 1342 1164 certamine
1361 1144 1369 1165 ε
1393 1132 1463 1174 ipsis
1488 1141 1552 1164 non
1570 1133 1657 1164 credi
1673 1131 1872 1172 iurantibus,

997 1183 1090 1206 certo
1111 1176 1162 1206 die
1185 1172 1216 1206 so
1232 1174 1400 1215 injudicio
1428 1173 1542 1205 adfore
1568 1172 1740 1205 testimonii
1756 1173 1869 1214 gratia.

997 1215 1077 1247 Haec
1104 1216 1198 1257 igitur
1221 1223 1293 1248 cum
1318 1214 1355 1246 fit
1377 1215 1408 1248 in
1425 1214 1556 1247 testibus
1573 1213 1745 1255 excepti03
1768 1212 1871 1254 perse-

996 1265 1086 1289 verat
1102 1256 1209 1298 regula
1223 1258 1254 1288 in
1267 1256 1333 1288 reis
1348 1256 1379 1288 in
1394 1255 1443 1297 jus
1460 1257 1602 1288 vocatis:
1625 1256 1656 1286 in
1674 1254 1788 1297 quibus
1805 1263 1871 1285 mu-

995 1307 1060 1329 tata
1076 1308 1140 1330 non
1162 1298 1218 1331 cst.
1262 1297 1343 1330 Illud
1370 1298 1552 1335 videamus,
1576 1297 1671 1338 quale
1698 1295 1734 1328 fit
1749 1318 1759 1335 ‚
1783 1295 1889 1337 quod:

995 1339 1151 1381 Ulpianus
1164 1340 1182 1370 l.
1201 1349 1228 1371 2.
1253 1339 1282 1381 §.
1297 1343 1328 1371 6.
1352 1338 1395 1370 D.
1418 1340 1451 1370 de
1462 1339 1584 1381 judiciis
1600 1337 1719 1370 scribit.
1762 1337 1803 1380 Sir
1818 1337 1873 1368 du-

995 1384 1118 1421 bitetur,
1142 1388 1243 1413 utrum
1265 1383 1297 1412 in
1322 1390 1354 1412 ea
1378 1381 1443 1422 qais
1459 1381 1546 1420 causa
1561 1379 1624 1419 fit,
1647 1386 1682 1411 ut
1697 1380 1810 1411 domum
1825 1386 1870 1409 re·

994 1433 1096 1454 vocare
1108 1421 1207 1463 poffit,
1231 1431 1282 1453 nec
1297 1431 1333 1452 ne
1345 1433 1355 1453 .-
1377 1422 1433 1463 ipse
1452 1422 1565 1453 Praetor
1576 1423 1655 1453 debet
1669 1421 1756 1460 caiisa
1772 1420 1872 1462 cogni·

993 1471 1023 1496 ta
1041 1463 1181 1502 statuere,
1243 1463 1331 1507 ,Quod
1352 1462 1380 1501 fi
1406 1461 1562 1504 constiterit
1579 1486 1588 1502 ,
1619 1464 1651 1494 in
1675 1472 1709 1495 ea
1729 1472 1795 1494 eum
1819 1460 1871 1502 effe

993 1508 1098 1545 causo,
1121 1513 1154 1537 ut
1170 1509 1283 1536 [tornum
1301 1509 1435 1536 revocet:
1459 1505 1566 1535 debebit
1581 1513 1683 1535 cavere
1704 1505 1736 1535 in
1754 1504 1869 1545 judicio

987 1546 1072 1587 fisti:
1096 1545 1245 1587 statuente
1275 1546 1422 1585 Praetore,
1451 1547 1484 1577 in
1509 1553 1592 1587 quem
1615 1546 1689 1576 diem
1703 1545 1869 1585 promittat·

994 1589 1049 1620 Sed
1062 1595 1163 1620 utrum
1178 1590 1258 1619 nuda
1273 1588 1406 1619 cautione
1420 1610 1431 1626 ‚
1457 1596 1497 1619 an
1513 1586 1660 1626 satisdato
1670 1609 1680 1625 ,
1704 1584 1869 1620 Marcellae

993 1631 1118 1662 dubitat.
1176 1628 1258 1661 Mihi
1279 1630 1397 1660 videtur
1410 1628 1477 1669 sola
1494 1626 1671 1671 promiffione
1691 1637 1699 1659 ε
1728 1627 1804 1670 quod
1829 1624 1873 1670 ἃ

993 1671 1078 1704 atleta
1087 1672 1208 1712 scribit:
1231 1670 1361 1713 alioquin
1378 1669 1557 1712 compelletur
1567 1670 1713 1711 judicium
1722 1669 1870 1709 accipere,

996 1722 1084 1755 quum
1100 1714 1234 1745 invenire
1252 1720 1296 1744 eos
1318 1712 1373 1754 ‘qui
1388 1711 1465 1753 sutis
1476 1717 1527 1753 pro
1544 1720 1573 1742 eo
1589 1712 1667 1742 dent.
1711 1709 1871 1751 Ulpia-nus

991 1756 1053 1794 ait,
1070 1753 1181 1786 Rornae
1200 1761 1419 1792 conventum,
1435 1752 1456 1786 ss
1474 1754 1606 1785 domum
1623 1753 1779 1790 revocet,
1790 1752 1868 1795 cuni
1896 1756 1899 1761 ’

992 1795 1196 1836 constiterit,
1220 1804 1294 1828 eum
1311 1794 1430 1835 habere
1452 1793 1498 1827 ‘us
1523 1793 1698 1826 revocandi
1716 1792 1870 1834 domum,

992 1837 1112 1870 debere
1126 1837 1241 1868 canere
1256 1837 1288 1868 in
1303 1835 1424 1877 judicio
1450 1835 1509 1868 usti.
1534 1842 1641 1867 utrum
1659 1839 1767 1868 tamen
1785 1834 1871 1867 satis*-

993 1879 1089 1918 dato,
1113 1887 1152 1910 an
1180 1878 1264 1910 nuda
1289 1878 1468 1916 cautione,
1490 1876 1683 1909 Marcellum
1710 1876 1869 1910 dubitare.

992 1919 1047 1952 fibi
1065 1926 1143 1951 vero
1159 1919 1259 1952 videri
1275 1918 1339 1951 fola
1355 1918 1579 1960 promiffionet
1604 1918 1709 1951 addita
1724 1917 1869 1961 ratione,

992 1961 1136 2003 Alioquin
1149 1961 1328 2003 compelletur
1345 1961 1492 2003 judicium
1513 1962 1655 2000 accipere,
1679 1969 1767 2002 quam
1784 1961 1868 1992 inv&

993 2005 1055 2034 nire
1079 2012 1123 2034 eos
1145 2004 1198 2044 qui
1207 2004 1286 2044 satis
1307 2010 1358 2044 pro
1383 2012 1412 2034 eo
1434 2004 1512 2034 dent.
1558 2001 1659 2034 Deest
1678 2001 1792 2034 vocula
1807 2003 1869 2034 m'a‘-

990 2046 1055 2086 gis:
1079 2046 1168 2085 quod
1186 2044 1268 2086 saepe
1288 2043 1356 2076 fieri
1372 2067 1383 2084 ,
1414 2044 1532 2076 dudum
1559 2042 1741 2075 observavit
1761 2044 1865 2075 Anto·
1896 2076 1899 2077 γ

993 2086 1063 2118 nius
1089 2086 1281 2128 Augustinus
1304 2087 1352 2117 lib.
1371 2095 1400 2117 2.
1430 2085 1674 2117 Emenaanonum
1700 2084 1737 2119 &²
1758 2086 1866 2126 opinio.

992 2136 1063 2159 num
1079 2138 1102 2159 c.
1126 2136 1152 2158 1.
1177 2125 1280 2159 sensus
1297 2126 1450 2168 Ulpiani,
1475 2126 1588 2159 Romae
1612 2133 1810 2158 conventum
1826 2127 1866 2159 ab
1902 2144 1903 2147 =

992 2168 1118 2208 actore,
1141 2168 1162 2200 fi
1179 2170 1310 2200 domurn
1334 2176 1485 2208 revocet,
1510 2168 1539 2200 δε
1565 2167 1691 2200 constet
1714 2173 1786 2200 e'um
1811 2168 1867 2201 ha'··

991 2211 1068 2242 bere
1082 2210 1129 2250 jus
1147 2210 1320 2242 revocandi
1337 2211 1468 2242 domum
1486 2232 1497 2247 ,
1525 2208 1740 2247 excusandum
1764 2209 1826 2241 esse
1849 2214 1868 2242 a

992 2251 1176 2284 necestitate
1201 2252 1382 2293 praestandae
1417 2251 1654 2283 satisdationis:
1690 2254 1733 2282 ne
1756 2251 1865 2292 inopia

992 2292 1205 2333 fidejtifforum
1223 2292 1277 2325 fiat
1296 2303 1306 2326 ι
1336 2294 1371 2325 ut
1395 2294 1424 2325 ei
1447 2294 1675 2325 intervertatur
1698 2292 1867 2332 jus'revol·

992 2335 1083 2366 candi
1109 2335 1251 2367 domum.
1298 2334 1352 2367 Est
1374 2335 1470 2376 igitur
1502 2334 1554 2366 hic
1586 2333 1748 2374 singularis
1773 2333 1865 2366 causa

992 2376 1198 2408 admittendae
1223 2377 1315 2408 nudae
1338 2376 1521 2415 cautionis3
1551 2374 1582 2407 δε
1615 2375 1692 2406 ideo
1717 2383 1783 2407 non
1808 2377 1868 2408 tra*-
1908 2386 1911 2391 ·

994 2418 1098 2449 henda
1116 2418 1154 2450 ad
1170 2418 1365 2459 exemplum.
1846 2427 1848 2429 >

1056 2568 1165 2604 xxi.

84 2670 199 2717 Capitis
220 2672 417 2706 minutionem
433 2671 595 2707 Veteribus
611 2669 772 2716 aliquando
789 2670 846 2705 clici
870 2669 1017 2716 triplicem
1032 2691 1048 2708 ,-
1082 2669 1278 2709 maximam,
1313 2666 1444 2700 mediam
1461 2692 1470 2708 ,
1498 2665 1680 2710 minimam:
1705 2667 1865 2714 aliquando

131 2719 297 2764 duplicem,
318 2728 476 2766 magnam
495 2719 537 2759 ἐξ
558 2721 703 2755 minorem
722 2745 731 2761 ,
754 2717 824 2763 fine
842 2718 974 2764 periculo
999 2714 1181 2763 offitafionis.

1243 2715 1396 2761 Ulpianus
1419 2711 1594 2752 enuntiatus
1606 2742 1617 2760 ,
1648 2717 1865 2767 caplici'tusque

130 2767 152 2802 Ι.
175 2777 204 2802 1.
231 2765 260 2813 §
277 2772 309 2806 8-
335 2769 380 2804 D.
405 2768 460 2803 Aa
473 2766 775 2814 Senatusconsultum
794 2766 1031 2813 Tertyllianum.

83 2872 206 2946 Hoc
220 2870 327 2911 capite
343 2869 479 2907 videbo,
491 2879 530 2901 an
547 2870 659 2911 poffim
677 2878 774 2911 opem
791 2869 875 2901 ferre
893 2864 951 2899 Ul-

183 2912 298 2951 piano,
324 2911 478 2942 laboranti
501 2911 533 2942 in
557 2911 606 2942 his
631 2912 737 2943 verbis
761 2910 782 2943 l.
809 2920 836 2941 1.
865 2908 893 2950 §.
923 2911 951 2940 8.

87 2953 130 2986 D.
154 2953 206 2985 Aa
221 2951 506 2988 Senatusconsul'tum
523 2950 744 2992 Tert‘yllianurn.

126 2994 238 3036 Capitis
253 2994 375 3025 minutio
382 2993 467 3032 salvo
477 2991 560 3032 flatu
582 2994 748 3034 contingens
770 2992 865 3023 liberis
879 2991 954 3022 nibil

162 3042 241 3067 nocet
257 3037 294 3066 ad
310 3035 467 3075 legitimam
483 3034 674 3064 hereditatem,
697 3043 764 3065 nam
787 3040 870 3064 vetus
884 3032 952 3072 sola

167 3077 308 3108 hereditas
323 3085 385 3117 quae
409 3075 487 3116 Lege
504 3073 576 3106 Xll.
599 3073 774 3106 Tabularum
797 3074 946 3112 defertur,

163 3120 266 3158 capitis
280 3117 445 3147 minutione
454 3115 604 3156 perimitur
616 3126 626 3146 .·
648 3125 728 3146 novoe
749 3115 795 3145 vel
819 3124 856 3144 ex
874 3114 950 3155 Lege

168 3159 214 3190 vel
228 3169 264 3190 ex
279 3157 540 3195 Senatusconsultis
554 3156 652 3187 delatoe
663 3180 673 3195 ‚
697 3165 753 3187 non
767 3158 951 3196 perimuntur

167 3201 269 3240 capitis
292 3201 493 3230 deminutione.
513 3198 636 3238 proinde
650 3196 716 3235 five
732 3198 796 3237 quis
820 3203 888 3227 ante
905 3198 948 3227 de·

165 3240 272 3282 latam,
286 3239 352 3280 five
375 3237 477 3283 [post]
500 3239 643 3280 delatam,
664 3240 756 3279 capite
779 3239 949 3279 minuatur,

1074 2867 1112 2898 ad
1133 2865 1288 2908 legitimam
1311 2865 1499 2899 hereditatem
1520 2868 1708 2900 adnascitur.-
1727 2866 1783 2906 nist
1801 2872 1864 2898 maa

1071 2916 1134 2948 gna
1152 2907 1254 2948 capiti-s
1268 2907 1616 2942 deminutiovimereeniat
1640 2919 1704 2952 qua
1726 2909 1774 2940 vel
1790 2908 1864 2940 civi-

1075 2955 1162 2980 tatem
1180 2949 1300 2986 adimit,
1321 2955 1355 2980 ut
1369 2955 1446 2990 puta
1454 2949 1489 2989 fi·
1501 2953 1673 2993 deportetur.

996 2988 1030 3021 In
1058 2989 1140 3022 hanc
1164 2989 1334 3022 lectionem
1358 3000 1471 3024 omnes
1495 2992 1702 3025 consentiunt
1717 2990 1862 3024 codice}-

996 3031 1209 3076 interpretum
1227 3040 1357 3074 quoque
1374 3042 1489 3073 nemo,
1514 3041 1666 3074 quantum
1686 3031 1860 3072 recordor,

994 3081 1022 3102 ci
1048 3073 1182 3104 intendit
1207 3073 1295 3105 litem
1321 3075 1361 3105 de
1385 3073 1575 3107 sinceritate.
1625 3071 1703 3105 Non
1736 3073 1860 3105 timebo

994 3121 1098 3146 tamen
1122 3113 1276 3146 affirmare
1298 3138 1308 3153 ,
1337 3114 1400 3147 effe
1430 3123 1624 3157 corruptam.
1654 3114 1745 3155 quod
1766 3113 1787 3146 fi
1810 3115 1863 3149 cui
1893 3140 1895 3142 -

993 3155 1124 3187 molesta
1146 3155 1183 3187 iit
1205 3155 1275 3187 haec
1300 3166 1369 3188 mea
1389 3157 1511 3188 rfiducia
1529 3167 1539 3196 ς
1571 3157 1690 3187 doceat
1711 3165 1783 3196 me,
1806 3165 1861 3189 cu-

992 3197 1133 3237 pientem
1150 3197 1273 3229 discere
1288 3220 1299 3236 ‚
1322 3198 1398 3236 quid
1421 3197 1584 3239 designent
1607 3198 1706 3238 prima
1730 3196 1861 3241 Ulpiani

993 3238 1111 3278 verba,
1135 3238 1245 3281 Capitis
1258 3239 1384 3312 1φζιῖῐηιιιίο
1392 3239 1479 3280 salvo
1489 3237 1577 3281 flatu
1590 3240 1774 3282 contingens.-
1795 3250 1862 3287 non

1301 3288 1322 3311 n
1343 3288 1365 3319 3
1774 3289 1862 3316 emm
