2052 3487
766 98 1076 135 GERARDI
1126 95 1358 131 Noonr

858 253 1070 289 CAPUT
1118 251 1264 289 XILv

169 369 380 416 Eas-species,
406 376 470 412 quae
486 363 597 398 habent
614 362 746 395 mixtam
769 358 912 406 causam,
940 359 971 392 in
996 370 1097 393 rerum
1114 356 1309 403 divisionibus
1333 368 1555 403 nonnumquam
1588 359 1728 406 negligi,
1763 356 1847 404 quasi
1862 357 1937 392 con->

205 417 302 465 fusas
318 412 608 460 czarifiniplicibtas3
632 418 721 454 atque
737 409 804 443 inde
821 408 954 455 ejusdem
971 408 1015 442 rei
1038 407 1122 442 morlo
1139 408 1318 453 bipartitam
1334 434 1343 451 ,
1380 407 1462 441 modo
1487 408 1678 453 tripartitam
1702 435 1712 451 ‚
1748 406 1937 453 distributio-

218 478 287 502 nem
313 463 379 510 ff.

248 562 308 591 aud
328 567 397 589 raro
420 555 536 587 accidit
558 553 589 585 in
613 561 718 585 rerum
737 550 964 596 divifionibus3
995 558 1031 582 ut

169 562 245 636 H
269 599 412 631 auctores
427 607 498 628 cum
518 594 635 632 nostri,
656 601 723 624 tum
741 593 810 631 alii,
827 601 867 622 ex
885 593 920 624 iis
936 601 1030 632 quam

171 644 264 674 trium
282 648 435 682 generum
458 637 519 670 esse
536 646 601 668 non
618 637 765 675 ignorant
779 657 789 671 ‚
815 634 890 664 duas
908 641 1031 673 ponant

170 683 290 724 species
302 705 311 721 ,
334 681 459 712 tertiam
475 687 545 719 quae
563 678 661 709 mixta
679 675 724 706 est
737 697 746 712 ‚
771 674 938 706 omittant:
963 683 1031 705 non

172 733 238 756 tam
259 724 347 764 quod
364 723 447 753 hanc
462 719 523 751 effe
546 725 682 758 negent,
706 725 800 756 quam
823 716 913 754 quod
929 716 1032 746 velint

169 775 240 798 eam
264 765 295 796 in
321 762 537 802 compluribus
561 758 699 790 articulis
722 757 874 788 inclinare
891 757 929 788 ad
954 757 1031 788 alte·

169 814 288 838 rutram
305 804 489 844 simplicium
508 812 517 840 ;
551 800 580 831 ἀ
605 799 646 831 sic
666 797 749 839 sequi
770 804 912 829 naturam
935 806 966 829 at
992 807 1032 828 ue

173 847 421 887 appellationem
449 844 514 882 ejus
542 850 610 881 quae
638 844 668 870 in
695 838 759 878 ipsa
777 839 937 879 praevalet.
1012 848 1033 870 x

172 889 234 919 hac
258 895 333 918 nota
355 885 399 916 est
421 884 510 924 quod
536 883 673 913 Aiinaeus
697 880 820 911 Seneca
844 880 891 911 lib.
912 890 940 911 2.
966 880 1033 911 Na-

173 928 260 960 tural.
284 924 429 968 quaellion.
452 932 502 964 cap
529 934 557 955 2.
583 923 621 954 de
641 930 814 962 corporum
835 920 989 952 divisione
1004 931 1033 951 a·

172 979 271 1013 gens,
300 967 422 1007 Aliquid
446 963 504 1006 est,
536 965 664 1005 inquit,
696 963 865 993 continuum
882 985 892 1000 ‚
923 962 1035 1003 aliquid

174 1008 369 1049 commiffum:
398 1007 574 1038 continuatio
599 1003 637 1045 eft
667 1006 794 1044 partium
823 1005 899 1034 inter
913 1005 947 1043 se
976 1012 1033 1033 non

173 1049 331 1090 internnffa
359 1047 547 1089 conjuncftio:
580 1047 678 1077 unitas
709 1043 747 1085 eft
765 1043 829 1081 sine
856 1044 1034 1084 commiffura

174 1091 351 1124 'continuatio
374 1089 410 1124 ὅ)
435 1090 558 1119 duorum
583 1089 659 1118 intcr
671 1086 705 1126 se
732 1084 948 1126 conjimcftomm
973 1094 1034 1115 cor-

171 1141 274 1176 porum
290 1130 396 1162 tostus.
438 1130 596 1170 Numquid
612 1130 731 1159 dubium
754 1127 811 1165 est,
842 1129 916 1167 quin
938 1135 974 1157 ex
991 1127 1035 1156 his

176 1174 337 1214 corporibus
361 1181 423 1212 quae
454 1172 588 1202 videmus
618 1169 858 1208 maturamque,
893 1178 953 1209 quae
984 1173 1037 1198 aut

168 1215 342 1256 sentiuntur
364 1219 418 1244 aut
431 1212 568 1253 sentiunt
583 1234 592 1250 ,
629 1212 758 1252 quiedam
776 1208 839 1247 sint
864 1207 1037 1249 compofita?

176 1256 235 1288 Illa
256 1253 387 1295 confiant
410 1260 463 1284 aut
487 1262 583 1290 nexu,
615 1258 668 1283 aut
692 1252 891 1282 acervatione:
914 1255 1038 1290 utputa

172 1298 259 1340 funis
275 1320 284 1334 ,
309 1297 522 1334 frumentum,
551 1296 648 1324 navis.
693 1293 806 1331 Rursus
833 1301 892 1321 non
909 1289 1037 1332 composi-

177 1344 227 1370 ta:
250 1343 283 1369 ut
304 1338 406 1374 arbor,
429 1336 512 1376 lapis.
557 1334 600 1365 lca
623 1334 766 1365 Seneca:
799 1332 962 1364 instituens
983 1333 1038 1362 du-

175 1380 295 1421 plicem
318 1385 493 1418 corporum
523 1374 738 1413 divisionem3
769 1377 835 1406 non
862 1372 946 1414 quasi
976 1381 1037 1416 ter-

177 1422 258 1452 tium
284 1428 394 1450 eorum
419 1427 518 1459 genus
535 1426 599 1448 non
625 1415 755 1455 existat3
786 1416 883 1456 (nam
903 1414 1038 1454 triplima

177 1462 240 1494 csse
262 1460 361 1492 refert
379 1459 576 1499 Pomponius
593 1459 622 1489 in
646 1458 666 1489 l.
683 1467 734 1498 30.
760 1456 801 1488 D.
826 1458 858 1487 de
878 1456 1039 1496 usurpatio-

178 1505 264 1535 nibus
291 1501 327 1536 &⁹
353 1499 601 1541 usucapionibus)
624 1498 676 1530 sed
701 1499 789 1538 quod
808 1497 937 1528 tertium
962 1495 1039 1528 illud

179 1554 278 1586 genus
294 1567 303 1582 ‚
331 1543 419 1583 quod
444 1540 568 1573 constat
584 1550 624 1571 ex
647 1539 831 1571 distantibus
847 1562 856 1577 ‚
888 1546 922 1569 ut
939 1546 1040 1578 popu-

178 1587 245 1622 lus,
270 1585 354 1625 legio
370 1608 379 1623 ‚
409 1593 506 1625 grex,
540 1582 782 1622 quodammodo
804 1580 934 1611 mixtam
952 1588 992 1609 ex
1009 1587 1041 1608 u-

179 1628 248 1659 nito
272 1629 299 1657 o&
317 1634 469 1657 connexo
488 1624 602 1654 babeat
623 1630 786 1654 naturam:
810 1622 842 1653 id
866 1621 949 1651 enim
973 1618 1036 1657 est,

181 1668 268 1708 quod
294 1668 318 1698 is
344 1666 409 1706 ipse
434 1674 530 1706 quem
554 1664 646 1702 dixi,
679 1664 800 1694 Seneca
825 1662 863 1693 ad
883 1660 1040 1692 Lucilium

177 1709 285 1740 scribit
306 1706 384 1749 epist.
412 1716 479 1739 102.
523 1705 605 1750 Quid
628 1703 666 1745 esl
683 1728 692 1743 ,
721 1705 797 1745 quod
817 1704 966 1744 praeficere
987 1711 1036 1732 ve-

177 1751 228 1782 lim
238 1750 254 1781 ‘2
279 1749 420 1792 Quadam
438 1749 576 1779 continua
598 1747 648 1786 eſje
665 1752 798 1786 corpora,
828 1750 861 1775 ut
883 1745 1039 1774 bominem:

179 1793 307 1833 quiedam
329 1788 496 1831 composita,
519 1794 691 1825 iunonem,
718 1788 851 1824 domum,
883 1786 978 1815 omnia
996 1785 1040 1814 <ie-

181 1835 267 1874 nique
284 1855 293 1870 ‚
323 1841 446 1874 quorum
470 1829 587 1870 diversae
606 1834 702 1869 partes
727 1826 872 1869 junbtura
895 1828 926 1856 in
950 1835 1043 1856 unuin

173 1879 250 1914 sunt
270 1876 385 1904 coacta:
414 1872 542 1913 quadam
566 1879 602 1900 ex
627 1867 800 1909 distantibus
817 1891 826 1907 ,
851 1876 972 1908 quorum
993 1868 1042 1897 ad-

184 1915 241 1946 huc
272 1916 396 1945 membra
410 1918 549 1953 separata
571 1911 644 1949 sum
662 1933 672 1948 ,
707 1916 847 1950 tanquam
879 1909 1043 1944 exercitus,

182 1955 323 1997 populus,
347 1957 489 1995 senatus:
510 1953 554 1983 illi
573 1953 667 1988 enim,
694 1957 747 1991 por
762 1959 831 1991 quos
853 1947 907 1987 isla
929 1955 1044 1988 corpora

185 1996 369 2037 efficiuntur,
386 1995 456 2036 jure
472 2001 523 2025 ant
539 1991 628 2033 officio
645 1991 781 2022 cohaerent
792 2014 801 2028 ,
823 1997 931 2020 natura
946 1990 1045 2019 dicius-

185 2041 211 2077 η
234 2037 270 2071 &³
291 2037 403 2078 singuli
419 2036 504 2075 sunt.
554 2033 745 2073 Exemplum
772 2032 835 2062 hoc
863 2040 959 2062 unum
989 2028 1043 2060 est.

186 2079 299 2110 addam
314 2079 457 2109 alterum.
499 2075 778 2116 Hermogenianus
804 2074 834 2103 in
856 2071 876 2103 l.
898 2080 923 2102 1.
940 2077 987 2111 pr.
1011 2069 1040 2112 §.

186 2130 217 2152 1.
242 2119 278 2154 &²
299 2129 328 2150 2.
349 2121 392 2149 J).
415 2119 448 2149 de
471 2118 636 2148 muneribus
661 2115 698 2149 ὅ)
722 2115 872 2145 honoribus
886 2136 895 2151 ,
933 2111 1042 2143 illunc-

186 2171 254 2193 rum
270 2183 279 2198 ‚
312 2160 438 2200 inquit,
468 2158 599 2189 civilium
622 2156 835 2197 quoerlamsunt
854 2154 1043 2194 patrimonii,

187 2203 249 2234 alia
268 2202 461 2242 persanarum.
505 2197 678 2230 Patrimonii
700 2200 767 2229 lunt
787 2205 907 2226 munera
933 2195 974 2225 rei
997 2203 1044 2224 vc-

188 2243 345 2280 hicularis,
368 2244 434 2271 item
451 2239 649 2277 naviculum,
665 2239 915 2277 decemprimatus:
937 2237 971 2266 ab
987 2233 1046 2274 istis

188 2286 264 2315 enim
276 2283 402 2324 periculo
417 2283 539 2322 ipsorum
559 2279 719 2311 exactiones
727 2279 889 2319 solennium
908 2276 1046 2307 celebran-

189 2331 250 2356 tur.
295 2323 459 2363 Personaliu
482 2321 583 2352 civilia
602 2321 671 2357 sum
695 2329 837 2357 munera,
868 2316 988 2357 defensio
1006 2317 1047 2347 ci-

189 2367 294 2397 vitatis
309 2389 318 2404 ‚
337 2367 366 2395 id
382 2362 439 2403 eft,
470 2368 502 2398 ut
522 2363 664 2404 Synclicus
680 2360 739 2401 fiat
757 2361 819 2392 ἃς,
860 2359 920 2391 Sed
938 2368 1045 2399 quam-

191 2417 284 2448 quam
318 2405 594 2445 Hermogenianus
629 2411 749 2434 tantum
782 2402 847 2433 duo
882 2407 1048 2431 enumeret

191 2457 358 2481 munerum
378 2455 493 2487 genera
512 2468 521 2483 ‚
554 2444 736 2485 patrimonii
760 2452 855 2473 unum
873 2465 882 2480 ‚
914 2442 1047 2472 alterum

192 2489 353 2530 personae:
375 2497 440 2518 non
458 2494 562 2518 tamen
580 2485 648 2516 haec
665 2484 728 2515 sola
746 2483 827 2522 else,
852 2493 891 2514 ex
911 2483 1048 2514 Arcadio

194 2529 338 2562 Charisio
356 2529 519 2559 discimus:
543 2527 595 2567 qui
619 2528 649 2557 in
666 2526 684 2556 l.
708 2530 811 2566 18.pr.
834 2524 861 2566 §A
884 2534 909 2556 1.
931 2528 975 2558 18.
1000 2527 1050 2554 26.

194 2571 232 2607 ὅ)
262 2580 310 2611 27.
343 2569 384 2600 D.
416 2570 507 2599 eodem
529 2568 611 2599 titulo
639 2568 767 2598 tertium
795 2575 925 2607 quoque
955 2565 1051 2596 addu-

195 2621 273 2644 cens
285 2635 295 2650 ‚
313 2611 492 2647 Mariorum,
515 2610 577 2647 ait,
600 2609 732 2639 civilium
749 2608 855 2648 triplex
877 2605 977 2644 divifio
994 2604 1051 2646 est:

195 2664 265 2685 nam
281 2661 429 2683 munerum
445 2651 573 2692 quadam
586 2649 746 2690 personalia
751 2650 842 2688 sunt,
858 2650 986 2690 quadam
998 2655 1050 2687 pa-

196 2695 397 2727 trimoniorum
419 2693 576 2730 dicuntur,
601 2691 660 2721 alia
683 2693 795 2722 mixta:
817 2699 918 2730 eaque
935 2689 1051 2720 deinde

197 2736 310 2768 ordine
338 2734 478 2774 explicat
500 2732 588 2763 dictis
613 2731 703 2763 locis.
750 2732 845 2763 Aliud
868 2730 1052 2770 exemplum

199 2776 340 2809 occurrit
363 2777 392 2806 in
417 2774 435 2806 l.
461 2783 490 2814 3.
516 2773 556 2804 D.
582 2774 614 2803 de
631 2771 716 2813 flatu
737 2772 906 2803 hominum:
936 2772 988 2802 ubi
1011 2772 1053 2801 ait

199 2817 323 2858 Gssjus:
354 2816 501 2847 Summam
526 2816 557 2844 de
582 2814 649 2855 jure
674 2814 859 2853 personarum
889 2811 1052 2850 divzfionem

200 2860 275 2891 hanc
291 2857 359 2898 effe:
381 2857 455 2898 quod
472 2865 564 2885 omnes
589 2856 711 2885 homines
733 2860 784 2885 ant
801 2855 879 2885 liberi
886 2858 980 2894 sunt7
1004 2860 1055 2884 aut

191 2900 284 2941 servi.
327 2897 397 2929 Esse
422 2898 505 2928 enim
522 2919 531 2933 ‚
561 2904 675 2935 praeter
696 2894 857 2926 servorum
887 2895 916 2926 ἀ
939 2895 1055 2925 libero·

199 2950 269 2973 rum
287 2940 452 2971 hominum
469 2936 633 2978 personas,
652 2937 746 2968 etiam
765 2946 815 2967 eas
833 2945 902 2976 quae
919 2937 1054 2967 mediam

202 2989 335 3013 teneant
356 2980 518 3012 fortunam
536 3001 544 3015 ,
576 2978 686 3009 auetor
711 2977 753 3008 est
772 2978 949 3017 lmperator
968 2976 1053 3008 Con-

203 3022 355 3054 stantinus
378 3023 409 3052 in
433 3021 451 3051 ἰ,
473 3030 502 3060 3.
525 3019 592 3050 Cod.
619 3018 720 3050 Tlieod.
744 3019 794 3049 Aa
824 3018 1054 3057 Senatusconf‘ul-

204 3068 267 3093 zum
291 3064 484 3093 Claudianum
509 3061 557 3091 ins
582 3061 698 3091 verbis.
741 3060 794 3090 Sin
811 3059 912 3090 mulier
928 3060 1055 3099 ingenua

206 3104 253 3133 vel
267 3105 370 3144 ignara
384 3104 429 3134 vel
447 3103 532 3133 etiam
547 3101 644 3132 volens
660 3110 723 3131 cum
741 3102 820 3137 servo
835 3099 932 3139 jilcali
955 3108 1055 3130 conve-

206 3146 281 3175 nerit
294 3166 303 3179 ‚
324 3144 433 3174 nullum
454 3153 515 3174 eam
531 3143 651 3184 ingenui
659 3139 759 3183 flatus
783 3143 920 3172 damnum
935 3138 1059 3180 sustine-

206 3194 246 3217 re.
290 3184 412 3216 Sobolem
431 3193 516 3224 vero,
548 3194 610 3225 quoe
625 3190 710 3226 patre
723 3183 809 3225 servo
819 3182 913 3224 fiscali
930 3203 941 3221 ‚
970 3187 1060 3214 matre

1072 550 1206 591 nascetur
1232 551 1391 592 ingenua,
1424 552 1547 583 mediam
1570 557 1662 582 tenere
1677 551 1836 591 fortunam
1853 572 1863 589 ,
1901 554 1938 581 ut

1065 595 1223 632 servorum
1238 592 1319 622 liberi
1337 591 1374 626 ἐξ)
1395 593 1486 631 spurii
1501 594 1649 624 liberorum
1670 593 1773 623 Latini
1782 590 1861 629 fiat,
1885 591 1938 631 qui

1073 633 1137 663 licet
1145 634 1305 671 servitutis
1321 633 1479 674 neceffitate
1495 637 1647 671 solvuntur
1663 657 1673 672 ‚
1707 634 1823 673 patroni
1842 638 1939 662 tamen

1068 674 1223 714 privilegio
1243 675 1424 706 tenebuntur.
1464 675 1517 706 Est
1536 685 1613 716 ergo
1633 675 1751 712 duplex
1771 673 1939 704 hominum

1076 714 1208 755 divifio,
1231 715 1261 746 in
1283 715 1401 748 liberos
1417 716 1446 748 ἃ.
1462 716 1587 748 servos:
1611 717 1676 747 imo
1695 715 1828 755 triplex,
1852 714 1882 745 in
1905 714 1940 744 li-

1073 756 1189 795 beros,
1213 754 1339 794 servos,
1364 758 1393 788 &
1417 767 1474 788 eos
1498 758 1552 797 qui
1579 767 1619 788 ex
1638 757 1779 796 utrisque
1796 762 1940 786 mutuan-

1075 805 1144 836 tur,
1179 797 1286 838 quales
1314 796 1436 829 Latini:
1467 808 1547 837 quos
1572 798 1599 828 dt
1624 797 1758 828 Tacitus
1780 804 1871 827 notat
1887 796 1937 826 lib.

1077 847 1124 879 13.
1149 838 1262 869 Annal.
1287 848 1311 870 c.
1337 849 1386 880 27.
1409 839 1666 877 Manamittcndi,
1683 839 1849 877 inquiens,
1866 837 1942 868 (luas

1066 879 1173 920 species
1196 878 1369 918 institutus,
1401 887 1434 911 ut
1462 881 1673 922 relinqueretur
1689 880 1864 920 poenitentiae
1887 882 1941 908 auc

1075 930 1147 951 novo
1166 919 1297 958 beneficio
1314 921 1411 957 locum
1435 932 1504 962 quos
1521 921 1654 952 vindicio
1670 927 1810 961 patronus
1831 929 1887 950 non
1905 919 1940 950 li-

1076 962 1237 998 heraverz‘t,
1260 961 1341 992 velut
1364 963 1481 993 vinculo
1496 964 1650 1002 servitutis
1669 963 1804 992 attineri:
1827 961 1858 992 id
1875 959 1941 999 cst,

1076 1002 1138 1043 (ut
1156 1003 1317 1042 eleganter
1337 1002 1368 1034 ὅ(
1392 1003 1496 1034 verbis
1514 1004 1595 1042 juris
1614 1003 1735 1034 Seneca
1750 1003 1796 1033 lib.
1816 1013 1845 1043 3.
1871 1001 1940 1032 Na-

1077 1043 1164 1074 tural.
1185 1041 1358 1084 quaeftion.)
1381 1042 1480 1075 solum
1495 1044 1563 1084 jure
1584 1052 1702 1075 naturae
1719 1044 1839 1075 liberos
1855 1042 1940 1081 else,

1077 1094 1142 1116 non
1161 1094 1200 1115 ex
1214 1084 1282 1124 jure
1300 1083 1490 1128 Quiritium:
1514 1085 1640 1122 sive‚ut
1656 1085 1698 1115 ait
1715 1084 1824 1115 auftor
1839 1084 1941 1123 cujus-

1078 1127 1150 1158 dam
1171 1125 1371 1166 Fragmenti,
1393 1127 1409 1164 (
1446 1128 1510 1157 uod
1539 1125 1685 1157 Pithoeus
1703 1124 1801 1156 Notis
1819 1125 1878 1155 suis
1902 1124 1944 1155 ad

1081 1166 1268 1198 Cal'ationem
1284 1167 1376 1208 legum
1396 1167 1427 1198 ils
1437 1167 1597 1206 osaicarum
1613 1167 1648 1202 ὅ*
1669 1166 1886 1204 Romanarum,
1908 1166 1942 1196 in

1073 1208 1157 1248 fine,
1178 1215 1246 1249 pag.
1267 1217 1334 1248 237.
1359 1207 1515 1248 subjecit)
1539 1217 1602 1239 non
1631 1207 1692 1239 esse
1718 1208 1857 1246 liberos3
1889 1205 1945 1237 sed

1080 1249 1200 1280 domini
1229 1250 1395 1280 voluntate
1418 1259 1449 1280 in
1476 1250 1623 1280 libertate
1648 1249 1762 1279 morari
1785 1272 1795 1286 ,
1820 1249 1847 1279 ἃ
1875 1255 1943 1278 tan-

1081 1297 1148 1321 tum
1167 1290 1322 1320 lerviemii
1340 1299 1427 1321 metu
1445 1291 1571 1321 dimitti.
1595 1291 1695 1321 Addit
1714 1290 1798 1320 idem
1815 1289 1944 1320 au&or:

1081 1331 1169 1372 quod
1188 1331 1218 1361 hi
1243 1332 1401 1371 principio
1425 1332 1596 1363 manebant
1621 1333 1749 1371 quidem
1771 1330 1850 1361 servi
1871 1353 1880 1368 ‚
1912 1329 1945 1361 &

1081 1372 1319 1404 manumiss'ores
1349 1373 1508 1404 audebant
1532 1382 1589 1403 eos
1615 1372 1722 1403 denuo
1751 1373 1782 1402 in
1815 1371 1945 1403 servitu-

1083 1422 1148 1445 tem
1169 1422 1225 1453 per
1240 1413 1303 1445 vim
1323 1414 1440 1444 ducere
1456 1425 1463 1445 :
1488 1414 1725 1445 interveniebat
1741 1420 1846 1444 tamen
1863 1413 1947 1444 Prae-

1084 1463 1155 1494 tor;
1179 1456 1207 1485 r&
1229 1464 1292 1485 non
1313 1455 1538 1494 permittebat,
1571 1453 1789 1486 manumissum
1810 1453 1945 1485 servire:

1081 1495 1134 1526 sed
1161 1495 1275 1526 deiude
1300 1496 1370 1526 lewe
1387 1495 1477 1535 Junia
1503 1499 1664 1536 propriam
1688 1495 1868 1526 libertatem
1896 1503 1947 1525 ac-

1082 1545 1260 1577 ceperunt,
1284 1536 1314 1568 ὅ(
1331 1518 1442 1568 a[atini
1462 1537 1586 1577 juniani
1614 1536 1689 1568 faffl
1708 1536 1777 1568 sunt
1795 1548 1802 1569 :
1835 1537 1878 1566 ita
1901 1542 1947 1566 ta·

1082 1587 1155 1610 nien
1173 1601 1182 1617 ‚
1214 1585 1248 1608 ut
1272 1587 1463 1618 quamquam
1483 1579 1573 1609 liberi
1599 1579 1696 1609 vitam
1717 1576 1802 1608 suam
1818 1586 1949 1617 perage-

1082 1627 1153 1651 rent
1172 1642 1181 1657 ,
1213 1618 1280 1658 ipso
1309 1627 1415 1650 tamen
1433 1621 1546 1651 ultimo
1573 1618 1681 1659 spiritu
1704 1618 1792 1650 simul
1811 1619 1948 1650 animam

1084 1660 1113 1691 δι
1140 1661 1318 1691 libertatem
1339 1661 1523 1692 amitterent
1546 1671 1555 1698 ς
1586 1662 1615 1692 <St
1640 1659 1876 1691 manumissores
1893 1669 1948 1690 eo-

1082 1710 1152 1733 rum
1183 1701 1267 1731 bona
1294 1701 1377 1740 quali
1411 1701 1573 1733 servorum
1606 1702 1675 1741 jure
1703 1701 1947 1741 quodammodo

1084 1742 1200 1783 peculii
1218 1743 1408 1774 detinerent.
1435 1743 1462 1784 ᾗ.
1481 1753 1510 1782 4.
1536 1740 1608 1783 lust.
1627 1744 1660 1773 de
1672 1740 1842 1782 succeffione
1865 1742 1948 1772 liber-

1084 1791 1187 1815 lorum.

1123 1823 1217 1856 Aliud
1236 1824 1422 1864 exemplum
1450 1823 1493 1854 est
1518 1824 1549 1854 in
1567 1824 1596 1865 §.
1616 1834 1645 1865 3.
1673 1822 1744 1864 Inst.
1761 1824 1793 1854 de
1811 1823 1873 1860 jure
1893 1832 1949 1853 na-

1085 1865 1175 1896 turali
1193 1888 1202 1903 ,
1230 1866 1386 1905 gentium,
1421 1864 1456 1899 {5¹²
1480 1865 1578 1896 civili:
1601 1866 1631 1896 in
1657 1875 1720 1905 quo
1748 1874 1788 1896 ex
1806 1864 1948 1905 Ulpiano

1086 1909 1184 1937 docet
1208 1905 1405 1945 Imperator,
1425 1907 1474 1946 jus
1494 1906 1578 1937 aliud
1601 1905 1662 1937 else
1681 1905 1849 1946 scriptum,
1865 1905 1951 1937 aliud

1085 1947 1150 1979 fine
1168 1945 1284 1986 scripto
1309 1946 1445 1977 venire.-
1476 1956 1549 1978 cum
1573 1955 1678 1978 tamen
1707 1948 1793 1978 mixti
1818 1955 1951 1987 quoque

1083 1988 1162 2028 juris
1189 1987 1370 2017 meminerit
1396 1987 1510 2018 Paulus
1536 1988 1583 2018 lib.
1602 1999 1632 2028 5.
1664 1988 1878 2018 Sententiarum
1901 1993 1949 2018 tit.

1086 2039 1115 2068 4.
1144 2027 1188 2058 De
1205 2028 1341 2069 injuriis,
1364 2027 1391 2068 §.
1408 2032 1438 2059 6.
1463 2028 1664 2069 Injitrz'arinri,
1687 2029 1851 2066 inquiens,
1876 2028 1951 2059 αὲἶίο

1088 2075 1140 2101 aut
1157 2069 1215 2110 lege
1231 2092 1240 2107 ‚
1264 2074 1316 2099 aut
1336 2078 1428 2107 more,
1458 2075 1510 2100 aut
1527 2072 1616 2100 mixto
1632 2070 1701 2111 jure
1723 2069 1888 2100 introducta
1901 2067 1952 2109 est.

1088 2111 1166 2152 Lege
1190 2111 1335 2140 duodecim
1359 2110 1524 2141 tabularum
1548 2112 1581 2141 cle
1596 2110 1719 2149 fiimofis
1751 2112 1925 2142 carminibus
1939 2133 1951 2148 ,

1088 2153 1218 2183 membris
1232 2153 1343 2192 ruptis,
1377 2151 1412 2185 &³
1431 2150 1529 2191 ollibus
1544 2151 1663 2191 frustis.
1708 2151 1859 2190 Moribus,
1882 2161 1950 2192 quo-

1089 2194 1164 2224 tiens
1173 2191 1291 2232 fastum
1315 2199 1365 2232 pro
1390 2194 1532 2233 qualitate
1542 2195 1593 2231 sui
1617 2194 1735 2224 arbitrio
1751 2194 1856 2233 judicis
1880 2190 1952 2230 cesli-

1087 2240 1197 2265 matum
1207 2236 1391 2270 congruentis
1402 2241 1492 2274 poenae
1503 2238 1573 2274 sapty
1581 2234 1644 2265 licio
1659 2236 1839 2266 cinnii-atur.
1867 2234 1954 2264 Mix-

1088 2282 1115 2306 to
1133 2276 1202 2316 jure
1218 2275 1398 2316 injuriarum
1418 2274 1492 2306 actio
1510 2285 1546 2306 ex
1574 2276 1631 2317 lege
1653 2275 1783 2306 Cornelia
1806 2274 1954 2316 constitui-

1090 2323 1157 2355 tur,
1181 2322 1308 2357 quotieus
1323 2317 1387 2356 quis
1400 2316 1553 2356 pulsatur,
1574 2319 1619 2346 vel
1640 2317 1723 2358 cujus
1736 2318 1833 2347 domus
1850 2317 1954 2346 introi·

1090 2364 1138 2388 tur
1162 2360 1196 2388 ab
1218 2358 1260 2387 uis
1278 2380 1288 2396 ‚
1321 2358 1371 2397 qui
1397 2358 1484 2398 vulgo
1515 2357 1660 2389 direfflzriz'
1683 2357 1864 2398 appellantur
1889 2357 1951 2387 &c-

1090 2399 1179 2440 Quid
1198 2407 1276 2429 vero
1297 2405 1430 2429 mixtum
1446 2402 1493 2438 jus
1511 2398 1579 2430 est?
1603 2408 1664 2440 ego
1684 2408 1783 2440 puto,
1807 2400 1838 2429 id
1863 2396 1952 2439 poss'e

1092 2440 1215 2471 duobus
1246 2441 1348 2470 modis
1377 2440 1552 2479 appellari:
1583 2450 1646 2471 uno
1665 2463 1674 2478 ‚
1708 2439 1727 2470 [i
1754 2441 1805 2470 lex
1837 2438 1955 2479 scripta

1092 2480 1303 2521 subsequente
1330 2480 1446 2511 deinde
1476 2480 1528 2511 usu
1556 2481 1734 2520 recipitur3
1766 2489 1831 2521 quo
1866 2479 1955 2511 sensu

1092 2531 1205 2554 omncs
1221 2522 1306 2562 leges
1323 2522 1436 2561 quibus
1453 2523 1617 2562 obligandi
1633 2522 1678 2553 vis
1696 2521 1760 2559 est,
1791 2522 1883 2552 mixti
1907 2522 1953 2560 ju-

1092 2564 1135 2596 ris
1160 2563 1247 2601 sunt3
1271 2571 1344 2593 cum
1367 2563 1445 2603 legis
1471 2572 1535 2594 non
1561 2571 1699 2603 recepta:
1725 2564 1771 2593 vis
1795 2563 1879 2593 nulla
1899 2561 1954 2593 sit:

1093 2613 1128 2636 ut
1143 2604 1280 2644 Julianus
1301 2610 1393 2634 notat
1409 2605 1440 2634 in
1458 2604 1477 2634 l.
1496 2614 1543 2644 32.
1563 2604 1591 2645 ἓ.
1615 2613 1638 2634 1.
1662 2603 1704 2634 D.
1721 2605 1753 2634 de
1776 2604 1902 2644 legibus3
1923 2602 1955 2633 &

1094 2646 1227 2678 Praetici
1246 2652 1382 2683 norunt,
1406 2644 1600 2676 Menocliius
1617 2645 1665 2674 lib.
1684 2654 1712 2676 2.
1733 2644 1954 2684 Pra'sumption.

1094 2698 1123 2719 2.
1150 2697 1178 2718 n.
1207 2696 1232 2718 1.
1257 2685 1419 2717 Leoninus
1435 2685 1528 2723 confil.
1553 2695 1596 2718 10.
1616 2696 1696 2716 num.
1717 2695 1742 2716 1.
1767 2686 1868 2716 altero
1885 2694 1954 2716 mo-

1095 2731 1137 2760 do
1153 2729 1200 2769 jus
1226 2728 1358 2759 mixtum
1377 2727 1571 2767 appellatur,
1595 2736 1667 2758 cum
1693 2725 1892 2757 consuetudo
1910 2726 1954 2756 le-

1094 2771 1122 2811 gi
1141 2779 1206 2801 non
1224 2772 1277 2799 dat
1293 2768 1513 2800 auCtoritatem
1526 2791 1536 2806 ‚
1567 2768 1618 2800 sed
1636 2768 1809 2808 originem:
1840 2768 1871 2799 id
1889 2766 1955 2806 est,

1096 2821 1168 2842 cum
1189 2811 1321 2842 viridem
1345 2811 1573 2850 vigentemque
1597 2808 1862 2840 consuetudinem
1887 2809 1956 2838 lub-

1096 2853 1229 2892 iequens
1253 2850 1360 2892 postea
1386 2853 1436 2882 lex
1457 2849 1587 2882 firmat:
1618 2859 1724 2889 eoque
1748 2848 1835 2880 sensu
1860 2848 1955 2890 posfit

1096 2893 1183 2924 forte
1200 2894 1250 2924 lex
1271 2891 1421 2924 Cornelia
1438 2893 1528 2932 mixti
1543 2891 1619 2932 juris
1636 2892 1757 2930 videri,
1780 2891 1864 2932 apud
1878 2891 1956 2922 Pau-

1096 2935 1160 2966 lum
1180 2934 1265 2965 dieto
1283 2934 1369 2964 loco.

1136 2976 1257 3007 Pariter
1278 2974 1446 3006 dicendum
1464 2974 1508 3005 est
1527 2973 1566 3005 de
1583 2972 1669 3005 sensu
1688 2973 1706 3004 l.
1726 2983 1774 3013 25.
1799 2972 1840 3003 D.
1864 2972 1897 3002 de
1911 2971 1956 3002 ob-

1097 3016 1282 3056 ligationibus
1304 3015 1340 3050 &2⁹
1364 3015 1546 3047 ustionibus.-
1576 3015 1606 3046 in
1627 3023 1687 3056 qua
1710 3014 1882 3054 Ulpianus,
1913 3021 1957 3044 ex

1099 3066 1204 3097 eoque
1222 3057 1396 3097 Imperator
1414 3059 1443 3087 in
1464 3057 1493 3099 §.
1515 3067 1538 3088 1.
1561 3054 1633 3097 Infl.
1650 3058 1682 3087 de
1699 3056 1877 3092 actionibus,
1902 3054 1958 3084 du·

1101 3099 1216 3138 plicem
1243 3097 1322 3130 fecit
1342 3099 1485 3129 omnium
1506 3099 1666 3130 actionum
1691 3095 1894 3132 divifionem,
1924 3097 1957 3125 in

1101 3149 1167 3170 rem
1184 3163 1194 3178 ,
1228 3140 1259 3170 &
1281 3140 1311 3171 in
1340 3137 1517 3180 personam.
1560 3138 1642 3170 Nam
1666 3144 1820 3177 praeterea
1844 3137 1958 3167 mixtas

1102 3179 1164 3213 esse
1189 3181 1330 3215 actiones
1355 3189 1419 3214 tam
1437 3182 1470 3214 in
1485 3190 1554 3215 rem
1571 3203 1583 3220 ,
1614 3187 1706 3221 quam
1724 3179 1754 3210 in
1772 3177 1936 3220 pei-sonam
1948 3198 1959 3214 ‚

1913 3225 1963 3250 Ke-
