2036 3495
366 92 431 128 AD
457 90 549 127 Lin.
575 85 675 124 VIII.
711 86 813 122 T1·r.
843 86 884 121 11.
926 86 978 123 De
979 84 1187 132 fi’rvitutibus
1201 88 1386 134 praediorum
1405 89 1601 124 urbanorum.

81 183 223 219 minibus
239 182 418 221 officiatur,
433 180 569 221 ambigua
581 175 793 219 estscriptura:
807 181 909 222 utrum
923 185 958 207 ne

79 227 124 259 his
142 225 300 257 luminibus
319 223 482 265 officiatur,
496 230 557 262 quoe
570 219 733 258 nuncsunt
744 240 753 256 ,
769 226 807 248 cm
815 222 902 248 ετιαηι
913 218 956 248 bis

76 277 138 310 quae
145 264 240 308 postea
251 275 360 308 quoque
368 263 512 305 fuerim?
528 261 565 296 &⁹
579 260 738 292 humanius
752 256 791 299 est
804 261 889 289 verbo
903 268 952 306 gq-

76 309 171 340 nemci
185 317 265 339 omne
278 307 373 338 lumen
384 303 567 347 significari,
585 300 650 348 five
665 302 739 342 quod
751 309 785 347 ,²⁷²
798 305 951 347 praejemz,

71 349 137 390 five
159 350 234 390 quod
249 346 313 390 post
332 353 440 388 tempus
463 349 657 376 conventionis
679 347 841 387 contigerit.
879 341 955 372 Mea

80 391 236 423 sententia
252 412 262 426 ‚
284 387 482 429 Pomponius
508 385 639 428 domino
665 390 839 429 permittit,
864 382 952 414 fene.

78 432 153 464 stras
168 430 233 463 five
249 431 365 462 lumina
381 428 412 460 in
425 427 577 468 parietem
595 428 682 455 iuum
693 432 882 463 immittere,
898 423 955 455 ets1

78 483 143 506 non
164 473 328 512 impetrata
348 469 496 501 servitute
515 467 705 510 Luminum,
728 466 779 496 vel
796 464 849 496 Ne
865 465 954 512 lurni-

79 514 173 546 nibus
190 512 363 545 officiatur:
386 511 428 542 ita
446 517 550 541 tamen
562 531 571 546 ,
589 515 622 537 ut
640 517 745 538 ιιοιηο
763 515 893 547 quoque
906 516 955 546 Jus

79 555 133 594 sit,
145 555 189 587 eis
199 554 336 586 officere.
353 561 423 583 nam
435 549 565 590 quaefito
575 572 584 585 ‚
597 556 699 580 utrum
710 549 838 588 lubjure
851 548 954 578 Lumi-

78 605 174 635 num,
197 595 247 627 vel
266 593 317 626 Ne
341 592 511 624 luminibus
529 590 704 628 officiatur,
731 597 850 621 tantum
877 598 954 630 prae-

77 638 195 676 sentia,
212 645 249 668 an
266 634 371 666 futura
382 642 531 674 quoquc,
543 632 660 662 lumina
678 631 956 671 comprehendan-

80 678 187 718 tur31i
207 676 307 714 nolit,
324 675 457 706 domino
478 675 594 717 licere,
615 674 731 704 lumina
747 673 777 704 in
795 672 879 703 suum
900 680 950 711 pa-

76 722 189 752 rietem
206 717 377 750 immittere
395 715 458 746 fine
478 714 574 746 vicini
593 714 764 745 consensu:
780 713 872 754 poffit
888 722 952 744 me-

77 762 142 799 tui;
165 769 204 792 ne
226 759 328 791 nullus
345 757 381 789 sit
399 758 463 797 ejus
485 757 666 796 quaestionis
684 756 772 794 usus,
798 754 951 795 siquidem

75 801 155 834 nihil
174 801 326 832 attineret
343 807 505 838 quaerere3
528 807 565 828 an
583 798 692 828 vicino
711 798 805 828 liceat
820 795 952 827 officere

73 842 244 876 luminibus
269 841 308 873 ab
332 841 434 872 altero
458 838 596 871 immiffis
612 860 621 877 ‚
646 839 733 878 quod
758 837 802 868 est
826 838 948 868 minus:

73 893 146 917 cum
162 883 273 924 poffit,
290 883 378 923 quod
398 882 465 922 plus
481 880 544 919 est,
566 889 660 921 agere
678 880 803 911 actione
819 885 948 924 negato·

73 927 134 964 ria,
158 923 336 956 adversario
353 932 418 955 non
443 921 505 954 esse
518 922 586 962 jus,
610 920 641 952 se
659 921 763 953 invito
781 929 817 952 ea
834 920 950 951 lumina

72 965 205 1000 immissa
220 966 348 997 habere.

114 1008 280 1041 Hactenus
298 1007 338 1039 de
355 1007 486 1047 proprio
500 1003 638 1048 pariete.¹
677 1003 730 1035 De
747 1003 852 1034 alieno
870 1010 951 1042 quae·

74 1050 143 1082 ris?
160 1050 215 1080 vix
235 1057 333 1089 opus:
348 1048 439 1079 nullo
452 1046 572 1084 dubio,
587 1054 661 1086 qum
673 1045 794 1090 vicinus
810 1046 841 1075 in
859 1052 946 1080 eum,

73 1089 207 1124 domino
230 1090 335 1121 invito
352 1112 362 1127 ,
394 1094 534 1129 nequeat
560 1088 678 1118 lumina
701 1087 874 1117 immittere
889 1108 898 1123 ,
923 1085 952 1132 ᾃ

75 1139 190 1164 contra
215 1131 385 1169 dominus,
410 1132 439 1161 ei
459 1129 544 1160 cello
557 1129 625 1168 jure
649 1127 842 1172 immittendi
862 1127 950 1173 lurni-

74 1183 134 1212 na,
158 1171 288 1204 immiss'a
307 1179 453 1203 teneatur
475 1172 644 1208 excipere,
669 1168 700 1200 id
727 1169 790 1206 est,
813 1167 950 1199 immissis

73 1224 141 1248 non
155 1213 295 1245 officere.
317 1213 396 1245 Illud
414 1221 479 1244 non
493 1211 647 1254 inutiliter
663 1211 853 1254 conjecerjo,
870 1209 952 1240 hanc

73 1255 261 1288 servitutem
286 1264 355 1291 quae
379 1253 424 1285 est
449 1254 496 1294 jus
519 1253 712 1283 immittendi
741 1253 875 1288 lumlna,
899 1249 952 1296 seu

73 1296 266 1330 immittendi
285 1294 455 1332 fenestras,
471 1296 501 1325 in
519 1292 658 1335 vicinum
673 1315 682 1330 ,
698 1293 730 1324 id
748 1292 813 1329 est,
831 1292 861 1322 in
880 1292 951 1322 alie·

72 1348 150 1371 num
170 1338 322 1379 parietem
340 1347 356 1367 a
373 1335 455 1375 Gajo
472 1335 519 1365 lib.
539 1344 566 1365 2.
588 1333 657 1373 lusi,
674 1334 720 1365 iit.
741 1342 767 1365 1.
785 1333 814 1372 §.
830 1342 859 1373 3.
878 1342 950 1373 pro-

71 1382 145 1422 prio
169 1377 299 1410 nomine
320 1378 368 1418 jus
388 1377 532 1408 fenestrae
550 1374 713 1415 appellari.
759 1373 833 1414 Gaji
853 1374 950 1405 verba

71 1420 145 1462 quia
162 1419 265 1452 adhuc
281 1425 430 1458 corrupta
441 1415 729 1455 circumferuntur,
747 1414 897 1456 apposui,
915 1423 950 1446 ut

73 1462 231 1503 corrigam
249 1484 259 1500 ‚
282 1461 361 1493 ficut
378 1459 503 1500 promisi
521 1458 620 1499 supra.
650 1457 718 1488 sunt
736 1465 839 1488 autem
861 1457 948 1489 haec:

74 1504 253 1537 Praeaiormn
277 1503 452 1534 urbanorum
468 1501 541 1542 jura
558 1501 633 1538 sunl
652 1522 661 1536 ,
677 1497 847 1539 stillicidia,
864 1500 949 1546 fene-

70 1544 160 1586 fine,
175 1545 290 1582 cloacae,
306 1544 395 1574 altius
410 1543 547 1583 erigendae
558 1542 657 1572 domus
668 1563 677 1578 ,
693 1546 746 1571 uui
762 1550 819 1571 uon
838 1550 948 1581 erigen-

77 1585 186 1625 dae,&
210 1585 370 1622 luminum,
392 1590 425 1614 ut
441 1586 483 1614 iza
498 1583 562 1624 quis
570 1582 717 1621 fabricet,
739 1588 773 1612 ut
786 1583 888 1612 vz‘cz‘nae
903 1583 950 1613 do-

75 1629 138 1659 mui
152 1626 247 1658 lumen
262 1636 319 1656 non
337 1625 425 1656 tollat.
449 1625 500 1655 Sic
516 1624 631 1655 editur.
650 1622 702 1654 sed
718 1623 879 1655 videamus
891 1647 899 1661 ‚
910 1633 951 1655 ne

75 1667 166 1700 forte
185 1668 298 1699 melius
310 1663 655 1705 scribatur-,stillicidiffi
671 1664 949 1706 cloacoe,fenestrae‚

76 1710 178 1742 altius„
201 1708 306 1740 Etiam
323 1708 480 1749 suspicor,
495 1706 566 1747 po'st
583 1705 697 1745 verba,
713 1713 831 1737 autnon
842 1709 950 1748 erigen-

77 1752 140 1790 dae,
165 1759 276 1781 vacare
295 1750 383 1787 haec,
407 1748 443 1783 ὅ)
458 1748 618 1784 ἰαηιίηῑιυις
643 1757 716 1778 cum
733 1747 887 1780 sufficiant
907 1748 950 1779 se-

77 1793 209 1834 quentia
226 1814 235 1830 ,
270 1789 314 1822 Ut
328 1792 433 1822 vicinae
450 1791 548 1821 domui
562 1790 656 1819 lumen
675 1799 731 1820 non
749 1789 839 1823 tollat.
871 1789 950 1821 Sane

78 1834 239 1873 exemptis
263 1833 338 1863 inde
362 1831 468 1863 verbis
484 1855 494 1870 ‚
518 1830 554 1864 δ’
577 1830 738 1869 luminum,
766 1832 877 1872 plenus
905 1831 950 1864 est

77 1874 151 1915 Gaji
168 1874 290 1913 sermo,
314 1883 374 1905 nec
390 1873 539 1905 diffimilis
556 1871 631 1903 huic
645 1871 805 1912 justiniani
821 1874 852 1905 in
869 1873 898 1915 §.
923 1882 948 1906 1.

74 1915 154 1957 Ith.
169 1918 203 1948 de
215 1917 347 1954 servitui.
362 1917 450 1955 praed.
471 1914 522 1946 Ne
535 1914 624 1946 allius
640 1915 706 1955 quis
724 1914 805 1945 tollat
818 1916 949 1956 aedessu·

75 1967 174 1998 as‚ne
182 1958 339 1988 luminibus
352 1957 445 1988 vicini
455 1955 572 1997 officiat.
589 1955 717 1987 Interim
733 1958 871 1998 expungi
882 1967 949 1988 ver-

76 2000 116 2032 ba
127 2022 136 2038 ‚
160 1999 197 2034 69⁹
213 1999 375 2035 luminum,
402 2008 465 2028 non
486 1997 591 2037 placet
607 1997 684 2028 inihi
695 2021 703 2034 ,
721 1999 825 2030 malim
838 2022 846 2036 ‚
862 1999 948 2038 rejici

74 2042 112 2073 ad
130 2041 193 2073 loci
211 2040 324 2072 finem:
349 2039 533 2070 distinetur-0
556 2038 598 2070 fic
614 2037 696 2078 Gajo
711 2039 759 2079 jus
776 2041 948 2079 luminum,

73 2082 140 2115 five
161 2082 209 2122 jus
226 2089 290 2113 non
315 2080 478 2113 officiendi
501 2080 690 2119 luminibus,
715 2082 812 2121 ajure
834 2083 948 2114 (lomus

75 2124 168 2156 altius
176 2132 240 2155 non
261 2123 417 2164 erigendae
429 2145 438 2162 ‚
456 2130 490 2154 ut
506 2122 548 2152 ita
564 2122 633 2162 quis
650 2122 804 2161 fabricet,
821 2132 856 2154 uc
872 2124 948 2155 vici-

74 2174 125 2197 nae
143 2164 253 2196 domui
270 2165 376 2196 lumen
401 2174 466 2196 non
484 2163 594 2195 tollat:
618 2165 733 2203 quibus
753 2164 858 2196 verbis
875 2166 948 2205 ille,

74 2215 113 2238 ut
131 2214 204 2237 ante
221 2205 358 2243 dictum,
384 2205 525 2247 designat
537 2205 586 2245 jus
602 2206 693 2236 altius
710 2215 775 2237 non
795 2206 949 2245 tollendi,

73 2257 117 2280 -ne
134 2247 303 2279 luminibus
321 2246 485 2278 officiatur.
517 2246 568 2279 Sic
583 2246 669 2277 dorni
685 2247 826 2288 conjeci,
851 2256 948 2290 atque

77 2288 190 2329 aGajo
201 2289 356 2320 nominari
373 2296 435 2320 tres
444 2287 600 2320 drstindlas
609 2287 729 2328 species
746 2289 947 2322 servitutum:

70 2330 120 2371 jus
134 2330 326 2362 immittendi
337 2331 454 2362 lumina
466 2329 517 2361 seu
532 2329 703 2369 fenestras3
715 2331 764 2370 jus
775 2331 927 2363 luminum
939 2355 949 2370 ‚

71 2371 138 2404 five
154 2381 193 2403 ne
210 2371 379 2406 luminibus
394 2371 570 2409 officiatum
593 2371 681 2411 &jus
697 2373 790 2403 altius
807 2382 871 2404 non
890 2374 950 2405 tol·

71 2413 180 2449 lendi,
202 2423 242 2444 ne
269 2412 439 2445 luminibus
462 2412 640 2444 officiatur:
664 2413 693 2444 ὅ(
712 2413 949 2446 ,restituendum

73 2454 139 2486 hoc
153 2455 252 2486 modo
269 2453 331 2485 esse
345 2453 459 2494 Gajum
472 2466 480 2486 ι
497 2454 680 2485 Praediorum
695 2456 868 2486 urbanorum
880 2457 949 2496 jura

68 2496 159 2538 sunt,
175 2493 345 2536 stillicidia,
370 2497 468 2527 cloacae
485 2518 495 2533 ‚
510 2494 647 2535 senellrae
661 2519 670 2533 ‚
699 2497 789 2527 altius
811 2498 949 2538 erigendae

75 2537 194 2575 domus,
218 2542 270 2567 aui
294 2547 350 2567 non
374 2538 532 2578 erigendce,
555 2543 588 2567 uc
606 2539 648 2568 ita
670 2539 735 2578 quis
742 2539 892 2578 fabricet,
914 2546 950 2570 ut

75 2578 182 2608 vicinae
202 2579 299 2608 domui
313 2578 407 2608 lumen
428 2588 484 2609 non
507 2578 605 2614 tollat,
631 2577 837 2613 &luminum
870 2579 948 2612 Dixi

76 2618 154 2658 quid
178 2618 253 2657 juris
277 2617 331 2656 fit,
355 2619 501 2651 fenestris
519 2621 548 2651 in
566 2620 702 2651 alienum
722 2623 875 2660 parietem
893 2622 948 2653 im-

75 2658 171 2691 miffis
185 2657 356 2690 constituta
371 2659 538 2693 servitute:
553 2670 590 2692 ac
606 2661 628 2693 fi
644 2663 713 2702 quis
730 2672 782 2694 eas
793 2664 824 2694 in
841 2664 948 2695 alieno

76 2698 211 2744 fecerit,
228 2700 280 2738 vel
297 2702 346 2738 vi,
365 2702 415 2732 vel
431 2702 531 2741 clam,
548 2703 601 2734 vel
620 2703 764 2743 precario
775 2727 784 2742 ‚
801 2705 888 2736 nullo
902 2705 947 2744 ju-

76 2750 113 2773 re
129 2740 249 2772 feciffe.
281 2743 405 2780 optimo
422 2743 516 2783 igitur
528 2745 596 2783 jure
612 2745 718 2784 placet
736 2744 947 2777 Diocletiano

76 2791 115 2814 ac
131 2782 349 2821 Maximiano,
373 2792 444 2815 eum
468 2786 638 2825 compelli,
663 2786 798 2827 opinor,
822 2787 948 2818 actione

72 2823 259 2865 negatoria,
282 2823 341 2854 suis
361 2823 537 2864 sumptibus
557 2835 638 2865 opus
662 2829 796 2867 tollere,
820 2829 850 2860 ἂ
868 2830 947 2860 inte-

72 2873 165 2906 grum
183 2865 336 2906 parietem
354 2865 516 2897 restituere
532 2867 553 2897 l.
570 2872 598 2902 8.
618 2868 650 2899 C.
670 2870 850 2910 deservitur.

118 2905 261 2938 Tantum
279 2907 320 2937 de
339 2908 459 2945 pariete
475 2908 568 2947 plane
584 2909 698 2940 alieno.
729 2911 817 2953 Age,
842 2912 947 2943 videa-

71 2957 145 2981 mus
169 2949 209 2979 de
229 2950 416 2986 communi,
442 2949 472 2979 id
498 2948 563 2988 est,
589 2951 629 2981 de
649 2951 753 2983 alieno
778 2962 819 2985 ex
844 2961 944 2993 parte.

73 2989 189 3022 Paulus
204 2989 225 3020 l.
242 2999 291 3027 40.
316 2987 354 3019 D.
373 2989 400 3020 h.
420 2995 440 3021 ι,
459 2989 500 3022 fic
517 2989 641 3022 scribit:
661 2991 719 3023 Eos
735 2996 787 3035 qui
798 2995 847 3035 jus
864 2995 946 3025 lumi·

71 3032 120 3062 nis
134 3031 308 3062 immittendi
323 3039 379 3060 non
396 3031 557 3062 habuerunt
568 3054 578 3070 ,
596 3041 707 3072 aperto
723 3034 842 3074 pariete
859 3045 946 3066 coni-

69 3073 180 3111 muni,
203 3072 281 3103 nullo
297 3072 365 3111 jure
374 3071 520 3112 fenestras
537 3072 677 3114 immisiffe
692 3077 832 3116 respondi„
864 3076 945 3108 Haec

70 3122 202 3154 recepta
219 3113 331 3145 lectio:
346 3113 374 3144 in
394 3123 454 3154 qua
465 3116 530 3145 duo
549 3115 687 3147 notabo:
704 3117 839 3156 primurn
851 3140 860 3156 ,
878 3126 944 3148 non

70 3153 141 3185 fieri
165 3156 363 3186 mentionem
383 3155 458 3194 juris
475 3155 627 3187 luminum
639 3179 648 3193 ,
671 3166 774 3197 neque
788 3158 862 3198 juris
877 3168 943 3190 non

69 3195 230 3229 officiendi
256 3195 447 3238 luminibu53
472 3197 524 3231 sed
537 3197 611 3239 juris
626 3198 754 3232 luminis
770 3198 941 3233 immitten-

1810 93 1877 135 162

999 177 1051 214 di,
1076 177 1106 208 id
1124 176 1188 215 est,
1214 186 1248 208 ut
1267 177 1354 218 supra
1371 176 1456 216 dixi,
1478 178 1553 218 juris
1569 176 1724 209 fenestrae.
1747 176 1878 210 Deinde

999 219 1162 256 monebo,
1181 221 1333 258 parietem
1352 228 1446 260 quem
1465 229 1671 251 communem
1691 227 1786 250 vocat
1799 220 1879 251 Pau-

995 260 1063 298 lus,
1088 260 1188 299 accipi
1207 269 1360 301 oportere
1383 269 1587 299 communem
1605 270 1669 292 non
1688 269 1746 300 pro
1767 261 1879 292 indivi-

996 299 1047 338 so,
1072 299 1124 331 sed
1141 311 1200 340 pro
1220 301 1320 332 diviso
1339 303 1543 343 regionibus:
1567 309 1603 334 ut
1619 303 1660 333 de
1677 301 1801 341 lapide,
1821 303 1877 333 de-

997 350 1060 381 que
1082 341 1198 380 insula,
1222 343 1339 373 dicitur
1363 344 1382 374 l.
1409 353 1436 382 7.
1463 344 1482 385 §
1511 344 1563 374 ult.
1586 344 1605 375 l.
1625 349 1653 378 8.
1672 344 1691 374 l.
1708 353 1758 380 29.
1776 344 1822 375 D.
1843 345 1878 374 de

997 384 1062 423 cuiq.
1082 391 1139 414 rer.
1156 385 1228 414 dom.
1247 382 1283 418 δ’
1299 385 1317 414 l.
1331 389 1380 424 83.
1393 384 1432 415 D.
1453 385 1603 424 Vrojbcio.
1628 386 1659 417 id
1676 385 1769 416 ideo:
1785 385 1876 425 quod

997 423 1038 455 fic
1057 424 1159 463 paries
1177 424 1221 455 est
1239 434 1297 465 pro
1313 433 1402 465 parte
1418 425 1556 466 alienus,
1574 435 1680 466 eoque
1699 435 1800 467 capax
1818 427 1878 458 ier·

998 464 1126 495 vitutis:
1149 465 1235 504 cujus
1254 475 1320 496 non
1347 465 1435 497 foret
1459 476 1579 507 capax,
1601 467 1620 498 fi
1638 467 1715 499 esset
1731 477 1875 500 commu-

997 507 1045 537 nis
1069 515 1128 545 pro
1151 506 1304 538 indiviso:
1328 515 1392 537 non
1417 506 1505 538 solita
1532 507 1683 539 servitute
1706 518 1765 549 pro
1785 518 1876 550 parte

996 548 1120 588 imponi
1144 555 1198 578 aut
1222 547 1344 587 adquiri
1368 547 1387 579 l.
1405 552 1434 579 6.
1452 549 1480 589 §.
1502 557 1525 579 1.
1544 550 1590 579 I).
1617 550 1766 581 Commun.
1786 551 1877 591 praed.

995 587 1124 623 Immisit
1148 588 1245 629 igitur
1268 588 1390 620 vicinus
1416 589 1567 621 fenestras
1593 591 1624 621 in
1643 592 1795 630 parietem
1816 601 1877 632 pro

996 630 1096 661 diviso
1113 638 1330 662 communem.
1363 631 1410 661 An
1428 631 1522 669 jure?
1547 630 1658 662 Paulus
1676 631 1830 671 affirmat,
1854 633 1876 664 fi

995 671 1126 703 fuerunt
1153 671 1291 703 immiss'ae
1316 671 1354 703 ab
1369 674 1413 704 eis
1432 673 1483 712 qui
1500 672 1740 713 habueruntjus
1759 674 1875 705 immit-

996 713 1083 744 tendi
1111 713 1253 744 luminis:
1277 712 1340 744 five
1364 714 1413 753 jus
1431 714 1623 745 immittendi
1649 713 1821 747 fenestras:
1847 724 1878 746 a·

994 754 1117 795 lioquin
1129 762 1234 795 negat.
1260 755 1301 785 ita
1321 755 1445 786 constat
1462 756 1545 786 ratio
1564 762 1702 795 receptae
1723 755 1850 787 lectioni
1864 779 1875 795 ,

993 801 1088 836 aperto
1101 797 1210 835 pariete
1222 797 1374 829 communi.
1413 796 1475 828 Sed
1492 797 1567 828 huic
1585 797 1674 828 litem
1693 797 1732 828 de
1749 796 1874 830 finceri-

994 844 1060 867 tate
1071 844 1183 868 movet
1195 836 1354 870 Dominus
1373 837 1519 878 Cujacius
1535 838 1582 870 lib.
1603 847 1628 870 1.
1650 838 1769 870 Obfierv.
1789 849 1875 879 c.31.

994 887 1054 917 pro
1072 887 1107 908 ea
1124 886 1267 918 ponens,
1284 885 1376 918 aperto
1393 889 1463 910 coeco
1474 881 1602 920 pariete:
1617 889 1681 912 non
1695 880 1876 921 improban-

996 928 1027 950 te
1044 918 1260 958 Leunclavio‚
1279 920 1318 951 V.
1339 920 1398 952 CL.
1416 921 1463 952 lib.
1479 932 1507 953 2.
1527 921 1638 952 Armet.
1657 932 1680 952 c.
1697 931 1745 958 29·
1768 931 1877 962 quam-

995 969 1089 1000 quam
1106 959 1171 1001 ipse
1189 962 1296 1001 malit,
1317 967 1413 1002 aperio
1428 965 1537 1002 pariete
1553 963 1698 995 inlumini.
1725 963 1787 995 lllis
1804 972 1877 994 cau-

996 1002 1024 1033 sa
1044 1002 1086 1033 sic
1105 1003 1294 1035 emendandi
1320 1003 1399 1042 fuit;
1423 1005 1511 1043 quod
1528 1013 1695 1045 putarent,
1719 1003 1874 1037 luminum

995 1043 1218 1075 immiffioncm
1229 1068 1238 1083 ,
1256 1046 1458 1084 quantumvis
1469 1044 1583 1078 factam
1595 1047 1624 1077 in
1637 1046 1789 1087 parietem
1802 1055 1874 1086 pro·

994 1086 1121 1125 prium,
1145 1086 1197 1126 qui
1216 1094 1281 1117 erat
1299 1096 1428 1123 ccecuS‚
1451 1086 1504 1118 nifi
1524 1086 1698 1120 constituta
1719 1087 1874 1120 luminum

994 1126 1145 1157 servitute
1161 1150 1170 1165 ‚
1202 1126 1324 1168 legibus
1349 1127 1441 1161 fuiffe
1465 1128 1669 1169 prohibitam.
1715 1129 1778 1161 Sed
1803 1130 1874 1161 talis

994 1168 1172 1208 prohibitio
1189 1169 1234 1199 est
1249 1169 1324 1200 fatti
1336 1193 1345 1208 ‚
1362 1170 1392 1201 &
1412 1171 1595 1211 probanda;
1618 1180 1772 1211 nusquam
1794 1180 1872 1202 vero

995 1211 1096 1249 liquet
1113 1209 1143 1240 in
1162 1210 1330 1242 l’andeftis
1347 1218 1401 1242 aut
1418 1211 1492 1243 alibi
1509 1212 1596 1243 Pauli
1616 1220 1775 1253 tempore.
1795 1222 1873 1244 con·

996 1259 1041 1282 tra
1060 1251 1272 1283 demonstravi
1290 1253 1461 1284 evidenter
1475 1277 1484 1292 ,
1509 1255 1682 1293 unicuique
1709 1262 1775 1285 tum
1794 1254 1874 1286 licu-v

994 1292 1067 1330 iffe,
1093 1294 1122 1324 in
1144 1293 1231 1325 suum
1249 1295 1406 1335 parietem
1424 1294 1578 1327 fenestras
1594 1296 1663 1335 jure
1681 1294 1737 1325 suo
1755 1294 1873 1327 immit-

994 1342 1087 1373 tere;
1112 1334 1219 1366 vicino
1247 1344 1355 1367 autem
1380 1337 1418 1368 ad
1440 1338 1638 1368 removenda
1659 1336 1713 1368 illa
1740 1335 1873 1368 immiss‘a

993 1385 1057 1407 non
1076 1376 1274 1416 competiiffe
1291 1377 1449 1410 athonem
1470 1379 1685 1420 negatoriam:
1713 1377 1765 1409 sed
1783 1379 1873 1410 dum-

993 1424 1079 1448 taxat
1094 1418 1141 1457 jus
1159 1418 1320 1450 officiendi
1340 1420 1523 1452 luminibus.
1547 1419 1602 1451 Est
1620 1420 1715 1460 igitur
1734 1421 1875 1451 retinen-

993 1459 1030 1489 da
1056 1460 1327 1499 receptalefiio,
1350 1467 1446 1501 aperto
1469 1463 1578 1502 pariete
1601 1462 1752 1492 communi.
1776 1471 1812 1492 ac
1830 1471 1872 1493 ne

993 1509 1088 1540 quem
1106 1501 1251 1533 offendat
1268 1503 1480 1534 inhumanitas
1497 1503 1613 1534 curiofi
1633 1502 1749 1540 vicini,
1774 1502 1873 1534 facile

992 1541 1065 1573 lites
1082 1552 1118 1573 ac
1136 1543 1217 1574 rixas
1235 1544 1388 1583 paritura:
1412 1552 1525 1576 contra
1544 1552 1677 1584 oportet
1695 1544 1873 1576 meminisse

995 1581 1184 1614 differentiae
1209 1593 1301 1625 quam
1329 1584 1402 1616 alibi
1424 1585 1488 1616 feci
1512 1587 1596 1616 inter
1611 1586 1687 1625 juris
1704 1586 1823 1624 regulas
1841 1586 1874 1617 δε

992 1625 1068 1665 juris
1086 1634 1255 1666 praecepta.
1281 1636 1340 1658 nec
1356 1626 1466 1658 frustra
1478 1627 1588 1659 addam
1606 1627 1668 1657 boc
1679 1636 1718 1658 ex
1734 1626 1872 1658 Harme-

994 1668 1118 1707 nopulo
1134 1668 1181 1698 lib.
1200 1677 1226 1698 2.
1244 1668 1289 1698 tit.
1304 1678 1331 1708 4.
1345 1675 1415 1710 pag.
1437 1672 1503 1700 166.
1521 1667 1634 1706 Curivfi
1649 1669 1768 1710 quidam
1783 1675 1871 1710 atque

993 1709 1090 1739 invidi
1106 1710 1254 1749 prohibere
1275 1719 1319 1740 eos
1343 1712 1498 1749 nituntur,
1523 1712 1574 1751 qui
1589 1712 1682 1741 domos
1707 1716 1872 1749 extruunt,

993 1752 1110 1781 undem
1125 1751 1209 1781 aedez's
1224 1752 1318 1781 vicini
1328 1757 1427 1792 putent
1441 1751 1579 1792 aspelius.
1597 1753 1627 1782 id
1637 1753 1712 1793 quod
1727 1761 1816 1792 neque
1833 1753 1872 1781 le-

990 1793 1077 1833 gibus
1095 1798 1216 1823 cavetur
1227 1815 1235 1831 ,
1254 1802 1345 1834 neque
1362 1803 1398 1824 ex
1413 1801 1541 1824 ‘ueterum
1559 1792 1743 1832 redificiorum
1759 1794 1871 1823 ratione

991 1833 1121 1874 colligere
1137 1835 1218 1872 licet,
1235 1840 1342 1865 veteres
1356 1835 1430 1866 hauc
1447 1835 1586 1876 injuriam
1600 1834 1720 1875 puwffe.
1738 1835 1872 1865 videmus

991 1877 1068 1906 enim
1084 1885 1175 1907 omnes
1189 1876 1255 1915 fere
1272 1877 1365 1906 domos
1374 1878 1407 1915 se
1423 1878 1546 1907 invicem
1564 1875 1732 1917 spatiantes.
1770 1876 1872 1908 Nulla

991 1918 1067 1947 enim
1082 1923 1188 1948 veteres
1204 1918 1247 1947 illi
1263 1919 1379 1948 invidia
1395 1918 1572 1948 laborabant.
1611 1917 1758 1963 Quocirca
1779 1927 1870 1959 neque

991 1968 1042 1989 izos
1058 1961 1199 1990 damnum
1214 1959 1307 1989 ullum
1322 1961 1352 1990 in
1376 1961 1430 1990 tali
1451 1959 1563 2000 alpet‘iu
1588 1961 1638 2000 effe
1661 1959 1814 2000 censemus.
1837 1969 1871 1990 u-

992 2002 1169 2042 nusquisque
1191 2002 1282 2041 igitur
1300 2010 1336 2032 ex
1358 2002 1393 2032 iis
1416 2003 1467 2042 qui
1484 2002 1533 2032 hoc
1557 2002 1724 2032 incommoaz·
1741 2001 1797 2030 loco
1815 2001 1869 2031 du-

992 2050 1081 2081 cunt,
1104 2043 1201 2073 vicino
1224 2043 1337 2083 quidem
1362 2052 1437 2072 more
1453 2044 1509 2082 suo
1535 2043 1678 2083 (edificare
1696 2043 1869 2082 permittat,

991 2084 1051 2122 ipse
1072 2093 1139 2114 vero
1156 2084 1222 2120 suas
1240 2086 1354 2114 muniat
1372 2083 1408 2118 ἐξ
1429 2084 1472 2115 itu
1491 2083 1618 2124 obstruat
1640 2084 1738 2122 aedeis,
1761 2092 1797 2114 ‘ne
1812 2087 1870 2123 lpa-

992 2125 1066 2156 erari
1078 2123 1181 2166 poffit:
1196 2127 1280 2166 idque
1295 2126 1341 2155 vel
1355 2127 1460 2166 apertis
1475 2128 1526 2167 qui
1541 2127 1702 2164 dicuntur,
1717 2125 1868 2164 cancellis,

991 2167 1037 2196 vel
1049 2169 1180 2207 sepibus,
1196 2168 1242 2198 vel
1259 2172 1326 2197 utut
1343 2167 1428 2198 aliter
1444 2167 1571 2198 libuerit.
1596 2168 1702 2208 Neque
1717 2168 1792 2197 enim
1802 2173 1869 2207 pro—

987 2214 1054 2248 pter
1068 2208 1189 2240 alteriur
1204 2210 1342 2240 damnum
1356 2218 1468 2250 cequum
1477 2207 1534 2249 est,
1552 2218 1722 2250 quemquam
1732 2216 1789 2247 sica
1806 2217 1869 2239 mu·

990 2251 1053 2280 nz're
1068 2259 1102 2281 ac
1119 2248 1267 2290 obstruere.

1031 2290 1184 2330 Ostendi,
1208 2301 1248 2322 ex
1273 2290 1428 2322 sententia
1453 2291 1538 2323 Pauli
1564 2293 1595 2322 in
1614 2292 1642 2322 d.
1659 2291 1681 2322 l.
1699 2301 1728 2330 4.
1745 2290 1773 2322 h.
1791 2296 1812 2322 t.
1836 2300 1869 2322 u—

993 2341 1064 2364 nam
1082 2333 1144 2365 effe
1161 2334 1345 2364 lervitutem
1362 2355 1371 2370 ‚
1395 2342 1464 2373 quae
1481 2334 1553 2364 alias
1573 2332 1696 2364 Lumen
1715 2341 1868 2371 vocatur,

992 2375 1067 2406 alias
1085 2373 1275 2412 Luminum,
1294 2375 1366 2406 alias
1379 2374 1429 2406 Ne
1447 2374 1616 2406 luminibus
1628 2373 1796 2406 officiatur.
1814 2373 1870 2405 Vi-

993 2417 1144 2455 deamus,
1168 2426 1206 2447 an
1232 2415 1327 2447 liceat
1352 2416 1416 2447 hoc
1442 2416 1596 2455 exemplo
1614 2424 1743 2456 putare,
1769 2417 1868 2448 etiam

993 2467 1086 2490 unam
1102 2458 1165 2490 ess'e
1181 2457 1387 2496 servitutem3
1403 2467 1473 2496 quae
1485 2458 1585 2488 modo
1604 2456 1720 2488 dicitur
1736 2457 1870 2498 Prospe-

992 2500 1077 2538 ctus,
1092 2500 1192 2531 modo
1209 2499 1262 2538 Jus
1280 2498 1464 2539 prospectus
1476 2523 1485 2537 ,
1500 2499 1601 2530 modo
1612 2498 1665 2537 jus
1682 2508 1723 2530 ne
1738 2500 1869 2540 prospe-

991 2541 1054 2572 ttui
1071 2540 1253 2573 officiatur?
1276 2541 1358 2578 Sed,
1383 2548 1481 2580 puto,
1498 2540 1592 2572 etiam
1610 2539 1696 2579 haec,
1713 2550 1785 2573 cum
1806 2551 1869 2572 una

991 2581 1046 2619 fit,
1065 2590 1114 2614 tot
1131 2582 1315 2614 nominibus
1334 2584 1458 2621 optime
1476 2581 1661 2623 indigitatur
1677 2582 1695 2613 l.
1717 2582 1808 2623 132&
1821 2586 1866 2614 16.

992 2622 1034 2654 D.
1053 2623 1081 2655 h.
1101 2629 1124 2655 t.
1161 2623 1268 2654 Verba
1293 2623 1353 2653 loci
1381 2624 1544 2663 utriusque
1567 2623 1740 2656 adscribam
1760 2636 1768 2657 :
1793 2626 1868 2663 quia

992 2673 1145 2703 praeterea
1163 2664 1287 2696 faciunt
1304 2663 1470 2696 discrimen
1494 2665 1577 2697 inter
1596 2665 1720 2697 Lumen
1742 2666 1771 2697 δι
1790 2666 1866 2697 Pro-

991 2706 1149 2747 spectum,
1173 2704 1271 2747 ipsum
1297 2714 1361 2736 non
1386 2704 1550 2747 indignum
1572 2707 1727 2739 annotari.
1761 2707 1867 2738 Verba

989 2749 1019 2778 d.
1042 2748 1061 2778 l.
1082 2757 1126 2787 15.
1156 2757 1196 2778 ex
1216 2745 1357 2787 Ulpiano
1381 2747 1449 2778 haec
1474 2746 1561 2779 sunt:
1588 2749 1668 2780 Inter
1693 2749 1864 2786 servitutes,

990 2787 1044 2820 Ne
1063 2789 1234 2820 luminibus
1251 2788 1424 2826 officiatur,
1444 2788 1480 2824 &⁵
1498 2788 1550 2820 Ne
1563 2790 1742 2831 prospectui
1762 2789 1866 2820 offen-

991 2832 1103 2869 datur,
1126 2830 1208 2861 aliud
1224 2829 1260 2863 &³
1277 2831 1359 2862 aliud
1384 2830 1567 2868 observatur:
1590 2833 1665 2873 quod
1686 2834 1717 2861 in
1734 2831 1864 2871 prospe·

991 2872 1041 2902 Clu
1056 2872 1123 2912 plus
1140 2872 1205 2912 quis
1222 2871 1324 2910 habet,
1339 2881 1373 2902 ne
1388 2873 1574 2914 quidscilicet
1590 2872 1732 2913 officiatur
1746 2873 1783 2902 ad
1794 2881 1866 2911 gra-

989 2915 1088 2943 tiorem
1105 2911 1277 2954 prtffpelium
1301 2913 1338 2948 ἐπ’)
1352 2914 1479 2946 liberum.
1503 2916 1533 2945 in
1557 2914 1728 2945 luminibus
1744 2919 1862 2951 aulem,

989 2964 1025 2984 ne
1041 2954 1152 2986 lumina
1178 2955 1350 2996 cujusquam
1373 2957 1534 2994 obscuriora
1551 2954 1638 2995 ficiat.
1665 2954 1863 2995 quodcumque

988 2996 1084 3036 igitur
1095 2996 1193 3033 faciat
1208 2998 1245 3027 ad
1259 2998 1377 3028 luminis
1393 2999 1642 3036 impedimentum,
1661 2994 1801 3034 prohiberi
1811 3002 1864 3035 po·

989 3034 1059 3076 test,
1075 3036 1241 3076 fiservitus
1255 3039 1399 3070 debeatur.
1425 3038 1528 3070 Verba
1547 3039 1573 3067 d.
1592 3036 1612 3067 l.
1637 3041 1682 3068 16.
1705 3046 1744 3066 ex
1762 3036 1862 3068 Paulo

989 3078 1060 3110 talia
1075 3077 1164 3111 sunt:
1188 3079 1321 3119 Lumen,
1344 3082 1373 3112 id
1389 3078 1449 3120 eft,
1473 3085 1505 3109 ut
1520 3079 1619 3109 coelum
1641 3079 1798 3108 videretur.
1824 3077 1862 3112 ἃ

986 3118 1102 3160 interest
1110 3121 1187 3151 inter
1198 3121 1302 3153 lumen
1314 3121 1350 3158 &²
1361 3120 1569 3162 prospectum.
1594 3128 1662 3149 nam
1673 3118 1861 3159 prospectus

984 3162 1070 3192 etiam
1086 3171 1123 3193 ex
1137 3162 1324 3202 inferioribus
1341 3163 1408 3195 locis
1421 3160 1476 3202 est:
1495 3161 1602 3193 lumen
1620 3170 1656 3193 ex
1669 3162 1805 3202 inferiore
1822 3161 1862 3192 lo-

984 3212 1013 3235 co
1030 3202 1082 3245 affe
1096 3213 1154 3236 non
1166 3203 1267 3246 potest.
1811 3241 1864 3273 Se·
