2036 3495
470 92 539 128 De
577 91 878 126 Pieriszr

88 188 202 221 verba:
225 184 278 217 sed
296 181 511 224 restringenda
526 181 565 212 ad
582 179 706 220 pafitum
719 201 727 215 ‚
745 177 795 208 Ne
815 177 961 210 debitum

87 238 230 273 petatur:
256 235 319 258 non
344 224 538 265 porrigenda
554 221 753 268 ari-paetum,
780 217 831 250 Ne
848 220 961 267 pignus

87 279 234 313 petatur:
260 268 367 308 quod,
390 274 425 297 ut
441 273 515 296 ante
533 264 617 301 dixi,
641 261 763 302 semper
779 261 889 292 habuit
907 264 961 292 de-

87 313 268 346 finitionem
281 309 509 341 indubitatam:
526 303 760 336 cumilludnon
779 312 869 343 aeque
886 312 961 334 con-

88 355 224 386 stantem
248 352 416 391 reciperet.
449 349 544 389 igitur
558 346 627 377 satis
650 345 746 376 habet
764 344 897 383 Paulus,
921 345 961 376 de

87 399 212 428 incerta
226 393 334 425 facere
350 390 621 422 admonitionem:
637 395 711 418 cum
729 387 768 418 de
787 393 875 417 certa
892 395 961 419 eam

85 438 214 474 facere,
237 434 314 466 nihil
330 434 491 464 attineret.

133 478 265 509 Fuerint
283 476 352 506 baec
368 483 408 504 eo
425 472 528 504 adhue
546 469 781 511 probabiliora:
797 470 883 507 quod
903 469 960 511 hy-

88 521 232 561 potheca
249 514 400 548 consensu
425 513 592 545 creditoris
611 512 741 542 vendita
758 520 774 540 a
792 512 960 550 debitore,

89 562 199 595 similia
223 557 354 591 servari,
379 556 472 587 testes
491 554 562 585 sunt
579 553 715 584 Severus
733 553 763 583 ἃ.
781 553 960 584 Antoninus

88 606 108 635 l.
127 614 155 634 2.
174 603 207 633 C.
223 603 256 632 de
271 597 424 638 remiffione
436 596 589 637 pignoris,
611 594 660 626 his
677 595 796 626 verbis.
841 595 874 625 Si
894 602 959 635 pro-

89 645 203 676 baveris
218 641 387 681 refundunt
402 644 578 675 mercatum,
591 635 832 677 ptgffeffionemque
847 636 908 677 ejus
925 638 959 667 ti-

90 688 118 717 bi
135 686 291 721 traditam,
306 683 416 719 ¹sciente
440 679 476 714 δι’)
501 680 692 718 consenciente
707 687 739 709 ea
754 687 816 719 quae
825 676 881 715 fibi
895 687 960 708 eum

88 738 106 759 a
122 726 268 758 venditore
292 724 449 763 obligatum
469 722 558 759 dicit,
580 721 742 760 exceptione
760 729 820 750 eam
837 728 959 750 remove-

90 770 142 800 bis.
174 776 242 797 nom
264 765 399 805 obligatio
422 764 552 804 pignoris
571 761 705 801 consensit
724 760 761 796 ἐξ
778 762 960 792 contrabitur

91 810 127 844 ὅ)
143 808 313 850 ciiffolvitur.
337 805 444 836 Titius
462 804 595 835 fundum
611 812 627 833 a
645 802 674 833 se
695 801 824 834 Maeviae
840 803 960 842 obliga-

91 860 176 888 tum,
202 850 353 880 Materno
371 847 515 877 vendidit
532 846 560 876 ἂ
577 845 724 883 tradi-dit,
750 844 868 875 Maevia
884 852 961 875 con-

89 893 255 924 sentiente.
275 889 391 920 Maevia
404 888 488 919 hunc
505 886 639 918 fundum
651 887 732 926 petit
744 886 872 917 actione
888 894 960 924 qua·

90 935 109 966 st
127 934 287 965 Serviana.
319 930 487 961 Maternus
503 936 595 969 rogat
613 927 846 967 Imperatores:
869 935 906 957 an
926 925 961 957 si-

88 977 120 1007 bi
135 969 191 1016 'Jus
214 973 269 1011 sit,
294 982 362 1003 eam
393 971 547 1011 repellere
570 969 765 1010 exceptione
782 968 896 1000 remiffi
915 968 961 1008 pi-

87 1018 208 1059 gnoris.
231 1015 292 1046 Pro
313 1014 431 1044 Maevia
448 1012 542 1043 facit:
566 1012 654 1050 quod
672 1020 736 1042 non
754 1009 911 1041 consensit
930 1009 962 1040 in

90 1058 304 1091 remiffionem
331 1055 544 1096 hypothecae:
569 1060 690 1083 tantum
710 1051 866 1083 consensit
883 1053 912 1081 in
931 1060 961 1080 e-

88 1102 136 1141 jus
155 1099 385 1130 venditionem.
428 1095 550 1127 Contra
576 1094 638 1125 dici
657 1093 781 1134 potest:
805 1093 891 1133 quod
910 1091 962 1122 ubi

87 1140 247 1183 permisit,
271 1138 404 1170 fundum
422 1137 477 1168 (ibi
497 1137 672 1176 obligatum
685 1158 694 1173 ,
720 1134 873 1165 Materno
889 1142 959 1164 ven·

89 1185 121 1214 di
148 1185 177 1214 ἃ
205 1181 300 1219 tradi,
325 1180 400 1211 licet
418 1180 448 1210 in
468 1179 662 1218 hypothecae
679 1176 891 1207 rcmiffionem
910 1184 960 1220 pa-

88 1226 150 1257 lam
180 1233 243 1254 non
267 1220 442 1259 consensit,
466 1227 570 1250 tamen
599 1219 697 1249 tacite
717 1215 902 1248 consensisse
917 1225 963 1247 in-

89 1266 260 1306 telligitur:
276 1264 416 1302 ideoque
433 1269 505 1292 eum
523 1259 577 1291 fibi
594 1269 611 1290 a
628 1258 779 1289 Materno
791 1258 963 1297 applicari,

89 1306 306 1339 inverecunde
325 1302 478 1334 desiderat
495 1301 514 1331 l.
534 1306 561 1334 8.
578 1300 607 1342 §.
624 1303 653 1331 6.
668 1300 687 1331 l.
706 1308 754 1331 10.
774 1299 815 1330 D.
847 1298 964 1344 thibzts

90 1349 179 1380 modis
192 1347 301 1387 pignos
319 1344 364 1376 vet
383 1343 536 1385 hypotheca
551 1343 692 1380 solvitur.
738 1340 819 1373 Haec
843 1340 962 1372 summa

90 1386 332 1421 consultationis
356 1385 509 1416 Materni.
541 1385 579 1414 ad
604 1393 697 1424 quam
721 1382 763 1414 fic
786 1381 962 1414 rescribunt

90 1431 322 1472 Imperatores:
347 1427 379 1458 Si
403 1425 607 1467 probaveris,
632 1424 799 1462 Materne,
824 1432 855 1456 te
881 1432 961 1455 mer-

90 1481 198 1504 catum
214 1469 276 1502 esse
294 1469 448 1505 fundum,
465 1466 583 1498 sciente
601 1467 630 1497 ἅ
648 1465 870 1497 consentiente
883 1466 961 1496 Μῦε-

89 1515 139 1545 via
152 1513 202 1544 cui
218 1512 377 1552 obligatus
394 1509 456 1541 est:
474 1508 586 1550 procul
601 1508 700 1539 dubio
718 1507 894 1538 intervenit
911 1515 962 1546 pa-

89 1556 174 1586 ctum
192 1561 390 1585 conventum
408 1553 448 1582 de
459 1548 814 1591 tollendahypotheca:
831 1557 896 1580 non
908 1557 962 1588 pa-

90 1598 171 1635 lam,
198 1594 250 1626 sed
266 1594 362 1625 tacite
383 1592 412 1624 &
431 1602 488 1633 per
507 1590 780 1631 consequentiam.
827 1590 927 1632 Igitur
943 1588 964 1621 fi

89 1638 170 1669 velis
188 1637 233 1668 uti
249 1634 444 1673 exceptione
462 1642 521 1673 qua
538 1636 577 1664 de
595 1633 728 1673 quaeris3
746 1632 833 1663 licet.
856 1631 964 1671 (reee·

92 1687 148 1721 pta
166 1679 287 1718 quippe
304 1676 348 1707 est
361 1699 369 1714 ,
391 1683 426 1706 ut
445 1675 547 1715 liquet
563 1683 603 1705 ex
620 1674 639 1704 l.
657 1678 686 1708 8.
706 1673 734 1715 §.
751 1683 780 1710 9.
799 1671 904 1714 l·3·&
917 1682 963 1713 17.

89 1720 134 1753 D.
154 1721 212 1751 eod.
232 1718 301 1758 tit.)
318 1725 468 1748 caeterum
486 1714 629 1753 constat,
645 1715 866 1756 hypothecam
886 1723 964 1746 con-

90 1761 178 1793 sensu
197 1768 261 1792 tam
280 1758 425 1796 dissolvi,
449 1766 544 1797 quam
562 1756 724 1788 constitui.
755 1754 808 1787 Sic
826 1756 963 1794 censeo,

91 1804 123 1835 δι
141 1802 309 1838 voculam,
333 1800 436 1838 Nom,
460 1800 490 1830 in
506 1800 533 1829 d.
556 1799 574 1829 l.
592 1808 621 1830 2.
653 1797 770 1829 habere
789 1797 965 1838 incipiendi

90 1847 177 1882 vim,
200 1844 230 1874 ἅ
252 1852 310 1882 pro
334 1848 486 1872 caeterum
512 1838 670 1880 usurpari:
694 1846 728 1870 ut
745 1839 777 1870 in
800 1839 820 1869 l.
839 1849 867 1871 2.
887 1839 914 1880 §.
938 1848 964 1870 1.

92 1885 137 1918 D.
165 1884 206 1916 Vi
221 1886 357 1915 bonorum
372 1888 539 1923 raptorum,
562 1881 581 1911 l.
601 1890 626 1912 1.
646 1880 675 1922 ᾖ.
693 1890 723 1921 3.
743 1879 786 1911 D.
808 1881 841 1911 de
857 1882 966 1912 catum-

92 1927 270 1965 uiatoribus,
286 1925 305 1956 l.
316 1929 345 1956 ὁ.
359 1923 399 1955 D.
418 1924 450 1955 de
465 1924 505 1954 rei
521 1924 733 1957 vindicatione,
748 1922 778 1953 δί
789 1921 870 1963 saepe
880 1922 965 1954 alibi.

134 1967 258 2000 Possem
275 1967 327 1998 hic
342 1965 433 1997 finire
451 1964 696 2004 disputationem
714 1962 783 1995 satis
796 1964 964 2003 prolixam.

93 2010 148 2042 sed
172 2019 229 2040 cur
252 2008 392 2040 deseram
418 2005 535 2046 Gajum
560 2007 590 2036 in
607 2005 626 2036 l.
646 2004 709 2045 7.§
736 2015 764 2036 2.
784 2005 826 2036 D.
851 2004 966 2049 ,Quibus

94 2053 184 2083 modis
200 2052 306 2091 pignus
323 2048 367 2079 vel
384 2049 537 2089 hypotheca
554 2046 701 2081 lolvitur‘?
725 2046 774 2077 cui
792 2047 887 2077 etiam
907 2056 963 2077 no-

94 2096 159 2125 cuit
183 2093 262 2124 inala
283 2099 410 2126 manus;
435 2092 463 2120 ot
480 2088 647 2129 profutura
670 2088 730 2119 erit
746 2087 862 2118 vicinia
878 2086 964 2127 supe-

94 2135 186 2166 rioris
202 2131 488 2172 interpretationis.
513 2130 616 2161 voluit
631 2131 714 2160 enim
731 2127 829 2170 Gajus
842 2128 967 2160 dissere-

94 2185 130 2207 re
148 2176 187 2206 de
205 2175 334 2205 vendita
351 2172 538 2213 hypotheca
553 2181 593 2203 ex
611 2169 765 2202 consensu
781 2170 966 2202 creditoris:

96 2226 169 2248 cum
188 2223 321 2256 cogatur
336 2215 453 2245 invitus
479 2214 566 2253 loqui
588 2213 628 2245 de
646 2212 757 2252 paeto,
782 2211 834 2244 Ne
852 2212 964 2252 pignus

95 2266 234 2299 petatur.
251 2257 283 2287 id
297 2263 332 2286 ut
349 2255 561 2294 intelligatur,
577 2255 636 2285 erit
652 2254 775 2293 integer
788 2251 965 2285 adscriben-

97 2302 155 2330 dus
180 2299 280 2329 locus.
312 2296 407 2327 verba
432 2295 503 2336 Gaji
521 2297 549 2326 d.
566 2296 585 2326 l.
605 2306 633 2334 7.
650 2301 696 2335 pr.
713 2295 742 2336 §.
764 2304 790 2326 1.
809 2294 845 2329 δ’
861 2305 888 2326 2.
931 2295 966 2326 Si

97 2338 235 2377 conlenfit
248 2338 407 2369 venditioni
425 2338 561 2375 creditor,
577 2337 716 2367 liberatur
732 2336 903 2376 hypotheca:
910 2337 964 2376 sed

96 2383 127 2412 in
143 2383 186 2412 hir
199 2381 303 2421 pnpilli
318 2379 465 2415 consensus
479 2388 536 2408 non
554 2379 631 2408 dehet
647 2378 730 2409 aliter
746 2383 830 2408 ratus
847 2377 962 2417 haberi,

98 2432 185 2463 quarn
202 2421 231 2459 fi
252 2420 386 2461 praesente
409 2426 501 2450 tutore
524 2418 682 2460 [ousion]
705 2419 891 2459 consenserit,
912 2426 965 2450 (tut

98 2465 181 2494 etiam
201 2466 256 2503 ipse
282 2468 377 2494 tutor:
391 2462 504 2501 scilicet
522 2459 552 2498 fi
574 2462 748 2491 commodum
769 2461 895 2499 aliquid,
919 2461 965 2492 ‘nel

93 2505 167 2541 Jatis
190 2506 214 2534 ei
225 2500 229 2503 “
232 2503 300 2543 fieri
322 2513 356 2534 ex
375 2512 403 2533 eo
413 2503 508 2545 judex
523 2499 714 2542 aeftinzczverit.
738 2501 766 2543 §.
787 2511 813 2533 1.
845 2501 962 2533 Videbi-

101 2552 181 2580 mus,
198 2543 225 2581 fi
266 2551 412 2575 rocurotor
435 2545 561 2574 omnium
586 2545 719 2574 honorum
741 2542 896 2582 consensit,
919 2544 966 2574 vel

91 2588 198 2623 ser-vus
212 2595 228 2614 a
258 2595 306 2623 or,
322 2587 368 2615 cni
384 2584 420 2619 ἐξ
432 2586 505 2621 fialvi
516 2583 624 2625 potest,
642 2585 677 2619 ἐξ)
691 2586 723 2615 in
738 2585 768 2615 id
782 2584 891 2624 pofitus
907 2583 964 2625 cst:

101 2634 140 2654 an
157 2630 248 2655 teneat
261 2625 406 2664 consensus
420 2625 541 2657 eorum?
557 2626 593 2660 δ’
608 2627 758 2657 dicentium
772 2624 811 2665 est}
828 2636 885 2657 non
903 2635 965 2665 pos-

99 2669 145 2702 [ε.-
160 2663 214 2701 nisi
229 2667 380 2704 specialiter
398 2667 447 2697 hoc
463 2670 502 2697 eis
516 2669 686 2698 mandatnm
702 2665 750 2707 est.
773 2667 802 2708 §.
823 2677 849 2698 2.
874 2666 968 2706 Seclfi

104 2716 169 2736 cum
189 2707 316 2736 debitoris
329 2713 509 2746 procuratore
525 2710 678 2746 convenit,
694 2719 727 2738 ne
740 2707 780 2746 stt
799 2719 842 2739 res
860 2709 965 2749 ohliga-

103 2754 153 2783 τα,
170 2747 320 2776 dicendum
336 2745 373 2787 eft
388 2749 417 2778 id
434 2749 550 2779 debitori
561 2756 614 2790 per
627 2751 682 2780 doli
700 2752 888 2790 exceptionem
902 2760 966 2790 pro·

104 2787 184 2827 deffe.
216 2797 282 2817 cum
297 2795 389 2817 autem
405 2798 469 2818 cum
480 2790 564 2827 servo
580 2791 640 2831 ejus
656 2792 838 2829 convenerit,
859 2798 910 2831 per
924 2793 966 2832 ip-

91 2831 160 2869 sam
171 2827 252 2867 pacti
275 2827 436 2899 [9⁰⁷²vemf]
460 2831 646 2869 exceptionem
660 2833 746 2862 debet.
778 2832 829 2863 Sic
846 2832 967 2864 habent

101 2880 213 2901 omnes
236 2870 377 2899 codices.
422 2870 461 2900 cd
479 2869 559 2911 fugit
576 2881 628 2902 me
644 2874 723 2903 ratio
735 2895 745 2910 ,
769 2882 820 2904 aut
837 2875 879 2904 ita
896 2873 965 2905 scri-

102 2910 163 2953 pfit
187 2909 284 2951 Gajus
299 2911 326 2941 d.
347 2909 375 2950 §.
393 2919 421 2942 2.
462 2910 517 2942 Sed
534 2909 632 2948 licum
656 2914 787 2945 debitoris
799 2921 967 2955 procurato-

919 87 1478 126 TniNsAcrronissoe

1812 96 1879 132 431

1004 188 1032 209 re
1056 179 1191 210 convenit
1210 202 1219 217 ‚
1242 179 1394 210 dicendum
1414 176 1472 219 est,
1496 179 1525 210 id
1546 178 1663 209 debitori
1683 183 1733 217 per
1755 177 1813 210 doli
1834 186 1885 208 ex-

1004 223 1159 260 ceptionem
1173 221 1305 261 prodeffe.
1330 221 1367 256 {3⁹
1384 222 1505 261 reliqua.
1551 220 1643 251 Hanc
1661 219 1731 261 Gaji
1751 219 1881 258 scriptu-

1005 272 1070 294 ram
1098 270 1132 293 ut
1156 271 1190 293 ut
1214 265 1388 302 optimam,
1414 261 1515 294 Vetus
1540 261 1699 302 Interpres
1717 285 1726 301 ,
1749 260 1879 302 adjccns

1006 304 1074 343 his,
1098 303 1148 335 Ne
1165 302 1207 342 fit
1229 312 1271 335 res
1292 305 1436 346 obligata,
1460 302 1700 344 conspurcavit:
1725 313 1789 335 non
1808 311 1878 343 per-

1005 344 1158 385 spiciens,
1182 348 1453 385 quemadmodum
1478 345 1615 377 debitori
1634 354 1673 375 ex
1692 345 1785 385 pasto
1805 353 1879 384 pro-

1004 388 1158 419 curatoris
1173 396 1226 418 aut
1244 386 1322 419 servi
1339 389 1378 419 de
1390 388 1559 419 alienando
1576 387 1728 427 pignore,
1744 397 1784 417 eo
1804 394 1879 415 ven-

1005 430 1093 467 dito,
1119 430 1246 461 daretur
1271 430 1425 470 exceptio
1451 429 1531 470 pasti
1556 430 1710 459 conventi
1735 437 1788 459 aut
1811 426 1878 458 doli

1004 471 1096 503 mali:
1121 480 1192 502 cum
1217 479 1340 502 certum
1364 470 1466 509 ess’et,
1490 470 1648 501 actionem
1675 469 1879 511 hypotheca-

1005 512 1080 544 riam
1093 536 1102 551 ,
1127 522 1197 553 quae
1217 513 1248 544 in
1266 522 1331 544 rein
1350 511 1412 551 est,
1430 513 1527 552 magis
1545 511 1740 552 liypotbecae
1759 508 1878 552 poss'es-

1004 553 1126 592 sorem,
1148 563 1243 595 quam
1269 554 1424 586 debitoris
1452 553 1617 592 personam
1643 552 1741 592 sequi.
1775 553 1880 593 perin-

1004 597 1044 626 de
1070 596 1165 636 igitur
1192 605 1229 626 ac
1254 595 1275 626 fi
1292 597 1401 627 lacuna
1426 595 1502 627 esset
1520 604 1560 626 eo
1578 596 1608 625 in
1636 594 1732 633 loco;
1755 601 1809 625 aut
1825 592 1880 624 aii-

1003 638 1044 668 ud
1064 637 1172 677 egisset
1195 636 1312 677 Gajus,
1337 647 1431 677 quam
1455 636 1575 667 vellent
1597 635 1664 675 ejus
1684 636 1800 674 verba;
1824 633 1877 665 vel

1002 687 1062 718 pro
1080 680 1345 718 interpretatione
1363 678 1450 710 verbi
1469 678 1622 712 convenia
1645 677 1695 707 vel
1715 685 1774 716 pro
1792 676 1877 706 varia

1004 720 1161 758 lectione,
1185 721 1224 751 ad
1242 723 1415 761 marginem
1432 719 1569 760 adjecit,
1591 718 1641 749 Ne
1654 715 1692 756 fit
1709 727 1752 748 res
1769 717 1878 758 obliga·

1004 768 1044 793 to.
1068 771 1145 793 mox
1162 761 1238 793 alius
1255 771 1346 802 aeque
1363 762 1545 802 intelligens
1564 759 1703 798 scilicet,
1727 769 1763 790 ea
1780 759 1879 788 verba

1003 813 1021 834 e
1039 803 1178 843 margine
1198 803 1352 834 transtulit
1370 804 1401 835 in
1418 811 1619 834 conrexrum.
1649 801 1711 832 Sed
1730 800 1752 832 fi
1769 800 1880 832 adver·

1004 852 1106 874 tamus
1132 844 1271 875 animum
1298 846 1336 874 ad
1363 846 1602 876 connexionem
1620 843 1685 875 loci
1706 843 1823 880 totius,
1847 840 1879 871 δε

1004 885 1198 925 fingulorum
1217 885 1434 916 membrorum
1453 886 1538 926 ejus3
1555 895 1619 916 non
1630 883 1785 923 fuitGajo
1802 891 1877 923 pro-

1005 926 1159 966 positum,
1177 935 1341 966 exponere
1357 925 1526 958 formulam
1542 926 1621 968 pasti
1632 949 1642 965 ,
1660 925 1710 958 Ne
1718 924 1759 964 fit
1775 934 1818 956 res
1834 925 1879 955 ob-

1004 968 1114 1008 ligato.-
1134 967 1185 997 sed
1199 968 1274 1007 quid
1292 967 1371 1006 luris
1389 967 1444 1007 fit,
1460 969 1655 999 alienatione
1673 967 1814 1009 pignoris
1831 964 1879 997 fa-

1006 1009 1053 1040 &a
1070 1009 1239 1040 creditoris
1258 1007 1423 1040 consensu.
1465 1008 1499 1040 ln
1518 1019 1578 1049 qua
1597 1009 1720 1050 specie,
1744 1016 1879 1049 propter

1006 1051 1216 1091 quorumdam
1242 1051 1499 1088 dubitationem,
1524 1053 1623 1082 tutior
1639 1050 1702 1081 fuit
1726 1050 1806 1090 pasti
1824 1058 1880 1080 ex-

1006 1092 1132 1132 ceptio:
1156 1100 1229 1122 cum
1245 1100 1280 1123 ea
1299 1092 1329 1122 in
1349 1092 1463 1132 pasto,
1489 1092 1539 1124 Ne
1554 1102 1596 1122 res
1614 1093 1740 1133 obligata
1753 1090 1809 1130 lit,
1832 1090 1878 1122 su-

1007 1142 1162 1173 pervacua
1182 1133 1372 1164 haberetur:
1397 1135 1535 1174 utsupra
1553 1133 1687 1165 ostendi.
1732 1134 1795 1164 Sed
1822 1141 1881 1173 age

1006 1176 1105 1214 ipsum
1124 1174 1360 1206 consideremus
1376 1173 1447 1215 Gaji
1468 1175 1586 1206 locum.
1617 1176 1753 1215 primum
1778 1174 1880 1211 dixit,

1006 1216 1066 1248 Per
1093 1218 1322 1256 exceptionem
1346 1216 1472 1248 liberari
1493 1217 1606 1257 pignus
1622 1217 1795 1247 alienatum
1812 1224 1882 1246 cre-

1006 1257 1120 1289 ditoris
1138 1256 1301 1290 consensu.
1333 1258 1452 1289 dehinc
1472 1256 1634 1297 quaefivit,
1657 1255 1679 1288 si
1695 1258 1719 1288 is
1737 1258 1881 1288 creditor

1005 1298 1042 1331 fit
1064 1299 1224 1339 pupillt153
1246 1309 1284 1330 an
1308 1298 1477 1331 consensus
1503 1301 1587 1339 eius,
1613 1299 1665 1330 vel
1694 1297 1803 1335 solius,
1828 1297 1882 1328 vel

1006 1350 1078 1372 cum
1103 1349 1246 1372 tutorum
1270 1341 1460 1372 auctoritate
1490 1340 1678 1381 conjunctus
1697 1363 1706 1378 ,
1737 1339 1883 1371 sufficiat.

1005 1390 1073 1415 tum
1091 1381 1221 1422 subjecit
1238 1384 1277 1414 de
1295 1384 1464 1415 creditoris
1480 1390 1710 1423 procuratore,
1728 1381 1757 1413 ἂ
1773 1381 1881 1412 actore

1005 1422 1106 1455 servo.
1133 1424 1294 1463 postremo
1311 1425 1472 1456 transitum
1488 1424 1567 1456 fecit
1583 1424 1621 1455 ad
1636 1431 1883 1465 procuratorem

1006 1466 1181 1497 debitoris:
1199 1475 1342 1505 quaerens
1354 1490 1364 1505 ,
1380 1476 1417 1497 an
1434 1466 1499 1504 ejus
1517 1466 1641 1507 pactum
1659 1465 1799 1497 debitori
1811 1473 1884 1504 pro-

1004 1506 1060 1545 fit;
1076 1506 1097 1538 fi
1115 1507 1257 1538 creditor
1267 1516 1338 1539 cum
1349 1518 1389 1539 eo
1403 1516 1615 1548 procuratore
1625 1507 1798 1544 convenit3
1813 1515 1884 1537 non-

1005 1549 1135 1588 quidem
1147 1572 1155 1586 ,
1166 1548 1217 1580 Ne
1233 1559 1276 1580 res
1285 1547 1454 1591 obLigotafit
1466 1559 1475 1579 .·
1489 1547 1566 1589 (etsi
1577 1548 1609 1579 id
1625 1547 1798 1587 praeferant
1813 1556 1882 1578 om-

1006 1600 1063 1622 nes
1081 1591 1222 1622 codices.
1254 1592 1331 1631 quid
1347 1591 1431 1621 enirn
1449 1590 1514 1621 hoc
1529 1591 1568 1621 ad
1585 1589 1779 1630 propositam
1797 1597 1885 1629 quae-

1007 1632 1144 1664 stionem
1156 1631 1200 1672 2)
1217 1631 1290 1671 sed,
1312 1631 1355 1663 Ut
1375 1632 1495 1663 debitori
1505 1631 1546 1670 fit
1557 1632 1608 1673 jns
1623 1631 1768 1662 vendendi
1778 1633 1885 1672 pigno-

1007 1674 1059 1705 ris.
1084 1683 1182 1706 unum
1198 1674 1282 1705 enim
1301 1673 1365 1705 hoc
1382 1676 1484 1715 agitur
1499 1676 1530 1705 in
1546 1681 1590 1714 pr.
1607 1672 1634 1714 §.
1651 1682 1677 1705 1.
1695 1671 1847 1714 &§.2.d.
1859 1671 1883 1703 l.

1008 1724 1036 1755 7.
1050 1716 1204 1747 necaliud
1214 1715 1362 1747 tractatur
1372 1718 1402 1747 in
1410 1715 1548 1757 ſseqnente
1563 1714 1592 1757 §.
1604 1724 1634 1755 3.
1649 1713 1747 1755 Igitur
1764 1712 1884 1754 scripfit

1008 1756 1108 1797 Gajus
1124 1757 1156 1789 in
1172 1757 1237 1799 τις
1266 1767 1304 1789 2:
1328 1757 1384 1789 Sed
1404 1756 1433 1796 fi
1456 1767 1521 1789 cum
1544 1756 1678 1788 debitoris
1698 1762 1884 1797 procuratore

1007 1800 1160 1836 convenit,
1183 1800 1332 1830 dicendum
1349 1797 1408 1839 eft,
1431 1799 1462 1830 id
1477 1799 1596 1830 debitori
1604 1803 1658 1839 per
1673 1797 1730 1828 doli
1744 1797 1886 1838 exceptio-

1008 1849 1072 1871 nem
1084 1839 1218 1880 prodeffe.
1249 1849 1314 1872 cum
1330 1846 1426 1872 autem
1444 1841 1603 1881 cumservo
1617 1840 1680 1882 ejus
1696 1839 1884 1877 convenerit,

1003 1887 1057 1922 per
1072 1882 1162 1922 ipsam
1175 1881 1255 1922 patiti
1278 1881 1444 1924 [conventi]
1468 1883 1659 1923 exceptionem
1674 1882 1762 1912 debet.
1805 1879 1884 1912 Hoc

1009 1932 1088 1954 vero
1115 1923 1238 1962 voluit;
1261 1923 1293 1955 Si
1316 1933 1422 1965 neque
1448 1933 1521 1955 cum
1539 1923 1651 1964 pupilli
1671 1930 1798 1961 tutore,
1821 1930 1884 1953 nec

1009 1973 1082 1995 cum
1105 1965 1274 1997 creditoris
1300 1974 1531 2006 procuratore,
1555 1965 1608 1996 sed
1632 1973 1706 1996 cum
1726 1963 1884 1996 debitoris

1010 2014 1239 2046 procuratore,
1263 2015 1317 2037 aut
1333 2017 1405 2038 cum
1424 2007 1490 2046 ejus
1507 2006 1598 2037 servo
1616 2006 1747 2044 ιιξὶοτε,
1763 2014 1884 2036 conve-

1009 2048 1056 2078 nit
1079 2047 1119 2078 de
1145 2049 1316 2080 vendendo
1344 2050 1496 2088 pignore:
1519 2048 1717 2088 profuturam
1743 2047 1884 2078 debitori

1008 2088 1073 2119 iilic
1098 2089 1184 2127 doli,
1209 2089 1260 2120 hic
1284 2089 1366 2128 paen
1387 2091 1626 2131 exceptionem.
1659 2089 1747 2129 quod
1767 2088 1885 2120 vei-iffi-

1009 2139 1094 2161 mum
1114 2130 1158 2161 est
1174 2132 1193 2161 ι.
1217 2139 1262 2162 10.
1279 2131 1307 2172 §.
1330 2139 1357 2162 2.
1377 2131 1421 2162 D.
1444 2133 1476 2162 de
1487 2131 1593 2171 patris.
1637 2131 1680 2161 At
1705 2139 1746 2162 eo
1768 2129 1885 2170 recipit

1009 2171 1250 2203 difficultatem:
1275 2174 1362 2212 quod
1386 2173 1470 2204 anio
1495 2172 1729 2214 hypothecaria
1747 2181 1813 2203 non
1830 2172 1884 2202 ad-

1009 2212 1114 2244 versus
1138 2213 1319 2245 debitorem
1345 2215 1437 2246 datur
1453 2237 1463 2251 ,
1494 2213 1547 2246 sed
1569 2214 1716 2246 adversus
1739 2214 1884 2254 pignoris

1006 2253 1213 2295 possessorem
1230 2255 1250 2286 l.
1271 2259 1318 2286 16.
1335 2255 1363 2297 §.
1382 2265 1412 2296 3.
1432 2255 1475 2287 D.
1498 2257 1531 2287 de
1551 2257 1741 2298 ptgnoribns3
1765 2256 1794 2285 «St
1809 2255 1885 2285 ideo

1006 2295 1108 2335 fiquae
1125 2294 1162 2326 fit
1178 2298 1329 2336 exceptio
1348 2297 1404 2328 illo
1424 2307 1464 2328 ex
1474 2297 1588 2338 paeto,
1606 2307 1669 2328 non
1687 2297 1815 2327 videtur
1831 2295 1885 2326 de-

1007 2337 1104 2368 bitori
1121 2338 1242 2377 danda,
1258 2337 1311 2370 sed
1326 2339 1468 2398 pignoris
1484 2338 1657 2379 possessori.
1675 2338 1783 2378 Atque
1798 2337 1883 2378 hoc,

1008 2379 1143 2419 opinor,
1160 2378 1220 2416 est,
1245 2380 1334 2419 quod
1353 2380 1371 2410 l,
1383 2389 1506 2412 eterem
1522 2379 1641 2411 fefellit
1657 2379 1883 2419 interpretem.

1009 2420 1113 2460 potest
1136 2421 1221 2452 enim
1247 2421 1374 2453 debitor
1390 2445 1400 2460 ,
1424 2421 1445 2453 fi
1471 2421 1617 2452 vendidit
1645 2421 1885 2462 hypothecam,

1008 2469 1070 2493 nec
1093 2461 1196 2493 adhuc
1222 2463 1353 2496 tradidit
1369 2485 1379 2499 ‚
1409 2462 1473 2503 ipsa
1498 2462 1624 2493 actione
1648 2461 1890 2504 hyporhecaria.

1008 2503 1175 2534 conveniri
1193 2527 1202 2543 ,
1228 2504 1257 2535 ἃ
1274 2503 1304 2535 se
1323 2504 1405 2544 paCti
1423 2512 1477 2534 aut
1493 2504 1558 2535 doli
1578 2505 1773 2544 exceptione
1790 2506 1884 2536 tueri.

1008 2546 1092 2583 im0‚
1107 2543 1128 2575 fi
1143 2545 1284 2576 creditor
1299 2548 1327 2576 ei
1346 2544 1485 2586 permisit
1501 2545 1720 2577 venditionem
1737 2546 1817 2577 intra
1832 2555 1885 2577 an-

1007 2595 1082 2617 num
1106 2594 1159 2616 aut
1185 2587 1366 2618 biennium:
1390 2587 1445 2626 (ut
1460 2586 1490 2618 in
1510 2587 1529 2617 l.
1545 2591 1574 2621 8.
1590 2586 1618 2628 §.
1639 2596 1686 2619 11.
1705 2586 1748 2618 D.
1767 2587 1886 2631 Quibus

1009 2629 1097 2658 modis
1117 2629 1227 2669 pignus
1250 2628 1297 2659 vei
1311 2628 1466 2667 hypotheca
1480 2628 1631 2667 ſsilvz’tur)
1653 2629 1757 2660 forsan
1780 2630 1808 2660 ei
1825 2639 1884 2660 no-

1010 2669 1097 2700 cebit
1122 2670 1276 2710 exceptio
1291 2692 1301 2707 ,
1324 2669 1375 2700 vel
1399 2670 1541 2701 nondum
1565 2669 1647 2701 fasta
1673 2672 1883 2709 venditione,

1010 2710 1090 2741 intra
1107 2710 1138 2741 id
1156 2710 1298 2751 spatium.
1330 2720 1401 2742 nam
1419 2710 1472 2742 ubi
1489 2711 1628 2743 creditor
1646 2712 1787 2744 debitori
1804 2722 1883 2743 con-

1010 2751 1097 2781 ccffit
1120 2753 1169 2790 jus
1194 2752 1353 2782 vendendi
1378 2753 1518 2793 pignoris
1542 2754 1625 2785 intra
1649 2762 1773 2785 certum
1791 2754 1883 2794 spati-

1011 2801 1083 2829 um;
1107 2801 1171 2823 non
1191 2800 1311 2824 tantum
1326 2793 1374 2833 jus
1398 2795 1576 2833 vendendi,
1603 2794 1656 2827 sed
1676 2796 1706 2827 ἃ
1723 2795 1882 2829 retinendi

1010 2833 1171 2873 pignoris,
1187 2835 1216 2865 ei
1236 2834 1417 2866 coneeffiffe
1433 2835 1628 2879 intelligitur.
1655 2837 1717 2869 Sed
1735 2835 1882 2876 profecto

1010 2874 1113 2905 sensus
1131 2872 1203 2915 Gaji
1219 2875 1252 2908 in
1271 2877 1299 2908 d.
1319 2876 1337 2909 l.
1358 2884 1447 2918 7.pr.
1465 2877 1493 2920 §.
1518 2887 1543 2910 1.
1563 2888 1592 2912 2.
1610 2878 1647 2914 ὅ)
1666 2889 1695 2920 3.
1715 2878 1804 2910 nimis
1819 2886 1882 2908 ma-

1009 2914 1142 2947 nifestus
1157 2916 1212 2950 est.

1794 3250 1823 3283 C
1843 3259 1879 3282 Λ-
