2036 3495
527 116 589 151 An
625 115 719 150 Lin.
757 114 850 150 XIX.
885 115 989 149 ΤῙΤ.
1018 112 1062 149 Π.
1092 114 1367 152 Locaticonduffi.

48 207 92 238 At
123 204 364 237 ecclesiasticum
390 203 420 236 in
452 202 670 245 emphyteusin
704 203 919 250 acceptumii

49 246 119 287 quis
136 246 328 279 deteriorem
348 244 483 284 fecerit,
507 253 560 276 aut
583 252 623 275 ex
640 252 680 274 eo
699 245 918 284 emphyteuti-

50 298 119 320 cum
137 296 291 319 canonem
311 296 367 327 pei·
385 286 545 318 biennium
573 294 634 315 non
654 283 802 316 solverit:
828 293 919 324 pote-

49 330 91 362 rit
108 328 245 361 {imiliter
261 329 389 368 repelli:
414 336 474 359 nec
501 326 601 357 minus
618 326 780 371 tenebitur
798 326 919 358 solvere

49 369 148 401 totius
180 370 333 409 temporis
361 368 538 411 pensionem
558 389 568 404 ,
601 365 630 396 &
656 367 744 411 idin⁹
761 376 826 407 quo
852 376 918 414 rem

50 410 144 449 hesit,
169 410 330 442 resarcire:
348 420 412 441 non
431 414 642 449 repetituruS‚
657 407 676 437 si
694 409 768 446 quid
785 417 918 439 nomine

50 453 279 484 meliorationis
296 451 450 491 impendit
472 449 642 479 Anthemio.
668 447 732 491 Qgci
745 458 804 480 rem
819 449 918 491 hujus·

50 494 127 524 modi
143 493 176 524 C.
191 495 224 524 de
241 491 418 531 Sacrosanc't.
434 490 530 520 ecclei.
889 530 894 535 ¹

92 533 187 565 Nunc
199 533 320 565 transeo
329 533 366 563 ad
381 532 400 562 l.
412 542 439 571 3.
452 530 484 561 C.
496 531 529 560 de
540 530 602 570 jur.
613 531 812 572 emphyteutic.
831 531 920 574 Quid

51 575 83 606 in
102 584 137 606 ea
159 573 367 614 Justinianus?
391 574 451 609 ait,
475 572 653 602 dubitatum
678 572 788 611 fuisse,
814 581 919 604 utrum

51 616 260 656 emphyteuta
278 614 343 644 suas
362 614 598 644 meliorationes
608 613 702 652 poffit
713 613 777 645 fine
796 613 918 645 domini

51 658 218 688 voluntate
248 654 405 693 alienare;
440 664 477 686 an
504 654 620 686 debeat
644 654 708 693 ejus
732 655 919 686 consensum

52 695 253 738 exspectare?
276 696 411 736 primum
429 695 524 726 sancit
536 694 712 735 ,siquidem
729 696 919 737 emphyteu-

52 740 149 770 ticum
180 736 419 768 instrumentum
442 737 561 781 aliquas
593 736 682 776 super
710 736 773 768 hoc
804 737 920 768 habeat

53 779 231 820 pactiones,
256 788 307 809 eas
332 778 455 809 servari.
502 777 646 816 Deinde,
676 778 697 809 fi
721 779 800 809 tales
826 778 920 822 nullae

50 820 127 858 fint;
145 829 208 850 non
225 820 312 857 vult,
328 820 545 860 emphyteutae
565 819 661 850 licere
672 828 724 850 eas
742 819 804 851 fine
819 822 920 851 domi-

52 861 84 893 ni
102 860 253 891 consensu
282 861 432 891 vendere.
457 868 569 891 contra
592 861 681 899 vult,
705 869 776 892 eum
794 861 850 892 has
867 861 922 892 do·

52 903 141 934 mino
158 900 275 933 offerre
293 911 334 932 eo
351 901 455 942 pretio
466 902 551 941 quod
570 901 609 931 ab
623 902 685 932 alio
701 900 922 945 offertum-do-

54 944 177 975 minum
202 952 300 979 vero,
324 942 354 973 se
377 943 493 974 deinde
518 942 677 973 declarare
694 942 774 983 inti-a
791 941 921 983 spatium

55 986 191 1015 duorum
209 984 367 1015 mensium.
386 985 473 1024 quod
490 983 543 1015 nifi
562 983 674 1014 fecerit
690 984 852 1016 dominus:
869 984 922 1014 dat

54 1024 234 1065 Imperator
249 1025 466 1065 emphyteutae
491 1024 673 1063 licentiam,
697 1023 762 1056 suas
779 1025 924 1070 meliora-

57 1066 161 1097 tiones
187 1066 344 1103 vcndere‚
370 1065 421 1097 ubi
446 1065 598 1104 voluerit,
631 1066 660 1096 ἀ
684 1065 747 1097 fine
773 1065 925 1111 conlensu

58 1107 177 1138 domini
205 1115 211 1137 :
250 1107 296 1138 his
330 1115 433 1138 tamen
463 1116 531 1147 quae
563 1108 592 1138 in
631 1106 926 1148 emphyteuticariis

58 1147 270 1180 contrastibtis
294 1158 359 1179 non
385 1147 485 1180 solent
510 1148 608 1179 vetari
630 1171 640 1186 ,
670 1149 709 1179 ad
737 1149 919 1192 hujusmodi

55 1190 168 1220 venire
178 1189 384 1229 emptionem.
405 1189 557 1221 Praeterea
570 1190 678 1229 jubet,
693 1189 856 1221 dominum
874 1198 920 1220 in-

57 1236 104 1260 tra
128 1231 206 1261 duos
232 1230 351 1261 menses
377 1229 529 1270 suscipere
557 1238 755 1270 emptorem,
786 1230 838 1262 seu
863 1239 920 1262 no-

56 1280 131 1302 vum
155 1271 413 1312 emphyteutam:
445 1281 505 1303 nec
530 1274 598 1311 plus
622 1281 679 1312 pro
706 1281 747 1303 eo
770 1273 921 1313 exigere,

57 1319 150 1352 quain
174 1312 462 1353 quinquagesimam
491 1320 614 1353 partem
640 1312 705 1345 vei-i
729 1312 842 1353 pretii,
869 1320 924 1344 aut

1765 127 1833 165 337

962 203 1194 236 aeiiimationis:
1217 213 1310 244 quarn
1329 204 1463 237 barbaro
1480 203 1641 237 vocabulo
1659 205 1758 246 vulgo
1771 206 1840 239 lau.

963 245 1102 277 demium
1121 246 1292 285 appellant.
1315 246 1413 288 Quod
1430 246 1452 279 fi
1475 245 1545 280 haec
1560 246 1603 277 ita
1615 245 1674 277 fint
1689 246 1837 279 observa-

964 293 1014 324 ta;
1038 287 1107 318 vult
1124 285 1318 326 Imperator,
1340 296 1439 320 ratam
1463 287 1525 319 esse
1542 286 1769 320 venditonetn:
1790 287 1836 321 sm

961 326 1070 365 aliter3
1094 328 1338 368 emphyteutam
1362 330 1474 360 cadere
1487 330 1556 369 jure
1574 328 1834 371 emphyteutico.

1005 367 1085 399 Haec
1109 368 1178 400 fere
1204 367 1322 400 summa
1347 369 1605 401 Constitutionis.
1629 377 1661 402 at
1683 380 1745 403 nec
1766 370 1833 412 ipsa

961 406 1026 439 fine
1049 409 1268 450 ambiguitate.
1293 408 1373 440 solet
1394 412 1479 441 enirn
1506 412 1619 451 quaeri:
1642 419 1748 445 utrum
1764 419 1837 444 tan-

964 457 1031 480 tum
1048 450 1089 481 de
1118 449 1306 482 venditione
1330 449 1366 482 fit
1389 451 1591 491 accipienda;
1613 461 1652 484 an
1676 454 1771 486 etiarn
1793 454 1835 485 de

963 490 1032 522 aliis
1062 490 1289 522 alienationum
1313 490 1490 531 speciebus.
1514 493 1672 525 dubitatio
1697 496 1835 527 vertitur

963 539 1098 572 propter
1122 531 1251 564 initialia
1275 533 1388 564 verba:
1407 538 1509 564 utrum
1532 534 1714 575 emphyteuta
1735 537 1834 568 debeat

952 573 1027 611 suas
1051 572 1258 604 meliorationes
1280 574 1423 613 alienare,
1454 574 1501 605 vel
1517 574 1569 615 jus
1593 576 1839 617 emphyteuticum

961 614 994 644 in
1011 613 1102 645 alium
1117 615 1283 653 transferre.
1306 614 1369 647 Sed
1393 614 1470 647 mihi
1495 616 1624 647 videtur
1646 617 1834 650 alienationis·

962 654 1115 693 verbum,
1145 655 1201 687 etfi
1222 655 1297 687 alias
1320 655 1356 688 fit
1378 656 1546 702 generale,
1576 655 1630 688 hic
1656 657 1834 697 specialiter

963 697 1065 737 accipi
1084 705 1143 736 pro
1158 699 1298 728 vendere:
1319 705 1355 728 ut
1378 699 1414 728 nt
1436 697 1467 729 in
1491 697 1510 729 l.
1536 707 1563 729 1.
1592 697 1736 739 ajano.
1751 700 1780 741 §.
1799 710 1832 741 3.

963 735 1037 777 Inst.
1059 738 1087 769 h.
1104 744 1126 769 t.
1143 738 1174 770 id
1191 747 1232 769 eo
1249 738 1361 780 magis:
1385 737 1459 779 quia
1475 739 1592 771 deinde
1608 740 1641 770 iu
1656 741 1683 770 d.
1698 739 1718 771 l.
1734 750 1765 785 3.
1782 743 1838 772 ali·

963 780 1092 819 quoties
1111 780 1256 811 venditio
1268 780 1383 812 dicitur
1399 789 1469 820 quae
1487 787 1563 812 ante
1579 788 1696 812 vocata
1704 780 1767 812 fuit
1783 782 1838 813 ali-

967 820 1087 850 enatio.
1118 820 1276 853 Praeterea
1307 821 1353 853 est
1386 822 1487 860 ratio,
1519 830 1576 853 cui·
1599 820 1779 862 Imperator
1804 821 1838 855 iu

965 859 1154 892 venditione
1173 862 1268 900 velit,
1286 862 1452 894 dominum
1491 861 1609 894 raeferri
1626 864 1764 904 emptori
1782 872 1838 896 ex-

965 908 1096 933 traneo:
1112 902 1184 942 quia
1200 911 1274 943 ager
1286 902 1449 943 vectigalis
1460 871 1512 935 seu
1527 903 1837 946 emphyteuticarius

964 943 1112 983 proprius
1131 942 1176 974 est
1192 943 1331 975 domini:
1353 952 1415 975 nec
1432 944 1531 976 fuerit
1547 945 1711 986 iniquum,
1733 946 1755 978 si
1772 955 1839 978 em·

966 984 1124 1025 phyteuta
1138 993 1155 1015 a
1171 983 1303 1016 domino
1319 984 1413 1026 posfit
1430 986 1515 1018 idem
1531 985 1680 1027 accipere
1696 989 1838 1028 pretium

967 1027 1056 1065 quod
1081 1025 1121 1056 ab
1148 1033 1301 1057 extraneo
1323 1026 1353 1058 ei
1372 1025 1527 1066 offertur,
1550 1027 1715 1060 dominum
1732 1037 1839 1061 extra-

967 1074 1031 1097 neo
1054 1066 1215 1113 praeferi·i:
1247 1076 1320 1099 cum
1344 1067 1406 1098 hoc
1431 1076 1529 1099 unum
1554 1069 1743 1101 venditione
1765 1075 1838 1111 agat

971 1107 1199 1148 emphyteuta,
1215 1115 1248 1139 ut
1258 1118 1315 1149 pro
1330 1109 1529 1150 emphyteusi
1539 1110 1674 1151 accipiat
1687 1111 1837 1152 pretium.

963 1157 1023 1179 nec
1040 1148 1177 1188 interfit,
1202 1158 1219 1180 a
1234 1158 1299 1190 quo
1324 1150 1459 1189 habeat,
1484 1151 1583 1183 modo
1607 1151 1693 1184 idem
1709 1152 1837 1184 habeat.

963 1189 1025 1221 Sed
1042 1189 1111 1221 haec
1134 1192 1214 1221 ratio
1237 1199 1342 1231 neque
1367 1190 1399 1222 in
1422 1191 1655 1232 permutatione
1673 1194 1838 1232 occurrit,

964 1240 1070 1269 neque
1085 1230 1116 1262 in
1136 1232 1233 1269 dote,
1257 1241 1362 1273 neque
1377 1231 1408 1276 in
1425 1232 1610 1265 donatione.
1626 1233 1722 1267 cess'at
1739 1235 1836 1277 igitur

964 1272 996 1304 in
1013 1272 1061 1304 his
1076 1271 1168 1315 hujus
1184 1272 1425 1307 constitutionis
1440 1272 1618 1315 dispofitio.

707 1395 742 1430 T
775 1406 789 1433 1
822 1406 845 1432 T
879 1408 904 1434 u
936 1407 956 1433 L
987 1408 1012 1433 υ
1042 1408 1057 1434 s
1111 1398 1187 1435 111.

805 1472 858 1509 De
875 1472 1090 1522 aestimatoria.
1834 1477 1842 1497 ¹

62 1559 148 1636 T
167 1559 263 1592 itulus
277 1559 330 1591 hic
346 1558 537 1601 supplendus
553 1569 594 1593 ex
610 1560 630 1593 l.
649 1569 676 1594 1.
693 1562 722 1594 h.
740 1566 763 1597 t.
779 1561 845 1595 hoc
860 1572 930 1596 mo·

175 1601 236 1639 do,
265 1601 312 1632 De
334 1599 514 1641 estimatoria
535 1601 654 1635 ustione.
684 1612 785 1645 eaque
808 1604 929 1639 ibidem

62 1643 159 1673 etiam
181 1641 262 1673 attio
297 1641 336 1673 de
362 1642 515 1674 aestimato
546 1643 672 1676 dicitur.
705 1644 789 1677 hanc
815 1654 924 1681 autem

61 1681 154 1714 fuisse
178 1682 384 1715 dubitationis
408 1684 554 1716 tollendae
576 1686 675 1726 gratia
701 1687 894 1728 propositam
914 1711 925 1729 ,

63 1723 216 1764 Ulpianus
231 1724 285 1755 ait.
309 1733 445 1764 nempe,
468 1726 621 1759 nolebant
639 1725 793 1768 Veteres,
815 1738 928 1762 unum·

64 1773 225 1804 quemque
241 1774 334 1806 agere
352 1764 410 1805 fic,
434 1773 469 1798 ut
493 1767 557 1808 ipse
583 1767 699 1808 vellet,
723 1768 776 1801 sed
794 1779 834 1801 ex
851 1778 929 1811 prae-

63 1804 178 1846 scripto
203 1805 343 1847 Legum3
374 1816 511 1848 eumque
532 1809 563 1840 in
586 1807 683 1841 finern
707 1810 932 1851 concipiebant

64 1855 168 1878 certas
193 1856 229 1877 ac
267 1846 422 1880 solemnes
453 1848 622 1889 unicuique
649 1852 781 1892 negotio
809 1851 931 1884 sormu-

64 1889 125 1920 las:
149 1896 226 1927 quas
245 1889 300 1920 nisi
326 1889 519 1921 observaffet
543 1891 630 1922 attor
647 1914 658 1930 ,
686 1891 775 1924 causa
797 1894 934 1925 cadebat

64 1929 95 1960 &
116 1929 204 1960 litem
229 1930 405 1961 amittebat.
429 1930 531 1970 Huius
551 1932 682 1972 periculi
705 1940 829 1973 metus,
854 1934 932 1966 ficut

64 1968 137 2000 alibi
164 1969 261 2010 saepe,
286 1970 328 2001 ita
345 1972 375 2002 in
394 1972 557 2012 proposito
581 1972 776 2014 scrupulosos
792 1975 932 2007 faciebat

61 2010 235 2048 homines;
258 2020 298 2042 ne
321 2012 410 2044 aliter
436 2020 595 2053 agerent,
619 2023 713 2054 quarn
738 2026 794 2047 eos
820 2026 860 2048 ex
888 2018 931 2048 le-

61 2052 152 2091 gibus
174 2059 228 2082 aut
251 2052 393 2084 moribus
425 2062 518 2094 agei-e
541 2063 718 2094 oporteret.
742 2056 805 2088 fuit
828 2057 929 2097 enim,

63 2101 135 2122 cum
160 2101 209 2123 res
229 2092 377 2125 aestimata
404 2095 569 2126 vendenda
595 2097 703 2135 datur,
733 2098 931 2138 dubitatum;

64 2140 169 2164 utrum
185 2142 224 2164 ex
243 2136 373 2167 vendito
399 2135 475 2167 effet
500 2136 601 2175 attio,
626 2145 758 2178 propter
774 2139 930 2172 aestimati-

63 2182 157 2205 onem
167 2183 178 2214 ;
193 2183 230 2206 an
245 2184 285 2208 ex
302 2177 426 2216 locato,
437 2176 520 2218 quasi
535 2187 601 2210 rem
619 2179 930 2214 vendendamlocas-

732 2265 928 2301 Tra-u

971 1559 1005 1597 se
1029 1564 1160 1606 videar3
1183 1574 1222 1599 an
1246 1574 1289 1599 ex
1312 1566 1495 1607 conducto,
1519 1566 1605 1608 quasi
1626 1574 1739 1608 operas
1762 1575 1842 1600 con-

972 1606 1148 1646 duxiss‘em3
1171 1617 1209 1640 an
1229 1607 1395 1641 mandati?
1418 1608 1455 1641 In
1472 1618 1509 1641 ea
1525 1608 1712 1641 difficultate
1727 1609 1841 1641 melius

971 1647 1070 1680 visum
1086 1647 1167 1688 effe,
1189 1649 1342 1690 Ulpianus
1358 1650 1420 1690 ait,
1436 1650 1519 1683 hanc
1534 1650 1711 1691 astionem,
1727 1651 1760 1682 id
1776 1648 1843 1689 est,

968 1688 1197 1723 aestimatoriain
1209 1691 1355 1732 proponi.
1379 1691 1533 1725 &deinde
1543 1690 1585 1723 fic
1599 1692 1722 1733 pei-git:
1746 1691 1842 1738 Quo-

970 1731 1053 1763 tiens
1077 1731 1163 1764 enim
1180 1732 1220 1764 de
1237 1733 1370 1765 nomine
1393 1733 1575 1766 contractus
1592 1733 1721 1774 aliquus
1734 1732 1844 1777 ‚ambi-

971 1780 1119 1813 geretur‚
1149 1774 1337 1806 conveniret
1360 1780 1465 1807 tamen
1482 1798 1492 1814 ‚
1524 1773 1659 1815 aliquam
1682 1774 1843 1818 astionem

974 1811 1064 1853 dari,
1095 1814 1231 1847 dandam
1261 1814 1495 1848 aestimatoriam
1521 1814 1706 1856 praescriptis
1735 1814 1844 1846 verbis

974 1853 1145 1888 actionem.
1178 1855 1224 1888 est
1246 1855 1330 1888 enim
1354 1858 1522 1896 negotium
1547 1857 1642 1888 civile
1665 1855 1788 1897 gestum
1812 1855 1845 1887 δε

975 1895 1106 1935 quidem
1139 1897 1225 1929 bona
1251 1896 1324 1929 fide.
1350 1907 1447 1938 quare
1472 1898 1578 1930 omnia
1604 1898 1634 1929 &
1657 1897 1709 1928 hic
1733 1897 1844 1929 locum

974 1935 1114 1976 habent,
1139 1947 1208 1980 quae
1224 1938 1255 1969 in
1274 1939 1368 1970 bonae
1394 1938 1469 1972 fidei
1482 1939 1606 1979 judiciis
1622 1938 1760 1970 diximus
1775 1939 1795 1969 l.
1813 1947 1842 1970 1.

974 1977 1002 2008 h.
1019 1984 1040 2008 t.
1057 1977 1085 2020 §.
1103 1983 1152 2015 28·
1170 1978 1242 2020 Inst.
1258 1981 1291 2010 de
1305 1979 1362 2011 ιιὲῐ.
1391 1980 1491 2012 Addit
1516 1979 1669 2020 Ulpianus
1683 1978 1712 2021 §.
1732 1988 1757 2011 1.
1774 1980 1801 2010 d.
1820 1979 1842 2012 l.

977 2026 1003 2049 1.
1023 2020 1110 2059 quod
1124 2020 1289 2052 aestirnatio
1306 2021 1482 2061 periculum
1498 2020 1577 2052 facit
1594 2021 1660 2061 ejus
1678 2020 1731 2061 qui
1746 2019 1844 2052 susce-

974 2058 1030 2100 pit.
1054 2060 1116 2092 Aut
1131 2062 1330 2103 igituripsam
1346 2071 1414 2093 rem
1434 2062 1530 2094 debet
1541 2061 1757 2102 incorruptam
1774 2061 1845 2093 red·

974 2102 1070 2140 dere,
1092 2110 1145 2134 aut
1161 2102 1401 2135 aestimationem
1417 2103 1457 2135 de
1474 2112 1535 2143 qua
1557 2104 1720 2135 convenit.
1764 2102 1844 2135 Pau·

973 2141 1021 2173 lus
1038 2152 1115 2174 vero
1133 2144 1150 2175 l.
1173 2154 1202 2176 2.
1224 2143 1362 2185 subjicit:
1386 2144 1475 2186 quod
1490 2144 1560 2176 haec
1576 2145 1659 2176 attio
1676 2143 1761 2176 utilis
1776 2143 1842 2184 est,

974 2183 1003 2215 ἀ
1018 2183 1040 2215 fi
1059 2193 1180 2218 merces
1196 2185 1381 2219 intervenit.

961 2277 1084 2303 tus
1135 2267 1200 2304 IV.

740 2341 791 2377 De
808 2353 908 2377 rerum
922 2344 1157 2389 permutatione.

61 2420 171 2496 Post
191 2423 369 2456 conti-astus
393 2425 569 2458 nominatos
598 2426 761 2462 videamus
785 2429 920 2463 innomi-

145 2473 246 2496 natos.
271 2465 462 2505 hiinl.5.tit.
481 2468 610 2508 sequente
626 2469 693 2500 sunt
712 2474 918 2510 quatuor:do

59 2511 94 2534 ut
104 2504 176 2542 des,
191 2506 276 2537 dont
293 2505 407 2545 facias,
425 2507 509 2539 facio
519 2516 552 2540 ut
569 2510 641 2547 des,
653 2510 682 2542 &
694 2510 780 2543 facio
803 2521 836 2544 ut
845 2512 922 2545 faci-

61 2552 104 2588 as.
120 2546 252 2584 primum
268 2546 402 2579 Rubrica
421 2556 515 2580 vocat
526 2560 629 2582 rerum
641 2553 918 2590 permutationem.

61 2584 158 2629 olim,
180 2593 251 2617 cum
272 2590 413 2632 ‘nondum
439 2589 516 2622 esset
537 2600 703 2631 nummus,
726 2603 767 2625 eo
788 2597 921 2628 nomine

62 2632 156 2656 etiam
180 2633 299 2665 emptio
320 2631 461 2661 venditio
483 2633 721 2666 continebatur.
744 2635 854 2676 postea
878 2638 924 2669 in-

59 2673 160 2696 vento
178 2675 323 2706 numinO,
346 2671 503 2704 distinctus
527 2673 572 2705 est
589 2682 723 2714 uterque
736 2678 925 2710 contractus.

61 2707 249 2751 alter‘vetus
267 2711 392 2753 retinuit
418 2722 534 2745 nomen
561 2717 824 2757 permutationis,
847 2720 927 2751 alter

60 2755 181 2787 emptio
199 2750 341 2780 venditio
364 2751 424 2782 dici
447 2756 558 2794 eoepit.
582 2756 646 2787 hoc
663 2756 751 2797 supra
767 2759 925 2792 ostensum

62 2788 117 2819 sub
141 2786 276 2829 Titulo,
301 2789 348 2821 De
372 2791 572 2827 contrahenda
593 2800 731 2837 emptione
752 2810 791 2832 ex
808 2802 830 2833 l.
852 2810 876 2833 t.
894 2801 924 2832 &

965 2432 1040 2464 huic
1051 2433 1211 2474 Jungenda
1228 2433 1280 2465 hic
1297 2433 1317 2465 l.
1338 2442 1365 2465 1.
1376 2434 1404 2465 b.
1416 2439 1437 2465 t.
1448 2442 1520 2466 curn
1531 2439 1665 2478 utraque
1678 2432 1715 2466 fit
1725 2433 1809 2469 Pauli
1821 2456 1834 2474 ,

963 2474 1833 2562 ilgsseeiss'i{2⁶¹3ssssfilia⁵³Zjussdoiffi<2l⁶vtss¹t¹¹3iiissrssssffssss

964 2563 1128 2596 utriusque
1143 2556 1335 2589 conti-astus.
1354 2566 1490 2597 priorem
1506 2566 1537 2588 in
1555 2557 1576 2588 l.
1595 2565 1621 2588 1.
1656 2566 1680 2587 r.
1699 2556 1736 2592 ἃ
1751 2557 1780 2599 §.
1803 2567 1832 2604 t.

969 2597 1099 2630 alteram
1116 2598 1146 2630 in
1163 2598 1192 2641 §.
1210 2609 1238 2631 2.
1253 2607 1284 2639 3.
1300 2597 1337 2632 {9⁹
1350 2607 1382 2635 4.
1411 2598 1553 2629 omnium
1571 2596 1620 2629 sen
1636 2607 1688 2629 um
1705 2607 1833 2640 egregie

970 2638 1109 2679 explicat
1125 2639 1166 2671 V.
1185 2638 1246 2671 CL.
1261 2639 1399 2679 lacobus
1420 2639 1564 2680 Cujacius
1578 2638 1627 2669 lib.
1642 2648 1691 2680 23.
1713 2640 1834 2675 Observ.

969 2689 994 2710 c.
1013 2684 1062 2714 28.
1082 2690 1143 2712 nec
1167 2689 1272 2712 tamen
1295 2679 1461 2720 suadeam,
1484 2679 1588 2711 omitti
1611 2688 1628 2710 a
1651 2689 1703 2712 me
1721 2680 1833 2719 scripta

970 2721 1008 2751 ad
1022 2721 1043 2751 l.
1060 2721 1114 2752 ult.
1133 2722 1174 2753 D.
1190 2723 1224 2752 de
1236 2721 1356 2753 condiet.
1373 2723 1450 2763 caus.
1473 2723 1533 2754 dat.
1552 2720 1629 2761 caus.
1648 2730 1705 2754 non
1710 2721 1831 2761 sequut.

969 2760 1057 2802 supra
1076 2762 1130 2793 sub
1145 2772 1184 2794 eo
1199 2761 1323 2795 Titulo.

732 2882 1077 2920 T1rutus
1126 2884 1175 2921 V.

556 2953 605 2990 De
618 2956 801 3003 praescriptis
814 2959 936 3003 verbis,

56 3036 97 3111 I
111 3035 209 3075 njecta
226 3036 323 3068 modo
341 3038 461 3084 mentio
479 3043 696 3076 contractuum
713 3045 923 3078 innominato·

119 3087 185 3123 rum
212 3086 274 3121 non
309 3077 353 3124 est
378 3078 478 3124 passa,
510 3081 560 3112 hic
586 3085 735 3124 praeteriri
761 3088 919 3120 astionem

55 3119 240 3162 praescriptis
260 3120 381 3163 verbm,
398 3121 426 3150 ὅ(
445 3130 474 3152 in
495 3120 626 3163 factum,
647 3135 704 3165 pro
723 3127 770 3158 his
786 3128 916 3160 adstrin-

52 3160 161 3198 gendis
179 3169 207 3190 in
229 3159 299 3190 sori
318 3162 530 3199 disputatione
549 3165 587 3195 ab
606 3166 696 3197 initio
712 3176 728 3197 a
746 3168 914 3201 Prudenti-

49 3199 291 3272 bu}inveJ}am.
315 3202 380 3241 ejus
396 3210 501 3236 tamen
520 3203 624 3246 usum,
647 3208 770 3242 causam
788 3210 818 3242 &
843 3211 915 3243 rati-

116 3251 169 3272 om.
230 3264 238 3273 0

965 2957 1006 2998 ἐξ
1025 2960 1057 2994 in
1064 2958 1191 3006 fastum
1207 2963 1332 3001 afflone.

963 3049 1836 3137 fissgssegffi..23315525325232122333122&fgvnissffi‘

960 3129 1017 3161 αέῖ.
1034 3141 1056 3162 c.
1073 3140 1100 3166 9.
1119 3132 1160 3164 ibi
1179 3135 1269 3173 vide,
1293 3135 1423 3165 silubet:
1447 3131 1532 3163 iimul
1549 3132 1723 3172 explicitos
1739 3132 1834 3164 locos

957 3171 1159 3205 difficillimos
1185 3175 1216 3206 in
1235 3176 1254 3205 l.
1272 3185 1301 3213 5.
1318 3174 1346 3214 §.
1366 3182 1391 3204 1.
1408 3182 1437 3204 2.
1455 3172 1538 3217 63⁹3.
1553 3172 1638 3217 ‚item
1652 3173 1673 3205 l.
1688 3182 1746 3218 ¹15.-
1760 3173 1789 3204 h.
1808 3180 1832 3205 t.

999 3214 1137 3286 Λεεῗήε
1159 3216 1255 3257 igitur
1278 3215 1368 3246 Attio
1387 3213 1577 3255 praescriptis
1604 3214 1712 3248 verbis
1739 3215 1833 3285 mistio

1111 3264 1132 3286 v
1712 3264 1772 3287 cau
1785 3264 1836 3288 am
