2036 3495
628 99 875 137 Armet

115 194 218 227 vestra
238 192 319 225 setta
344 192 458 224 melior
480 189 742 232 deprehendetur
759 189 874 223 nostra.
918 189 989 222 Vos

112 237 199 269 enim
225 235 378 267 adulteria
400 233 579 275 prohibetis
602 230 692 272 Lege
715 231 812 271 julia:
836 231 865 262 &
882 238 986 264 tamen

113 278 173 309 hac
189 278 395 319 permittente
410 275 516 307 facitis
531 272 697 305 manifeste
715 282 788 319 cum
805 275 926 304 ancillis
942 275 987 305 vi-

110 320 249 357 delicet,
273 317 369 349 eriam
388 326 460 348 cum
475 314 659 348 mulieribus
678 314 803 352 liberis,
820 315 936 346 vilibus
954 316 985 346 ἂ

110 361 293 401 vulgaribus
305 382 314 398 ,
338 360 370 390 id
387 358 450 397 est,
475 356 707 389 meretricibus.
745 356 788 401 lit
805 365 861 387 nos
878 356 983 387 uxori-

108 402 169 433 bus
185 409 307 433 tantum
325 400 381 430 viri
403 399 574 430 nascimur:
601 398 733 428 volente
751 397 850 436 leika,
873 407 932 429 nos
953 407 984 428 u-

107 452 147 474 na
163 442 225 474 effe
236 448 413 473 contentos
431 449 549 477 uxore,
565 447 626 470 nec
643 438 747 470 lectari
764 447 818 469 aut
834 439 961 470 ancillas
973 462 982 478 ,

105 492 160 515 aut
176 484 360 515 meretrices
379 482 473 521 alias,
497 480 552 512 etsi
569 481 718 520 impunc,
737 481 766 512 &
784 481 983 512 connivente

106 524 195 566 Lege
211 526 301 565 julia.

148 566 211 598 Sed
234 566 396 597 finiamus:
420 572 491 596 nam
510 561 620 594 asserta
636 562 694 601 sic,
719 562 865 594 adversus
882 562 981 604 singu·

103 608 202 640 larem
220 606 474 638 observationem
492 604 624 635 Domini
642 603 712 635 Van
728 604 982 644 Bynkerslioek,

105 649 288 690 integritate
313 647 344 678 ἃ
360 646 594 678 existimatione
613 645 748 677 Minucii
767 645 897 685 Felicis,
921 656 982 677 cae·

106 697 311 729 terorumque
335 687 586 720 Christianorum
605 687 823 728 Scriptorum,
847 688 982 727 pleniffi-

102 741 154 763 me
172 730 295 762 constat
312 730 393 761 ratio
412 729 562 761 omnibus
574 738 641 767 quae
658 728 864 760 deinfantum
881 738 982 770 expo-

103 773 214 803 {itione
240 772 268 802 ὅ(
287 781 368 811 nece
385 771 450 802 dixi
478 779 589 802 eorum
606 770 688 802 fide:
712 770 888 810 liceretque
903 769 980 801 inihi

103 815 254 844 ulteriore
266 811 467 853 supersedere
476 821 548 843 cura
560 823 568 844 :
579 811 632 842 nisi
648 812 852 851 promiiill'em
862 835 871 850 ‚
884 812 981 843 etiam

103 854 282 886 Gentilium
305 855 350 885 uti
376 853 565 885 testimoniis
582 876 591 892 ,
615 853 703 892 quod
729 863 770 884 ex
795 852 980 884 Christianis

101 896 218 928 ditium
230 919 239 935 ,
257 896 375 935 publici
388 896 464 935 juris
479 894 587 933 fuiffe,
599 903 690 935 aeque
705 894 788 926 clare
803 892 978 934 fignifican-

100 938 197 968 tibus.
229 937 297 978 Age
316 938 429 977 igitur3
451 945 615 977 pareamus
632 936 681 967 vel
702 936 790 975 hujus
811 934 977 980 debiti-so-

100 979 226 1011 lutioni.
273 978 335 1010 Res
359 985 448 1009 extat
471 980 554 1018 apud
572 978 716 1009 Plautum
737 979 766 1008 oc
784 975 977 1008 Terentium

99 1020 198 1059 iocis,
222 1020 316 1059 paulo
335 1018 406 1060 post
424 1019 604 1060 allegandis.
628 1018 701 1049 Nec
719 1016 808 1049 causa
828 1016 975 1048 Domino

100 1061 172 1093 Van
194 1061 428 1103 Bynkerslioek
443 1060 485 1092 fic
509 1059 664 1092 scribendi
690 1059 720 1090 in
740 1058 845 1099 Opusc.
861 1068 886 1089 c.
904 1066 977 1090 vu.

94 1109 167 1144 pag.
187 1113 256 1144 193.
281 1103 354 1134 Non
371 1109 404 1133 ut
419 1104 450 1133 in
465 1102 623 1139 comoediis,
646 1102 689 1132 ita
703 1102 735 1131 in
745 1101 814 1141 jure
828 1108 884 1140 quo
898 1100 931 1130 de
944 1108 976 1130 a·

98 1146 213 1185 gimus,
231 1146 326 1185 patris
349 1143 443 1175 εὶεὲἶῐο
465 1141 522 1182 esi,
544 1143 664 1173 velletne
686 1141 781 1172 tollere
801 1141 917 1179 liberos,
937 1149 977 1171 an

99 1186 233 1217 occidere.
253 1184 349 1216 Unde
367 1185 452 1216 enim
465 1184 606 1216 Cornicis
617 1184 764 1220 materia,
780 1180 835 1212 nisi
852 1191 893 1213 ex
909 1190 975 1213 mo-

97 1227 185 1259 ribus
214 1226 357 1266 Populi?
379 1235 488 1257 nonne
510 1224 570 1255 illis
595 1222 684 1262 finis,
706 1223 861 1254 Humanas
886 1232 975 1253 mores

98 1267 397 1308 rzoffe&delcr·iliere?
414 1266 465 1297 Sic
480 1265 629 1297 observat
639 1263 859 1304 Hieronymus
876 1262 972 1303 Epist.

98 1312 136 1340 aa
151 1308 270 1340 Furiam
284 1309 318 1339 cie
334 1309 478 1338 viduitate
486 1307 633 1345 servanda
645 1312 716 1347 pag.
735 1309 784 1339 82.
815 1305 974 1336 Praeterea

96 1349 202 1381 solent
216 1349 297 1389 Juris
314 1349 510 1389 Interpretes
528 1357 576 1379 res
593 1346 669 1378 facti
687 1355 777 1386 mque
792 1355 810 1376 a
830 1345 974 1377 Cornicis

97 1399 194 1431 atque
206 1392 245 1421 ab
259 1391 326 1422 aliis
342 1390 487 1422 mutuari.
511 1388 639 1428 Fuerit,
659 1388 747 1429 quod
761 1387 865 1427 ajunt,
882 1394 973 1433 vetu-

93 1431 147 1464 -ssis
170 1432 382 1472 temporibus.
405 1438 438 1462 at
463 1430 644 1462 recentiora
671 1429 784 1470 quaerit
809 1427 971 1460 Dominus

98 1472 168 1505 Van
185 1472 428 1514 Bynkershoek.
452 1471 560 1503 Primo
579 1471 648 1513 quis
663 1470 780 1509 nescit,
797 1468 972 1509 posteriora

93 1515 237 1556 pendere
253 1523 269 1544 a
284 1514 444 1555 prioribus
455 1537 465 1551 ‚
482 1512 537 1544 nisi
548 1511 855 1544 fuerintinnovata‘?
873 1510 971 1542 Dein-

95 1558 136 1587 de
155 1556 292 1587 mutatio
303 1578 313 1594 ‚
328 1563 365 1586 ut
379 1554 424 1586 est
438 1554 532 1592 fasti,
548 1553 677 1595 probari
695 1553 803 1599 debet.
819 1553 904 1583 nuda
914 1551 971 1599 Vi-

95 1598 121 1629 ri
133 1596 297 1628 Clariffimi
313 1595 480 1628 affirmatio
491 1617 501 1633 ,
516 1603 551 1626 ut
566 1602 602 1626 ut
616 1601 773 1626 contraria
783 1617 793 1633 ,
809 1594 839 1625 &
854 1593 948 1625 fortis
958 1616 969 1633 ‚

90 1638 210 1671 ,nullius
226 1637 352 1668 roboris
369 1636 426 1668 est.
467 1635 536 1677 Ipse
554 1643 659 1668 tamen
670 1659 680 1675 ‚
696 1643 887 1677 quamquam
903 1644 970 1667 non

93 1679 202 1711 habeo
216 1678 341 1711 neccffe
352 1701 361 1717 ,
377 1678 479 1710 dicam
495 1676 627 1718 sponte,
643 1678 737 1709 etiam
752 1676 808 1707 sub
826 1676 969 1718 Augusto

93 1721 124 1752 &
141 1719 278 1752 Tiberio
295 1719 473 1761 perdurass'e
492 1719 679 1759 exponendi
691 1719 739 1758 jus
756 1723 863 1749 vetus:
878 1727 970 1750 mon-

91 1761 212 1795 strante
234 1760 389 1792 Suetonio
417 1760 541 1793 ottavio
558 1770 583 1792 c.
600 1763 650 1801 65.
674 1760 705 1791 ὅτ.
730 1758 866 1798 Caligula
887 1769 912 1791 c.
935 1769 967 1800 5.

92 1803 234 1836 Audebo
252 1803 392 1843 opinari,
417 1802 512 1833 etiam
529 1800 639 1842 postea
655 1800 844 1832 obtinuisse:
867 1802 968 1833 modo

90 1843 191 1876 fuerit
212 1851 286 1875 ante
307 1841 630 1884 imperiumTrajani,
647 1841 799 1874 Hadriani
819 1842 849 1874 &
865 1842 967 1874 Anto-

91 1886 160 1918 nini
179 1885 244 1918 Pii:
267 1884 308 1917 fic
332 1885 416 1916 enim
439 1892 531 1918 cavet
545 1883 708 1916 Dominus
724 1882 796 1916 Van
810 1883 967 1925 Bynkers-

90 1926 180 1958 hoek
199 1928 227 1959 d.
243 1936 311 1959 ax.
330 1926 490 1965 causatus,
513 1926 587 1957 inde
602 1925 785 1966 ademptum
802 1926 882 1966 patri
900 1926 967 1957 nul-

90 1968 124 2002 io
143 1969 244 1999 aetatis
262 1967 441 1999 discrimine
457 1966 519 1999 esse
534 1967 565 1998 in
581 1967 700 1999 liberos
712 1968 760 2007 jus
775 1968 848 1998 vitae
867 1967 897 1998 ὅ(
915 1976 967 1998 ne-

89 2010 144 2040 cis.
187 2009 249 2040 Sed
271 2009 374 2040 AElius
397 2009 577 2050 Spartianus
604 2007 747 2040 Suetonii
766 2007 967 2048 Tranquilli,

88 2048 234 2090 Magistri
257 2048 476 2090 Libellorum,
499 2050 645 2081 meminit
667 2049 723 2081 sub
748 2049 913 2081 Hadriano
935 2049 967 2081 in

88 2091 151 2132 ejas
167 2091 233 2122 vita
248 2101 273 2121 c.
293 2100 341 2122 11.
379 2091 534 2122 Eamdem
552 2092 735 2123 cautionem
751 2090 806 2122 sub
824 2090 965 2131 Traiano

85 2133 244 2173 praevenit
259 2130 393 2164 Tacitus
408 2133 488 2164 locis
504 2132 543 2164 ad
559 2132 642 2164 hanc
656 2142 723 2164 rem
739 2141 757 2163 a
771 2141 823 2164 me
838 2141 965 2164 accom-

86 2174 223 2206 modatis
239 2173 324 2213 Julio
340 2173 433 2206 Paulo
455 2184 479 2205 c.
500 2183 547 2206 11.
572 2174 679 2205 addita
696 2174 739 2205 ibi
756 2183 816 2214 pro
832 2174 962 2205 cumulo

85 2214 311 2246 observatione
335 2214 450 2257 Quinti
475 2214 577 2247 Curtii
601 2216 721 2248 tenoris
744 2216 774 2247 <St
793 2214 913 2247 consilii
929 2224 962 2246 e-

82 2255 216 2296 jusdem.
245 2255 387 2288 Conatus
403 2256 532 2296 quidem
545 2255 704 2289 Dominus
720 2255 789 2288 Van
801 2256 964 2298 Bynkeis-

84 2297 185 2336 noek‚
196 2297 370 2338 infringere
378 2296 487 2329 Taciti
496 2297 719 2330 auctoritatem
732 2309 740 2330 :
757 2298 809 2330 sed
826 2299 962 2338 pruden-

83 2339 147 2370 tius
165 2347 231 2370 non
246 2338 411 2371 tentaffet:
430 2339 514 2370 circa
528 2339 594 2379 eius
609 2346 736 2371 aetatem
747 2362 757 2378 ,
772 2340 826 2370 ubi
845 2340 962 2380 pedem

82 2379 179 2421 figat,
201 2380 353 2412 incertus.
383 2379 514 2412 Namd.
532 2390 556 2411 c.
571 2390 602 2412 x.
614 2387 685 2422 pag.
706 2390 775 2422 230.
798 2381 899 2412 modo
916 2381 962 2412 di-

82 2422 150 2460 cit,
169 2420 263 2453 Taciti
272 2427 382 2453 aetatem
388 2422 456 2462 fere
469 2422 645 2454 remotiorem
659 2421 710 2462 effe
720 2445 730 2462 ,
745 2432 834 2464 quarn
848 2427 882 2453 ut
896 2431 961 2455 con-

83 2464 186 2494 veniat
201 2461 301 2502 nolirae
318 2464 523 2505 disputationi:
546 2463 646 2495 modo
661 2465 725 2502 ait,
748 2463 825 2495 Nolo
845 2469 974 2502 tamen,

83 2504 160 2545 quod
184 2505 221 2536 ad
246 2503 341 2536 Taciti
362 2510 474 2536 aetatem
496 2506 620 2544 attinet,
643 2505 676 2536 de
692 2514 725 2536 ea
740 2514 832 2546 usque
848 2514 962 2546 quaque

83 2546 259 2577 contendere.
302 2544 526 2587 Quamobrem
544 2545 587 2578 fic
606 2554 716 2586 nutet3
739 2555 805 2578 non
823 2546 961 2579 animad-

82 2592 194 2618 verto:
217 2586 404 2626 minusque,
427 2596 492 2628 quo
509 2587 603 2629 pacto
625 2589 657 2620 in
673 2588 812 2620 animum
827 2588 961 2619 induxe-

82 2626 143 2665 rit,
165 2635 218 2658 me
235 2627 287 2659 vel
308 2627 362 2659 hic
382 2627 550 2660 refellere:
574 2629 758 2667 confess‘us,
780 2628 811 2660 se
836 2629 869 2659 id
895 2637 960 2667 quo

82 2675 138 2699 me
153 2666 299 2706 refellat,
321 2668 478 2709 ignorare.
509 2678 574 2710 quo
589 2670 674 2701 enim
692 2670 756 2701 hoc
771 2668 958 2710 pertendit?

84 2706 140 2739 nifi
165 2708 253 2747 quod
276 2709 459 2749 constituit;
483 2719 500 2741 a
523 2719 575 2742 me
593 2710 753 2742 dissentire
768 2711 861 2750 ideo,
885 2711 959 2751 quia

84 2747 250 2780 constituit
266 2748 443 2782 diss'entire:
466 2749 522 2781 etfi
541 2760 606 2782 non
623 2751 739 2783 habeat
754 2751 957 2783 dissentiendi

84 2788 220 2821 causam.
251 2789 339 2830 quod
360 2799 399 2821 an
421 2792 603 2830 oportuerit
617 2792 705 2832 fieri,
728 2793 872 2833 iudicent
888 2792 957 2831 alii,

85 2839 170 2870 quos
189 2839 255 2862 non
272 2830 361 2871 piget
381 2831 544 2863 modessiae
561 2833 591 2863 ὅ(
606 2832 807 2865 sinceritatis.
852 2833 958 2874 AEque

84 2880 153 2903 non
171 2871 318 2912 intelligo
337 2871 459 2903 causam
483 2881 544 2913 qua
560 2882 624 2904 non
641 2875 817 2914 perviderit
830 2881 958 2906 aetatem

84 2912 219 2944 Taciti:
249 2921 322 2943 cum
346 2910 473 2950 Traiani
497 2912 713 2953 Principatum
734 2914 799 2956 ipse
822 2916 958 2956 attingat

84 2952 222 2986 Tacitus
238 2953 286 2984 lib.
305 2962 331 2984 1.
348 2952 459 2993 Histor.
476 2963 501 2984 c.
522 2962 548 2985 1.
564 2953 693 2994 Agricol.
710 2965 735 2987 c.
754 2965 784 2997 3.
805 2955 842 2990 ὅ)
862 2956 909 2987 De
916 2954 958 2994 fi-

82 3001 120 3027 tu
135 2994 173 3030 55⁹
190 2995 288 3026 morib.
298 2994 437 3026 German.
454 3004 478 3025 c.
489 3003 538 3035 37.
556 2994 716 3027 Caeterum
733 3006 799 3028 non
815 2996 862 3028 fui
879 3006 957 3028 con-

85 3043 191 3069 tentus
207 3035 351 3076 allegass'e
373 3034 525 3067 Tacitum
543 3035 597 3067 sub
620 3035 779 3076 Trojano:
802 3039 898 3069 etiam
914 3037 956 3068 A-

82 3077 224 3118 puleium
239 3077 356 3109 adduxi
367 3076 478 3108 testem
488 3099 496 3115 ,
508 3086 572 3108 non
584 3077 686 3109 minus
701 3086 844 3116 certum,
860 3079 890 3110 δι
902 3077 956 3109 sub

72 3118 177 3152 ,Divis
194 3117 354 3150 Fratribus
367 3117 451 3158 Juris
467 3116 594 3149 scientia
610 3127 674 3149 non
686 3118 898 3151 incuriosum:
922 3126 956 3150 ut

81 3169 125 3192 ex
148 3159 235 3192 libris
258 3159 405 3191 Metamor
426 3159 534 3198 hoseos,
559 3166 625 3190 turn
652 3168 692 3191 ex
716 3160 865 3197 praeclara
889 3160 954 3200 eius

80 3199 224 3242 Apologia
237 3201 372 3235 constat.

124 3239 202 3273 Tom.
224 3240 253 3274 Ι.

942 98 1411 140 Responsio.

1839 106 1908 160 489

1031 198 1103 222 mor
1112 191 1178 222 veri
1187 200 1212 222 c.
1226 199 1274 224 1v.
1282 190 1463 233 JuliiPauli
1476 192 1581 226 vetuit
1595 200 1647 226 me
1664 190 1808 226 oblivisci
1823 191 1906 225 Scae·

1030 233 1114 264 volae
1133 232 1152 264 l.
1171 242 1220 268 29.
1239 232 1282 265 D.
1304 235 1338 265 de
1355 234 1518 275 manuinzff.
1538 233 1657 277 testam,
1678 235 1756 269 item
1772 234 1906 267 Diocle-

1031 275 1105 305 titini
1122 274 1153 305 ὅ(
1169 274 1356 307 Maximiani
1371 276 1391 307 l.
1411 280 1458 308 16.
1478 277 1511 308 C.
1527 279 1559 309 cle
1574 278 1703 319 nuptiis,
1719 278 1749 309 &
1765 276 1903 309 diminu-

1028 315 1091 346 lare
1109 316 1173 346 duo
1190 324 1231 347 ex
1245 316 1316 356 jure
1330 319 1479 359 exempla
1500 319 1663 360 impunitae
1679 320 1735 351 illo
1754 326 1902 360 tempore

1027 355 1235 402 expolitionis
1251 357 1418 391 infantum.
1443 359 1611 392 Obmovet
1620 361 1747 402 quidem
1759 359 1817 392 Vir
1830 360 1902 400 Cla·

1027 397 1176 436 riffimus,
1193 407 1256 429 non
1276 397 1366 431 fuiffe
1384 401 1442 432 illis
1458 403 1488 433 in
1504 402 1584 434 locis
1600 401 1762 442 quaesitum
1780 402 1819 433 de
1836 411 1902 442 poe·

1026 447 1065 482 na
1090 441 1281 479 exponentis
1296 439 1412 480 filiam3
1436 442 1466 473 &
1482 443 1556 474 ideo
1574 444 1613 475 de
1631 454 1666 475 ea
1684 452 1815 484 quoque
1832 452 1900 474 ces-

1025 478 1091 511 iare
1109 479 1309 521 responsum3
1331 492 1437 523 neque
1462 483 1645 516 faciendum
1664 493 1750 516 nunc
1766 486 1841 516 inde
1857 493 1903 515 ai·—

1024 530 1223 561 gumentum.
1267 523 1329 554 Sed
1355 533 1391 555 ea
1416 523 1532 556 solutio
1551 525 1594 557 nil
1608 533 1749 557 meretur
1764 527 1898 567 reponii

1024 571 1097 593 nam
1116 563 1170 602 (ut
1194 572 1315 595 taceam
1343 566 1382 596 de
1399 566 1427 597 d.
1445 566 1465 597 l.
1483 576 1532 603 29·
1557 566 1588 598 ὃς
1611 565 1711 598 solum
1728 568 1841 608 loquar
1857 567 1899 598 de

1025 604 1093 649 ιλιι.
1116 604 1184 645 16.)
1206 604 1227 636 ii
1245 613 1308 637 tum
1326 607 1469 639 coercita
1487 608 1646 648 corporali
1664 617 1779 648 poena,
1803 616 1901 649 atque

1025 653 1121 690 etiam
1138 653 1261 684 morte,
1277 646 1339 678 fuit
1355 648 1562 689 expositionis
1576 650 1741 690 impietas,
1757 656 1792 681 ut
1806 655 1900 691 putat

1024 685 1230 732 Doctissimus
1248 687 1398 720 Senator:
1422 689 1546 730 quaeso,
1569 699 1608 722 an
1625 691 1696 731 quis
1712 698 1820 731 pater,
1843 700 1899 722 ex-

1023 728 1124 767 polita
1138 738 1154 758 a
1171 727 1200 759 se
1216 727 1297 767 filia,
1315 730 1344 760 ἃ
1361 731 1400 761 ab
1415 732 1478 762 alio
1493 732 1648 771 educata,
1664 731 1751 763 foret
1766 739 1830 764 tam
1847 734 1901 764 de-

1021 777 1112 813 mens
1139 776 1200 814 aut·
1216 771 1419 811 temerat-ius3
1443 780 1477 804 ut
1497 772 1563 814 ipse
1579 772 1608 804 se
1625 772 1726 805 vellet
1743 773 1896 814 perderet

1022 818 1087 847 eius
1100 811 1295 849 repetitione
1308 812 1337 842 se
1353 814 1536 852 proditurus
1552 814 1695 853 Praefidi,
1712 814 1899 856 Principali-

1021 850 1081 880 bus
1099 849 1260 882 Mandatis
1276 853 1448 893 obstriclm
1471 857 1670 897 provinciam
1687 865 1820 897 purgare
1833 865 1899 888 ma-

1008 891 1059 923 vlis
1075 890 1260 923 hominibus
1276 892 1296 923 l.
1310 902 1355 934 13.
1366 895 1384 925 l.
1396 896 1478 941 3·.D¹
1492 899 1524 927 cle
1535 896 1625 938 officio
1636 896 1898 944 Psssfidif2Q1¹0d

1019 931 1041 963 fi
1058 932 1138 978 adeo
1155 932 1338 972 imprudens
1355 944 1408 966 aut
1425 937 1547 969 insanus
1571 939 1664 970 alicui
1687 940 1786 970 videri
1804 939 1899 979 poffit

1019 972 1095 1004 filiae
1112 978 1219 1019 pater:
1244 975 1334 1014 (lunt
1357 978 1443 1008 enim
1466 981 1558 1009 varice,
1579 981 1606 1011 ἃ
1627 981 1713 1012 mirae
1730 981 1898 1013 hominurn

1021 1013 1206 1060 sententiae)
1228 1023 1266 1046 an
1291 1017 1426 1055 proinde
1451 1019 1563 1051 dicturi
1589 1019 1647 1053 sint
1663 1022 1897 1062 ImperatoreS,

1020 1055 1109 1087 illum
1129 1055 1201 1102 51¹²?ss
1219 1056 1441 1098 expositione,
1458 1061 1489 1091 id
1506 1061 1569 1100 est,
1586 1064 1639 1094 luo
1656 1062 1793 1103 scelere,
1810 1072 1897 1096 mor·

1020 1103 1086 1128 tem
1109 1104 1281 1144 meritum,
1302 1099 1443 1145 ndu-Itum
1467 1103 1596 1142 quidem
1613 1105 1832 1136 inverecunde
1846 1114 1896 1136 re-

1020 1147 1133 1178 petere
1148 1161 1158 1176 ‚
1189 1145 1251 1170 ata
1271 1148 1340 1179 Jure
1357 1143 1484 1173 interim
1509 1144 1586 1176 nihil
1612 1145 1719 1177 facere
1742 1147 1896 1178 alienum:

1019 1180 1120 1225 mondo
1138 1178 1175 1225 fit
1192 1188 1335 1220 paratu8‚
1358 1182 1584 1217 alimentorum
1610 1185 1765 1226 impensas
1781 1188 1899 1219 educa⁰

1018 1228 1079 1251 tori
1096 1219 1280 1254 restituere:
1299 1222 1329 1252 &
1345 1222 1387 1254 fic
1405 1225 1501 1255 moris
1519 1225 1591 1257 ess'c.
1637 1227 1723 1259 Tam
1741 1228 1894 1261 absurdos

1016 1262 1047 1293 in
1066 1261 1233 1308 Rescripto
1250 1262 1340 1294 fuiffe
1359 1264 1571 1306 Imperatores
1587 1290 1597 1306 ,
1621 1267 1642 1299 fi
1658 1267 1739 1300 serio
1754 1268 1809 1300 fibi
1826 1274 1897 1310 pernv

1016 1302 1124 1350 suadet
1142 1302 1199 1335 Vir
1215 1303 1423 1345 Clariffimus,
1448 1317 1513 1339 non
1530 1309 1680 1341 invideo:
1698 1309 1749 1342 scd
1766 1320 1782 1340 a
1795 1320 1846 1344 me
1862 1320 1894 1341 a-

1016 1345 1130 1386 liisque
1152 1352 1187 1376 ut
1212 1344 1293 1376 serio
1317 1348 1484 1388 credatur,
1508 1350 1693 1390 impetrabit
1708 1361 1892 1392 numquam.

1017 1385 1223 1418 verisimilius
1239 1387 1284 1418 est
1300 1388 1378 1420 milii
1389 1412 1399 1428 ,
1421 1391 1482 1422 erit
1496 1390 1584 1423 forte
1599 1392 1629 1424 ἀ
1646 1393 1732 1432 aliis,
1757 1392 1896 1434 impera»

1017 1434 1123 1466 tores,
1138 1436 1294 1475 quatenus
1308 1431 1425 1475 attinet
1438 1432 1477 1464 ad
1494 1431 1625 1466 infantis
1635 1433 1870 1474 expolitionem
1880 1459 1892 1474 ,

1015 1469 1177 1515 &adultae
1193 1478 1442 1515 repetitionem,
1472 1473 1581 1506 oblata
1601 1476 1827 1509 alimentorum
1845 1486 1895 1509 reo

1014 1510 1179 1541 stitutione
1196 1533 1205 1548 ,
1227 1518 1269 1541 ita
1287 1519 1322 1544 ut
1339 1514 1437 1545 moris
1454 1513 1517 1547 effe
1533 1517 1563 1546 d.
1581 1525 1605 1546 c.
1628 1526 1677 1548 iv.
1700 1517 1785 1555 Jalz'i
1801 1518 1894 1550 Pauli

1014 1552 1149 1597 probavi
1168 1561 1207 1597 ex
1226 1551 1416 1596 Quintiliani
1434 1554 1522 1596 lib.7.
1541 1555 1617 1594 Insi.
1629 1557 1717 1589 Orat.
1734 1568 1758 1589 c.
1773 1569 1800 1590 1.
1823 1569 1893 1592 rem

1012 1593 1069 1624 illo
1086 1602 1156 1623 aevo
1174 1593 1293 1625 licitam
1310 1602 1407 1636 atque
1423 1596 1610 1637 impunitam
1627 1599 1807 1640 indigitare.

1056 1633 1156 1677 Quod
1172 1634 1193 1666 fi
1211 1634 1258 1666 his
1276 1634 1346 1674 sua,
1370 1644 1404 1668 ut
1420 1645 1574 1678 oportet,
1598 1639 1684 1671 adest
1700 1640 1890 1675 auctoritas:

1012 1676 1116 1715 cedo,
1139 1683 1201 1713 qua
1226 1677 1349 1708 ratione
1373 1677 1428 1710 fibi
1452 1679 1638 1720 persuadeat
1660 1681 1718 1713 Vir
1734 1683 1892 1722 Ampliffi-

1010 1727 1101 1757 mus,
1125 1716 1261 1749 Veteres
1286 1718 1326 1749 de
1342 1718 1500 1752 infantum
1521 1722 1723 1761 expositione
1741 1722 1891 1757 differen-

1011 1767 1078 1797 tes,
1102 1768 1167 1790 non
1184 1768 1327 1805 enarrare
1342 1760 1411 1801 jus,
1434 1761 1618 1796 concessum
1643 1764 1810 1805 omnibus;
1834 1765 1890 1800 sed

1009 1801 1133 1847 privata
1149 1799 1265 1840 flagitia
1282 1800 1411 1841 publice
1419 1805 1519 1836 vetita
1535 1804 1565 1836 &
1581 1806 1683 1844 puniri
1699 1804 1807 1840 solita:
1823 1816 1890 1839 ma-

1009 1850 1096 1888 xime
1113 1842 1183 1882 post
1195 1840 1371 1888 sfrajanum
1382 1866 1392 1883 ,
1407 1843 1622 1885 Hadrianum,
1641 1847 1671 1878 &
1687 1847 1890 1882 Antoninum

1010 1883 1113 1916 Pium.
1149 1882 1246 1922 Scio,
1267 1883 1437 1925 praefatur,
1461 1887 1535 1918 inde
1552 1895 1703 1920 muratam
1723 1888 1785 1921 ess'e
1801 1889 1887 1931 prio-

1008 1933 1078 1957 rum
1095 1932 1277 1964 temporum
1302 1926 1483 1966 licentiam,
1507 1927 1559 1960 sed
1577 1929 1665 1969 huius
1682 1929 1887 1963 affeveratio·

1009 1967 1057 1997 nis
1081 1965 1202 1997 nullum
1229 1967 1282 1998 dat
1306 1967 1506 2008 sponsorem:
1530 1970 1574 2001 ita
1597 1971 1696 2002 docet
1712 1972 1800 2012 quod
1818 1979 1886 2005 non

1010 2007 1137 2048 probat.
1161 2016 1223 2049 ego
1243 2017 1321 2040 vero
1336 2008 1400 2041 fine
1417 2019 1457 2041 eo
1473 2019 1537 2042 non
1555 2012 1671 2043 credo:
1687 2021 1779 2053 quam
1798 2014 1886 2047 enim

1009 2049 1051 2080 iic
1075 2048 1179 2080 habeo
1205 2049 1348 2089 causam,
1375 2049 1530 2084 Veterum
1548 2050 1725 2085 sermonem
1743 2055 1794 2094 qui
1813 2055 1886 2095 post

1009 2091 1082 2122 illos
1099 2090 1262 2131 Principes
1278 2091 1377 2123 literis
1399 2091 1595 2132 floruerunt,
1619 2094 1649 2126 in
1665 2094 1759 2132 alium
1777 2096 1882 2128 trahe-

1007 2142 1042 2163 re
1055 2131 1194 2170 sensum,
1212 2141 1304 2177 quam
1317 2142 1428 2165 eorum
1440 2135 1494 2175 qui
1511 2142 1584 2167 ante
1597 2136 1638 2167 de
1654 2134 1812 2169 infantum
1829 2147 1884 2170 ex-

1007 2172 1165 2213 positione
1182 2173 1388 2213 scripserunt,
1404 2174 1507 2208 sermo
1522 2177 1625 2217 accipi
1642 2177 1672 2208 &
1688 2177 1814 2211 solet&
1829 2180 1881 2211 de·-

1007 2215 1088 2246 bet‘?
1113 2215 1204 2254 plane
1220 2215 1349 2247 nullam.
1383 2215 1464 2248 Sunt
1479 2217 1548 2248 haec
1565 2218 1747 2258 evidentia,
1771 2228 1806 2251 ut
1823 2230 1882 2251 cae·

1007 2264 1074 2288 tera
1091 2256 1214 2287 omnia:
1230 2254 1284 2287 sed
1299 2257 1422 2290 collatis
1433 2259 1588 2300 exemplis
1604 2258 1682 2292 fient
1700 2261 1882 2293 evidentio-

1005 2307 1048 2328 ra.
1071 2296 1121 2328 En
1138 2296 1221 2337 apud
1230 2295 1376 2329 Plautum
1391 2298 1545 2341 Amphytr.
1566 2309 1590 2333 1.
1601 2310 1631 2342 3.
1644 2311 1671 2332 2.
1686 2301 1808 2342 Jupiter
1823 2302 1880 2335 sub

1005 2339 1110 2379 specie
1125 2337 1381 2379 Amphytruonis
1396 2341 1604 2373 Alcumenam
1623 2342 1665 2373 fic
1682 2343 1866 2383 alloquitur.

1042 2398 1096 2403 —
1116 2397 1169 2403 —-
1190 2397 1243 2403 —
1264 2379 1380 2419 Ilffenses
1391 2382 1454 2422 jam
1470 2384 1522 2414 tibi
1534 2381 1586 2423 effe
1599 2382 1676 2414 astos
1689 2384 1780 2415 vicies.

1043 2420 1244 2493 Mih{lrzeceffe
1259 2420 1298 2462 cst
1313 2424 1355 2453 ire
1371 2423 1457 2454 hinc.-
1475 2433 1578 2455 verum
1593 2424 1670 2465 quod
1681 2425 1737 2456 erit
1754 2432 1876 2467 natum,

1087 2468 1115 2493 to
1139 2463 1188 2495 ito.

1004 2502 1159 2536 Similiter
1175 2503 1219 2536 ait
1229 2502 1340 2536 Davus
1355 2504 1438 2545 apud
1454 2503 1647 2539 Terentium
1660 2506 1778 2541 Andria
1798 2518 1822 2541 1.
1843 2520 1874 2552 3.

1006 2554 1054 2585 14.

1047 2585 1200 2630 Qudquid
1209 2585 1354 2627 peperzffet
1363 2609 1373 2625 ‚
1395 2588 1586 2620 decreverunt
1601 2588 1705 2623 tollere.

1002 2627 1168 2668 Aliquisne
1183 2627 1252 2658 liaec
1267 2628 1376 2668 legens
1387 2652 1397 2669 ‚
1412 2629 1569 2671 ambigat,
1585 2638 1691 2664 utrum
1706 2632 1876 2674 repraesen=

1004 2677 1090 2700 tetur
1112 2667 1263 2709 flagitium
1287 2668 1455 2703 hominum
1478 2671 1694 2706 viliffimorum
1712 2696 1722 2713 ,
1755 2675 1877 2717 legibus

1002 2718 1057 2741 aut
1072 2711 1212 2742 moribus
1223 2709 1324 2749 puniri
1339 2709 1482 2744 solitum:
1497 2713 1594 2754 anius
1607 2714 1790 2748 concess‘um
1805 2726 1875 2749 om-

1001 2751 1094 2783 nib'us
1111 2758 1173 2782 tarn
1189 2751 1334 2790 summis,
1351 2760 1445 2792 quain
1460 2752 1597 2795 infimis3
1613 2765 1720 2797 eoque
1735 2758 1874 2789 criminis

1001 2800 1170 2838 poenaeque
1185 2793 1347 2825 vacuum?
1369 2793 1475 2836 AEque
1489 2797 1601 2828 credes
1619 2798 1696 2830 mihi
1707 2821 1717 2837 ,
1734 2799 1875 2838 ejusdem

1002 2841 1123 2865 tenoris
1139 2832 1200 2865 esse
1218 2833 1282 2865 hoc
1300 2833 1446 2868 Suetonii
1463 2835 1586 2870 oetavio
1603 2848 1627 2870 c.
1643 2843 1694 2878 65.
1711 2839 1750 2871 de
1765 2839 1874 2879 Augu·

1000 2873 1049 2905 sto
1064 2873 1106 2905 fic
1122 2874 1302 2913 loquentis:
1318 2875 1370 2908 Ex
1382 2883 1463 2918 nepte
1476 2876 1566 2918 Julia
1577 2878 1642 2920 post
1656 2880 1871 2910 damnationem

1000 2916 1108 2946 editum
1125 2916 1400 2958 infantem‘agnosci
1414 2919 1509 2961 alique
1523 2922 1628 2951 vetuit.
1668 2919 1804 2962 QuaesO,
1829 2929 1872 2953 ne

999 2956 1157 2997 graveris,
1180 2958 1273 2990 etiarn
1299 2960 1484 3000 sequentem
1509 2970 1550 2992 ex
1566 2961 1700 3001 Caligula
1720 2970 1745 2991 c.
1766 2970 1795 3000 5.
1821 2961 1870 2992 lo-

999 3004 1074 3028 cum
1090 2999 1249 3038 exaudiri,
1265 3008 1329 3031 non
1346 3001 1430 3041 quasi
1446 3001 1604 3040 designet,
1628 3010 1645 3031 a
1661 3001 1752 3031 turba
1768 3002 1821 3033 vili
1837 3002 1870 3035 δί

998 3037 1063 3070 fine
1084 3041 1214 3072 nomine
1231 3042 1306 3081 quid
1329 3041 1484 3083 flagitiose
1501 3042 1637 3073 fastum:
1661 3040 1713 3072 sed
1730 3042 1836 3082 paffim
1852 3052 1870 3075 a

998 3080 1121 3120 populo
1136 3081 1168 3112 in
1186 3081 1268 3114 luCtu
1281 3083 1349 3123 jure
1368 3085 1468 3115 licito.
1505 3082 1572 3124 Quo
1583 3081 1736 3121 defunctus
1751 3081 1790 3123 cst
1803 3085 1869 3125 die,

998 3121 1126 3162 lapidata
1135 3123 1211 3162 sunt
1226 3125 1345 3165 templa,
1365 3124 1506 3162 sub-versae
1524 3123 1620 3154 Deum
1642 3132 1718 3163 arae,
1741 3123 1835 3158 Lares
1849 3136 1870 3158 a

997 3163 1167 3203 quibusdam
1174 3165 1340 3204 familiares
1350 3167 1382 3196 in
1395 3165 1542 3206 publicum
1552 3162 1672 3206 niseni,
1681 3170 1789 3205 partus
1801 3177 1868 3198 con-

423 3200 573 3233 otuissent
588 3200 657 3232 haec
676 3200 837 3234 sufficere:
853 3200 906 3235 sed
925 3210 954 3233 a·
991 3205 1100 3247 jugum
1114 3204 1245 3246 expofiti.
1279 3206 1323 3238 At
1337 3215 1397 3239 nec
1414 3206 1465 3237 iiic
1482 3204 1599 3238 reiistet
1614 3203 1775 3241 Dominus
1793 3207 1866 3240 Van

1114 3246 1150 3289 Q
1164 3256 1183 3287 0.
1200 3256 1219 3288 <i
1780 3248 1866 3289 Birri-
