2036 3495
489 114 552 160 AD
580 119 669 154 LIB.
699 117 796 154 XVI.
826 116 925 154 Tit.
954 108 1013 151 ΠΙ.
1047 117 1187 165 Deposi'ti
1210 120 1261 155 vel
1282 125 1397 157 contra.
1785 129 1854 161 ‘2⁶⁶²'

68 216 107 248 tis
127 215 263 247 rationem
285 212 403 243 dubitur
424 208 540 250 depofiti
566 207 649 239 αὲῖίο.
707 203 874 253 Ηοορἰίἰρ
905 208 934 253 §a

68 258 158 297 plura
170 256 309 294 ejusdem
325 253 482 293 aequitatis
494 250 672 289 Principum
691 247 934 294 Contlitutioni-

70 299 128 330 bus
144 296 269 328 inducta
292 293 438 325 adversus
454 292 528 333 juris
546 291 683 331 regulam
704 297 853 321 annotavi
872 300 934 331 ego

67 341 117 371 lz'b.
135 337 215 379 sing.
239 335 290 368 Ad
305 335 402 367 [tarci.
431 336 464 365 de
481 331 560 374 pati.
585 330 622 366 ἐξ
637 331 776 362 cmnsaci.
800 339 860 372 cop.
883 341 932 372 25.

63 389 231 453 Faffibllgffil
245 417 333 450 causa
349 416 466 458 pendet
483 413 659 446 intellectus
678 413 764 445 Pauli
783 413 805 446 l.
822 418 871 445 26.
892 414 931 444 D.

67 463 96 495 b.
115 470 136 494 t.
181 460 287 492 Verba
312 459 416 491 Pauli:
440 455 547 488 Publia
571 457 707 493 Mevia,
731 464 795 486 cum
814 454 930 496 prosici-

57 508 190 545 Jceretur
202 503 239 534 acl
254 502 389 532 moricum
399 501 611 537 summare-oin
630 497 754 529 clarissim
772 507 836 527 cliiii
855 495 931 536 veste

67 544 104 580 ὅ)
126 543 321 584 instrumentis
343 539 550 571 commendavit
575 537 658 581 Geijce
683 537 834 584 δήμῷ)
852 539 930 568 dixit·

64 587 108 617 ei:
129 595 200 617 cum
219 583 297 614 salva
314 582 423 612 sanave
441 589 573 617 venere,
586 579 727 610 restitues
746 579 841 610 mihi:
863 588 930 624 cci·-

70 635 103 658 te
129 627 150 658 si
181 624 296 665 aliquid
326 621 402 654 milii
434 622 604 652 humanum
638 621 833 664 contigerit,
865 621 929 652 tilio

66 677 140 700 meo
156 675 249 706 quem
275 673 316 695 ex
333 664 395 694 alio
419 663 533 694 marito
553 661 680 702 suscepi.
724 662 881 699 Defunfflt
896 671 930 693 eo

63 707 210 748 intestata,
235 704 375 743 defideio,
398 714 442 735 res
466 704 663 735 commemlcuae
686 703 734 734 cuz·
747 702 927 747 restiiziirde-

64 752 165 781 beant:
181 748 265 788 filib,
296 757 335 777 {ln
359 747 472 777 marito.
516 745 629 776 Paulus
658 745 798 784 respondit
815 768 824 783 ,
850 745 926 783 filio.

62 790 172 822 Publia
202 789 319 820 Maevia
343 789 381 819 ad
404 787 550 819 maritum
583 785 791 827 profectura,
822 795 926 818 arcam

60 831 193 864 clausam
217 840 290 861 cum
322 829 407 860 veste
439 829 469 859 dt
501 827 713 859 instrumentis
738 826 821 867 Gajo
852 827 926 868 SeJ'o

60 872 318 905 commendavit:
339 870 432 910 eique
451 870 549 908 dixit3
573 869 603 900 id
620 869 684 908 est,
708 868 737 900 dt
754 868 843 909 patra
861 870 924 916 est:

58 923 113 953 ut,
136 913 158 945 si
175 913 254 944 salva
277 912 389 943 sanave
412 912 559 949 redierit,
582 910 636 950 ipsi
653 910 856 942 redderetur:
882 913 925 943 lin

59 957 87 988 ‘ei
105 954 222 994 aliquid
242 954 410 985 humanum
429 951 617 993 contigerit3
641 952 692 991 (id
710 951 776 990 est,
798 951 819 982 si
835 952 922 983 obie-

57 999 116 1029 rit:
141 996 205 1027 hoc
222 996 306 1027 enim
323 995 408 1026 valet
424 1003 460 1025 ea
477 994 618 1031 locutio,
642 992 784 1024 aversura
807 994 926 1025 malum

58 1048 153 1070 omen
177 1038 260 1078 apud
280 1037 427 1068 homines
452 1034 698 1075 superstitiosos)
721 1033 804 1073 filio,
830 1044 925 1075 quem

59 1089 99 1111 ex
116 1080 223 1120 priore
239 1078 354 1109 marito
373 1077 521 1117 suscepit,
546 1077 745 1122 redderetur,
763 1075 927 1123 Defuiicta

56 1121 168 1152 Publia
186 1119 302 1151 Maevia
327 1118 491 1157 intestata,
515 1117 677 1161 quaesitum
700 1116 777 1148 fuit:
800 1126 859 1148 utri
879 1128 925 1148 re-

56 1162 141 1194 stitui
159 1161 275 1193 debeat
297 1170 384 1199 arca,
408 1159 493 1198 filio,
517 1168 556 1190 an
577 1158 716 1191 marito?
739 1158 836 1190 Paulo
861 1160 926 1198 pla-

57 1196 148 1242 cuit',
178 1212 246 1234 eam
270 1201 337 1233 filio
358 1200 487 1233 restitui.
518 1210 581 1240 quo
603 1200 703 1240 jure?
726 1199 814 1231 forte
838 1200 925 1232 dices

57 1243 202 1285 depositi.
227 1243 278 1274 sed
296 1253 361 1276 non
378 1243 418 1274 ita
435 1242 497 1273 est:
521 1251 591 1273 nani
614 1248 714 1272 mater
736 1250 800 1286 non
817 1242 923 1285 potest

55 1281 124 1318 filio
143 1285 196 1316 suo
213 1285 308 1325 pasto
326 1283 460 1324 depositi
478 1283 637 1313 aetionem
654 1282 832 1327 adquirere.
859 1292 922 1323 quo

55 1326 151 1366 igitur
170 1327 238 1366 jure
254 1326 270 1356 ⁸?
293 1324 524 1357 fideicommissi
546 1332 587 1354 ex
611 1322 850 1369 Constitutione
879 1324 921 1355 1).

54 1365 121 1401 Pii:
145 1376 205 1406 qua
222 1367 361 1407 placuit3
385 1373 419 1397 ut
440 1365 461 1396 fi
477 1364 618 1406 deposita
635 1367 718 1402 apud
733 1365 872 1404 aliquem
889 1365 925 1396 sit

54 1410 220 1450 pecunia,
262 1409 391 1448 ejusque
428 1405 502 1438 fidei
541 1405 764 1443 commistum,
796 1414 830 1437 ut
853 1416 922 1438 eain

81 1449 201 1486 raestet,
224 1447 499 1480 fideicommiss'um
522 1447 653 1485 deberi;
684 1447 767 1493 quasi
795 1455 923 1487 rogatus

55 1460 92 1524 fit
111 1491 202 1522 heres
218 1513 227 1528 ,
249 1490 280 1521 id
296 1491 439 1521 debitum
461 1488 598 1520 debitori
618 1496 790 1519 remittere.
813 1490 924 1529 estque

56 1533 122 1572 ‘ejtis
150 1531 195 1563 rei
221 1530 373 1563 effeetus:
396 1537 431 1561 ut
453 1528 677 1569 depositarius,
702 1529 757 1561 etsi
786 1530 924 1562 restituit

58 1571 229 1609 debitum,
259 1572 368 1603 heredi
389 1579 515 1602 maneat
542 1571 698 1610 obligatus
715 1593 725 1609 ,
755 1571 794 1602 ab
819 1581 924 1612 eoque

57 1614 153 1655 poffit
170 1613 294 1643 afflone
309 1611 442 1652 depositi
459 1611 644 1643 conveniri:
671 1611 723 1643 sed
747 1621 924 1645 conventus

83 1654 151 1686 offit
167 1653 197 1684 se
220 1654 298 1684 tueri
322 1652 514 1693 exceptione
540 1653 612 1684 doli.
636 1653 723 1694 quod
742 1663 813 1686 cum
829 1655 871 1686 ita
894 1654 924 1686 se

56 1661 184 1727 Eabet:
214 1693 257 1726 ait
283 1694 435 1735 Ulpianus
451 1717 461 1733 ‚
492 1694 530 1725 ab
554 1695 639 1726 omni
665 1694 812 1727 debitore
836 1695 924 1737 poffe

56 1735 334 1768 fideicommissum
360 1735 497 1776 relinqui
527 1735 546 1766 l.
562 1744 611 1776 77.
630 1735 671 1767 D.
688 1737 721 1766 de
740 1735 825 1778 legat.
840 1739 877 1769 lib
896 1747 922 1769 1.

56 1778 206 1818 idemque
225 1777 394 1809 confirmat
409 1777 553 1809 Scaevoia
569 1778 589 1808 l.
606 1787 655 1817 37.
672 1777 702 1818 ᾗ.
719 1787 748 1822 3:
770 1779 816 1810 D.
833 1780 865 1810 de
887 1779 924 1810 le-

54 1824 118 1861 gat.
134 1819 181 1851 lib.
200 1829 230 1860 3.
272 1818 354 1850 Haec
370 1828 432 1860 ego
449 1818 490 1850 fic
513 1819 671 1851 breviter:
695 1819 786 1851 latius
811 1821 847 1852 A.
864 1819 922 1852 Fa-

58 1862 114 1893 ber
133 1860 180 1891 lib.
204 1869 250 1896 19.
276 1859 400 1902 Conjefi‘.
424 1870 448 1891 c.
469 1864 516 1894 18.

93 1901 263 1941 Sequitur,
287 1902 431 1933 adversus
449 1910 543 1941 quem
568 1903 660 1934 detur
683 1902 815 1943 depositi
831 1903 920 1935 affio.

54 1941 100 1974 'est
123 1952 201 1974 vero
223 1943 421 1983 consequens
447 1950 510 1974 tam
532 1942 667 1981 Edicito,
689 1953 780 1983 quam
803 1953 920 1976 naturae

54 1984 207 2023 depoliti,
231 1993 299 2016 eam
323 1984 386 2015 dai-i
411 1984 558 2017 adversus
582 1984 825 2024 depositarium,
848 1995 921 2018 cum

53 2033 119 2064 quo
135 2025 334 2057 contractum
351 2024 414 2064 est;
439 2034 598 2065 excepto,
621 2025 643 2057 fi
661 2035 726 2057 rem
740 2027 822 2058 suam
839 2028 923 2068 apud

53 2066 85 2096 se
102 2066 220 2104 deponi
237 2066 337 2106 passus
352 2066 397 2098 fit.
416 2074 482 2098 tum
500 2068 583 2098 enim
599 2077 663 2099 non
681 2075 806 2099 tenetur
825 2069 922 2109 depo-

52 2105 116 2138 fiti:
136 2106 214 2138 ficut
235 2109 289 2148 qui
314 2117 379 2139 rem
400 2107 482 2139 suain
504 2109 678 2146 conducit,
701 2117 754 2140 aut
780 2111 922 2150 precario

53 2148 164 2188 rogat,
189 2157 249 2179 nec
266 2150 305 2180 de
325 2148 468 2186 precario
483 2172 492 2188 ,
516 2159 576 2181 nec
599 2159 640 2181 cx
666 2150 774 2181 locato
796 2160 922 2184 tenetur

53 2189 74 2219 l.
99 2198 145 2228 15.
162 2189 210 2220 D.
227 2190 255 2221 h.
273 2195 294 2222 t.
322 2189 392 2221 Non
415 2191 582 2228 adderem,
605 2192 686 2223 hanc
709 2192 866 2225 actionem
891 2193 922 2225 in

53 2229 189 2261 solidum
213 2231 277 2262 dari
293 2230 439 2263 adversus
465 2231 636 2271 heredem,
660 2233 779 2274 quippe
805 2243 876 2266 cum
897 2236 922 2266 is

54 2270 240 2303 defunctum
259 2272 479 2314 repraesentet:
502 2273 555 2304 nisi
571 2274 742 2305 Veteribus
766 2274 828 2305 visa
846 2274 922 2306 esset

52 2308 125 2343 haec
143 2312 275 2351 quaestio
300 2324 363 2345 non
390 2314 518 2354 indigna
536 2314 677 2346 trafimri:
701 2314 761 2346 hac
777 2325 921 2348 contem-

51 2354 213 2395 platione,
237 2357 325 2393 quod
349 2355 489 2386 actiones
519 2365 560 2387 ex
587 2355 703 2387 delitto
729 2365 792 2388 non
820 2356 921 2389 solent

52 2395 117 2426 dari
141 2396 286 2428 adversus
313 2396 472 2435 liei·edes;
504 2397 557 2428 nisi
582 2405 738 2436 quatenus
762 2400 919 2438 pervenit.

50 2441 147 2476 porro
166 2436 248 2468 attio
272 2437 407 2478 depositi
424 2439 511 2469 venit
526 2447 566 2469 ex
586 2439 720 2477 delicto;
744 2438 815 2479 quia
833 2441 921 2472 venit

54 2486 95 2508 ex
112 2477 200 2508 dolo.
224 2486 289 2510 non
306 2479 400 2520 igitur
417 2480 514 2510 debet
531 2479 677 2511 adversus
695 2480 845 2512 heredem
870 2482 921 2512 da·

53 2519 102 2556 ri,
125 2517 179 2548 nisi
201 2527 354 2558 quatenus
386 2521 541 2561 pervenit.
583 2520 646 2552 Sed
670 2521 821 2561 Ulpianus
849 2522 869 2554 l.
895 2533 922 2562 7.

55 2557 85 2600 §.
106 2567 130 2589 1.
146 2559 173 2589 b.
188 2564 209 2589 t.
231 2560 273 2591 fic
288 2561 409 2593 scribit:
432 2563 539 2593 Datur
565 2562 637 2594 aelio
660 2561 776 2602 depofiii
797 2564 829 2593 in
846 2564 923 2594 here-

55 2602 118 2630 dem
140 2608 176 2630 ex
200 2600 261 2631 dolo
285 2602 412 2641 defunffl
435 2604 620 2641 insolidum.
651 2613 828 2645 quamquam
848 2607 922 2636 enim

55 2641 129 2671 alias
153 2650 190 2671 ex
206 2641 266 2671 dolo
291 2643 421 2681 (lefunffl
442 2654 499 2675 non
524 2646 644 2683 solemus
667 2647 776 2684 teneri,
800 2645 856 2683 nisi
874 2653 923 2686 pro

54 2690 88 2712 ea
114 2687 197 2721 parte
219 2691 280 2723 quae
302 2685 339 2714 od
360 2693 409 2715 nos
430 2688 579 2725 pervem‘t:
603 2694 697 2717 minen
721 2687 767 2717 hic
787 2687 867 2718 doliis
889 2697 925 2718 ex

54 2722 204 2754 contradita
223 2745 233 2761 ,
252 2725 347 2765 reique
364 2728 555 2765 persecutione
579 2728 739 2768 deseendit:
759 2729 874 2769 ideoque
891 2731 922 2759 in

47 2764 174 2804 fiilitium
190 2774 267 2795 unus
286 2766 359 2795 heres
377 2773 508 2803 tenetztr3
525 2768 623 2808 plures
638 2779 704 2800 vero
725 2775 775 2809 pro
793 2779 824 2799 ea
839 2777 921 2810 purte

54 2814 114 2846 qua
134 2806 253 2846 quisque
268 2807 344 2837 heres
363 2805 410 2846 est.
453 2809 575 2847 Ulpiani
598 2809 700 2841 sensus
721 2834 730 2849 ,
763 2810 920 2842 aftionem

56 2845 190 2886 depositi
208 2848 321 2887 agendi
338 2847 456 2879 causam
475 2850 601 2889 quidem
620 2852 765 2891 accipere
782 2861 821 2882 ex
833 2853 921 2891 dolo,

55 2887 87 2917 id
104 2885 166 2924 est,
189 2896 228 2918 ex
254 2888 389 2927 delicto,
415 2889 467 2920 sed
491 2890 643 2931 originem
672 2893 795 2924 trahere
812 2903 852 2924 ex
871 2894 921 2924 de-

54 2927 160 2968 pofito
177 2950 187 2966 ,
216 2929 247 2959 id
265 2928 310 2960 est
330 2952 339 2968 ,
372 2940 414 2961 ex
437 2932 618 2964 contractu:
643 2934 781 2974 ideoque
806 2935 835 2966 in
864 2935 924 2965 liae

54 2969 137 3000 aliud
155 2968 287 3008 servari,
312 2979 404 3010 quain
432 2970 462 3002 in
488 2973 663 3006 actionibus
680 2985 719 3006 ex
740 2975 857 3007 ‹ieiitto
875 2976 920 3006 di-

53 3010 142 3042 recto
159 3012 257 3041 natis:
281 3021 350 3042 nam
369 3013 422 3044 has
439 3013 539 3052 palam
557 3013 721 3047 intendere
739 3017 777 3047 ad
794 3025 920 3056 poenam

53 3061 147 3092 quam
171 3061 235 3083 non
261 3061 400 3084 meretur
424 3054 514 3086 lieres
539 3064 554 3086 a
573 3057 689 3088 delicto
709 3067 843 3088 vacuus:
868 3057 920 3089 scd

53 3093 209 3124 astionem
234 3094 367 3134 depositi
394 3095 515 3126 diiecto
537 3098 644 3128 venire
669 3107 710 3128 ex
736 3099 920 3138 contractu,

53 3143 159 3174 eoque
176 3133 331 3173 respicere
355 3136 392 3167 ad
409 3137 438 3167 id
457 3138 544 3175 quod
561 3138 689 3169 interest
712 3139 920 3179 deponentis:

50 3175 82 3206 id
101 3175 166 3213 est,
188 3185 255 3207 non
271 3178 308 3207 ad
330 3177 507 3218 depositarii
529 3188 672 3219 poenam,
697 3178 748 3211 sed
764 3180 802 3210 ad
818 3181 918 3221 perse-

1810 143 1844 173 δι

977 206 1071 238 fitai-ii
1096 209 1206 240 dolum
1230 211 1357 242 malum.
1382 221 1417 243 ea
1442 209 1537 253 igitur
1558 213 1682 245 ratione
1706 214 1772 246 dari
1796 214 1852 248 ad-

978 249 1080 279 versus
1109 250 1278 289 heredem,
1309 261 1372 284 non
1400 263 1557 294 quatenus
1581 256 1750 295 pervenit.
1773 257 1846 295 sed,

977 296 1011 318 ut
1026 288 1062 320 fit
1079 291 1109 321 in
1128 295 1249 324 caetcris
1265 295 1500 333 conti-attibuS,
1513 296 1544 327 in
1562 295 1711 336 solidum,
1727 297 1747 329 fi
1766 307 1846 329 unus

977 329 1069 360 heres
1094 332 1147 362 iit:
1171 333 1312 373 alioquin
1335 345 1394 374 pro
1409 345 1443 368 ea
1470 346 1576 377 parte,
1602 348 1660 379 pro
1675 348 1735 378 qua
1753 339 1847 371 lieres

976 369 1029 401 est.
1053 371 1094 403 fic
1120 372 1301 412 Ulpianus:
1333 376 1362 406 dc
1394 376 1462 408 fei-e
1484 378 1680 420 Pomponius
1706 381 1724 411 l.
1745 390 1793 413 12.
1816 380 1849 413 &

979 410 1091 443 Paulus
1117 414 1135 444 l.
1154 421 1203 453 49.
1224 414 1266 445 D.
1285 417 1318 446 de
1334 417 1416 457 oblig.
1437 419 1474 452 ὃ)
1490 418 1546 450 ati.

1017 451 1095 483 Dixi
1114 456 1153 486 de
1178 455 1368 495 depositario
1391 459 1421 489 ὅς
1445 461 1509 499 ejus
1533 460 1658 493 herede.
1682 463 1847 497 videamus

972 494 1012 525 de
1030 496 1137 526 tertio.
1163 505 1262 536 pone:
1286 498 1311 529 is
1333 502 1415 536 apud
1434 509 1529 541 quem
1555 511 1620 533 rem
1638 505 1846 549 deposueris,

973 544 1043 566 cam
1060 537 1206 575 deposuit
1223 540 1305 577 apud
1328 541 1432 573 alium.
1458 551 1496 573 aii
1515 542 1572 573 tibi
1590 545 1736 577 adversus
1757 547 1845 578 hunc

975 576 1020 620 est
1045 578 1180 616 depositi
1205 580 1312 612 attio?
1337 591 1402 613 non
1429 583 1490 614 est:
1514 592 1649 623 nempe,
1673 588 1746 626 quia
1769 597 1846 620 cum

974 618 1028 649 illo
1046 628 1108 650 non
1126 621 1322 654 contraxisti.
1346 632 1555 665 quamquam,
1578 625 1599 656 fi
1620 635 1734 659 extent
1756 638 1848 660 nurn-

973 661 1036 698 mi,
1060 669 1155 700 potes
1173 669 1332 703 tamquam
1357 665 1502 697 domitius
1520 667 1564 697 uti
1584 667 1799 701 vindicatione
1822 670 1846 702 l.

972 706 1000 735 ξς.
1021 701 1053 732 C.
1071 702 1098 733 h.
1115 709 1137 733 t.
1163 711 1317 742 praeterea
1334 707 1440 745 placet
1454 707 1628 740 Africano:
1651 709 1670 740 fi
1688 709 1741 740 ille
1758 710 1844 750 apud

971 751 1066 787 quein
1093 743 1201 783 postea
1224 745 1259 776 sit
1282 748 1481 788 depositum,
1506 749 1583 781 dolo
1606 750 1682 790 quid
1703 751 1843 790 admisit,

970 784 1014 814 ob
1038 785 1118 815 illius
1133 786 1261 825 dolum,
1285 798 1356 820 eum
1373 791 1454 829 apud
1474 799 1569 830 quein
1587 797 1621 822 tu
1639 793 1842 832 deposueris,

970 832 1102 856 eatenus
1126 826 1246 859 habere
1270 829 1404 869 depositi
1423 831 1604 871 afficnem3
1628 832 1657 864 &
1682 834 1767 865 hunc
1783 834 1843 865 tibi

969 866 1090 905 teneri,
1115 875 1149 898 ut
1166 878 1233 900 cani
1253 869 1398 909 praestet,
1422 873 1452 903 id
1470 873 1532 911 est,
1556 874 1649 905 cedat
1666 875 1724 906 tibi
1753 876 1773 907 l.
1794 879 1843 907 162.

968 906 1011 979 lD.
1029 907 1094 990 h.§c.
1112 909 1259 981 ideiciiique
1275 911 1327 943 vel
1343 911 1439 944 simile
1455 915 1550 947 etiarn
1564 915 1639 947 alias
1658 915 1845 949 observatur

980 972 987 979 .
1008 958 1032 980 1.
1078 973 1084 980 .
1107 959 1152 981 ii.
1190 975 1196 981 .
1218 959 1240 983 t.

981 1029 985 1034 ι
1007 989 1106 1022 Haec:
1130 991 1152 1022 si
1176 993 1252 1032 quid
1275 994 1452 1035 depositum
1469 997 1505 1028 sit
1522 999 1603 1039 apud
1623 998 1840 1040 patremfami-

968 1031 1033 1076 lias.
1075 1031 1236 1066 Caeterum
1259 1034 1279 1066 fi
1300 1036 1477 1076 depositum
1495 1038 1530 1069 iit
1550 1043 1630 1079 apud
1649 1039 1842 1073 filiumfami-

969 1073 1043 1112 lias;
1067 1072 1221 1114 Ulpianus
1237 1077 1265 1106 d.
1282 1077 1301 1107 ί.
1320 1086 1345 1108 1.
1360 1078 1387 1119 §.
1404 1088 1454 1117 42.
1480 1079 1521 1111 sic
1537 1081 1624 1113 infit:
1648 1081 1842 1121 Fili'unffamz‘-

968 1114 1023 1145 licis
1040 1117 1131 1146 teneri
1151 1115 1268 1157 depositi
1284 1118 1411 1158 constat:
1434 1123 1503 1162 qnia
1529 1121 1565 1156 ἑὲ)
1590 1125 1696 1154 caezeris
1719 1123 1842 1155 aelioni-

967 1156 1020 1186 [ηις
1037 1162 1159 1188 tenetur.
1182 1160 1229 1191 sed
1253 1158 1289 1193 δ’
1313 1170 1379 1191 cum
1397 1169 1482 1201 patre
1507 1163 1567 1204 ejus
1584 1167 1634 1205 (igi
1643 1163 1733 1205 potest
1756 1167 1840 1196 clum-

967 1203 1052 1228 taxat
1069 1199 1101 1228 de
1111 1200 1231 1238 peculio.
1253 1202 1326 1231 idem
1346 1201 1381 1235 &³
1396 1204 1427 1232 in
1436 1203 1531 1242 servo:
1555 1215 1622 1236 nam
1640 1216 1705 1237 cum
1728 1207 1839 1237 domino

967 1245 1083 1279 agetur.
1106 1242 1194 1280 quod
1210 1241 1237 1272 ἃ
1259 1243 1407 1273 traditum
1423 1244 1480 1283 l.5.
1494 1244 1532 1275 D.
1543 1247 1575 1276 cle
1591 1248 1710 1285 peculio.
1735 1247 1837 1289 Quid,

966 1279 986 1310 si
1005 1290 1054 1311 res
1080 1281 1221 1321 deposita
1242 1282 1278 1313 sit
1295 1284 1378 1324 apud
1402 1284 1659 1325 filiumfamilias,
1683 1289 1712 1319 ἃ
1735 1298 1841 1320 eman-

965 1321 1087 1360 cipatus
1112 1332 1180 1354 eam
1207 1332 1315 1355 teneat
1332 1325 1349 1357 ἱ)
1377 1326 1439 1366 jam
1467 1337 1531 1359 nori
1558 1328 1655 1360 debet
1686 1336 1777 1370 pater
1800 1331 1840 1361 tle

967 1362 1095 1402 peculio
1124 1365 1253 1404 teneri;
1283 1375 1323 1397 ne
1348 1367 1429 1398 intra
1452 1377 1567 1401 annum
1598 1370 1754 1410 quidem:
1786 1370 1842 1402 sed

966 1404 1031 1443 ipse
1055 1405 1137 1437 filius
1161 1405 1180 1436 l.
1207 1416 1258 1438 21.
1289 1406 1329 1439 D.
1356 1409 1383 1439 h.
1409 1415 1429 1439 r.
1477 1408 1651 1442 Trebatius
1682 1410 1747 1443 hoc
1770 1413 1843 1453 plus

968 1444 1261 1491 existimathtiam
1286 1447 1307 1479 fi
1330 1450 1414 1490 apud
1437 1449 1559 1484 servum
1586 1452 1765 1491 depositum
1785 1453 1843 1492 sit,

967 1487 996 1517 ὁὶ
1019 1487 1219 1520 ωῑῑῃυηῃίϊυε
1251 1498 1316 1520 rein
1354 1498 1487 1530 teneat,
1521 1494 1551 1523 in
1582 1493 1681 1533 ipsum
1706 1495 1842 1527 dandam

966 1527 1126 1561 actionem
1144 1553 1152 1569 ,
1187 1539 1253 1561 non
1277 1532 1307 1561 in
1324 1533 1513 1566 dominum:
1544 1534 1620 1565 licet
1651 1544 1692 1566 ex
1715 1538 1842 1568 caeteris

966 1570 1065 1602 caufis
1089 1571 1122 1604 in
1150 1571 1371 1606 manumissum
1394 1583 1460 1606 non
1485 1576 1578 1607 detur
1595 1575 1680 1608 attio
1703 1577 1731 1608 d.
1751 1577 1770 1608 l.
1789 1586 1841 1609 21.

989 1635 996 1641 .
1022 1620 1049 1643 1.

968 1610 986 1653 ἓ
1008 1652 1106 1684 Haec:
1138 1654 1159 1686 fi
1186 1655 1262 1695 quid
1287 1656 1466 1697 depositum
1490 1656 1526 1688 fit
1548 1659 1632 1699 apud
1656 1659 1771 1691 unum:
1794 1659 1843 1693 est

968 1693 998 1725 ὅ(
1014 1694 1116 1735 aliqua
1139 1696 1348 1736 deliberatio,
1372 1697 1393 1729 fi
1422 1699 1600 1739 depositum
1618 1700 1655 1732 fit
1673 1703 1756 1741 apud
1773 1703 1843 1743 plu-

966 1745 1027 1767 res.
1057 1739 1199 1769 occurrit
1223 1748 1260 1769 ea
1283 1740 1313 1770 in
1338 1739 1357 1770 l.
1377 1748 1401 1771 1.
1432 1741 1460 1782 ᾗ.
1477 1750 1527 1780 453.
1551 1743 1579 1773 b.
1608 1747 1629 1773 t.
1655 1741 1780 1774 Verba:
1804 1743 1841 1776 Si

966 1778 1049 1817 apud
1067 1778 1147 1810 duos
1165 1779 1200 1811 fit
1217 1780 1360 1821 deposita
1377 1791 1446 1821 res,
1469 1783 1613 1815 adversus
1632 1793 1843 1824 unumquem-

967 1827 1030 1859 que
1048 1829 1159 1852 eorum
1179 1822 1227 1862 agi
1246 1825 1383 1862 poterit:
1409 1833 1469 1855 nec
1498 1824 1680 1857 liberabitur
1697 1826 1794 1863 alter,
1817 1824 1842 1858 fi

965 1869 1038 1892 cum
1061 1862 1162 1893 altero
1180 1872 1307 1903 agatur:
1331 1874 1398 1896 non
1420 1866 1505 1897 enim
1527 1867 1705 1905 electione,
1727 1865 1778 1899 sed
1794 1866 1842 1898 so-

965 1902 1087 1934 lutione
1112 1904 1294 1936 liberantur.
1320 1905 1454 1945 proinde
1478 1906 1499 1938 fi
1528 1909 1622 1939 ambo
1646 1908 1724 1940 dolo
1750 1908 1841 1940 sece-

964 1944 1044 1982 rint,
1068 1945 1097 1975 &
1114 1946 1193 1976 alter
1210 1946 1298 1986 quod
1318 1946 1447 1978 interest
1464 1949 1658 1988 praestiterit,
1677 1950 1756 1981 alter
1772 1959 1842 1983 non

965 1985 1195 2025 convenietur,
1220 1989 1370 2028 exemplo
1403 1990 1538 2020 duorum
1564 1999 1717 2022 tutorum.
1750 1990 1842 2032 quod.

950 2025 985 2057 »si
1002 2027 1082 2059 alter
1105 2028 1156 2060 vel
1180 2028 1278 2067 nihil,
1310 2030 1359 2060 vel
1387 2029 1488 2062 minus
1511 2032 1619 2063 facere
1646 2033 1739 2072 poffit
1759 2044 1767 2064 :
1798 2034 1840 2065 ad

965 2068 1060 2100 alium
1079 2070 1292 2109 pervenietur.
1316 2071 1468 2111 idemque
1487 2072 1517 2104 ἀ
1534 2072 1555 2104 fi
1573 2073 1652 2105 alter
1668 2074 1746 2105 dolo
1770 2084 1840 2107 non

964 2108 1100 2149 fecerit,
1124 2111 1152 2142 &
1176 2110 1298 2143 idcirco
1321 2111 1357 2144 fit
1379 2113 1558 2145 absolutus:
1581 2124 1653 2146 nam
1675 2115 1714 2146 ad
1742 2114 1839 2148 alium

965 2152 1181 2190 pervenietur.
1226 2152 1333 2195 Quid,
1356 2153 1378 2185 fi
1395 2156 1459 2185 duo
1479 2156 1702 2196 deposuerint,
1727 2157 1756 2188 δε
1775 2166 1841 2189 am-

965 2193 1008 2223 bo
1026 2193 1146 2233 agant?
1168 2195 1200 2226 in
1223 2196 1251 2225 cl.
1267 2195 1285 2227 l.
1306 2204 1332 2226 1.
1350 2195 1378 2237 §.
1394 2205 1443 2235 44.
1466 2196 1507 2227 fic
1524 2204 1628 2228 extat:
1651 2197 1681 2228 Si
1703 2198 1767 2230 duo
1786 2200 1842 2231 de·

965 2234 1146 2274 posuerint,
1169 2235 1199 2267 &
1222 2236 1319 2268 ambo
1340 2245 1453 2278 agant3
1475 2237 1496 2269 fi
1522 2239 1652 2278 quidem
1677 2237 1719 2270 fic
1737 2240 1839 2280 depo-

965 2274 1111 2314 suerunt,
1136 2284 1169 2307 ut
1188 2278 1237 2309 vel
1255 2287 1333 2309 unus
1352 2279 1444 2310 tollat
1460 2286 1585 2318 totum,
1603 2282 1723 2320 poterit
1742 2282 1771 2312 in
1791 2280 1841 2312 so-

965 2316 1065 2348 lidum
1081 2326 1191 2358 agere:
1225 2318 1267 2350 fin
1292 2328 1370 2350 vero
1386 2329 1445 2360 pro
1464 2330 1552 2360 parte
1568 2330 1627 2360 pro
1645 2330 1706 2361 qua
1724 2332 1838 2356 eorum

964 2358 1095 2389 interest
1112 2381 1121 2397 ,
1151 2366 1228 2390 tunc
1249 2360 1422 2392 dicendum
1445 2361 1515 2401 est,
1546 2363 1576 2393 in
1604 2370 1727 2403 partein
1758 2373 1838 2397 con-

965 2400 1203 2434 demnationem
1226 2399 1414 2433 faciendam.

1002 2439 1246 2480 Tempestivum
1277 2441 1340 2481 est,
1365 2444 1516 2483 tractare,
1548 2445 1586 2476 ad
1607 2445 1682 2486 quid
1707 2455 1839 2487 compe-

965 2488 1011 2512 tat
1032 2481 1167 2522 depositi
1196 2482 1290 2514 aetio.
1338 2485 1393 2515 Ait
1420 2485 1540 2516 Praetor
1565 2487 1586 2517 l.
1606 2496 1632 2518 1.
1658 2487 1686 2528 §.
1707 2497 1733 2519 1.
1761 2488 1788 2519 h.
1811 2494 1837 2520 t.

965 2522 1052 2567 Quod
1067 2532 1158 2564 neque
1176 2524 1338 2563 tumultus,
1355 2535 1445 2567 ireque
1460 2528 1603 2566 incendii,
1617 2537 1708 2569 neque
1724 2530 1836 2569 ruinoe,

965 2573 1055 2604 neque
1075 2564 1228 2606 naufragii
1249 2566 1335 2603 causa
1358 2567 1511 2607 depositum
1526 2567 1568 2607 sit
1588 2592 1598 2607 ‚
1631 2570 1664 2600 in
1683 2571 1834 2611 fimplum:

967 2615 1066 2635 earum
1092 2612 1187 2636 cautem
1211 2616 1308 2637 rerum
1328 2617 1390 2648 quae
1405 2612 1498 2649 supra
1521 2611 1721 2651 comprehensae
1737 2613 1834 2651 sunt,

967 2648 999 2677 in
1014 2646 1105 2687 ipsimi
1124 2648 1155 2677 in
1170 2649 1306 2686 duplum:
1328 2651 1360 2679 in
1376 2650 1502 2682 heredem
1518 2651 1579 2694 ejus
1594 2653 1669 2692 quod
1685 2653 1745 2683 dolo
1758 2653 1837 2684 malo

968 2688 1029 2728 ejus
1044 2687 1164 2727 facium
1185 2689 1236 2729 effe
1256 2691 1384 2728 dicetur,
1407 2693 1457 2732 qui
1478 2699 1607 2723 mortuus
1622 2692 1684 2732 fit,
1714 2696 1746 2725 in
1762 2693 1833 2731 fim-

962 2730 1062 2768 plum:
1086 2731 1161 2769 quod
1178 2729 1285 2770 ipftm,
1308 2732 1340 2762 in
1356 2733 1473 2773 duplum
1483 2733 1632 2775 judicium
1650 2736 1729 2765 daho.
1771 2734 1833 2766 His

966 2770 1071 2801 verbis
1091 2771 1210 2801 Praetor
1227 2780 1385 2812 temperat
1411 2773 1608 2807 severitatem
1628 2774 1721 2815 Legis
1740 2774 1835 2805 Duo-

966 2811 1070 2842 decim
1087 2810 1300 2852 Tabularum,
1324 2814 1478 2847 actionem
1508 2826 1548 2848 ex
1573 2816 1659 2847 omni
1686 2815 1833 2855 deposito

965 2851 1109 2883 adversus
1134 2852 1328 2887 inficiantem
1355 2856 1386 2887 in
1412 2857 1541 2897 duplum
1566 2857 1627 2888 sine
1652 2855 1833 2888 discrimine

966 2895 1186 2926 concedentis.
1230 2896 1347 2928 Auctor
1371 2897 1484 2930 Paulus
1506 2899 1554 2929 lib.
1572 2910 1600 2931 2.
1626 2898 1757 2928 Sentenr.
1784 2898 1831 2929 lit.

970 2944 1013 2966 12.
1037 2934 1066 2976 §.
1088 2944 1132 2966 ii.
1154 2934 1203 2968 his
1220 2937 1339 2969 verbis:
1362 2938 1414 2970 Ex
1428 2940 1513 2979 causti
1529 2936 1641 2979 depositi
1657 2937 1734 2979 Lege
1750 2938 1832 2969 Dim-

965 2977 1053 3007 decim
1087 2975 1262 3009 Tabularum
1293 2981 1323 3010 in
1349 2981 1469 3020 duplum
1493 2979 1566 3010 αὲἳὶο
1590 2979 1697 3009 dcizzir:
1726 2979 1830 3011 Editio

964 3017 1099 3048 Prtctoris
1119 3019 1150 3049 in
1167 3018 1311 3061 simplum.
1355 3021 1506 3061 Ulpianus
1530 3029 1608 3050 vero
1623 3021 1650 3049 d.
1667 3019 1686 3050 l.
1707 3030 1732 3052 1.
1749 3020 1778 3062 §.
1797 3032 1827 3054 ρ.

963 3058 1091 3098 Merito,
1116 3060 1221 3099 inquit
1235 3084 1244 3099 ,
1268 3063 1319 3094 has
1335 3064 1435 3097 causas
1448 3061 1598 3101 separavit
1614 3060 1747 3093 Proetor:
1769 3073 1832 3104 qzcae

963 3102 1107 3131 continent
1130 3103 1292 3140 fortuitam
1315 3106 1428 3138 causam
1457 3100 1634 3141 depositionis
1657 3112 1694 3134 ex
1717 3103 1832 3144 neeff-

963 3146 1022 3171 i'ate
1043 3141 1271 3182 ιίεγὲεηιίεηιεηι,
1292 3153 1350 3174 non
1373 3152 1409 3173 ex
1430 3142 1579 3173 voluntate
1598 3142 1829 3185 proficiscentem.

962 3180 1115 3223 Ulpianus
1132 3183 1483 3225 significat,l³raetorein
1501 3184 1630 3225 vulgare
1649 3185 1830 3227 depositum

53 3217 218 3251 cntionem
233 3218 297 3258 ejus
315 3220 402 3259 quod
427 3220 603 3261 deponenti
626 3219 712 3253 abest
727 3244 737 3262 ,
760 3221 802 3254 ob
819 3222 916 3264 depo·
955 3222 1116 3264 justissime
1139 3225 1330 3267 distinguere
1353 3233 1369 3255 a
1393 3223 1557 3257 miserabili
1576 3235 1583 3258 ε
1612 3235 1685 3261 nain
1715 3227 1745 3258 iii
1772 3228 1828 3259 illo

1742 3276 1823 3305 rems
