<?xml version="1.0" encoding="UTF-8"?>
<!DOCTYPE html PUBLIC "-//W3C//DTD XHTML 1.0 Transitional//EN"
    "http://www.w3.org/TR/xhtml1/DTD/xhtml1-transitional.dtd">
<html xmlns="http://www.w3.org/1999/xhtml" xml:lang="en" lang="en">
 <head>
  <title>
</title>
<meta http-equiv="Content-Type" content="text/html;charset=utf-8" />
  <meta name='ocr-system' content='tesseract 3.04.00' />
  <meta name='ocr-capabilities' content='ocr_page ocr_carea ocr_par ocr_line ocrx_word'/>
</head>
<body>
  <div class='ocr_page' id='page_1' title='image "./gerardinoodtnovi00nood_0248.png"; bbox 0 0 2052 3487; ppageno 0'>
   <div class='ocr_carea' id='block_1_1' title="bbox 212 102 280 131">
    <p class='ocr_par' dir='ltr' id='par_1_1' title="bbox 212 102 280 131">
     <span class='ocr_line' id='line_1_1' title="bbox 212 102 280 131; baseline 0 0"><span class='ocrx_word' id='word_1_1' title='bbox 212 102 280 131; x_wconf 74' lang='lat'><em>222</em></span> 
     </span>
    </p>
   </div>
   <div class='ocr_carea' id='block_1_2' title="bbox 209 276 1988 459">
    <p class='ocr_par' dir='ltr' id='par_1_2' title="bbox 209 276 1988 459">
     <span class='ocr_line' id='line_1_2' title="bbox 209 276 1988 459; baseline 0.001 -3"><span class='ocrx_word' id='word_1_2' title='bbox 209 368 983 456; x_wconf 77' lang='lat' dir='ltr'><em>FoENoRE</em></span> <span class='ocrx_word' id='word_1_3' title='bbox 1049 276 1267 453; x_wconf 62' lang='lat' dir='ltr'>DEET</span> <span class='ocrx_word' id='word_1_4' title='bbox 1359 307 1988 459; x_wconf 70' lang='lat' dir='ltr'>USURIS.</span> 
     </span>
    </p>
   </div>
   <div class='ocr_carea' id='block_1_3' title="bbox 359 140 1854 236">
    <p class='ocr_par' dir='ltr' id='par_1_3' title="bbox 359 140 1854 236">
     <span class='ocr_line' id='line_1_3' title="bbox 359 140 1854 236; baseline -0.001 0"><span class='ocrx_word' id='word_1_5' title='bbox 359 171 755 236; x_wconf 80' lang='lat' dir='ltr'>BREv1s</span> <span class='ocrx_word' id='word_1_6' title='bbox 825 168 1087 232; x_wconf 84' lang='lat' dir='ltr'>CAPI</span> <span class='ocrx_word' id='word_1_7' title='bbox 1119 167 1359 231; x_wconf 89' lang='lat' dir='ltr'><em>TUM</em></span> <span class='ocrx_word' id='word_1_8' title='bbox 1431 140 1854 236; x_wconf 58' lang='lat' dir='ltr'>OPERIS</span> 
     </span>
    </p>
   </div>
   <div class='ocr_carea' id='block_1_4' title="bbox 847 531 1366 570">
    <p class='ocr_par' dir='ltr' id='par_1_4' title="bbox 847 531 1366 570">
     <span class='ocr_line' id='line_1_4' title="bbox 847 531 1366 570; baseline 0.004 -2"><span class='ocrx_word' id='word_1_9' title='bbox 847 531 1070 569; x_wconf 91' lang='lat' dir='ltr'>LIBRI</span> <span class='ocrx_word' id='word_1_10' title='bbox 1119 532 1366 570; x_wconf 89' lang='lat' dir='ltr'>PRIMI.</span> 
     </span>
    </p>
   </div>
   <div class='ocr_carea' id='block_1_5' title="bbox 212 621 1091 3219">
    <p class='ocr_par' dir='ltr' id='par_1_5' title="bbox 212 621 1086 2564">
     <span class='ocr_line' id='line_1_5' title="bbox 212 621 1079 665; baseline -0.002 -9"><span class='ocrx_word' id='word_1_11' title='bbox 212 622 309 658; x_wconf 80' lang='lat' dir='ltr'>CAP.</span> <span class='ocrx_word' id='word_1_12' title='bbox 335 622 359 658; x_wconf 93' lang='lat' dir='ltr'><em>I.</em></span> <span class='ocrx_word' id='word_1_13' title='bbox 383 623 549 657; x_wconf 85' lang='lat' dir='ltr'><em>Summarz&#39;a</em></span> <span class='ocrx_word' id='word_1_14' title='bbox 564 623 656 665; x_wconf 84' lang='lat' dir='ltr'><em>operis</em></span> <span class='ocrx_word' id='word_1_15' title='bbox 677 621 848 664; x_wconf 83' lang='lat' dir='ltr'><em>distributio.</em></span> <span class='ocrx_word' id='word_1_16' title='bbox 1020 631 1079 662; x_wconf 80' lang='lat'><em>149</em></span> 
     </span>
     <span class='ocr_line' id='line_1_6' title="bbox 244 664 1081 708; baseline -0.004 -11"><span class='ocrx_word' id='word_1_17' title='bbox 244 664 286 698; x_wconf 83' lang='lat' dir='ltr'>ll.</span> <span class='ocrx_word' id='word_1_18' title='bbox 311 664 427 708; x_wconf 79' lang='lat' dir='ltr'><em>Vetusti</em></span> <span class='ocrx_word' id='word_1_19' title='bbox 449 677 518 698; x_wconf 78' lang='lat' dir='ltr'><em>imos</em></span> <span class='ocrx_word' id='word_1_20' title='bbox 534 665 673 698; x_wconf 67' lang='lat' dir='ltr'><em>Auctores</em></span> <span class='ocrx_word' id='word_1_21' title='bbox 694 664 870 706; x_wconf 88' lang='lat' dir='ltr'><em>acceffionem</em></span> <span class='ocrx_word' id='word_1_22' title='bbox 885 671 946 705; x_wconf 82' lang='lat' dir='ltr'><em>quae</em></span> <span class='ocrx_word' id='word_1_23' title='bbox 962 665 1081 695; x_wconf 80' lang='lat' dir='ltr'><em>credito-</em></span> 
     </span>
     <span class='ocr_line' id='line_1_7' title="bbox 310 704 1081 748; baseline -0.004 -9"><span class='ocrx_word' id='word_1_24' title='bbox 310 709 339 740; x_wconf 90' lang='lat' dir='ltr'><em>ri</em></span> <span class='ocrx_word' id='word_1_25' title='bbox 355 710 443 739; x_wconf 86' lang='lat' dir='ltr'><em>datur</em></span> <span class='ocrx_word' id='word_1_26' title='bbox 453 715 505 748; x_wconf 84' lang='lat' dir='ltr'><em>pro</em></span> <span class='ocrx_word' id='word_1_27' title='bbox 522 711 576 748; x_wconf 83' lang='lat' dir='ltr'><em>usu</em></span> <span class='ocrx_word' id='word_1_28' title='bbox 584 708 674 746; x_wconf 75' lang='lat' dir='ltr'><em>sortis</em></span> <span class='ocrx_word' id='word_1_29' title='bbox 685 731 693 745; x_wconf 93' lang='lat'><em>,</em></span> <span class='ocrx_word' id='word_1_30' title='bbox 718 716 775 738; x_wconf 86' lang='lat' dir='ltr'><em>non</em></span> <span class='ocrx_word' id='word_1_31' title='bbox 792 705 914 737; x_wconf 82' lang='lat' dir='ltr'><em>usuram</em></span> <span class='ocrx_word' id='word_1_32' title='bbox 925 729 935 744; x_wconf 91' lang='lat'><em>,</em></span> <span class='ocrx_word' id='word_1_33' title='bbox 956 705 1002 742; x_wconf 86' lang='lat' dir='ltr'><em>sed</em></span> <span class='ocrx_word' id='word_1_34' title='bbox 1019 704 1081 737; x_wconf 88' lang='lat' dir='ltr'><em>foe-</em></span> 
     </span>
     <span class='ocr_line' id='line_1_8' title="bbox 310 745 1081 792; baseline -0.006 -11"><span class='ocrx_word' id='word_1_35' title='bbox 310 759 371 782; x_wconf 86' lang='lat' dir='ltr'><em>nus</em></span> <span class='ocrx_word' id='word_1_36' title='bbox 386 750 550 792; x_wconf 82' lang='lat' dir='ltr'><em>appellaffe:</em></span> <span class='ocrx_word' id='word_1_37' title='bbox 572 748 735 788; x_wconf 84' lang='lat' dir='ltr'><em>usuraeque</em></span> <span class='ocrx_word' id='word_1_38' title='bbox 759 749 872 779; x_wconf 87' lang='lat' dir='ltr'><em>nomine</em></span> <span class='ocrx_word' id='word_1_39' title='bbox 886 756 944 777; x_wconf 89' lang='lat' dir='ltr'><em>non</em></span> <span class='ocrx_word' id='word_1_40' title='bbox 959 745 1081 785; x_wconf 68' lang='lat' dir='ltr'><em>fenus,</em></span> 
     </span>
     <span class='ocr_line' id='line_1_9' title="bbox 302 787 1082 833; baseline -0.006 -11"><span class='ocrx_word' id='word_1_41' title='bbox 302 791 356 833; x_wconf 84' lang='lat' dir='ltr'><em>sed</em></span> <span class='ocrx_word' id='word_1_42' title='bbox 380 793 533 832; x_wconf 81' lang='lat' dir='ltr'><em>cujusque</em></span> <span class='ocrx_word' id='word_1_43' title='bbox 556 790 601 822; x_wconf 87' lang='lat' dir='ltr'><em>rei</em></span> <span class='ocrx_word' id='word_1_44' title='bbox 625 790 712 821; x_wconf 89' lang='lat' dir='ltr'><em>usum</em></span> <span class='ocrx_word' id='word_1_45' title='bbox 736 788 909 829; x_wconf 82' lang='lat' dir='ltr'><em>indigitaffe.</em></span> <span class='ocrx_word' id='word_1_46' title='bbox 945 787 1021 818; x_wconf 87' lang='lat' dir='ltr'><em>Dein</em></span> <span class='ocrx_word' id='word_1_47' title='bbox 1043 788 1082 818; x_wconf 92' lang='lat' dir='ltr'><em>lo-</em></span> 
     </span>
     <span class='ocr_line' id='line_1_10' title="bbox 309 827 1080 874; baseline -0.005 -11"><span class='ocrx_word' id='word_1_48' title='bbox 309 834 460 874; x_wconf 83' lang='lat' dir='ltr'><em>quentium</em></span> <span class='ocrx_word' id='word_1_49' title='bbox 476 834 530 871; x_wconf 84' lang='lat' dir='ltr'><em>usu</em></span> <span class='ocrx_word' id='word_1_50' title='bbox 546 830 711 871; x_wconf 81' lang='lat' dir='ltr'><em>obtinuzffe,</em></span> <span class='ocrx_word' id='word_1_51' title='bbox 734 836 768 861; x_wconf 85' lang='lat' dir='ltr'><em>ut</em></span> <span class='ocrx_word' id='word_1_52' title='bbox 786 831 872 861; x_wconf 75' lang='lat' dir='ltr'><em>usura</em></span> <span class='ocrx_word' id='word_1_53' title='bbox 884 837 937 870; x_wconf 87' lang='lat' dir='ltr'><em>pro</em></span> <span class='ocrx_word' id='word_1_54' title='bbox 956 827 1080 860; x_wconf 78' lang='lat' dir='ltr'><em>foenore</em></span> 
     </span>
     <span class='ocr_line' id='line_1_11' title="bbox 310 871 1080 914; baseline -0.005 -9"><span class='ocrx_word' id='word_1_55' title='bbox 310 875 495 914; x_wconf 71' lang='lat' dir='ltr'><em>acciperetur,</em></span> <span class='ocrx_word' id='word_1_56' title='bbox 541 871 618 904; x_wconf 89' lang='lat' dir='ltr'><em>Eam</em></span> <span class='ocrx_word' id='word_1_57' title='bbox 643 871 764 906; x_wconf 85' lang='lat' dir='ltr'><em>usuram</em></span> <span class='ocrx_word' id='word_1_58' title='bbox 783 879 837 912; x_wconf 89' lang='lat' dir='ltr'><em>pro</em></span> <span class='ocrx_word' id='word_1_59' title='bbox 863 871 1006 912; x_wconf 84' lang='lat' dir='ltr'><em>pecuniae</em></span> <span class='ocrx_word' id='word_1_60' title='bbox 1027 876 1080 902; x_wconf 88' lang='lat' dir='ltr'><em>aut</em></span> 
     </span>
     <span class='ocr_line' id='line_1_12' title="bbox 311 910 1081 955; baseline -0.005 -9"><span class='ocrx_word' id='word_1_61' title='bbox 311 913 459 955; x_wconf 82' lang='lat' dir='ltr'><em>frugum,</em></span> <span class='ocrx_word' id='word_1_62' title='bbox 489 925 547 946; x_wconf 88' lang='lat' dir='ltr'><em>non</em></span> <span class='ocrx_word' id='word_1_63' title='bbox 566 922 618 955; x_wconf 89' lang='lat' dir='ltr'><em>pro</em></span> <span class='ocrx_word' id='word_1_64' title='bbox 642 916 834 954; x_wconf 69' lang='lat' dir='ltr'><em>corporum,</em></span> <span class='ocrx_word' id='word_1_65' title='bbox 865 919 920 949; x_wconf 74' lang='lat' dir='ltr'><em>usu</em></span> <span class='ocrx_word' id='word_1_66' title='bbox 939 910 1081 953; x_wconf 80' lang='lat' dir='ltr'><em>praeflari.</em></span> 
     </span>
     <span class='ocr_line' id='line_1_13' title="bbox 317 953 1081 996; baseline -0.004 -9"><span class='ocrx_word' id='word_1_67' title='bbox 317 953 526 996; x_wconf 77' lang='lat' dir='ltr'><em>Constantinus</em></span> <span class='ocrx_word' id='word_1_68' title='bbox 542 957 561 987; x_wconf 91' lang='lat' dir='ltr'><em>l.</em></span> <span class='ocrx_word' id='word_1_69' title='bbox 575 965 621 996; x_wconf 81' lang='lat'><em>25,</em></span> <span class='ocrx_word' id='word_1_70' title='bbox 637 954 668 986; x_wconf 83' lang='lat' dir='ltr'>C.</span> <span class='ocrx_word' id='word_1_71' title='bbox 678 956 710 986; x_wconf 88' lang='lat' dir='ltr'><em>de</em></span> <span class='ocrx_word' id='word_1_72' title='bbox 729 956 824 992; x_wconf 74' lang='lat' dir='ltr'><em>alaris</em></span> <span class='ocrx_word' id='word_1_73' title='bbox 839 953 991 994; x_wconf 80' lang='lat' dir='ltr'><em>explicitus</em></span> <span class='ocrx_word' id='word_1_74' title='bbox 1002 977 1011 992; x_wconf 88' lang='lat'><em>‚</em></span> <span class='ocrx_word' id='word_1_75' title='bbox 1030 955 1081 985; x_wconf 88' lang='lat' dir='ltr'><em>ad-</em></span> 
     </span>
     <span class='ocr_line' id='line_1_14' title="bbox 314 996 1081 1035; baseline -0.005 -6"><span class='ocrx_word' id='word_1_76' title='bbox 314 997 399 1029; x_wconf 68' lang='lat' dir='ltr'><em>ducto</em></span> <span class='ocrx_word' id='word_1_77' title='bbox 417 997 556 1029; x_wconf 87' lang='lat' dir='ltr'><em>Veterum</em></span> <span class='ocrx_word' id='word_1_78' title='bbox 579 1006 653 1028; x_wconf 84' lang='lat' dir='ltr'><em>more</em></span> <span class='ocrx_word' id='word_1_79' title='bbox 668 996 728 1028; x_wconf 82' lang='lat' dir='ltr'><em>exl</em></span> <span class='ocrx_word' id='word_1_80' title='bbox 758 1000 786 1030; x_wconf 91' lang='lat'><em>8.</em></span> <span class='ocrx_word' id='word_1_81' title='bbox 812 996 845 1026; x_wconf 89' lang='lat' dir='ltr'><em>C.</em></span> <span class='ocrx_word' id='word_1_82' title='bbox 873 996 905 1027; x_wconf 88' lang='lat' dir='ltr'><em>Si</em></span> <span class='ocrx_word' id='word_1_83' title='bbox 921 1001 1028 1026; x_wconf 86' lang='lat' dir='ltr'><em>certum</em></span> <span class='ocrx_word' id='word_1_84' title='bbox 1033 1001 1081 1035; x_wconf 90' lang='lat' dir='ltr'><em>pe-</em></span> 
     </span>
     <span class='ocr_line' id='line_1_15' title="bbox 315 1035 1080 1079; baseline -0.005 -9"><span class='ocrx_word' id='word_1_85' title='bbox 315 1043 421 1078; x_wconf 85' lang='lat' dir='ltr'><em>tatur,</em></span> <span class='ocrx_word' id='word_1_86' title='bbox 455 1039 491 1074; x_wconf 54' lang='lat' dir='ltr'><em>ff</em></span> <span class='ocrx_word' id='word_1_87' title='bbox 521 1036 666 1076; x_wconf 81' lang='lat' dir='ltr'><em>Ambrosio</em></span> <span class='ocrx_word' id='word_1_88' title='bbox 682 1061 692 1075; x_wconf 82' lang='lat'><em>,</em></span> <span class='ocrx_word' id='word_1_89' title='bbox 722 1038 755 1069; x_wconf 87' lang='lat' dir='ltr'><em>de</em></span> <span class='ocrx_word' id='word_1_90' title='bbox 778 1036 875 1068; x_wconf 85' lang='lat' dir='ltr'><em>Tobia.</em></span> <span class='ocrx_word' id='word_1_91' title='bbox 901 1035 971 1079; x_wconf 66' lang='lat' dir='ltr'><em>Quo</em></span> <span class='ocrx_word' id='word_1_92' title='bbox 990 1037 1080 1077; x_wconf 83' lang='lat' dir='ltr'><em>sensu</em></span> 
     </span>
     <span class='ocr_line' id='line_1_16' title="bbox 309 1078 1079 1122; baseline -0.005 -10"><span class='ocrx_word' id='word_1_93' title='bbox 309 1080 451 1113; x_wconf 86' lang='lat' dir='ltr'><em>Paulusl.</em></span> <span class='ocrx_word' id='word_1_94' title='bbox 479 1090 523 1121; x_wconf 84' lang='lat'><em>¹7·</em></span> <span class='ocrx_word' id='word_1_95' title='bbox 547 1080 575 1122; x_wconf 86' lang='lat'>§.</span> <span class='ocrx_word' id='word_1_96' title='bbox 594 1080 647 1111; x_wconf 83' lang='lat' dir='ltr'><em>ult.</em></span> <span class='ocrx_word' id='word_1_97' title='bbox 673 1078 715 1110; x_wconf 95' lang='lat' dir='ltr'><em>D.</em></span> <span class='ocrx_word' id='word_1_98' title='bbox 733 1079 766 1110; x_wconf 83' lang='lat' dir='ltr'><em>de</em></span> <span class='ocrx_word' id='word_1_99' title='bbox 783 1079 877 1119; x_wconf 87' lang='lat' dir='ltr'><em>usuris</em></span> <span class='ocrx_word' id='word_1_100' title='bbox 893 1081 989 1115; x_wconf 79' lang='lat' dir='ltr'><em>dicat,</em></span> <span class='ocrx_word' id='word_1_101' title='bbox 1013 1079 1079 1109; x_wconf 86' lang='lat' dir='ltr'><em>Sta-</em></span> 
     </span>
     <span class='ocr_line' id='line_1_17' title="bbox 311 1118 1080 1162; baseline -0.004 -9"><span class='ocrx_word' id='word_1_102' title='bbox 311 1128 383 1153; x_wconf 87' lang='lat' dir='ltr'>tuas</span> <span class='ocrx_word' id='word_1_103' title='bbox 401 1123 451 1154; x_wconf 86' lang='lat' dir='ltr'><em>vel</em></span> <span class='ocrx_word' id='word_1_104' title='bbox 470 1123 621 1162; x_wconf 81' lang='lat' dir='ltr'><em>imagines</em></span> <span class='ocrx_word' id='word_1_105' title='bbox 637 1120 801 1162; x_wconf 75' lang='lat' dir='ltr'><em>ponendas</em></span> <span class='ocrx_word' id='word_1_106' title='bbox 820 1121 936 1161; x_wconf 82' lang='lat' dir='ltr'><em>legari,</em></span> <span class='ocrx_word' id='word_1_107' title='bbox 960 1128 997 1150; x_wconf 88' lang='lat' dir='ltr'><em>ex</em></span> <span class='ocrx_word' id='word_1_108' title='bbox 1014 1118 1080 1150; x_wconf 88' lang='lat' dir='ltr'><em>An-</em></span> 
     </span>
     <span class='ocr_line' id='line_1_18' title="bbox 309 1159 1079 1205; baseline -0.005 -10"><span class='ocrx_word' id='word_1_109' title='bbox 309 1164 401 1205; x_wconf 76' lang='lat' dir='ltr'><em>tiquis</em></span> <span class='ocrx_word' id='word_1_110' title='bbox 432 1164 588 1204; x_wconf 75' lang='lat' dir='ltr'><em>praelertim</em></span> <span class='ocrx_word' id='word_1_111' title='bbox 614 1160 813 1194; x_wconf 83' lang='lat' dir='ltr'><em>Marmoribus</em></span> <span class='ocrx_word' id='word_1_112' title='bbox 843 1159 1079 1201; x_wconf 84' lang='lat' dir='ltr'><em>demonstratum.</em></span> 
     </span>
     <span class='ocr_line' id='line_1_19' title="bbox 311 1201 1079 1249; baseline -0.004 -14"><span class='ocrx_word' id='word_1_113' title='bbox 311 1203 388 1249; x_wconf 72' lang='lat' dir='ltr'><em>Qaae</em></span> <span class='ocrx_word' id='word_1_114' title='bbox 403 1211 457 1245; x_wconf 90' lang='lat' dir='ltr'><em>pro</em></span> <span class='ocrx_word' id='word_1_115' title='bbox 479 1204 532 1245; x_wconf 89' lang='lat' dir='ltr'><em>usu</em></span> <span class='ocrx_word' id='word_1_116' title='bbox 549 1212 723 1244; x_wconf 84' lang='lat' dir='ltr'><em>corporum</em></span> <span class='ocrx_word' id='word_1_117' title='bbox 747 1204 871 1240; x_wconf 85' lang='lat' dir='ltr'><em>dantur,</em></span> <span class='ocrx_word' id='word_1_118' title='bbox 894 1212 952 1233; x_wconf 90' lang='lat' dir='ltr'><em>non</em></span> <span class='ocrx_word' id='word_1_119' title='bbox 975 1201 1079 1233; x_wconf 80' lang='lat' dir='ltr'><em>usuras</em></span> 
     </span>
     <span class='ocr_line' id='line_1_20' title="bbox 312 1243 1077 1285; baseline -0.005 -7"><span class='ocrx_word' id='word_1_120' title='bbox 312 1248 390 1285; x_wconf 76' lang='lat' dir='ltr'><em>aiei,</em></span> <span class='ocrx_word' id='word_1_121' title='bbox 406 1247 459 1285; x_wconf 76' lang='lat' dir='ltr'><em>sed</em></span> <span class='ocrx_word' id='word_1_122' title='bbox 469 1246 632 1278; x_wconf 80' lang='lat' dir='ltr'><strong>mercedes</strong></span> <span class='ocrx_word' id='word_1_123' title='bbox 649 1243 861 1285; x_wconf 73' lang='lat' dir='ltr'><em>&amp;pensiones</em></span> <span class='ocrx_word' id='word_1_124' title='bbox 871 1249 923 1275; x_wconf 91' lang='lat' dir='ltr'><em>aut</em></span> <span class='ocrx_word' id='word_1_125' title='bbox 942 1244 1077 1275; x_wconf 85' lang='lat' dir='ltr'><em>reditus:</em></span> 
     </span>
     <span class='ocr_line' id='line_1_21' title="bbox 311 1286 1077 1327; baseline -0.005 -8"><span class='ocrx_word' id='word_1_126' title='bbox 311 1288 350 1323; x_wconf 66' lang='grc' dir='ltr'><em>ὃ)</em></span> <span class='ocrx_word' id='word_1_127' title='bbox 367 1293 462 1319; x_wconf 89' lang='lat' dir='ltr'><em>tamen</em></span> <span class='ocrx_word' id='word_1_128' title='bbox 481 1287 583 1319; x_wconf 87' lang='lat' dir='ltr'><em>usuras</em></span> <span class='ocrx_word' id='word_1_129' title='bbox 597 1287 692 1317; x_wconf 81' lang='lat' dir='ltr'><em>videri</em></span> <span class='ocrx_word' id='word_1_130' title='bbox 707 1286 871 1317; x_wconf 82' lang='lat' dir='ltr'>mercedes</span> <span class='ocrx_word' id='word_1_131' title='bbox 881 1294 943 1327; x_wconf 86' lang='lat' dir='ltr'><em>quae</em></span> <span class='ocrx_word' id='word_1_132' title='bbox 951 1294 1017 1315; x_wconf 86' lang='lat' dir='ltr'><em>cum</em></span> <span class='ocrx_word' id='word_1_133' title='bbox 1030 1292 1077 1324; x_wconf 82' lang='lat' dir='ltr'><em>pe-</em></span> 
     </span>
     <span class='ocr_line' id='line_1_22' title="bbox 309 1325 1078 1369; baseline -0.007 -8"><span class='ocrx_word' id='word_1_134' title='bbox 309 1330 401 1361; x_wconf 77' lang='lat' dir='ltr'><em>cunia</em></span> <span class='ocrx_word' id='word_1_135' title='bbox 417 1334 471 1360; x_wconf 87' lang='lat' dir='ltr'><em>aut</em></span> <span class='ocrx_word' id='word_1_136' title='bbox 486 1328 616 1369; x_wconf 85' lang='lat' dir='ltr'><em>frugum</em></span> <span class='ocrx_word' id='word_1_137' title='bbox 631 1328 686 1365; x_wconf 79' lang='lat' dir='ltr'><em>usu</em></span> <span class='ocrx_word' id='word_1_138' title='bbox 704 1333 862 1358; x_wconf 86' lang='lat' dir='ltr'><em>mutentur.</em></span> <span class='ocrx_word' id='word_1_139' title='bbox 908 1325 969 1366; x_wconf 83' lang='lat' dir='ltr'><em>Jus</em></span> <span class='ocrx_word' id='word_1_140' title='bbox 994 1325 1078 1357; x_wconf 77' lang='lat' dir='ltr'><em>civile</em></span> 
     </span>
     <span class='ocr_line' id='line_1_23' title="bbox 309 1366 1078 1410; baseline -0.007 -8"><span class='ocrx_word' id='word_1_141' title='bbox 309 1372 409 1402; x_wconf 81' lang='lat' dir='ltr'><em>iisdem</em></span> <span class='ocrx_word' id='word_1_142' title='bbox 424 1371 506 1402; x_wconf 88' lang='lat' dir='ltr'><em>rebus</em></span> <span class='ocrx_word' id='word_1_143' title='bbox 519 1370 594 1410; x_wconf 80' lang='lat' dir='ltr'><em>soepe</em></span> <span class='ocrx_word' id='word_1_144' title='bbox 617 1368 750 1408; x_wconf 86' lang='lat' dir='ltr'><em>diversa,</em></span> <span class='ocrx_word' id='word_1_145' title='bbox 774 1366 810 1402; x_wconf 62' lang='grc' dir='ltr'><em>ὃ*</em></span> <span class='ocrx_word' id='word_1_146' title='bbox 829 1366 946 1404; x_wconf 77' lang='lat' dir='ltr'><em>diverfis</em></span> <span class='ocrx_word' id='word_1_147' title='bbox 963 1368 1078 1405; x_wconf 81' lang='lat' dir='ltr'><em>eadem,</em></span> 
     </span>
     <span class='ocr_line' id='line_1_24' title="bbox 309 1408 1078 1453; baseline -0.008 -10"><span class='ocrx_word' id='word_1_148' title='bbox 309 1412 429 1444; x_wconf 82' lang='lat' dir='ltr'><em>nomina</em></span> <span class='ocrx_word' id='word_1_149' title='bbox 452 1421 486 1443; x_wconf 87' lang='lat' dir='ltr'><em>ac</em></span> <span class='ocrx_word' id='word_1_150' title='bbox 497 1411 570 1453; x_wconf 87' lang='lat' dir='ltr'><em>jura</em></span> <span class='ocrx_word' id='word_1_151' title='bbox 584 1411 734 1450; x_wconf 83' lang='lat' dir='ltr'><strong><em>imponere.</em></strong></span> <span class='ocrx_word' id='word_1_152' title='bbox 778 1409 840 1440; x_wconf 84' lang='lat' dir='ltr'><em>Cur</em></span> <span class='ocrx_word' id='word_1_153' title='bbox 863 1408 979 1440; x_wconf 82' lang='lat' dir='ltr'><em>Veteres</em></span> <span class='ocrx_word' id='word_1_154' title='bbox 988 1408 1078 1447; x_wconf 76' lang='lat' dir='ltr'><em>Juris</em></span> 
     </span>
     <span class='ocr_line' id='line_1_25' title="bbox 311 1447 1078 1491; baseline -0.005 -6"><span class='ocrx_word' id='word_1_155' title='bbox 311 1451 457 1486; x_wconf 71' lang='lat' dir='ltr'><em>Auctores</em></span> <span class='ocrx_word' id='word_1_156' title='bbox 473 1461 531 1483; x_wconf 90' lang='lat' dir='ltr'><em>non</em></span> <span class='ocrx_word' id='word_1_157' title='bbox 553 1459 587 1482; x_wconf 84' lang='lat' dir='ltr'><em>ut</em></span> <span class='ocrx_word' id='word_1_158' title='bbox 607 1451 730 1482; x_wconf 87' lang='lat' dir='ltr'><em>aliorum</em></span> <span class='ocrx_word' id='word_1_159' title='bbox 752 1450 945 1491; x_wconf 83' lang='lat' dir='ltr'><em>negotiorum,</em></span> <span class='ocrx_word' id='word_1_160' title='bbox 960 1447 1004 1487; x_wconf 88' lang='lat' dir='ltr'><em>fic</em></span> <span class='ocrx_word' id='word_1_161' title='bbox 1018 1448 1078 1481; x_wconf 90' lang='lat' dir='ltr'><em>foe-</em></span> 
     </span>
     <span class='ocr_line' id='line_1_26' title="bbox 310 1490 1078 1534; baseline -0.007 -8"><span class='ocrx_word' id='word_1_162' title='bbox 310 1494 419 1532; x_wconf 88' lang='lat' dir='ltr'><em>noris,</em></span> <span class='ocrx_word' id='word_1_163' title='bbox 446 1494 595 1534; x_wconf 87' lang='lat' dir='ltr'><em>proprium</em></span> <span class='ocrx_word' id='word_1_164' title='bbox 609 1490 738 1531; x_wconf 82' lang='lat' dir='ltr'><em>fecerim</em></span> <span class='ocrx_word' id='word_1_165' title='bbox 760 1490 957 1529; x_wconf 61' lang='lat' dir='ltr'><em>contraitum,</em></span> <span class='ocrx_word' id='word_1_166' title='bbox 987 1499 1078 1532; x_wconf 82' lang='lat' dir='ltr'><em>neque</em></span> 
     </span>
     <span class='ocr_line' id='line_1_27' title="bbox 307 1531 1078 1572; baseline -0.006 -5"><span class='ocrx_word' id='word_1_167' title='bbox 307 1535 360 1567; x_wconf 81' lang='lat' dir='ltr'><em>hoc</em></span> <span class='ocrx_word' id='word_1_168' title='bbox 373 1534 424 1571; x_wconf 84' lang='lat' dir='ltr'><em>sub</em></span> <span class='ocrx_word' id='word_1_169' title='bbox 440 1533 603 1565; x_wconf 88' lang='lat' dir='ltr'><em>locatione</em></span> <span class='ocrx_word' id='word_1_170' title='bbox 617 1531 654 1566; x_wconf 54' lang='grc' dir='ltr'><em>ὅ)</em></span> <span class='ocrx_word' id='word_1_171' title='bbox 670 1532 885 1564; x_wconf 63' lang='lat' dir='ltr'><em>conductione</em></span> <span class='ocrx_word' id='word_1_172' title='bbox 901 1533 1078 1572; x_wconf 87' lang='lat' dir='ltr'><em>comprehen-</em></span> 
     </span>
     <span class='ocr_line' id='line_1_28' title="bbox 312 1572 1081 1614; baseline -0.004 -7"><span class='ocrx_word' id='word_1_173' title='bbox 312 1577 417 1608; x_wconf 77' lang='lat' dir='ltr'><em>derint.</em></span> <span class='ocrx_word' id='word_1_174' title='bbox 443 1574 468 1606; x_wconf 89' lang='lat' dir='ltr'>F</span> <span class='ocrx_word' id='word_1_175' title='bbox 471 1583 562 1606; x_wconf 87' lang='lat' dir='ltr'><em>oenus</em></span> <span class='ocrx_word' id='word_1_176' title='bbox 580 1572 749 1614; x_wconf 87' lang='lat' dir='ltr'><em>usurasque</em></span> <span class='ocrx_word' id='word_1_177' title='bbox 767 1583 825 1605; x_wconf 85' lang='lat' dir='ltr'><em>non</em></span> <span class='ocrx_word' id='word_1_178' title='bbox 840 1580 956 1604; x_wconf 87' lang='lat' dir='ltr'><em>tantum</em></span> <span class='ocrx_word' id='word_1_179' title='bbox 972 1574 1003 1604; x_wconf 87' lang='lat' dir='ltr'><em>in</em></span> <span class='ocrx_word' id='word_1_180' title='bbox 1013 1582 1081 1604; x_wconf 78' lang='lat' dir='ltr'><em>cre-</em></span> 
     </span>
     <span class='ocr_line' id='line_1_29' title="bbox 310 1612 1082 1655; baseline -0.005 -6"><span class='ocrx_word' id='word_1_181' title='bbox 310 1618 397 1655; x_wconf 89' lang='lat' dir='ltr'><em>dita,</em></span> <span class='ocrx_word' id='word_1_182' title='bbox 426 1616 473 1653; x_wconf 77' lang='lat' dir='ltr'><em>sea&#39;</em></span> <span class='ocrx_word' id='word_1_183' title='bbox 499 1618 587 1648; x_wconf 89' lang='lat' dir='ltr'><em>etiam</em></span> <span class='ocrx_word' id='word_1_184' title='bbox 611 1615 644 1645; x_wconf 87' lang='lat' dir='ltr'><em>in</em></span> <span class='ocrx_word' id='word_1_185' title='bbox 669 1615 727 1646; x_wconf 80' lang='lat' dir='ltr'><em>alia</em></span> <span class='ocrx_word' id='word_1_186' title='bbox 746 1637 756 1653; x_wconf 94' lang='lat'><em>,</em></span> <span class='ocrx_word' id='word_1_187' title='bbox 794 1615 918 1646; x_wconf 88' lang='lat' dir='ltr'><em>materia</em></span> <span class='ocrx_word' id='word_1_188' title='bbox 948 1612 1082 1655; x_wconf 76' lang='lat' dir='ltr'><em>constitui</em></span> 
     </span>
     <span class='ocr_line' id='line_1_30' title="bbox 303 1655 1083 1700; baseline -0.003 -11"><span class='ocrx_word' id='word_1_189' title='bbox 303 1657 389 1700; x_wconf 85' lang='lat' dir='ltr'><em>poffe.</em></span> <span class='ocrx_word' id='word_1_190' title='bbox 415 1657 492 1689; x_wconf 88' lang='lat' dir='ltr'><em>Eam</em></span> <span class='ocrx_word' id='word_1_191' title='bbox 508 1657 601 1693; x_wconf 81' lang='lat' dir='ltr'><em>ufurae</em></span> <span class='ocrx_word' id='word_1_192' title='bbox 616 1657 806 1699; x_wconf 83' lang='lat' dir='ltr'><em>conditionem</em></span> <span class='ocrx_word' id='word_1_193' title='bbox 819 1655 891 1698; x_wconf 77' lang='lat' dir='ltr'><em>effe,</em></span> <span class='ocrx_word' id='word_1_194' title='bbox 913 1661 946 1688; x_wconf 89' lang='lat' dir='ltr'><em>ut</em></span> <span class='ocrx_word' id='word_1_195' title='bbox 959 1662 1013 1696; x_wconf 85' lang='lat' dir='ltr'><em>pro</em></span> <span class='ocrx_word' id='word_1_196' title='bbox 1029 1656 1083 1694; x_wconf 76' lang='lat' dir='ltr'><em>usu</em></span> 
     </span>
     <span class='ocr_line' id='line_1_31' title="bbox 305 1700 1085 1741; baseline -0.003 -11"><span class='ocrx_word' id='word_1_197' title='bbox 305 1700 395 1741; x_wconf 74' lang='lat' dir='ltr'><em>firtis</em></span> <span class='ocrx_word' id='word_1_198' title='bbox 411 1701 561 1741; x_wconf 78' lang='lat' dir='ltr'><em>exigatur.</em></span> <span class='ocrx_word' id='word_1_199' title='bbox 1024 1706 1085 1737; x_wconf 83' lang='lat'><em>150</em></span> 
     </span>
     <span class='ocr_line' id='line_1_32' title="bbox 314 1738 1081 1782; baseline -0.004 -10"><span class='ocrx_word' id='word_1_200' title='bbox 314 1740 462 1782; x_wconf 70' lang='lat' dir='ltr'><em>(Isaram,</em></span> <span class='ocrx_word' id='word_1_201' title='bbox 480 1739 509 1779; x_wconf 86' lang='lat' dir='ltr'><em>si</em></span> <span class='ocrx_word' id='word_1_202' title='bbox 530 1741 568 1772; x_wconf 88' lang='lat' dir='ltr'><em>ad</em></span> <span class='ocrx_word' id='word_1_203' title='bbox 581 1749 689 1772; x_wconf 91' lang='lat' dir='ltr'><em>moram</em></span> <span class='ocrx_word' id='word_1_204' title='bbox 714 1739 894 1771; x_wconf 76' lang='lat' dir='ltr'><em>coercendam</em></span> <span class='ocrx_word' id='word_1_205' title='bbox 915 1738 1081 1778; x_wconf 87' lang='lat' dir='ltr'><em>reseratur,</em></span> 
     </span>
     <span class='ocr_line' id='line_1_33' title="bbox 310 1779 1081 1824; baseline -0.005 -10"><span class='ocrx_word' id='word_1_206' title='bbox 310 1791 438 1824; x_wconf 88' lang='lat' dir='ltr'><em>poenarn</em></span> <span class='ocrx_word' id='word_1_207' title='bbox 465 1783 539 1814; x_wconf 84' lang='lat' dir='ltr'><em>dici:</em></span> <span class='ocrx_word' id='word_1_208' title='bbox 562 1779 592 1819; x_wconf 88' lang='lat' dir='ltr'><em>fi</em></span> <span class='ocrx_word' id='word_1_209' title='bbox 614 1783 651 1812; x_wconf 87' lang='lat' dir='ltr'><em>ad</em></span> <span class='ocrx_word' id='word_1_210' title='bbox 674 1782 774 1812; x_wconf 88' lang='lat' dir='ltr'><em>damni</em></span> <span class='ocrx_word' id='word_1_211' title='bbox 799 1790 827 1811; x_wconf 91' lang='lat' dir='ltr'><em>re</em></span> <span class='ocrx_word' id='word_1_212' title='bbox 849 1779 1081 1819; x_wconf 86' lang='lat' dir='ltr'><em>arationemspe·</em></span> 
     </span>
     <span class='ocr_line' id='line_1_34' title="bbox 308 1787 1083 1864; baseline -0.008 -8"><span class='ocrx_word' id='word_1_213' title='bbox 308 1824 364 1856; x_wconf 54' lang='lat' dir='ltr'><em>ciet</em></span> <span class='ocrx_word' id='word_1_214' title='bbox 374 1844 388 1862; x_wconf 92' lang='lat'><em>‚-</em></span> <span class='ocrx_word' id='word_1_215' title='bbox 402 1824 435 1856; x_wconf 91' lang='lat' dir='ltr'><em>id</em></span> <span class='ocrx_word' id='word_1_216' title='bbox 447 1824 534 1864; x_wconf 86' lang='lat' dir='ltr'><em>quod</em></span> <span class='ocrx_word' id='word_1_217' title='bbox 551 1821 679 1854; x_wconf 86' lang='lat' dir='ltr'><em>interest</em></span> <span class='ocrx_word' id='word_1_218' title='bbox 693 1823 786 1853; x_wconf 82' lang='lat' dir='ltr'><em>videri</em></span> <span class='ocrx_word' id='word_1_219' title='bbox 795 1832 803 1853; x_wconf 75' lang='grc' dir='ltr'><strong><em>ε</em></strong></span> <span class='ocrx_word' id='word_1_220' title='bbox 812 1787 846 1860; x_wconf 60' lang='grc' dir='ltr'><em>,ἔ</em></span> <span class='ocrx_word' id='word_1_221' title='bbox 854 1823 891 1852; x_wconf 85' lang='lat' dir='ltr'><em>ad</em></span> <span class='ocrx_word' id='word_1_222' title='bbox 905 1821 1083 1852; x_wconf 87' lang='lat' dir='ltr'><em>lucrumres-</em></span> 
     </span>
     <span class='ocr_line' id='line_1_35' title="bbox 306 1861 1081 1908; baseline -0.006 -12"><span class='ocrx_word' id='word_1_223' title='bbox 306 1867 402 1908; x_wconf 85' lang='lat' dir='ltr'><em>piciat</em></span> <span class='ocrx_word' id='word_1_224' title='bbox 417 1888 427 1903; x_wconf 86' lang='lat'><strong>‚</strong></span> <span class='ocrx_word' id='word_1_225' title='bbox 456 1865 550 1906; x_wconf 85' lang='lat' dir='ltr'><em>magis</em></span> <span class='ocrx_word' id='word_1_226' title='bbox 575 1863 715 1902; x_wconf 84' lang='lat' dir='ltr'><em>usuram,</em></span> <span class='ocrx_word' id='word_1_227' title='bbox 739 1862 776 1898; x_wconf 56' lang='grc' dir='ltr'><em>ὅ)</em></span> <span class='ocrx_word' id='word_1_228' title='bbox 790 1861 945 1902; x_wconf 82' lang='lat' dir='ltr'><em>vetustiore</em></span> <span class='ocrx_word' id='word_1_229' title='bbox 969 1863 1081 1892; x_wconf 85' lang='lat' dir='ltr'><em>nomine</em></span> 
     </span>
     <span class='ocr_line' id='line_1_36' title="bbox 311 1903 1080 1947; baseline -0.008 -8"><span class='ocrx_word' id='word_1_230' title='bbox 311 1906 421 1939; x_wconf 79' lang='lat' dir='ltr'><em>foenus</em></span> <span class='ocrx_word' id='word_1_231' title='bbox 430 1930 439 1945; x_wconf 86' lang='lat'><em>,</em></span> <span class='ocrx_word' id='word_1_232' title='bbox 453 1905 601 1947; x_wconf 87' lang='lat' dir='ltr'><em>appellari.</em></span> <span class='ocrx_word' id='word_1_233' title='bbox 614 1903 786 1943; x_wconf 85' lang='lat' dir='ltr'><em>Salmasium</em></span> <span class='ocrx_word' id='word_1_234' title='bbox 796 1906 962 1936; x_wconf 76' lang='lat' dir='ltr'><em>aveteribus</em></span> <span class='ocrx_word' id='word_1_235' title='bbox 973 1904 1080 1934; x_wconf 83' lang='lat' dir='ltr'><em>Gram-</em></span> 
     </span>
     <span class='ocr_line' id='line_1_37' title="bbox 311 1943 1082 1989; baseline -0.006 -9"><span class='ocrx_word' id='word_1_236' title='bbox 311 1949 426 1980; x_wconf 84' lang='lat' dir='ltr'><em>maticis</em></span> <span class='ocrx_word' id='word_1_237' title='bbox 447 1950 481 1979; x_wconf 83' lang='lat' dir='ltr'><em>de</em></span> <span class='ocrx_word' id='word_1_238' title='bbox 495 1948 605 1989; x_wconf 80' lang='lat' dir='ltr'><em>origine</em></span> <span class='ocrx_word' id='word_1_239' title='bbox 624 1946 661 1981; x_wconf 58' lang='grc' dir='ltr'><em>ὅ)</em></span> <span class='ocrx_word' id='word_1_240' title='bbox 683 1947 856 1986; x_wconf 76' lang='lat' dir='ltr'><em>proprietate</em></span> <span class='ocrx_word' id='word_1_241' title='bbox 872 1945 1005 1977; x_wconf 84' lang='lat' dir='ltr'><em>foenoris</em></span> <span class='ocrx_word' id='word_1_242' title='bbox 1017 1943 1082 1982; x_wconf 84' lang='lat' dir='ltr'><em>sine</em></span> 
     </span>
     <span class='ocr_line' id='line_1_38' title="bbox 312 1986 1083 2030; baseline -0.008 -9"><span class='ocrx_word' id='word_1_243' title='bbox 312 1990 400 2030; x_wconf 86' lang='lat' dir='ltr'><em>causa</em></span> <span class='ocrx_word' id='word_1_244' title='bbox 416 1989 569 2030; x_wconf 69' lang='lat' dir='ltr'><em>diffentire.</em></span> <span class='ocrx_word' id='word_1_245' title='bbox 594 1986 703 2020; x_wconf 87' lang='lat' dir='ltr'><em>foenus</em></span> <span class='ocrx_word' id='word_1_246' title='bbox 713 1986 786 2019; x_wconf 66' lang='lat' dir='ltr'><em>reste</em></span> <span class='ocrx_word' id='word_1_247' title='bbox 792 1994 844 2027; x_wconf 89' lang='lat' dir='ltr'><em>pro</em></span> <span class='ocrx_word' id='word_1_248' title='bbox 851 1987 947 2024; x_wconf 77' lang='lat' dir='ltr'><em>sorte.</em></span> <span class='ocrx_word' id='word_1_249' title='bbox 963 1987 1083 2026; x_wconf 81' lang='lat' dir='ltr'><em>sedpro-</em></span> 
     </span>
     <span class='ocr_line' id='line_1_39' title="bbox 307 2027 1083 2073; baseline -0.005 -12"><span class='ocrx_word' id='word_1_250' title='bbox 307 2033 373 2073; x_wconf 83' lang='lat' dir='ltr'><em>prie</em></span> <span class='ocrx_word' id='word_1_251' title='bbox 383 2039 436 2071; x_wconf 90' lang='lat' dir='ltr'><em>pro</em></span> <span class='ocrx_word' id='word_1_252' title='bbox 450 2029 547 2062; x_wconf 81' lang='lat' dir='ltr'><em>usuris</em></span> <span class='ocrx_word' id='word_1_253' title='bbox 559 2053 568 2067; x_wconf 86' lang='lat'>‚</span> <span class='ocrx_word' id='word_1_254' title='bbox 591 2030 692 2070; x_wconf 84' lang='lat' dir='ltr'><em>accipi.</em></span> <span class='ocrx_word' id='word_1_255' title='bbox 718 2028 834 2060; x_wconf 84' lang='lat' dir='ltr'><em>Nonius</em></span> <span class='ocrx_word' id='word_1_256' title='bbox 852 2027 1083 2068; x_wconf 51' lang='grc' dir='ltr'><em>πρώϊμα-,μὶ-</em></span> 
     </span>
     <span class='ocr_line' id='line_1_40' title="bbox 315 2068 1084 2110; baseline -0.008 -6"><span class='ocrx_word' id='word_1_257' title='bbox 315 2082 356 2104; x_wconf 86' lang='lat' dir='ltr'><em>va</em></span> <span class='ocrx_word' id='word_1_258' title='bbox 380 2080 471 2103; x_wconf 83' lang='lat' dir='ltr'><em>vetere</em></span> <span class='ocrx_word' id='word_1_259' title='bbox 490 2071 623 2110; x_wconf 72' lang='lat' dir='ltr'><em>lettz‘one,</em></span> <span class='ocrx_word' id='word_1_260' title='bbox 646 2070 784 2107; x_wconf 85' lang='lat' dir='ltr'><em>adversus</em></span> <span class='ocrx_word' id='word_1_261' title='bbox 809 2068 981 2107; x_wconf 85' lang='lat' dir='ltr'><em>Salmafium</em></span> <span class='ocrx_word' id='word_1_262' title='bbox 1014 2077 1084 2109; x_wconf 82' lang='lat' dir='ltr'><em>quo-</em></span> 
     </span>
     <span class='ocr_line' id='line_1_41' title="bbox 311 2108 1084 2152; baseline -0.008 -7"><span class='ocrx_word' id='word_1_263' title='bbox 311 2115 391 2146; x_wconf 83' lang='lat' dir='ltr'><em>modo</em></span> <span class='ocrx_word' id='word_1_264' title='bbox 410 2118 499 2151; x_wconf 80' lang='lat' dir='ltr'><em>ulura</em></span> <span class='ocrx_word' id='word_1_265' title='bbox 515 2124 532 2144; x_wconf 89' lang='lat' dir='ltr'><em>a</em></span> <span class='ocrx_word' id='word_1_266' title='bbox 550 2112 679 2144; x_wconf 81' lang='lat' dir='ltr'><em>foenore</em></span> <span class='ocrx_word' id='word_1_267' title='bbox 698 2110 916 2152; x_wconf 81' lang='lat' dir='ltr'><em>distinguatur,</em></span> <span class='ocrx_word' id='word_1_268' title='bbox 934 2108 1084 2150; x_wconf 73' lang='lat' dir='ltr'><em>postquam</em></span> 
     </span>
     <span class='ocr_line' id='line_1_42' title="bbox 316 2152 1084 2196; baseline -0.008 -10"><span class='ocrx_word' id='word_1_269' title='bbox 316 2157 349 2186; x_wconf 79' lang='lat' dir='ltr'><em>in</em></span> <span class='ocrx_word' id='word_1_270' title='bbox 371 2156 447 2186; x_wconf 83' lang='lat' dir='ltr'><em>bonae</em></span> <span class='ocrx_word' id='word_1_271' title='bbox 459 2154 531 2194; x_wconf 84' lang='lat' dir='ltr'><em>fidei</em></span> <span class='ocrx_word' id='word_1_272' title='bbox 544 2154 665 2196; x_wconf 86' lang='lat' dir='ltr'><em>judiciis</em></span> <span class='ocrx_word' id='word_1_273' title='bbox 682 2155 763 2193; x_wconf 84' lang='lat' dir='ltr'><em>coepit</em></span> <span class='ocrx_word' id='word_1_274' title='bbox 782 2163 820 2184; x_wconf 80' lang='lat' dir='ltr'><em>ex</em></span> <span class='ocrx_word' id='word_1_275' title='bbox 835 2162 915 2183; x_wconf 89' lang='lat' dir='ltr'><em>mora</em></span> <span class='ocrx_word' id='word_1_276' title='bbox 933 2152 1026 2181; x_wconf 85' lang='lat' dir='ltr'><em>deberi</em></span> <span class='ocrx_word' id='word_1_277' title='bbox 1043 2153 1084 2185; x_wconf 83' lang='lat' dir='ltr'><em>of-</em></span> 
     </span>
     <span class='ocr_line' id='line_1_43' title="bbox 309 2192 1085 2236; baseline -0.006 -9"><span class='ocrx_word' id='word_1_278' title='bbox 309 2195 380 2235; x_wconf 86' lang='lat' dir='ltr'><em>ficio</em></span> <span class='ocrx_word' id='word_1_279' title='bbox 395 2196 526 2236; x_wconf 82' lang='lat' dir='ltr'><em>Judicz&#39;s.</em></span> <span class='ocrx_word' id='word_1_280' title='bbox 562 2196 625 2226; x_wconf 84' lang='lat' dir='ltr'><em>Cur</em></span> <span class='ocrx_word' id='word_1_281' title='bbox 641 2196 672 2225; x_wconf 85' lang='lat' dir='ltr'><em>in</em></span> <span class='ocrx_word' id='word_1_282' title='bbox 691 2193 846 2225; x_wconf 70' lang='lat' dir='ltr'><em>Pandectis</em></span> <span class='ocrx_word' id='word_1_283' title='bbox 869 2192 905 2227; x_wconf 77' lang='lat'><em>&amp;²</em></span> <span class='ocrx_word' id='word_1_284' title='bbox 923 2192 1022 2223; x_wconf 78' lang='lat' dir='ltr'><em>Codice</em></span> <span class='ocrx_word' id='word_1_285' title='bbox 1040 2194 1085 2222; x_wconf 86' lang='lat' dir='ltr'><em>in-</em></span> 
     </span>
     <span class='ocr_line' id='line_1_44' title="bbox 304 2235 1085 2278; baseline -0.005 -10"><span class='ocrx_word' id='word_1_286' title='bbox 304 2238 454 2278; x_wconf 76' lang='lat' dir='ltr'><em>scribatur</em></span> <span class='ocrx_word' id='word_1_287' title='bbox 473 2236 587 2267; x_wconf 83' lang='lat' dir='ltr'><em>Titulus</em></span> <span class='ocrx_word' id='word_1_288' title='bbox 606 2235 653 2266; x_wconf 93' lang='lat' dir='ltr'><em>De</em></span> <span class='ocrx_word' id='word_1_289' title='bbox 677 2235 806 2266; x_wconf 86' lang='lat' dir='ltr'><em>nautico</em></span> <span class='ocrx_word' id='word_1_290' title='bbox 823 2235 952 2266; x_wconf 82' lang='lat' dir='ltr'><em>foenore</em></span> <span class='ocrx_word' id='word_1_291' title='bbox 965 2236 1085 2275; x_wconf 83' lang='lat' dir='ltr'><em>potius,</em></span> 
     </span>
     <span class='ocr_line' id='line_1_45' title="bbox 317 2276 1082 2320; baseline -0.001 -11"><span class='ocrx_word' id='word_1_292' title='bbox 317 2288 405 2320; x_wconf 84' lang='lat' dir='ltr'><em>quam</em></span> <span class='ocrx_word' id='word_1_293' title='bbox 424 2277 469 2309; x_wconf 90' lang='lat' dir='ltr'><em>De</em></span> <span class='ocrx_word' id='word_1_294' title='bbox 485 2277 618 2309; x_wconf 87' lang='lat' dir='ltr'><em>nauticis</em></span> <span class='ocrx_word' id='word_1_295' title='bbox 636 2276 744 2307; x_wconf 82' lang='lat' dir='ltr'><em>usuris.</em></span> <span class='ocrx_word' id='word_1_296' title='bbox 1026 2284 1082 2316; x_wconf 80' lang='lat'><em>153</em></span> 
     </span>
     <span class='ocr_line' id='line_1_46' title="bbox 236 2315 1082 2359; baseline -0.008 -7"><span class='ocrx_word' id='word_1_297' title='bbox 236 2319 294 2352; x_wconf 80' lang='lat' dir='ltr'>lv.</span> <span class='ocrx_word' id='word_1_298' title='bbox 319 2319 356 2352; x_wconf 93' lang='lat' dir='ltr'><em>ln</em></span> <span class='ocrx_word' id='word_1_299' title='bbox 372 2319 465 2359; x_wconf 83' lang='lat' dir='ltr'><em>usurae</em></span> <span class='ocrx_word' id='word_1_300' title='bbox 475 2319 653 2357; x_wconf 82' lang='lat' dir='ltr'><em>autfoenoris</em></span> <span class='ocrx_word' id='word_1_301' title='bbox 672 2318 722 2353; x_wconf 81' lang='lat' dir='ltr'><em>usu</em></span> <span class='ocrx_word' id='word_1_302' title='bbox 732 2317 783 2359; x_wconf 87' lang='lat' dir='ltr'><em>qui</em></span> <span class='ocrx_word' id='word_1_303' title='bbox 794 2317 908 2358; x_wconf 84' lang='lat' dir='ltr'><em>quidem</em></span> <span class='ocrx_word' id='word_1_304' title='bbox 924 2326 1011 2348; x_wconf 86' lang='lat' dir='ltr'><em>verus</em></span> <span class='ocrx_word' id='word_1_305' title='bbox 1021 2315 1082 2354; x_wconf 82' lang='lat' dir='ltr'><em>sit,</em></span> 
     </span>
     <span class='ocr_line' id='line_1_47' title="bbox 316 2358 1083 2401; baseline -0.005 -9"><span class='ocrx_word' id='word_1_306' title='bbox 316 2361 390 2392; x_wconf 84' lang='lat' dir='ltr'><em>nihil</em></span> <span class='ocrx_word' id='word_1_307' title='bbox 415 2360 466 2400; x_wconf 88' lang='lat' dir='ltr'><em>effe</em></span> <span class='ocrx_word' id='word_1_308' title='bbox 481 2361 555 2401; x_wconf 85' lang='lat' dir='ltr'><em>quod</em></span> <span class='ocrx_word' id='word_1_309' title='bbox 578 2370 596 2391; x_wconf 89' lang='lat' dir='ltr'><em>a</em></span> <span class='ocrx_word' id='word_1_310' title='bbox 613 2361 677 2389; x_wconf 85' lang='lat' dir='ltr'><em>viro</em></span> <span class='ocrx_word' id='word_1_311' title='bbox 695 2361 763 2390; x_wconf 83' lang='lat' dir='ltr'><em>bono</em></span> <span class='ocrx_word' id='word_1_312' title='bbox 779 2358 815 2393; x_wconf 70' lang='lat'><em>&amp;²</em></span> <span class='ocrx_word' id='word_1_313' title='bbox 831 2359 960 2399; x_wconf 79' lang='lat' dir='ltr'><em>sapiente</em></span> <span class='ocrx_word' id='word_1_314' title='bbox 979 2359 1083 2398; x_wconf 86' lang='lat' dir='ltr'><em>impro-</em></span> 
     </span>
     <span class='ocr_line' id='line_1_48' title="bbox 316 2398 1083 2439; baseline -0.005 -6"><span class='ocrx_word' id='word_1_315' title='bbox 316 2404 407 2434; x_wconf 78' lang='lat' dir='ltr'><em>betur.</em></span> <span class='ocrx_word' id='word_1_316' title='bbox 426 2401 581 2433; x_wconf 82' lang='lat' dir='ltr'><em>Contraria</em></span> <span class='ocrx_word' id='word_1_317' title='bbox 599 2400 734 2435; x_wconf 76' lang='lat' dir='ltr'><em>Catonis.</em></span> <span class='ocrx_word' id='word_1_318' title='bbox 753 2398 914 2439; x_wconf 80' lang='lat' dir='ltr'><em>Aristotelis</em></span> <span class='ocrx_word' id='word_1_319' title='bbox 926 2423 935 2437; x_wconf 94' lang='lat'><em>,</em></span> <span class='ocrx_word' id='word_1_320' title='bbox 953 2399 1083 2438; x_wconf 80' lang='lat' dir='ltr'><em>Senecae,</em></span> 
     </span>
     <span class='ocr_line' id='line_1_49' title="bbox 311 2437 1084 2482; baseline -0.006 -7"><span class='ocrx_word' id='word_1_321' title='bbox 311 2443 485 2480; x_wconf 67' lang='lat' dir='ltr'><em>Laetamur,</em></span> <span class='ocrx_word' id='word_1_322' title='bbox 517 2439 676 2480; x_wconf 83' lang='lat' dir='ltr'><em>Ambrosii,</em></span> <span class='ocrx_word' id='word_1_323' title='bbox 700 2439 890 2482; x_wconf 73' lang='lat' dir='ltr'><em>&#39;‘Augustini‚</em></span> <span class='ocrx_word' id='word_1_324' title='bbox 922 2437 1084 2482; x_wconf 76' lang='lat' dir='ltr'><em>Chrysosto-</em></span> 
     </span>
     <span class='ocr_line' id='line_1_50' title="bbox 314 2482 1086 2524; baseline -0.005 -8"><span class='ocrx_word' id='word_1_325' title='bbox 314 2487 374 2522; x_wconf 87' lang='lat' dir='ltr'><em>mi,</em></span> <span class='ocrx_word' id='word_1_326' title='bbox 398 2484 434 2519; x_wconf 60' lang='grc' dir='ltr'><em>ὅ)</em></span> <span class='ocrx_word' id='word_1_327' title='bbox 453 2484 614 2516; x_wconf 74' lang='grc' dir='ltr'><em>Λιιὲἶοηιτη</em></span> <span class='ocrx_word' id='word_1_328' title='bbox 632 2483 880 2524; x_wconf 86' lang='lat' dir='ltr'><em>Interpretumque</em></span> <span class='ocrx_word' id='word_1_329' title='bbox 890 2482 969 2524; x_wconf 85' lang='lat' dir='ltr'><em>juris</em></span> <span class='ocrx_word' id='word_1_330' title='bbox 993 2482 1086 2513; x_wconf 89' lang='lat' dir='ltr'><em>Cano-</em></span> 
     </span>
     <span class='ocr_line' id='line_1_51' title="bbox 314 2526 1086 2564; baseline -0.004 -8"><span class='ocrx_word' id='word_1_331' title='bbox 314 2527 394 2564; x_wconf 86' lang='lat' dir='ltr'><em>nici,</em></span> <span class='ocrx_word' id='word_1_332' title='bbox 413 2526 567 2564; x_wconf 86' lang='lat' dir='ltr'><em>sententia.</em></span> <span class='ocrx_word' id='word_1_333' title='bbox 1030 2531 1086 2563; x_wconf 80' lang='lat'><em>155</em></span> 
     </span>
    </p>

    <p class='ocr_par' dir='ltr' id='par_1_6' title="bbox 248 2565 1087 3017">
     <span class='ocr_line' id='line_1_52' title="bbox 248 2565 1087 2607; baseline -0.005 -9"><span class='ocrx_word' id='word_1_334' title='bbox 248 2565 288 2599; x_wconf 91' lang='lat' dir='ltr'><em>V.</em></span> <span class='ocrx_word' id='word_1_335' title='bbox 312 2567 458 2598; x_wconf 84' lang='lat' dir='ltr'><em>Summam</em></span> <span class='ocrx_word' id='word_1_336' title='bbox 475 2566 525 2607; x_wconf 89' lang='lat' dir='ltr'><em>effe</em></span> <span class='ocrx_word' id='word_1_337' title='bbox 540 2567 678 2597; x_wconf 87' lang='lat' dir='ltr'><em>rationem</em></span> <span class='ocrx_word' id='word_1_338' title='bbox 694 2565 788 2605; x_wconf 82' lang='lat' dir='ltr'><em>usurae</em></span> <span class='ocrx_word' id='word_1_339' title='bbox 805 2574 866 2606; x_wconf 83' lang='lat' dir='ltr'><em>quoe</em></span> <span class='ocrx_word' id='word_1_340' title='bbox 880 2573 916 2595; x_wconf 88' lang='lat' dir='ltr'><em>ex</em></span> <span class='ocrx_word' id='word_1_341' title='bbox 933 2574 1009 2595; x_wconf 81' lang='lat' dir='ltr'><em>mora</em></span> <span class='ocrx_word' id='word_1_342' title='bbox 1015 2572 1087 2604; x_wconf 81' lang='lat' dir='ltr'><em>prce-</em></span> 
     </span>
     <span class='ocr_line' id='line_1_53' title="bbox 306 2604 1086 2649; baseline -0.005 -10"><span class='ocrx_word' id='word_1_343' title='bbox 306 2606 428 2649; x_wconf 80' lang='lat' dir='ltr'><em>fiatur,</em></span> <span class='ocrx_word' id='word_1_344' title='bbox 443 2607 508 2646; x_wconf 81' lang='lat' dir='ltr'><em>sive</em></span> <span class='ocrx_word' id='word_1_345' title='bbox 532 2609 569 2639; x_wconf 84' lang='lat' dir='ltr'><em>ad</em></span> <span class='ocrx_word' id='word_1_346' title='bbox 594 2608 694 2638; x_wconf 84' lang='lat' dir='ltr'><em>damni</em></span> <span class='ocrx_word' id='word_1_347' title='bbox 718 2608 941 2647; x_wconf 80' lang='lat' dir='ltr'><em>reparationem,</em></span> <span class='ocrx_word' id='word_1_348' title='bbox 956 2604 1021 2643; x_wconf 83' lang='lat' dir='ltr'><em>five</em></span> <span class='ocrx_word' id='word_1_349' title='bbox 1035 2612 1086 2644; x_wconf 75' lang='lat' dir='ltr'><em>pro</em></span> 
     </span>
     <span class='ocr_line' id='line_1_54' title="bbox 314 2646 1086 2690; baseline -0.005 -10"><span class='ocrx_word' id='word_1_350' title='bbox 314 2656 411 2690; x_wconf 84' lang='lat' dir='ltr'><em>poena.</em></span> <span class='ocrx_word' id='word_1_351' title='bbox 443 2658 506 2680; x_wconf 86' lang='lat' dir='ltr'><em>eam</em></span> <span class='ocrx_word' id='word_1_352' title='bbox 528 2650 668 2688; x_wconf 87' lang='lat' dir='ltr'><em>usuram,</em></span> <span class='ocrx_word' id='word_1_353' title='bbox 700 2648 789 2679; x_wconf 87' lang='lat' dir='ltr'><em>libera</em></span> <span class='ocrx_word' id='word_1_354' title='bbox 814 2647 959 2688; x_wconf 81' lang='lat' dir='ltr'><em>republica</em></span> <span class='ocrx_word' id='word_1_355' title='bbox 978 2670 987 2685; x_wconf 91' lang='lat'><strong>‚</strong></span> <span class='ocrx_word' id='word_1_356' title='bbox 1021 2646 1086 2684; x_wconf 84' lang='lat' dir='ltr'><em>fine</em></span> 
     </span>
     <span class='ocr_line' id='line_1_55' title="bbox 311 2688 1084 2732; baseline -0.003 -12"><span class='ocrx_word' id='word_1_357' title='bbox 311 2688 501 2732; x_wconf 85' lang='lat' dir='ltr'><em>stipulatione</em></span> <span class='ocrx_word' id='word_1_358' title='bbox 512 2700 567 2720; x_wconf 89' lang='lat' dir='ltr'><em>non</em></span> <span class='ocrx_word' id='word_1_359' title='bbox 581 2689 668 2730; x_wconf 81' lang='lat' dir='ltr'><em>fuiffe</em></span> <span class='ocrx_word' id='word_1_360' title='bbox 685 2691 826 2728; x_wconf 85' lang='lat' dir='ltr'><em>debitam,</em></span> <span class='ocrx_word' id='word_1_361' title='bbox 847 2698 881 2719; x_wconf 91' lang='lat' dir='ltr'><em>ne</em></span> <span class='ocrx_word' id='word_1_362' title='bbox 890 2689 921 2719; x_wconf 84' lang='lat' dir='ltr'><em>in</em></span> <span class='ocrx_word' id='word_1_363' title='bbox 936 2689 1084 2729; x_wconf 84' lang='lat' dir='ltr'><em>bonaequi-</em></span> 
     </span>
     <span class='ocr_line' id='line_1_56' title="bbox 313 2729 1085 2771; baseline -0.001 -10"><span class='ocrx_word' id='word_1_364' title='bbox 313 2732 376 2762; x_wconf 82' lang='lat' dir='ltr'><em>dem</em></span> <span class='ocrx_word' id='word_1_365' title='bbox 386 2731 458 2770; x_wconf 85' lang='lat' dir='ltr'><em>fidei</em></span> <span class='ocrx_word' id='word_1_366' title='bbox 463 2731 593 2771; x_wconf 83' lang='lat' dir='ltr'><em>judiciis.</em></span> <span class='ocrx_word' id='word_1_367' title='bbox 617 2736 730 2762; x_wconf 85' lang='lat' dir='ltr'><em>mutata</em></span> <span class='ocrx_word' id='word_1_368' title='bbox 744 2730 904 2771; x_wconf 80' lang='lat' dir='ltr'><em>republica,</em></span> <span class='ocrx_word' id='word_1_369' title='bbox 924 2729 1085 2760; x_wconf 85' lang='lat' dir='ltr'><em>Labeonem</em></span> 
     </span>
     <span class='ocr_line' id='line_1_57' title="bbox 315 2770 1084 2814; baseline -0.005 -10"><span class='ocrx_word' id='word_1_370' title='bbox 315 2773 427 2814; x_wconf 84' lang='lat' dir='ltr'><em>aliquid</em></span> <span class='ocrx_word' id='word_1_371' title='bbox 451 2771 566 2811; x_wconf 84' lang='lat' dir='ltr'><em>tentaffe</em></span> <span class='ocrx_word' id='word_1_372' title='bbox 591 2773 785 2810; x_wconf 75' lang='lat' dir='ltr'><em>insacietate‚</em></span> <span class='ocrx_word' id='word_1_373' title='bbox 808 2781 866 2802; x_wconf 89' lang='lat' dir='ltr'><em>non</em></span> <span class='ocrx_word' id='word_1_374' title='bbox 890 2770 1013 2808; x_wconf 70' lang='lat' dir='ltr'><em>directo,</em></span> <span class='ocrx_word' id='word_1_375' title='bbox 1034 2770 1084 2809; x_wconf 83' lang='lat' dir='ltr'><em>sed</em></span> 
     </span>
     <span class='ocr_line' id='line_1_58' title="bbox 309 2810 1084 2856; baseline -0.004 -11"><span class='ocrx_word' id='word_1_376' title='bbox 309 2816 370 2856; x_wconf 86' lang='lat' dir='ltr'><em>sub</em></span> <span class='ocrx_word' id='word_1_377' title='bbox 385 2812 472 2843; x_wconf 90' lang='lat' dir='ltr'><em>colore</em></span> <span class='ocrx_word' id='word_1_378' title='bbox 488 2814 549 2853; x_wconf 88' lang='lat' dir='ltr'><em>ejus</em></span> <span class='ocrx_word' id='word_1_379' title='bbox 564 2814 638 2853; x_wconf 83' lang='lat' dir='ltr'><em>qaod</em></span> <span class='ocrx_word' id='word_1_380' title='bbox 661 2810 793 2853; x_wconf 82' lang='lat' dir='ltr'><em>interest:</em></span> <span class='ocrx_word' id='word_1_381' title='bbox 828 2811 940 2843; x_wconf 80' lang='lat' dir='ltr'><em>Deinde</em></span> <span class='ocrx_word' id='word_1_382' title='bbox 967 2812 1084 2842; x_wconf 82' lang='lat' dir='ltr'><em>Princi-</em></span> 
     </span>
     <span class='ocr_line' id='line_1_59' title="bbox 310 2852 1085 2897; baseline -0.004 -11"><span class='ocrx_word' id='word_1_383' title='bbox 310 2862 362 2897; x_wconf 86' lang='lat' dir='ltr'><em>pes</em></span> <span class='ocrx_word' id='word_1_384' title='bbox 378 2854 481 2894; x_wconf 88' lang='lat' dir='ltr'><em>usuras</em></span> <span class='ocrx_word' id='word_1_385' title='bbox 497 2862 532 2884; x_wconf 88' lang='lat' dir='ltr'><em>ex</em></span> <span class='ocrx_word' id='word_1_386' title='bbox 550 2863 626 2884; x_wconf 89' lang='lat' dir='ltr'><em>mora</em></span> <span class='ocrx_word' id='word_1_387' title='bbox 647 2853 764 2892; x_wconf 82' lang='lat' dir='ltr'><em>Judicis</em></span> <span class='ocrx_word' id='word_1_388' title='bbox 781 2852 871 2894; x_wconf 88' lang='lat' dir='ltr'><em>officio</em></span> <span class='ocrx_word' id='word_1_389' title='bbox 884 2852 1038 2894; x_wconf 73' lang='lat' dir='ltr'><em>permisiffe</em></span> <span class='ocrx_word' id='word_1_390' title='bbox 1053 2854 1085 2883; x_wconf 88' lang='lat' dir='ltr'><em>in</em></span> 
     </span>
     <span class='ocr_line' id='line_1_60' title="bbox 317 2894 1087 2934; baseline -0.003 -7"><span class='ocrx_word' id='word_1_391' title='bbox 317 2897 448 2928; x_wconf 81' lang='lat' dir='ltr'><em>omnibus</em></span> <span class='ocrx_word' id='word_1_392' title='bbox 472 2896 547 2925; x_wconf 86' lang='lat' dir='ltr'><em>bonae</em></span> <span class='ocrx_word' id='word_1_393' title='bbox 567 2894 638 2932; x_wconf 85' lang='lat' dir='ltr'><em>fidei</em></span> <span class='ocrx_word' id='word_1_394' title='bbox 661 2894 791 2934; x_wconf 84' lang='lat' dir='ltr'><em>judiciis.</em></span> <span class='ocrx_word' id='word_1_395' title='bbox 823 2904 913 2925; x_wconf 85' lang='lat' dir='ltr'><em>verus</em></span> <span class='ocrx_word' id='word_1_396' title='bbox 938 2895 1087 2934; x_wconf 77' lang='lat' dir='ltr'><em>Pomponii</em></span> 
     </span>
     <span class='ocr_line' id='line_1_61' title="bbox 307 2934 1087 2979; baseline -0.003 -11"><span class='ocrx_word' id='word_1_397' title='bbox 307 2937 410 2979; x_wconf 80' lang='lat' dir='ltr'><em>sensus</em></span> <span class='ocrx_word' id='word_1_398' title='bbox 429 2937 448 2967; x_wconf 89' lang='lat' dir='ltr'><em>l.</em></span> <span class='ocrx_word' id='word_1_399' title='bbox 478 2939 529 2967; x_wconf 88' lang='lat'><em>60.</em></span> <span class='ocrx_word' id='word_1_400' title='bbox 557 2934 595 2966; x_wconf 87' lang='lat' dir='ltr'><em>D.</em></span> <span class='ocrx_word' id='word_1_401' title='bbox 621 2934 679 2966; x_wconf 81' lang='lat' dir='ltr'><em>Pro</em></span> <span class='ocrx_word' id='word_1_402' title='bbox 697 2935 792 2975; x_wconf 86' lang='lat' dir='ltr'><em>socio,</em></span> <span class='ocrx_word' id='word_1_403' title='bbox 821 2937 857 2966; x_wconf 92' lang='lat' dir='ltr'><em>ab</em></span> <span class='ocrx_word' id='word_1_404' title='bbox 873 2935 939 2966; x_wconf 83' lang='lat' dir='ltr'><em>aliis</em></span> <span class='ocrx_word' id='word_1_405' title='bbox 959 2936 1087 2967; x_wconf 86' lang='lat' dir='ltr'><em>nondum</em></span> 
     </span>
     <span class='ocr_line' id='line_1_62' title="bbox 320 2979 1087 3017; baseline -0.003 -7"><span class='ocrx_word' id='word_1_406' title='bbox 320 2979 547 3013; x_wconf 76' lang='lat' dir='ltr'><em>animadversus.</em></span> <span class='ocrx_word' id='word_1_407' title='bbox 1017 2980 1087 3017; x_wconf 83' lang='lat'>156.</span> 
     </span>
    </p>

    <p class='ocr_par' dir='ltr' id='par_1_7' title="bbox 236 3016 1088 3181">
     <span class='ocr_line' id='line_1_63' title="bbox 236 3016 1088 3060; baseline -0.009 -9"><span class='ocrx_word' id='word_1_408' title='bbox 236 3020 292 3053; x_wconf 84' lang='lat' dir='ltr'><em>VI.</em></span> <span class='ocrx_word' id='word_1_409' title='bbox 317 3020 390 3053; x_wconf 88' lang='lat' dir='ltr'><em>Non</em></span> <span class='ocrx_word' id='word_1_410' title='bbox 406 3018 456 3060; x_wconf 82' lang='lat' dir='ltr'><em>effe</em></span> <span class='ocrx_word' id='word_1_411' title='bbox 471 3018 606 3056; x_wconf 86' lang='lat' dir='ltr'><em>causam,</em></span> <span class='ocrx_word' id='word_1_412' title='bbox 629 3025 681 3046; x_wconf 86' lang='lat' dir='ltr'><em>cur</em></span> <span class='ocrx_word' id='word_1_413' title='bbox 698 3016 850 3047; x_wconf 85' lang='lat' dir='ltr'><em>damnetur</em></span> <span class='ocrx_word' id='word_1_414' title='bbox 855 3018 982 3057; x_wconf 70' lang='lat' dir='ltr'><em>pecunia</em></span> <span class='ocrx_word' id='word_1_415' title='bbox 997 3018 1088 3048; x_wconf 84' lang='lat' dir='ltr'><em>incre.</em></span> 
     </span>
     <span class='ocr_line' id='line_1_64' title="bbox 317 3057 1087 3101; baseline -0.006 -9"><span class='ocrx_word' id='word_1_416' title='bbox 317 3067 446 3093; x_wconf 84' lang='lat' dir='ltr'><em>mentum</em></span> <span class='ocrx_word' id='word_1_417' title='bbox 468 3060 542 3101; x_wconf 81' lang='lat' dir='ltr'><em>quod</em></span> <span class='ocrx_word' id='word_1_418' title='bbox 566 3059 604 3089; x_wconf 84' lang='lat' dir='ltr'><em>ad</em></span> <span class='ocrx_word' id='word_1_419' title='bbox 628 3057 743 3088; x_wconf 84' lang='lat' dir='ltr'><em>lucrum</em></span> <span class='ocrx_word' id='word_1_420' title='bbox 762 3057 889 3097; x_wconf 55' lang='lat' dir='ltr'><em>speetu,</em></span> <span class='ocrx_word' id='word_1_421' title='bbox 915 3058 950 3091; x_wconf 69' lang='lat'><em>{5⁹</em></span> <span class='ocrx_word' id='word_1_422' title='bbox 974 3061 1087 3098; x_wconf 70' lang='lat' dir='ltr'><em>proprie</em></span> 
     </span>
     <span class='ocr_line' id='line_1_65' title="bbox 319 3097 1087 3138; baseline -0.003 -5"><span class='ocrx_word' id='word_1_423' title='bbox 319 3102 409 3133; x_wconf 79' lang='lat' dir='ltr'><em>usura</em></span> <span class='ocrx_word' id='word_1_424' title='bbox 424 3100 592 3132; x_wconf 85' lang='lat' dir='ltr'><em>antfoenus</em></span> <span class='ocrx_word' id='word_1_425' title='bbox 606 3109 622 3128; x_wconf 89' lang='lat' dir='ltr'><em>a</em></span> <span class='ocrx_word' id='word_1_426' title='bbox 642 3097 777 3138; x_wconf 84' lang='lat' dir='ltr'><em>pellatur.</em></span> <span class='ocrx_word' id='word_1_427' title='bbox 804 3100 970 3129; x_wconf 84' lang='lat' dir='ltr'><em>creditorem</em></span> <span class='ocrx_word' id='word_1_428' title='bbox 987 3102 1017 3131; x_wconf 87' lang='lat' dir='ltr'><em>in</em></span> <span class='ocrx_word' id='word_1_429' title='bbox 1027 3100 1087 3131; x_wconf 77' lang='lat' dir='ltr'><em>foe-</em></span> 
     </span>
     <span class='ocr_line' id='line_1_66' title="bbox 316 3137 1086 3181; baseline -0.004 -7"><span class='ocrx_word' id='word_1_430' title='bbox 316 3153 395 3175; x_wconf 80' lang='lat' dir='ltr'><em>nore</em></span> <span class='ocrx_word' id='word_1_431' title='bbox 413 3142 601 3181; x_wconf 83' lang='lat' dir='ltr'><em>utilitatisuoe</em></span> <span class='ocrx_word' id='word_1_432' title='bbox 641 3142 723 3170; x_wconf 87' lang='lat' dir='ltr'><em>udere</em></span> <span class='ocrx_word' id='word_1_433' title='bbox 732 3137 798 3176; x_wconf 89' lang='lat' dir='ltr'><em>fine</em></span> <span class='ocrx_word' id='word_1_434' title='bbox 813 3140 944 3169; x_wconf 86' lang='lat' dir='ltr'><em>debitoris</em></span> <span class='ocrx_word' id='word_1_435' title='bbox 954 3141 1086 3180; x_wconf 83' lang='lat' dir='ltr'><em>injuria;</em></span> 
     </span>
    </p>

    <p class='ocr_par' dir='ltr' id='par_1_8' title="bbox 318 3178 1091 3219">
     <span class='ocr_line' id='line_1_67' title="bbox 318 3178 1091 3219; baseline -0.009 0"><span class='ocrx_word' id='word_1_436' title='bbox 318 3184 354 3219; x_wconf 54' lang='grc' dir='ltr'>ὃ</span> <span class='ocrx_word' id='word_1_437' title='bbox 380 3185 430 3217; x_wconf 87' lang='lat' dir='ltr'><em>hoc</em></span> <span class='ocrx_word' id='word_1_438' title='bbox 453 3185 480 3215; x_wconf 85' lang='lat' dir='ltr'><em>ei</em></span> <span class='ocrx_word' id='word_1_439' title='bbox 500 3182 671 3216; x_wconf 77' lang='lat' dir='ltr'><em>naturaliter</em></span> <span class='ocrx_word' id='word_1_440' title='bbox 692 3180 784 3213; x_wconf 84' lang='lat' dir='ltr'><em>licere.</em></span> <span class='ocrx_word' id='word_1_441' title='bbox 820 3178 930 3212; x_wconf 88' lang='lat' dir='ltr'><em>foenus</em></span> <span class='ocrx_word' id='word_1_442' title='bbox 961 3181 1091 3214; x_wconf 69' lang='lat' dir='ltr'><em>humana</em></span> 
     </span>
    </p>
   </div>
   <div class='ocr_carea' id='block_1_6' title="bbox 221 1738 287 1774">
    <p class='ocr_par' dir='ltr' id='par_1_9' title="bbox 221 1738 287 1774">
     <span class='ocr_line' id='line_1_68' title="bbox 221 1738 287 1774; baseline 0.015 -1"><span class='ocrx_word' id='word_1_443' title='bbox 221 1738 287 1774; x_wconf 70' lang='grc' dir='ltr'>ἸΙΙ-</span> 
     </span>
    </p>
   </div>
   <div class='ocr_carea' id='block_1_7' title="bbox 1221 621 2042 747">
    <p class='ocr_par' dir='ltr' id='par_1_10' title="bbox 1221 621 2042 747">
     <span class='ocr_line' id='line_1_69' title="bbox 1224 621 2040 664; baseline 0.005 -12"><span class='ocrx_word' id='word_1_444' title='bbox 1224 621 1419 662; x_wconf 71' lang='lat' dir='ltr'><em>conjunctioni</em></span> <span class='ocrx_word' id='word_1_445' title='bbox 1432 632 1491 654; x_wconf 91' lang='lat' dir='ltr'><em>non</em></span> <span class='ocrx_word' id='word_1_446' title='bbox 1505 623 1673 664; x_wconf 87' lang='lat' dir='ltr'><em>adversari,</em></span> <span class='ocrx_word' id='word_1_447' title='bbox 1689 624 1743 664; x_wconf 85' lang='lat' dir='ltr'><em>sed</em></span> <span class='ocrx_word' id='word_1_448' title='bbox 1758 625 1919 656; x_wconf 76' lang='lat' dir='ltr'><em>convenire.</em></span> <span class='ocrx_word' id='word_1_449' title='bbox 1943 632 1989 656; x_wconf 67' lang='lat' dir='ltr'><em>ne·-</em></span> <span class='ocrx_word' id='word_1_450' title='bbox 2039 649 2040 653; x_wconf 60' lang='lat'>,</span> 
     </span>
     <span class='ocr_line' id='line_1_70' title="bbox 1224 662 2042 708; baseline 0.004 -14"><span class='ocrx_word' id='word_1_451' title='bbox 1224 663 1349 704; x_wconf 86' lang='lat' dir='ltr'><em>ceffariis</em></span> <span class='ocrx_word' id='word_1_452' title='bbox 1364 673 1400 695; x_wconf 87' lang='lat' dir='ltr'><em>ex</em></span> <span class='ocrx_word' id='word_1_453' title='bbox 1417 662 1506 705; x_wconf 85' lang='lat' dir='ltr'><em>officio</em></span> <span class='ocrx_word' id='word_1_454' title='bbox 1518 667 1583 695; x_wconf 88' lang='lat' dir='ltr'><em>dari</em></span> <span class='ocrx_word' id='word_1_455' title='bbox 1601 675 1661 706; x_wconf 68' lang='lat' dir='ltr'><em>quas</em></span> <span class='ocrx_word' id='word_1_456' title='bbox 1684 676 1741 696; x_wconf 86' lang='lat' dir='ltr'><em>non</em></span> <span class='ocrx_word' id='word_1_457' title='bbox 1767 673 1866 708; x_wconf 81' lang='lat' dir='ltr'><em>utique</em></span> <span class='ocrx_word' id='word_1_458' title='bbox 1888 667 1990 697; x_wconf 84' lang='lat' dir='ltr'><em>dentur</em></span> <span class='ocrx_word' id='word_1_459' title='bbox 2040 675 2042 687; x_wconf 70' lang='lat'>²</span> 
     </span>
     <span class='ocr_line' id='line_1_71' title="bbox 1221 705 2042 747; baseline 0.004 -12"><span class='ocrx_word' id='word_1_460' title='bbox 1221 706 1324 746; x_wconf 83' lang='lat' dir='ltr'><em>quibus</em></span> <span class='ocrx_word' id='word_1_461' title='bbox 1353 705 1434 735; x_wconf 85' lang='lat' dir='ltr'><em>nulla</em></span> <span class='ocrx_word' id='word_1_462' title='bbox 1463 707 1585 737; x_wconf 87' lang='lat' dir='ltr'><em>tenearis</em></span> <span class='ocrx_word' id='word_1_463' title='bbox 1610 705 1816 747; x_wconf 83' lang='lat' dir='ltr'><em>neceffitudine.</em></span> <span class='ocrx_word' id='word_1_464' title='bbox 1843 707 1879 741; x_wconf 60' lang='grc' dir='ltr'><em>δ’·</em></span> <span class='ocrx_word' id='word_1_465' title='bbox 1906 706 1990 739; x_wconf 77' lang='lat' dir='ltr'><em>cur?</em></span> <span class='ocrx_word' id='word_1_466' title='bbox 2041 728 2042 732; x_wconf 67' lang='lat'>,</span> 
     </span>
    </p>
   </div>
   <div class='ocr_carea' id='block_1_8' title="bbox 1227 745 1991 788">
    <p class='ocr_par' dir='ltr' id='par_1_11' title="bbox 1227 745 1991 788">
     <span class='ocr_line' id='line_1_72' title="bbox 1227 745 1991 788; baseline 0.004 -12"><span class='ocrx_word' id='word_1_467' title='bbox 1227 748 1259 776; x_wconf 87' lang='lat' dir='ltr'><em>in</em></span> <span class='ocrx_word' id='word_1_468' title='bbox 1272 747 1396 786; x_wconf 85' lang='lat' dir='ltr'><em>pecunia</em></span> <span class='ocrx_word' id='word_1_469' title='bbox 1414 745 1600 788; x_wconf 70' lang='lat' dir='ltr'><em>&amp;frugibus</em></span> <span class='ocrx_word' id='word_1_470' title='bbox 1612 749 1758 779; x_wconf 70' lang='lat' dir='ltr'><em>credendis</em></span> <span class='ocrx_word' id='word_1_471' title='bbox 1774 748 1911 788; x_wconf 83' lang='lat' dir='ltr'><em>duplicem</em></span> <span class='ocrx_word' id='word_1_472' title='bbox 1920 748 1991 787; x_wconf 77' lang='lat' dir='ltr'><em>ficri</em></span> 
     </span>
    </p>
   </div>
   <div class='ocr_carea' id='block_1_9' title="bbox 1220 787 2044 870">
    <p class='ocr_par' dir='ltr' id='par_1_12' title="bbox 1220 787 2044 870">
     <span class='ocr_line' id='line_1_73' title="bbox 1229 787 2044 830; baseline 0.005 -13"><span class='ocrx_word' id='word_1_473' title='bbox 1229 789 1462 819; x_wconf 83' lang='lat' dir='ltr'><em>conventionem:</em></span> <span class='ocrx_word' id='word_1_474' title='bbox 1492 798 1581 819; x_wconf 88' lang='lat' dir='ltr'><em>unam</em></span> <span class='ocrx_word' id='word_1_475' title='bbox 1602 798 1665 830; x_wconf 81' lang='lat' dir='ltr'><em>quae</em></span> <span class='ocrx_word' id='word_1_476' title='bbox 1686 788 1845 820; x_wconf 75' lang='lat' dir='ltr'><em>beneficio</em></span> <span class='ocrx_word' id='word_1_477' title='bbox 1861 790 1992 824; x_wconf 74' lang='lat' dir='ltr'><em>proxima</em></span> <span class='ocrx_word' id='word_1_478' title='bbox 2042 787 2044 824; x_wconf 53' lang='grc' dir='ltr'>ἰ</span> 
     </span>
     <span class='ocr_line' id='line_1_74' title="bbox 1220 826 2044 870; baseline 0.004 -12"><span class='ocrx_word' id='word_1_479' title='bbox 1220 826 1290 867; x_wconf 86' lang='lat' dir='ltr'><em>fit:</em></span> <span class='ocrx_word' id='word_1_480' title='bbox 1328 828 1448 859; x_wconf 89' lang='lat' dir='ltr'><em>alteram</em></span> <span class='ocrx_word' id='word_1_481' title='bbox 1470 838 1531 869; x_wconf 82' lang='lat' dir='ltr'><em>quce</em></span> <span class='ocrx_word' id='word_1_482' title='bbox 1559 830 1731 861; x_wconf 72' lang='lat' dir='ltr'><em>utilitatum</em></span> <span class='ocrx_word' id='word_1_483' title='bbox 1756 830 1991 870; x_wconf 83' lang='lat' dir='ltr'><em>permutatione</em></span> <span class='ocrx_word' id='word_1_484' title='bbox 2043 831 2044 834; x_wconf 78' lang='grc'>’</span> 
     </span>
    </p>
   </div>
   <div class='ocr_carea' id='block_1_10' title="bbox 1227 867 1992 911">
    <p class='ocr_par' dir='ltr' id='par_1_13' title="bbox 1227 867 1992 911">
     <span class='ocr_line' id='line_1_75' title="bbox 1227 867 1992 911; baseline 0.004 -11"><span class='ocrx_word' id='word_1_485' title='bbox 1227 867 1349 909; x_wconf 77' lang='lat' dir='ltr'><em>constet.-</em></span> <span class='ocrx_word' id='word_1_486' title='bbox 1365 876 1498 900; x_wconf 87' lang='lat' dir='ltr'><em>neutram</em></span> <span class='ocrx_word' id='word_1_487' title='bbox 1507 880 1524 901; x_wconf 89' lang='lat' dir='ltr'><em>a</em></span> <span class='ocrx_word' id='word_1_488' title='bbox 1527 870 1596 911; x_wconf 87' lang='lat' dir='ltr'><em>jure</em></span> <span class='ocrx_word' id='word_1_489' title='bbox 1604 870 1744 902; x_wconf 85' lang='lat' dir='ltr'><em>Gentium</em></span> <span class='ocrx_word' id='word_1_490' title='bbox 1753 872 1906 902; x_wconf 85' lang='lat' dir='ltr'><em>abhorrere.</em></span> <span class='ocrx_word' id='word_1_491' title='bbox 1925 881 1992 903; x_wconf 83' lang='lat' dir='ltr'><em>mu-</em></span> 
     </span>
    </p>
   </div>
   <div class='ocr_carea' id='block_1_11' title="bbox 1222 910 2047 995">
    <p class='ocr_par' dir='ltr' id='par_1_14' title="bbox 1222 910 2047 995">
     <span class='ocr_line' id='line_1_76' title="bbox 1222 910 2046 949; baseline 0.004 -8"><span class='ocrx_word' id='word_1_492' title='bbox 1222 918 1311 941; x_wconf 87' lang='lat' dir='ltr'><em>tuum</em></span> <span class='ocrx_word' id='word_1_493' title='bbox 1330 912 1556 949; x_wconf 85' lang='lat' dir='ltr'><em>commodato,</em></span> <span class='ocrx_word' id='word_1_494' title='bbox 1579 910 1687 943; x_wconf 80' lang='lat' dir='ltr'><em>foenus</em></span> <span class='ocrx_word' id='word_1_495' title='bbox 1697 913 1851 944; x_wconf 82' lang='lat' dir='ltr'><em>locationi</em></span> <span class='ocrx_word' id='word_1_496' title='bbox 1869 913 1899 944; x_wconf 71' lang='lat' dir='ltr'><em>dc</em></span> <span class='ocrx_word' id='word_1_497' title='bbox 1915 921 1991 944; x_wconf 89' lang='lat' dir='ltr'><em>con-</em></span> <span class='ocrx_word' id='word_1_498' title='bbox 2045 933 2046 945; x_wconf 41' lang='lat'>³</span> 
     </span>
     <span class='ocr_line' id='line_1_77' title="bbox 1935 958 2047 995; baseline 0.009 -10"><span class='ocrx_word' id='word_1_499' title='bbox 1935 958 1991 995; x_wconf 85' lang='lat'><em>158</em></span> <span class='ocrx_word' id='word_1_500' title='bbox 2046 967 2047 973; x_wconf 55' lang='lat'>¹</span> 
     </span>
    </p>
   </div>
   <div class='ocr_carea' id='block_1_12' title="bbox 1125 951 2001 3225">
    <p class='ocr_par' dir='ltr' id='par_1_15' title="bbox 1125 951 2001 3225">
     <span class='ocr_line' id='line_1_78' title="bbox 1224 951 1582 993; baseline 0.003 -11"><span class='ocrx_word' id='word_1_501' title='bbox 1224 951 1365 983; x_wconf 68' lang='lat' dir='ltr'><em>duffioni</em></span> <span class='ocrx_word' id='word_1_502' title='bbox 1384 975 1394 991; x_wconf 89' lang='lat'><em>,</em></span> <span class='ocrx_word' id='word_1_503' title='bbox 1416 954 1582 993; x_wconf 82' lang='lat' dir='ltr'><em>comparari.</em></span> 
     </span>
     <span class='ocr_line' id='line_1_79' title="bbox 1229 990 1993 1035; baseline 0.004 -11"><span class='ocrx_word' id='word_1_504' title='bbox 1229 990 1457 1034; x_wconf 71' lang='lat' dir='ltr'><em>chrysostomum</em></span> <span class='ocrx_word' id='word_1_505' title='bbox 1466 1000 1520 1035; x_wconf 90' lang='lat' dir='ltr'><em>pro</em></span> <span class='ocrx_word' id='word_1_506' title='bbox 1535 992 1738 1035; x_wconf 76' lang='lat' dir='ltr'><em>distinguenda</em></span> <span class='ocrx_word' id='word_1_507' title='bbox 1750 994 1885 1027; x_wconf 80' lang='lat' dir='ltr'><em>foenoris</em></span> <span class='ocrx_word' id='word_1_508' title='bbox 1901 994 1937 1030; x_wconf 62' lang='grc' dir='ltr'><em>δ”</em></span> <span class='ocrx_word' id='word_1_509' title='bbox 1947 996 1993 1027; x_wconf 89' lang='lat' dir='ltr'><em>lo-</em></span> 
     </span>
     <span class='ocr_line' id='line_1_80' title="bbox 1224 1036 1991 1078; baseline 0.001 -12"><span class='ocrx_word' id='word_1_510' title='bbox 1224 1043 1362 1066; x_wconf 78' lang='lat' dir='ltr'><em>cationis</em></span> <span class='ocrx_word' id='word_1_511' title='bbox 1375 1040 1484 1066; x_wconf 83' lang='lat' dir='ltr'><em>natura</em></span> <span class='ocrx_word' id='word_1_512' title='bbox 1499 1037 1558 1066; x_wconf 85' lang='lat' dir='ltr'><em>tria</em></span> <span class='ocrx_word' id='word_1_513' title='bbox 1572 1036 1685 1073; x_wconf 80' lang='lat' dir='ltr'><em>adferre</em></span> <span class='ocrx_word' id='word_1_514' title='bbox 1700 1042 1886 1078; x_wconf 78' lang='lat' dir='ltr'><em>argumenta3</em></span> <span class='ocrx_word' id='word_1_515' title='bbox 1903 1044 1991 1078; x_wconf 82' lang='lat' dir='ltr'><em>eaque</em></span> 
     </span>
     <span class='ocr_line' id='line_1_81' title="bbox 1229 1074 1992 1119; baseline 0.004 -13"><span class='ocrx_word' id='word_1_516' title='bbox 1229 1086 1247 1107; x_wconf 91' lang='lat' dir='ltr'><em>a</em></span> <span class='ocrx_word' id='word_1_517' title='bbox 1268 1074 1415 1113; x_wconf 77' lang='lat' dir='ltr'><em>Francisco</em></span> <span class='ocrx_word' id='word_1_518' title='bbox 1431 1076 1581 1108; x_wconf 88' lang='lat' dir='ltr'><em>Hotmano</em></span> <span class='ocrx_word' id='word_1_519' title='bbox 1599 1076 1770 1118; x_wconf 79' lang='lat' dir='ltr'><em>gravzffima</em></span> <span class='ocrx_word' id='word_1_520' title='bbox 1794 1086 1879 1119; x_wconf 82' lang='lat' dir='ltr'><em>atque</em></span> <span class='ocrx_word' id='word_1_521' title='bbox 1901 1079 1992 1109; x_wconf 85' lang='lat' dir='ltr'><em>erudi·</em></span> 
     </span>
     <span class='ocr_line' id='line_1_82' title="bbox 1223 1115 1993 1159; baseline 0.005 -12"><span class='ocrx_word' id='word_1_522' title='bbox 1223 1115 1326 1157; x_wconf 80' lang='lat' dir='ltr'><em>tzffima</em></span> <span class='ocrx_word' id='word_1_523' title='bbox 1342 1119 1497 1157; x_wconf 85' lang='lat' dir='ltr'><em>appellari:</em></span> <span class='ocrx_word' id='word_1_524' title='bbox 1512 1119 1566 1158; x_wconf 91' lang='lat' dir='ltr'><em>sed</em></span> <span class='ocrx_word' id='word_1_525' title='bbox 1583 1120 1789 1159; x_wconf 85' lang='lat' dir='ltr'><em>videriparum</em></span> <span class='ocrx_word' id='word_1_526' title='bbox 1797 1120 1907 1151; x_wconf 84' lang='lat' dir='ltr'><em>idonea.</em></span> <span class='ocrx_word' id='word_1_527' title='bbox 1935 1123 1993 1151; x_wconf 92' lang='lat'><em>160</em></span> 
     </span>
     <span class='ocr_line' id='line_1_83' title="bbox 1125 1157 1993 1202; baseline 0.001 -11"><span class='ocrx_word' id='word_1_528' title='bbox 1125 1157 1211 1191; x_wconf 83' lang='lat' dir='ltr'>VIII.</span> <span class='ocrx_word' id='word_1_529' title='bbox 1229 1159 1340 1190; x_wconf 82' lang='lat' dir='ltr'><em>Praeter</em></span> <span class='ocrx_word' id='word_1_530' title='bbox 1351 1157 1721 1200; x_wconf 77' lang='lat' dir='ltr'><em>Chryloftorniargumenta</em></span> <span class='ocrx_word' id='word_1_531' title='bbox 1728 1160 1779 1200; x_wconf 88' lang='lat' dir='ltr'><em>effe</em></span> <span class='ocrx_word' id='word_1_532' title='bbox 1789 1163 1846 1191; x_wconf 84' lang='lat' dir='ltr'><em>tria</em></span> <span class='ocrx_word' id='word_1_533' title='bbox 1856 1161 1915 1192; x_wconf 83' lang='lat' dir='ltr'><em>alia</em></span> <span class='ocrx_word' id='word_1_534' title='bbox 1930 1161 1993 1202; x_wconf 76' lang='lat' dir='ltr'><em>qui-</em></span> 
     </span>
     <span class='ocr_line' id='line_1_84' title="bbox 1224 1200 1993 1241; baseline 0.003 -10"><span class='ocrx_word' id='word_1_535' title='bbox 1224 1201 1276 1231; x_wconf 83' lang='lat' dir='ltr'><em>bus</em></span> <span class='ocrx_word' id='word_1_536' title='bbox 1292 1201 1415 1231; x_wconf 87' lang='lat' dir='ltr'><em>homines</em></span> <span class='ocrx_word' id='word_1_537' title='bbox 1430 1202 1537 1241; x_wconf 81' lang='lat' dir='ltr'><em>egregii</em></span> <span class='ocrx_word' id='word_1_538' title='bbox 1554 1201 1589 1234; x_wconf 61' lang='grc' dir='ltr'><em>ὅ)</em></span> <span class='ocrx_word' id='word_1_539' title='bbox 1611 1200 1686 1233; x_wconf 64' lang='lat' dir='ltr'><em>dotti</em></span> <span class='ocrx_word' id='word_1_540' title='bbox 1701 1202 1807 1233; x_wconf 79' lang='lat' dir='ltr'><em>foenus</em></span> <span class='ocrx_word' id='word_1_541' title='bbox 1824 1212 1842 1233; x_wconf 91' lang='lat' dir='ltr'><em>a</em></span> <span class='ocrx_word' id='word_1_542' title='bbox 1858 1204 1993 1233; x_wconf 80' lang='lat' dir='ltr'><em>locatio-</em></span> 
     </span>
     <span class='ocr_line' id='line_1_85' title="bbox 1234 1241 1994 1284; baseline 0.005 -13"><span class='ocrx_word' id='word_1_543' title='bbox 1234 1250 1277 1272; x_wconf 85' lang='lat' dir='ltr'><em>ne</em></span> <span class='ocrx_word' id='word_1_544' title='bbox 1285 1241 1417 1282; x_wconf 87' lang='lat' dir='ltr'><em>separari</em></span> <span class='ocrx_word' id='word_1_545' title='bbox 1421 1248 1541 1282; x_wconf 85' lang='lat' dir='ltr'><em>putant.</em></span> <span class='ocrx_word' id='word_1_546' title='bbox 1558 1242 1612 1283; x_wconf 85' lang='lat' dir='ltr'><em>sed</em></span> <span class='ocrx_word' id='word_1_547' title='bbox 1621 1241 1744 1283; x_wconf 76' lang='lat' dir='ltr'><em>frustra.</em></span> <span class='ocrx_word' id='word_1_548' title='bbox 1763 1244 1936 1284; x_wconf 80' lang='lat' dir='ltr'><em>Pomponius</em></span> <span class='ocrx_word' id='word_1_549' title='bbox 1945 1253 1994 1275; x_wconf 87' lang='lat' dir='ltr'><em>ex-</em></span> 
     </span>
     <span class='ocr_line' id='line_1_86' title="bbox 1224 1281 1994 1325; baseline 0.006 -13"><span class='ocrx_word' id='word_1_550' title='bbox 1224 1281 1331 1323; x_wconf 84' lang='lat' dir='ltr'><em>pofitus</em></span> <span class='ocrx_word' id='word_1_551' title='bbox 1342 1283 1361 1313; x_wconf 86' lang='lat' dir='ltr'><em>l.</em></span> <span class='ocrx_word' id='word_1_552' title='bbox 1391 1292 1435 1324; x_wconf 85' lang='lat'>13.</span> <span class='ocrx_word' id='word_1_553' title='bbox 1460 1283 1490 1324; x_wconf 86' lang='lat'>§.</span> <span class='ocrx_word' id='word_1_554' title='bbox 1518 1292 1543 1314; x_wconf 90' lang='lat'>1.</span> <span class='ocrx_word' id='word_1_555' title='bbox 1568 1283 1610 1314; x_wconf 88' lang='lat' dir='ltr'>D.</span> <span class='ocrx_word' id='word_1_556' title='bbox 1631 1284 1806 1316; x_wconf 87' lang='lat' dir='ltr'><em>Commodati</em></span> <span class='ocrx_word' id='word_1_557' title='bbox 1822 1286 1994 1325; x_wconf 67' lang='lat' dir='ltr'><em>velcontra,</em></span> 
     </span>
     <span class='ocr_line' id='line_1_87' title="bbox 1219 1323 1996 1368; baseline 0.006 -15"><span class='ocrx_word' id='word_1_558' title='bbox 1219 1325 1305 1354; x_wconf 80' lang='lat' dir='ltr'><em>etiam</em></span> <span class='ocrx_word' id='word_1_559' title='bbox 1323 1323 1468 1365; x_wconf 80' lang='lat' dir='ltr'><em>Ulpianus</em></span> <span class='ocrx_word' id='word_1_560' title='bbox 1483 1324 1503 1356; x_wconf 90' lang='lat' dir='ltr'><em>l.</em></span> <span class='ocrx_word' id='word_1_561' title='bbox 1531 1334 1576 1357; x_wconf 92' lang='lat'>10.</span> <span class='ocrx_word' id='word_1_562' title='bbox 1595 1324 1624 1366; x_wconf 85' lang='lat'>§.</span> <span class='ocrx_word' id='word_1_563' title='bbox 1650 1330 1677 1359; x_wconf 89' lang='lat'><em>8.</em></span> <span class='ocrx_word' id='word_1_564' title='bbox 1701 1326 1737 1360; x_wconf 75' lang='lat'><em>&amp;⁴</em></span> <span class='ocrx_word' id='word_1_565' title='bbox 1754 1325 1772 1368; x_wconf 85' lang='lat'>§</span> <span class='ocrx_word' id='word_1_566' title='bbox 1797 1336 1826 1367; x_wconf 84' lang='lat'>3.</span> <span class='ocrx_word' id='word_1_567' title='bbox 1843 1326 1885 1359; x_wconf 86' lang='lat' dir='ltr'>D.</span> <span class='ocrx_word' id='word_1_568' title='bbox 1901 1326 1996 1358; x_wconf 77' lang='lat' dir='ltr'><em>Man-</em></span> 
     </span>
     <span class='ocr_line' id='line_1_88' title="bbox 1220 1365 1994 1410; baseline 0.005 -14"><span class='ocrx_word' id='word_1_569' title='bbox 1220 1366 1282 1396; x_wconf 82' lang='lat' dir='ltr'><em>dati</em></span> <span class='ocrx_word' id='word_1_570' title='bbox 1304 1365 1350 1396; x_wconf 83' lang='lat' dir='ltr'><em>vel</em></span> <span class='ocrx_word' id='word_1_571' title='bbox 1373 1373 1470 1397; x_wconf 89' lang='lat' dir='ltr'><em>contra</em></span> <span class='ocrx_word' id='word_1_572' title='bbox 1486 1389 1497 1404; x_wconf 86' lang='lat'>‚</span> <span class='ocrx_word' id='word_1_573' title='bbox 1525 1365 1562 1401; x_wconf 72' lang='lat'><em>&amp;³</em></span> <span class='ocrx_word' id='word_1_574' title='bbox 1585 1366 1700 1398; x_wconf 75' lang='lat' dir='ltr'><em>Paulus</em></span> <span class='ocrx_word' id='word_1_575' title='bbox 1723 1368 1743 1400; x_wconf 90' lang='lat' dir='ltr'><em>l.</em></span> <span class='ocrx_word' id='word_1_576' title='bbox 1767 1371 1816 1408; x_wconf 82' lang='lat'>67.</span> <span class='ocrx_word' id='word_1_577' title='bbox 1840 1368 1869 1410; x_wconf 82' lang='lat'>§.</span> <span class='ocrx_word' id='word_1_578' title='bbox 1897 1377 1923 1401; x_wconf 91' lang='lat'>1.</span> <span class='ocrx_word' id='word_1_579' title='bbox 1948 1367 1994 1400; x_wconf 89' lang='lat' dir='ltr'><em>D.</em></span> 
     </span>
     <span class='ocr_line' id='line_1_89' title="bbox 1221 1406 1995 1444; baseline 0.004 -7"><span class='ocrx_word' id='word_1_580' title='bbox 1221 1406 1279 1437; x_wconf 88' lang='lat' dir='ltr'><em>Pro</em></span> <span class='ocrx_word' id='word_1_581' title='bbox 1291 1408 1374 1444; x_wconf 79' lang='lat' dir='ltr'><em>socio.</em></span> <span class='ocrx_word' id='word_1_582' title='bbox 1938 1413 1975 1441; x_wconf 90' lang='lat'><em>16</em></span> <span class='ocrx_word' id='word_1_583' title='bbox 1981 1417 1995 1440; x_wconf 69' lang='grc' dir='ltr'><strong>Ξ</strong></span> 
     </span>
     <span class='ocr_line' id='line_1_90' title="bbox 1154 1444 1996 1530; baseline 0.006 -52"><span class='ocrx_word' id='word_1_584' title='bbox 1154 1444 1340 1530; x_wconf 60' lang='lat' dir='ltr'><em>IX.d§&#39;enelcsce</em></span> <span class='ocrx_word' id='word_1_585' title='bbox 1355 1448 1503 1489; x_wconf 85' lang='lat' dir='ltr'><em>sententia</em></span> <span class='ocrx_word' id='word_1_586' title='bbox 1525 1446 1626 1481; x_wconf 76' lang='lat' dir='ltr'><em>&#39;contra</em></span> <span class='ocrx_word' id='word_1_587' title='bbox 1644 1449 1744 1488; x_wconf 84' lang='lat' dir='ltr'><em>foenas</em></span> <span class='ocrx_word' id='word_1_588' title='bbox 1767 1451 1936 1483; x_wconf 86' lang='lat' dir='ltr'><em>examinata</em></span> <span class='ocrx_word' id='word_1_589' title='bbox 1958 1449 1996 1485; x_wconf 76' lang='lat'><em>&amp;²</em></span> 
     </span>
     <span class='ocr_line' id='line_1_91' title="bbox 1238 1496 1975 1524; baseline 0.007 -5"><span class='ocrx_word' id='word_1_590' title='bbox 1238 1498 1246 1519; x_wconf 78' lang='lat'><strong><em>1</em></strong></span> <span class='ocrx_word' id='word_1_591' title='bbox 1262 1499 1297 1519; x_wconf 89' lang='lat' dir='ltr'><em>cu</em></span> <span class='ocrx_word' id='word_1_592' title='bbox 1322 1500 1350 1520; x_wconf 91' lang='lat' dir='ltr'><em>a.</em></span> <span class='ocrx_word' id='word_1_593' title='bbox 1939 1496 1975 1524; x_wconf 86' lang='lat'><em>16</em></span> 
     </span>
     <span class='ocr_line' id='line_1_92' title="bbox 1158 1500 2000 1573; baseline 0.002 -12"><span class='ocrx_word' id='word_1_594' title='bbox 1158 1527 1201 1561; x_wconf 88' lang='lat' dir='ltr'><em>X.</em></span> <span class='ocrx_word' id='word_1_595' title='bbox 1255 1540 1332 1571; x_wconf 83' lang='lat' dir='ltr'><em>egem</em></span> <span class='ocrx_word' id='word_1_596' title='bbox 1356 1529 1518 1571; x_wconf 87' lang='lat' dir='ltr'><em>Mosaicam</em></span> <span class='ocrx_word' id='word_1_597' title='bbox 1534 1531 1567 1562; x_wconf 89' lang='lat' dir='ltr'><em>de</em></span> <span class='ocrx_word' id='word_1_598' title='bbox 1583 1541 1641 1563; x_wconf 84' lang='lat' dir='ltr'><em>non</em></span> <span class='ocrx_word' id='word_1_599' title='bbox 1658 1534 1811 1564; x_wconf 83' lang='lat' dir='ltr'><em>exercendo</em></span> <span class='ocrx_word' id='word_1_600' title='bbox 1820 1533 1935 1573; x_wconf 85' lang='lat' dir='ltr'><em>foenore</em></span> <span class='ocrx_word' id='word_1_601' title='bbox 1950 1500 2000 1564; x_wconf 50' lang='lat' dir='ltr'><em>de?</em></span> 
     </span>
     <span class='ocr_line' id='line_1_93' title="bbox 1222 1570 1998 1614; baseline 0.006 -13"><span class='ocrx_word' id='word_1_602' title='bbox 1222 1570 1312 1611; x_wconf 82' lang='lat' dir='ltr'><em>finire</em></span> <span class='ocrx_word' id='word_1_603' title='bbox 1323 1572 1374 1614; x_wconf 87' lang='lat' dir='ltr'><em>jus</em></span> <span class='ocrx_word' id='word_1_604' title='bbox 1392 1582 1448 1603; x_wconf 90' lang='lat' dir='ltr'><em>non</em></span> <span class='ocrx_word' id='word_1_605' title='bbox 1463 1573 1604 1604; x_wconf 86' lang='lat' dir='ltr'><em>Gentium</em></span> <span class='ocrx_word' id='word_1_606' title='bbox 1621 1596 1630 1612; x_wconf 91' lang='lat'><em>,</em></span> <span class='ocrx_word' id='word_1_607' title='bbox 1647 1577 1699 1613; x_wconf 80' lang='lat' dir='ltr'><em>sed</em></span> <span class='ocrx_word' id='word_1_608' title='bbox 1718 1575 1811 1606; x_wconf 85' lang='lat' dir='ltr'><em>Civile</em></span> <span class='ocrx_word' id='word_1_609' title='bbox 1822 1575 1921 1614; x_wconf 85' lang='lat' dir='ltr'><em>populi</em></span> <span class='ocrx_word' id='word_1_610' title='bbox 1937 1574 1998 1606; x_wconf 76' lang='lat' dir='ltr'><em>He-</em></span> 
     </span>
     <span class='ocr_line' id='line_1_94' title="bbox 1229 1611 1998 1656; baseline 0.005 -13"><span class='ocrx_word' id='word_1_611' title='bbox 1229 1614 1319 1643; x_wconf 86' lang='lat' dir='ltr'><em>hraz&#39;ci</em></span> <span class='ocrx_word' id='word_1_612' title='bbox 1337 1614 1384 1643; x_wconf 88' lang='lat' dir='ltr'><em>cui</em></span> <span class='ocrx_word' id='word_1_613' title='bbox 1403 1611 1498 1653; x_wconf 84' lang='lat' dir='ltr'><em>posita</em></span> <span class='ocrx_word' id='word_1_614' title='bbox 1522 1613 1569 1654; x_wconf 75' lang='lat' dir='ltr'><em>eft.</em></span> <span class='ocrx_word' id='word_1_615' title='bbox 1593 1623 1626 1646; x_wconf 85' lang='lat' dir='ltr'><em>ea</em></span> <span class='ocrx_word' id='word_1_616' title='bbox 1641 1615 1699 1656; x_wconf 84' lang='lat' dir='ltr'><em>lege</em></span> <span class='ocrx_word' id='word_1_617' title='bbox 1716 1616 1819 1655; x_wconf 84' lang='lat' dir='ltr'><em>foenus</em></span> <span class='ocrx_word' id='word_1_618' title='bbox 1843 1617 1918 1647; x_wconf 83' lang='lat' dir='ltr'><em>inter</em></span> <span class='ocrx_word' id='word_1_619' title='bbox 1935 1614 1998 1647; x_wconf 67' lang='lat' dir='ltr'><em>lie-²</em></span> 
     </span>
     <span class='ocr_line' id='line_1_95' title="bbox 1227 1655 1999 1697; baseline 0.003 -12"><span class='ocrx_word' id='word_1_620' title='bbox 1227 1655 1309 1685; x_wconf 77' lang='lat' dir='ltr'><em>braeos</em></span> <span class='ocrx_word' id='word_1_621' title='bbox 1325 1655 1439 1695; x_wconf 86' lang='lat' dir='ltr'><em>quidem</em></span> <span class='ocrx_word' id='word_1_622' title='bbox 1451 1678 1460 1691; x_wconf 88' lang='lat'>‚</span> <span class='ocrx_word' id='word_1_623' title='bbox 1476 1655 1529 1693; x_wconf 88' lang='lat' dir='ltr'><em>sed</em></span> <span class='ocrx_word' id='word_1_624' title='bbox 1546 1664 1603 1686; x_wconf 92' lang='lat' dir='ltr'><em>non</em></span> <span class='ocrx_word' id='word_1_625' title='bbox 1617 1657 1694 1687; x_wconf 81' lang='lat' dir='ltr'><em>inter</em></span> <span class='ocrx_word' id='word_1_626' title='bbox 1716 1657 1849 1688; x_wconf 79' lang='lat' dir='ltr'><em>Hebraeos</em></span> <span class='ocrx_word' id='word_1_627' title='bbox 1866 1657 1903 1691; x_wconf 62' lang='grc' dir='ltr'><em>ΕΡ</em></span> <span class='ocrx_word' id='word_1_628' title='bbox 1919 1664 1999 1697; x_wconf 90' lang='lat' dir='ltr'><em>pere-</em></span> 
     </span>
     <span class='ocr_line' id='line_1_96' title="bbox 1226 1697 1989 1737; baseline 0.007 -13"><span class='ocrx_word' id='word_1_629' title='bbox 1226 1697 1346 1736; x_wconf 85' lang='lat' dir='ltr'><em>grinos,</em></span> <span class='ocrx_word' id='word_1_630' title='bbox 1366 1697 1535 1735; x_wconf 82' lang='lat' dir='ltr'><em>prohiberi.-</em></span> <span class='ocrx_word' id='word_1_631' title='bbox 1571 1706 1604 1726; x_wconf 87' lang='lat' dir='ltr'><em>ac</em></span> <span class='ocrx_word' id='word_1_632' title='bbox 1636 1698 1742 1728; x_wconf 78' lang='lat' dir='ltr'><em>imilem</em></span> <span class='ocrx_word' id='word_1_633' title='bbox 1760 1698 1855 1729; x_wconf 76' lang='lat' dir='ltr'><em>Roma</em></span> <span class='ocrx_word' id='word_1_634' title='bbox 1870 1701 1989 1737; x_wconf 71' lang='lat' dir='ltr'><em>observa</em></span> 
     </span>
     <span class='ocr_line' id='line_1_97' title="bbox 1226 1735 1999 1781; baseline 0.005 -15"><span class='ocrx_word' id='word_1_635' title='bbox 1226 1737 1329 1766; x_wconf 87' lang='lat' dir='ltr'><em>tionem</em></span> <span class='ocrx_word' id='word_1_636' title='bbox 1341 1735 1432 1776; x_wconf 79' lang='lat' dir='ltr'><em>fuiffe</em></span> <span class='ocrx_word' id='word_1_637' title='bbox 1447 1739 1522 1767; x_wconf 90' lang='lat' dir='ltr'><em>inter</em></span> <span class='ocrx_word' id='word_1_638' title='bbox 1535 1739 1611 1767; x_wconf 88' lang='lat' dir='ltr'><em>cives</em></span> <span class='ocrx_word' id='word_1_639' title='bbox 1626 1738 1789 1777; x_wconf 80' lang='lat' dir='ltr'><em>Romanos,</em></span> <span class='ocrx_word' id='word_1_640' title='bbox 1811 1741 1935 1781; x_wconf 85' lang='lat' dir='ltr'><em>itemque</em></span> <span class='ocrx_word' id='word_1_641' title='bbox 1952 1742 1999 1770; x_wconf 88' lang='lat' dir='ltr'><em>in-</em></span> 
     </span>
     <span class='ocr_line' id='line_1_98' title="bbox 1226 1777 1997 1820; baseline 0.006 -13"><span class='ocrx_word' id='word_1_642' title='bbox 1226 1783 1268 1808; x_wconf 84' lang='lat' dir='ltr'><em>ter</em></span> <span class='ocrx_word' id='word_1_643' title='bbox 1285 1778 1334 1808; x_wconf 84' lang='lat' dir='ltr'><em>hos</em></span> <span class='ocrx_word' id='word_1_644' title='bbox 1356 1777 1491 1816; x_wconf 72' lang='lat' dir='ltr'><em>&amp;socios</em></span> <span class='ocrx_word' id='word_1_645' title='bbox 1510 1777 1641 1810; x_wconf 87' lang='lat' dir='ltr'><em>Latinos.</em></span> <span class='ocrx_word' id='word_1_646' title='bbox 1665 1789 1716 1810; x_wconf 87' lang='lat' dir='ltr'><em>cur</em></span> <span class='ocrx_word' id='word_1_647' title='bbox 1724 1780 1827 1820; x_wconf 87' lang='lat' dir='ltr'><em>faenus</em></span> <span class='ocrx_word' id='word_1_648' title='bbox 1842 1783 1918 1812; x_wconf 87' lang='lat' dir='ltr'><em>inter</em></span> <span class='ocrx_word' id='word_1_649' title='bbox 1936 1780 1997 1812; x_wconf 89' lang='lat' dir='ltr'><em>He-</em></span> 
     </span>
     <span class='ocr_line' id='line_1_99' title="bbox 1225 1818 1997 1860; baseline 0.006 -12"><span class='ocrx_word' id='word_1_650' title='bbox 1225 1819 1310 1849; x_wconf 84' lang='lat' dir='ltr'><em>braeos</em></span> <span class='ocrx_word' id='word_1_651' title='bbox 1327 1819 1385 1859; x_wconf 86' lang='lat' dir='ltr'><em>lege</em></span> <span class='ocrx_word' id='word_1_652' title='bbox 1403 1818 1532 1859; x_wconf 86' lang='lat' dir='ltr'><em>Mosaica</em></span> <span class='ocrx_word' id='word_1_653' title='bbox 1546 1820 1748 1860; x_wconf 79' lang='lat' dir='ltr'><em>prohibeatur3</em></span> <span class='ocrx_word' id='word_1_654' title='bbox 1772 1825 1848 1853; x_wconf 88' lang='lat' dir='ltr'><em>inter</em></span> <span class='ocrx_word' id='word_1_655' title='bbox 1867 1823 1997 1853; x_wconf 83' lang='lat' dir='ltr'><em>Hehraeos</em></span> 
     </span>
     <span class='ocr_line' id='line_1_100' title="bbox 1282 1860 1997 1901; baseline 0.007 -12"><span class='ocrx_word' id='word_1_656' title='bbox 1282 1860 1444 1901; x_wconf 77' lang='lat' dir='ltr'><em>peregrinos</em></span> <span class='ocrx_word' id='word_1_657' title='bbox 1469 1870 1526 1891; x_wconf 88' lang='lat' dir='ltr'><em>non</em></span> <span class='ocrx_word' id='word_1_658' title='bbox 1550 1861 1757 1901; x_wconf 79' lang='lat' dir='ltr'><em>prohibeatur,</em></span> <span class='ocrx_word' id='word_1_659' title='bbox 1789 1865 1824 1894; x_wconf 85' lang='lat' dir='ltr'><em>ab</em></span> <span class='ocrx_word' id='word_1_660' title='bbox 1852 1861 1997 1901; x_wconf 78' lang='lat' dir='ltr'><em>Ambrosio</em></span> 
     </span>
     <span class='ocr_line' id='line_1_101' title="bbox 1224 1901 1997 1944; baseline 0.006 -13"><span class='ocrx_word' id='word_1_661' title='bbox 1224 1901 1374 1939; x_wconf 71' lang='lat' dir='ltr'><em>diligenter</em></span> <span class='ocrx_word' id='word_1_662' title='bbox 1384 1902 1607 1941; x_wconf 72' lang='lat' dir='ltr'><em>disputari3sed</em></span> <span class='ocrx_word' id='word_1_663' title='bbox 1625 1913 1681 1933; x_wconf 86' lang='lat' dir='ltr'><em>non</em></span> <span class='ocrx_word' id='word_1_664' title='bbox 1695 1905 1887 1944; x_wconf 81' lang='lat' dir='ltr'><em>probabiliter.</em></span> <span class='ocrx_word' id='word_1_665' title='bbox 1898 1915 1997 1936; x_wconf 83' lang='lat' dir='ltr'><em>veram</em></span> 
     </span>
     <span class='ocr_line' id='line_1_102' title="bbox 1227 1942 1999 1985; baseline 0.005 -12"><span class='ocrx_word' id='word_1_666' title='bbox 1227 1944 1367 1973; x_wconf 77' lang='lat' dir='ltr'><em>rationem</em></span> <span class='ocrx_word' id='word_1_667' title='bbox 1381 1945 1533 1983; x_wconf 87' lang='lat' dir='ltr'><em>petendam</em></span> <span class='ocrx_word' id='word_1_668' title='bbox 1552 1953 1569 1973; x_wconf 90' lang='lat' dir='ltr'><em>a</em></span> <span class='ocrx_word' id='word_1_669' title='bbox 1581 1942 1644 1982; x_wconf 88' lang='lat' dir='ltr'><em>fine</em></span> <span class='ocrx_word' id='word_1_670' title='bbox 1660 1944 1696 1979; x_wconf 69' lang='lat'><em>&amp;2⁹</em></span> <span class='ocrx_word' id='word_1_671' title='bbox 1717 1946 1844 1976; x_wconf 84' lang='lat' dir='ltr'><em>utilitate</em></span> <span class='ocrx_word' id='word_1_672' title='bbox 1865 1946 1999 1985; x_wconf 73' lang='lat' dir='ltr'><em>reipubli-</em></span> 
     </span>
     <span class='ocr_line' id='line_1_103' title="bbox 1227 1983 1997 2027; baseline 0.005 -13"><span class='ocrx_word' id='word_1_673' title='bbox 1227 1993 1264 2014; x_wconf 85' lang='lat' dir='ltr'><em>coe</em></span> <span class='ocrx_word' id='word_1_674' title='bbox 1282 1983 1432 2015; x_wconf 84' lang='lat' dir='ltr'><em>Hebraicae</em></span> <span class='ocrx_word' id='word_1_675' title='bbox 1450 1985 1498 2014; x_wconf 84' lang='lat' dir='ltr'><em>cui</em></span> <span class='ocrx_word' id='word_1_676' title='bbox 1515 1985 1560 2015; x_wconf 84' lang='lat' dir='ltr'><em>lex</em></span> <span class='ocrx_word' id='word_1_677' title='bbox 1570 1988 1639 2016; x_wconf 81' lang='lat' dir='ltr'><em>daza</em></span> <span class='ocrx_word' id='word_1_678' title='bbox 1656 1984 1702 2025; x_wconf 68' lang='lat' dir='ltr'><em>eli.</em></span> <span class='ocrx_word' id='word_1_679' title='bbox 1720 1997 1780 2017; x_wconf 86' lang='lat' dir='ltr'><em>eam</em></span> <span class='ocrx_word' id='word_1_680' title='bbox 1795 1989 1997 2027; x_wconf 81' lang='lat' dir='ltr'><em>rempublicam</em></span> 
     </span>
     <span class='ocr_line' id='line_1_104' title="bbox 1223 2024 1998 2069; baseline 0.008 -15"><span class='ocrx_word' id='word_1_681' title='bbox 1223 2024 1317 2065; x_wconf 86' lang='lat' dir='ltr'><em>suiffe</em></span> <span class='ocrx_word' id='word_1_682' title='bbox 1333 2035 1438 2056; x_wconf 87' lang='lat' dir='ltr'><em>novam</em></span> <span class='ocrx_word' id='word_1_683' title='bbox 1449 2048 1458 2063; x_wconf 90' lang='lat'><em>,</em></span> <span class='ocrx_word' id='word_1_684' title='bbox 1483 2025 1519 2060; x_wconf 59' lang='grc' dir='ltr'><em>ὅ)</em></span> <span class='ocrx_word' id='word_1_685' title='bbox 1535 2028 1565 2056; x_wconf 84' lang='lat' dir='ltr'><em>in</em></span> <span class='ocrx_word' id='word_1_686' title='bbox 1580 2025 1667 2057; x_wconf 66' lang='lat' dir='ltr'><em>arctis</em></span> <span class='ocrx_word' id='word_1_687' title='bbox 1684 2029 1766 2058; x_wconf 83' lang='lat' dir='ltr'><em>rebus</em></span> <span class='ocrx_word' id='word_1_688' title='bbox 1786 2026 1924 2069; x_wconf 76' lang='lat' dir='ltr'><em>positam3</em></span> <span class='ocrx_word' id='word_1_689' title='bbox 1947 2038 1998 2059; x_wconf 87' lang='lat' dir='ltr'><em>nec</em></span> 
     </span>
     <span class='ocr_line' id='line_1_105' title="bbox 1228 2067 2001 2110; baseline 0.005 -13"><span class='ocrx_word' id='word_1_690' title='bbox 1228 2068 1266 2097; x_wconf 87' lang='lat' dir='ltr'><em>ad</em></span> <span class='ocrx_word' id='word_1_691' title='bbox 1287 2067 1505 2107; x_wconf 83' lang='lat' dir='ltr'><em>negotiationem</em></span> <span class='ocrx_word' id='word_1_692' title='bbox 1527 2067 1692 2108; x_wconf 76' lang='lat' dir='ltr'><em>respexzffe‚</em></span> <span class='ocrx_word' id='word_1_693' title='bbox 1708 2071 1762 2109; x_wconf 80' lang='lat' dir='ltr'><em>secl</em></span> <span class='ocrx_word' id='word_1_694' title='bbox 1778 2070 1935 2110; x_wconf 84' lang='lat' dir='ltr'><em>praesertint</em></span> <span class='ocrx_word' id='word_1_695' title='bbox 1959 2070 2001 2100; x_wconf 55' lang='lat' dir='ltr'><em>ad*</em></span> 
     </span>
     <span class='ocr_line' id='line_1_106' title="bbox 1228 2105 1998 2151; baseline 0.006 -14"><span class='ocrx_word' id='word_1_696' title='bbox 1228 2107 1332 2138; x_wconf 85' lang='lat' dir='ltr'><em>bellum</em></span> <span class='ocrx_word' id='word_1_697' title='bbox 1359 2107 1395 2142; x_wconf 58' lang='grc' dir='ltr'><em>ὅ*</em></span> <span class='ocrx_word' id='word_1_698' title='bbox 1420 2117 1478 2138; x_wconf 88' lang='lat' dir='ltr'><em>rem</em></span> <span class='ocrx_word' id='word_1_699' title='bbox 1501 2105 1666 2148; x_wconf 81' lang='lat' dir='ltr'><em>rusticam3</em></span> <span class='ocrx_word' id='word_1_700' title='bbox 1698 2120 1748 2140; x_wconf 86' lang='lat' dir='ltr'><em>nec</em></span> <span class='ocrx_word' id='word_1_701' title='bbox 1776 2110 1898 2151; x_wconf 68' lang='lat' dir='ltr'><em>debuffl&#39;e</em></span> <span class='ocrx_word' id='word_1_702' title='bbox 1922 2111 1998 2142; x_wconf 74' lang='lat' dir='ltr'><em>domi</em></span> 
     </span>
     <span class='ocr_line' id='line_1_107' title="bbox 1218 2149 1996 2192; baseline 0.006 -14"><span class='ocrx_word' id='word_1_703' title='bbox 1218 2149 1346 2190; x_wconf 84' lang='lat' dir='ltr'><em>foenoris</em></span> <span class='ocrx_word' id='word_1_704' title='bbox 1361 2155 1414 2180; x_wconf 87' lang='lat' dir='ltr'><em>aut</em></span> <span class='ocrx_word' id='word_1_705' title='bbox 1435 2149 1510 2180; x_wconf 88' lang='lat' dir='ltr'><em>lucri</em></span> <span class='ocrx_word' id='word_1_706' title='bbox 1520 2150 1618 2190; x_wconf 80' lang='lat' dir='ltr'><em>Jtudio</em></span> <span class='ocrx_word' id='word_1_707' title='bbox 1643 2152 1754 2188; x_wconf 81' lang='lat' dir='ltr'><em>dividi,</em></span> <span class='ocrx_word' id='word_1_708' title='bbox 1778 2151 1814 2187; x_wconf 78' lang='lat'><em>&amp;²</em></span> <span class='ocrx_word' id='word_1_709' title='bbox 1829 2151 1900 2187; x_wconf 72' lang='lat' dir='ltr'><em>furis</em></span> <span class='ocrx_word' id='word_1_710' title='bbox 1917 2152 1996 2192; x_wconf 81' lang='lat' dir='ltr'><em>Jure</em></span> 
     </span>
     <span class='ocr_line' id='line_1_108' title="bbox 1228 2191 1995 2234; baseline 0.005 -14"><span class='ocrx_word' id='word_1_711' title='bbox 1228 2191 1368 2221; x_wconf 86' lang='lat' dir='ltr'><em>Gentium</em></span> <span class='ocrx_word' id='word_1_712' title='bbox 1392 2191 1544 2232; x_wconf 84' lang='lat' dir='ltr'><em>indiguiffe</em></span> <span class='ocrx_word' id='word_1_713' title='bbox 1567 2192 1598 2222; x_wconf 87' lang='lat' dir='ltr'><em>in</em></span> <span class='ocrx_word' id='word_1_714' title='bbox 1620 2193 1724 2231; x_wconf 85' lang='lat' dir='ltr'><em>deserto</em></span> <span class='ocrx_word' id='word_1_715' title='bbox 1750 2193 1785 2227; x_wconf 73' lang='lat'><em>&amp;³</em></span> <span class='ocrx_word' id='word_1_716' title='bbox 1803 2191 1898 2234; x_wconf 80' lang='lat' dir='ltr'><em>sterili</em></span> <span class='ocrx_word' id='word_1_717' title='bbox 1925 2193 1995 2224; x_wconf 89' lang='lat' dir='ltr'><em>loco.</em></span> 
     </span>
     <span class='ocr_line' id='line_1_109' title="bbox 1229 2231 1997 2273; baseline 0.003 -10"><span class='ocrx_word' id='word_1_718' title='bbox 1229 2231 1453 2272; x_wconf 84' lang='lat' dir='ltr'><em>Peregrinorum</em></span> <span class='ocrx_word' id='word_1_719' title='bbox 1467 2232 1654 2273; x_wconf 87' lang='lat' dir='ltr'><em>appellatione</em></span> <span class='ocrx_word' id='word_1_720' title='bbox 1664 2233 1767 2273; x_wconf 78' lang='lat' dir='ltr'><em>Mosen</em></span> <span class='ocrx_word' id='word_1_721' title='bbox 1781 2245 1837 2265; x_wconf 83' lang='lat' dir='ltr'><em>non</em></span> <span class='ocrx_word' id='word_1_722' title='bbox 1844 2235 1997 2266; x_wconf 77' lang='lat' dir='ltr'><em>damnatas</em></span> 
     </span>
     <span class='ocr_line' id='line_1_110' title="bbox 1229 2272 1998 2317; baseline 0.003 -13"><span class='ocrx_word' id='word_1_723' title='bbox 1229 2272 1336 2304; x_wconf 90' lang='lat' dir='ltr'><em>Gentes</em></span> <span class='ocrx_word' id='word_1_724' title='bbox 1352 2297 1361 2311; x_wconf 93' lang='lat'><strong>‚</strong></span> <span class='ocrx_word' id='word_1_725' title='bbox 1379 2275 1432 2313; x_wconf 83' lang='lat' dir='ltr'><em>sed</em></span> <span class='ocrx_word' id='word_1_726' title='bbox 1452 2273 1670 2316; x_wconf 83' lang='lat' dir='ltr'><em>qualescumque</em></span> <span class='ocrx_word' id='word_1_727' title='bbox 1685 2299 1694 2312; x_wconf 89' lang='lat'>‚</span> <span class='ocrx_word' id='word_1_728' title='bbox 1732 2276 1890 2317; x_wconf 76' lang='lat' dir='ltr'><em>intelligere</em></span> <span class='ocrx_word' id='word_1_729' title='bbox 1906 2287 1914 2308; x_wconf 74' lang='grc' dir='ltr'><strong>ε</strong></span> <span class='ocrx_word' id='word_1_730' title='bbox 1947 2285 1998 2307; x_wconf 84' lang='lat' dir='ltr'><em>nec</em></span> 
     </span>
     <span class='ocr_line' id='line_1_111' title="bbox 1222 2315 1998 2356; baseline 0.004 -12"><span class='ocrx_word' id='word_1_731' title='bbox 1222 2316 1326 2355; x_wconf 74' lang='lat' dir='ltr'><em>utique</em></span> <span class='ocrx_word' id='word_1_732' title='bbox 1344 2315 1388 2344; x_wconf 83' lang='lat' dir='ltr'><em>his</em></span> <span class='ocrx_word' id='word_1_733' title='bbox 1410 2316 1562 2355; x_wconf 77' lang='lat' dir='ltr'><em>publicum</em></span> <span class='ocrx_word' id='word_1_734' title='bbox 1582 2316 1717 2356; x_wconf 81' lang='lat' dir='ltr'><em>indixiffe</em></span> <span class='ocrx_word' id='word_1_735' title='bbox 1739 2318 1852 2352; x_wconf 76' lang='lat' dir='ltr'><em>odium3</em></span> <span class='ocrx_word' id='word_1_736' title='bbox 1875 2315 1925 2355; x_wconf 80' lang='lat' dir='ltr'><em>etsi</em></span> <span class='ocrx_word' id='word_1_737' title='bbox 1940 2317 1998 2348; x_wconf 83' lang='lat' dir='ltr'><em>illis</em></span> 
     </span>
     <span class='ocr_line' id='line_1_112' title="bbox 1227 2355 1996 2398; baseline 0.003 -12"><span class='ocrx_word' id='word_1_738' title='bbox 1227 2356 1378 2386; x_wconf 83' lang='lat' dir='ltr'><em>inaixerit.</em></span> <span class='ocrx_word' id='word_1_739' title='bbox 1401 2366 1440 2387; x_wconf 89' lang='lat' dir='ltr'><em>an</em></span> <span class='ocrx_word' id='word_1_740' title='bbox 1457 2355 1536 2387; x_wconf 81' lang='lat' dir='ltr'><em>Deus</em></span> <span class='ocrx_word' id='word_1_741' title='bbox 1555 2358 1710 2398; x_wconf 75' lang='lat' dir='ltr'><em>aliquando</em></span> <span class='ocrx_word' id='word_1_742' title='bbox 1726 2358 1852 2390; x_wconf 81' lang='lat' dir='ltr'><em>Hebraeis</em></span> <span class='ocrx_word' id='word_1_743' title='bbox 1866 2359 1996 2398; x_wconf 80' lang='lat' dir='ltr'><em>permise-</em></span> 
     </span>
     <span class='ocr_line' id='line_1_113' title="bbox 1230 2396 1997 2439; baseline 0.001 -11"><span class='ocrx_word' id='word_1_744' title='bbox 1230 2399 1271 2428; x_wconf 81' lang='lat' dir='ltr'><em>rit</em></span> <span class='ocrx_word' id='word_1_745' title='bbox 1286 2406 1345 2427; x_wconf 89' lang='lat' dir='ltr'><em>rem</em></span> <span class='ocrx_word' id='word_1_746' title='bbox 1361 2403 1472 2438; x_wconf 89' lang='lat' dir='ltr'><em>turpem</em></span> <span class='ocrx_word' id='word_1_747' title='bbox 1488 2408 1521 2428; x_wconf 90' lang='lat' dir='ltr'><em>ac</em></span> <span class='ocrx_word' id='word_1_748' title='bbox 1530 2396 1731 2439; x_wconf 79' lang='lat' dir='ltr'><em>flagitiosam?</em></span> <span class='ocrx_word' id='word_1_749' title='bbox 1748 2410 1804 2431; x_wconf 88' lang='lat' dir='ltr'><em>non</em></span> <span class='ocrx_word' id='word_1_750' title='bbox 1822 2401 1931 2431; x_wconf 87' lang='lat' dir='ltr'><em>videri:</em></span> <span class='ocrx_word' id='word_1_751' title='bbox 1947 2407 1997 2430; x_wconf 86' lang='lat' dir='ltr'><em>nec</em></span> 
     </span>
     <span class='ocr_line' id='line_1_114' title="bbox 1230 2437 1998 2480; baseline 0.003 -11"><span class='ocrx_word' id='word_1_752' title='bbox 1230 2437 1384 2479; x_wconf 81' lang='lat' dir='ltr'><em>AEgyptiis</em></span> <span class='ocrx_word' id='word_1_753' title='bbox 1401 2439 1541 2470; x_wconf 80' lang='lat' dir='ltr'><em>ablatione</em></span> <span class='ocrx_word' id='word_1_754' title='bbox 1564 2437 1820 2480; x_wconf 83' lang='lat' dir='ltr'><em>instrumentorum</em></span> <span class='ocrx_word' id='word_1_755' title='bbox 1845 2449 1998 2472; x_wconf 85' lang='lat' dir='ltr'><em>aureorum</em></span> 
     </span>
     <span class='ocr_line' id='line_1_115' title="bbox 1230 2478 1994 2523; baseline 0.003 -13"><span class='ocrx_word' id='word_1_756' title='bbox 1230 2479 1266 2513; x_wconf 54' lang='grc' dir='ltr'><em>Β</em></span> <span class='ocrx_word' id='word_1_757' title='bbox 1277 2488 1492 2520; x_wconf 80' lang='lat' dir='ltr'><em>argenteorum,</em></span> <span class='ocrx_word' id='word_1_758' title='bbox 1510 2478 1687 2523; x_wconf 82' lang='lat' dir='ltr'><em>vestiumque</em></span> <span class='ocrx_word' id='word_1_759' title='bbox 1703 2484 1893 2523; x_wconf 86' lang='lat' dir='ltr'><em>pretiosarum</em></span> <span class='ocrx_word' id='word_1_760' title='bbox 1905 2506 1913 2519; x_wconf 87' lang='lat'><em>,</em></span> <span class='ocrx_word' id='word_1_761' title='bbox 1931 2483 1994 2515; x_wconf 72' lang='lat' dir='ltr'><em>far-</em></span> 
     </span>
     <span class='ocr_line' id='line_1_116' title="bbox 1230 2520 1996 2565; baseline 0.003 -14"><span class='ocrx_word' id='word_1_762' title='bbox 1230 2526 1293 2551; x_wconf 88' lang='lat' dir='ltr'><em>tum</em></span> <span class='ocrx_word' id='word_1_763' title='bbox 1312 2520 1395 2562; x_wconf 83' lang='lat' dir='ltr'><em>jaffu</em></span> <span class='ocrx_word' id='word_1_764' title='bbox 1421 2520 1478 2552; x_wconf 88' lang='lat' dir='ltr'><em>Dei</em></span> <span class='ocrx_word' id='word_1_765' title='bbox 1495 2521 1546 2562; x_wconf 89' lang='lat' dir='ltr'><em>effe</em></span> <span class='ocrx_word' id='word_1_766' title='bbox 1563 2521 1689 2561; x_wconf 63' lang='lat' dir='ltr'><em>facium.</em></span> <span class='ocrx_word' id='word_1_767' title='bbox 1715 2523 1752 2557; x_wconf 59' lang='grc' dir='ltr'><em>δέ)</em></span> <span class='ocrx_word' id='word_1_768' title='bbox 1777 2523 1853 2555; x_wconf 77' lang='lat' dir='ltr'><em>cur?</em></span> <span class='ocrx_word' id='word_1_769' title='bbox 1876 2522 1996 2565; x_wconf 81' lang='lat' dir='ltr'><em>infignis</em></span> 
     </span>
     <span class='ocr_line' id='line_1_117' title="bbox 1233 2561 1995 2606; baseline 0.003 -15"><span class='ocrx_word' id='word_1_770' title='bbox 1233 2561 1407 2593; x_wconf 82' lang='lat' dir='ltr'><em>Tertulliani</em></span> <span class='ocrx_word' id='word_1_771' title='bbox 1417 2562 1504 2593; x_wconf 86' lang='lat' dir='ltr'><em>locus.</em></span> <span class='ocrx_word' id='word_1_772' title='bbox 1528 2566 1662 2604; x_wconf 87' lang='lat' dir='ltr'><em>quomodo</em></span> <span class='ocrx_word' id='word_1_773' title='bbox 1674 2566 1870 2606; x_wconf 82' lang='lat' dir='ltr'><em>accipiendum</em></span> <span class='ocrx_word' id='word_1_774' title='bbox 1878 2564 1912 2599; x_wconf 70' lang='lat' dir='ltr'><em>fit</em></span> <span class='ocrx_word' id='word_1_775' title='bbox 1922 2564 1995 2605; x_wconf 78' lang='lat' dir='ltr'><em>quod</em></span> 
     </span>
     <span class='ocr_line' id='line_1_118' title="bbox 1231 2603 1995 2645; baseline 0.003 -12"><span class='ocrx_word' id='word_1_776' title='bbox 1231 2604 1265 2633; x_wconf 82' lang='lat' dir='ltr'><em>de</em></span> <span class='ocrx_word' id='word_1_777' title='bbox 1276 2603 1376 2634; x_wconf 84' lang='lat' dir='ltr'><em>calceis</em></span> <span class='ocrx_word' id='word_1_778' title='bbox 1391 2603 1571 2645; x_wconf 77' lang='lat' dir='ltr'><em>vefizousque</em></span> <span class='ocrx_word' id='word_1_779' title='bbox 1580 2604 1766 2637; x_wconf 85' lang='lat' dir='ltr'><em>Hebroeorum</em></span> <span class='ocrx_word' id='word_1_780' title='bbox 1780 2607 1811 2637; x_wconf 90' lang='lat' dir='ltr'><em>in</em></span> <span class='ocrx_word' id='word_1_781' title='bbox 1820 2608 1923 2643; x_wconf 74' lang='lat' dir='ltr'><em>deserto</em></span> <span class='ocrx_word' id='word_1_782' title='bbox 1940 2613 1995 2636; x_wconf 85' lang='lat' dir='ltr'><em>non</em></span> 
     </span>
     <span class='ocr_line' id='line_1_119' title="bbox 1228 2645 1996 2688; baseline 0.001 -13"><span class='ocrx_word' id='word_1_783' title='bbox 1228 2645 1400 2675; x_wconf 84' lang='lat' dir='ltr'><em>inveteratis</em></span> <span class='ocrx_word' id='word_1_784' title='bbox 1415 2651 1468 2676; x_wconf 86' lang='lat' dir='ltr'><em>aut</em></span> <span class='ocrx_word' id='word_1_785' title='bbox 1487 2647 1596 2677; x_wconf 86' lang='lat' dir='ltr'><em>attritis</em></span> <span class='ocrx_word' id='word_1_786' title='bbox 1615 2646 1720 2688; x_wconf 83' lang='lat' dir='ltr'><em>legitur</em></span> <span class='ocrx_word' id='word_1_787' title='bbox 1734 2646 1950 2678; x_wconf 85' lang='lat' dir='ltr'><em>Deuteronomio</em></span> <span class='ocrx_word' id='word_1_788' title='bbox 1970 2655 1996 2677; x_wconf 89' lang='lat' dir='ltr'><em>c.</em></span> 
     </span>
     <span class='ocr_line' id='line_1_120' title="bbox 1230 2685 1996 2729; baseline 0.001 -12"><span class='ocrx_word' id='word_1_789' title='bbox 1230 2695 1271 2721; x_wconf 84' lang='lat'><em>29</em></span> <span class='ocrx_word' id='word_1_790' title='bbox 1303 2685 1332 2727; x_wconf 84' lang='lat'>§.</span> <span class='ocrx_word' id='word_1_791' title='bbox 1355 2697 1384 2726; x_wconf 88' lang='lat'><em>5.</em></span> <span class='ocrx_word' id='word_1_792' title='bbox 1410 2685 1446 2720; x_wconf 75' lang='lat'><em>&amp;²</em></span> <span class='ocrx_word' id='word_1_793' title='bbox 1469 2696 1492 2717; x_wconf 87' lang='lat' dir='ltr'><em>c.</em></span> <span class='ocrx_word' id='word_1_794' title='bbox 1510 2691 1538 2720; x_wconf 92' lang='lat'><em>8.</em></span> <span class='ocrx_word' id='word_1_795' title='bbox 1563 2686 1581 2727; x_wconf 85' lang='lat'>§</span> <span class='ocrx_word' id='word_1_796' title='bbox 1616 2698 1643 2726; x_wconf 84' lang='lat'>4.</span> <span class='ocrx_word' id='word_1_797' title='bbox 1662 2687 1767 2726; x_wconf 87' lang='lat' dir='ltr'><em>similis</em></span> <span class='ocrx_word' id='word_1_798' title='bbox 1790 2687 1996 2729; x_wconf 75' lang='lat' dir='ltr'><em>Juslinilocu-</em></span> 
     </span>
     <span class='ocr_line' id='line_1_121' title="bbox 1230 2726 1991 2768; baseline 0.003 -11"><span class='ocrx_word' id='word_1_799' title='bbox 1230 2729 1267 2757; x_wconf 87' lang='lat' dir='ltr'><em>tio</em></span> <span class='ocrx_word' id='word_1_800' title='bbox 1291 2726 1418 2758; x_wconf 63' lang='lat' dir='ltr'><em>adducta</em></span> <span class='ocrx_word' id='word_1_801' title='bbox 1433 2727 1450 2758; x_wconf 77' lang='lat'><em>?</em></span> <span class='ocrx_word' id='word_1_802' title='bbox 1474 2727 1509 2762; x_wconf 75' lang='lat'><em>&amp;³</em></span> <span class='ocrx_word' id='word_1_803' title='bbox 1526 2728 1663 2760; x_wconf 75' lang='lat' dir='ltr'><em>salviani</em></span> <span class='ocrx_word' id='word_1_804' title='bbox 1684 2731 1862 2768; x_wconf 84' lang='lat' dir='ltr'><em>aliorumque</em></span> <span class='ocrx_word' id='word_1_805' title='bbox 1882 2731 1991 2767; x_wconf 82' lang='lat' dir='ltr'><em>senten-</em></span> 
     </span>
     <span class='ocr_line' id='line_1_122' title="bbox 1229 2766 1997 2810; baseline 0.001 -12"><span class='ocrx_word' id='word_1_806' title='bbox 1229 2769 1271 2798; x_wconf 85' lang='lat' dir='ltr'><em>tia</em></span> <span class='ocrx_word' id='word_1_807' title='bbox 1295 2766 1444 2810; x_wconf 80' lang='lat' dir='ltr'><em>castigata.</em></span> <span class='ocrx_word' id='word_1_808' title='bbox 1461 2770 1564 2808; x_wconf 80' lang='lat' dir='ltr'><em>sensus</em></span> <span class='ocrx_word' id='word_1_809' title='bbox 1583 2770 1691 2810; x_wconf 79' lang='lat' dir='ltr'><em>Psalmi</em></span> <span class='ocrx_word' id='word_1_810' title='bbox 1708 2780 1752 2810; x_wconf 85' lang='lat'><em>15.</em></span> <span class='ocrx_word' id='word_1_811' title='bbox 1778 2770 1815 2805; x_wconf 58' lang='grc' dir='ltr'><em>ὅ)</em></span> <span class='ocrx_word' id='word_1_812' title='bbox 1839 2770 1997 2803; x_wconf 71' lang='lat' dir='ltr'><em>Ezechielis</em></span> 
     </span>
     <span class='ocr_line' id='line_1_123' title="bbox 1228 2809 1996 2854; baseline 0.001 -14"><span class='ocrx_word' id='word_1_813' title='bbox 1228 2819 1254 2840; x_wconf 90' lang='lat' dir='ltr'><em>c.</em></span> <span class='ocrx_word' id='word_1_814' title='bbox 1284 2814 1327 2843; x_wconf 83' lang='grc'><em>18.</em></span> <span class='ocrx_word' id='word_1_815' title='bbox 1346 2809 1450 2850; x_wconf 68' lang='lat' dir='ltr'><em>rejecta</em></span> <span class='ocrx_word' id='word_1_816' title='bbox 1467 2810 1659 2852; x_wconf 70' lang='lat' dir='ltr'><em>Hieronymi,</em></span> <span class='ocrx_word' id='word_1_817' title='bbox 1682 2811 1719 2847; x_wconf 52' lang='grc' dir='ltr'><em>ἐξ</em></span> <span class='ocrx_word' id='word_1_818' title='bbox 1733 2811 1870 2854; x_wconf 78' lang='lat' dir='ltr'><em>Hugonis</em></span> <span class='ocrx_word' id='word_1_819' title='bbox 1880 2812 1996 2848; x_wconf 67' lang='lat' dir='ltr'><em>Grani,</em></span> 
     </span>
     <span class='ocr_line' id='line_1_124' title="bbox 1230 2852 1996 2891; baseline 0.003 -10"><span class='ocrx_word' id='word_1_820' title='bbox 1230 2852 1473 2890; x_wconf 82' lang='lat' dir='ltr'><em>interpretatione.</em></span> <span class='ocrx_word' id='word_1_821' title='bbox 1835 2857 1900 2891; x_wconf 74' lang='lat'>164.</span> <span class='ocrx_word' id='word_1_822' title='bbox 1930 2855 1996 2891; x_wconf 88' lang='lat'>165-</span> 
     </span>
     <span class='ocr_line' id='line_1_125' title="bbox 1149 2889 1997 2936; baseline 0.006 -14"><span class='ocrx_word' id='word_1_823' title='bbox 1149 2889 1208 2923; x_wconf 87' lang='lat' dir='ltr'><em>XI.</em></span> <span class='ocrx_word' id='word_1_824' title='bbox 1234 2890 1343 2929; x_wconf 71' lang='lat' dir='ltr'><em>Christi</em></span> <span class='ocrx_word' id='word_1_825' title='bbox 1367 2894 1463 2923; x_wconf 81' lang='lat' dir='ltr'><em>verbis</em></span> <span class='ocrx_word' id='word_1_826' title='bbox 1486 2893 1566 2933; x_wconf 73' lang='lat' dir='ltr'><em>apud</em></span> <span class='ocrx_word' id='word_1_827' title='bbox 1591 2892 1699 2925; x_wconf 84' lang='lat' dir='ltr'><em>Lucam</em></span> <span class='ocrx_word' id='word_1_828' title='bbox 1721 2904 1744 2925; x_wconf 88' lang='lat' dir='ltr'><em>c.</em></span> <span class='ocrx_word' id='word_1_829' title='bbox 1775 2899 1804 2926; x_wconf 88' lang='lat'><em>6.</em></span> <span class='ocrx_word' id='word_1_830' title='bbox 1829 2895 1847 2936; x_wconf 89' lang='lat'>§</span> <span class='ocrx_word' id='word_1_831' title='bbox 1879 2904 1927 2935; x_wconf 80' lang='lat'><em>35.</em></span> <span class='ocrx_word' id='word_1_832' title='bbox 1959 2891 1997 2927; x_wconf 57' lang='grc' dir='ltr'><em>ὃ</em></span> 
     </span>
     <span class='ocr_line' id='line_1_126' title="bbox 1234 2933 1996 2977; baseline -0.001 -13"><span class='ocrx_word' id='word_1_833' title='bbox 1234 2933 1412 2964; x_wconf 83' lang='lat' dir='ltr'><em>Matthaeum</em></span> <span class='ocrx_word' id='word_1_834' title='bbox 1428 2943 1451 2964; x_wconf 91' lang='lat' dir='ltr'><em>c.</em></span> <span class='ocrx_word' id='word_1_835' title='bbox 1479 2944 1509 2974; x_wconf 89' lang='lat'><em>5.</em></span> <span class='ocrx_word' id='word_1_836' title='bbox 1535 2933 1563 2975; x_wconf 85' lang='lat'>§.</span> <span class='ocrx_word' id='word_1_837' title='bbox 1588 2944 1639 2974; x_wconf 67' lang='lat'><em>4²·</em></span> <span class='ocrx_word' id='word_1_838' title='bbox 1663 2945 1720 2966; x_wconf 88' lang='lat' dir='ltr'><em>non</em></span> <span class='ocrx_word' id='word_1_839' title='bbox 1732 2937 1874 2977; x_wconf 81' lang='lat' dir='ltr'><em>prohiberi</em></span> <span class='ocrx_word' id='word_1_840' title='bbox 1890 2935 1996 2965; x_wconf 79' lang='lat' dir='ltr'><em>foenus</em></span> 
     </span>
     <span class='ocr_line' id='line_1_127' title="bbox 1224 2972 1996 3016; baseline 0.001 -12"><span class='ocrx_word' id='word_1_841' title='bbox 1224 2972 1291 3013; x_wconf 85' lang='lat' dir='ltr'><em>five</em></span> <span class='ocrx_word' id='word_1_842' title='bbox 1308 2974 1447 3006; x_wconf 84' lang='lat' dir='ltr'><em>usuram:</em></span> <span class='ocrx_word' id='word_1_843' title='bbox 1467 2976 1516 3011; x_wconf 84' lang='lat' dir='ltr'><em>led</em></span> <span class='ocrx_word' id='word_1_844' title='bbox 1533 2979 1564 3005; x_wconf 86' lang='lat' dir='ltr'><em>in</em></span> <span class='ocrx_word' id='word_1_845' title='bbox 1583 2976 1625 3007; x_wconf 86' lang='lat' dir='ltr'><em>his</em></span> <span class='ocrx_word' id='word_1_846' title='bbox 1641 2980 1791 3014; x_wconf 79' lang='lat' dir='ltr'><em>sermonem</em></span> <span class='ocrx_word' id='word_1_847' title='bbox 1807 2976 1858 3016; x_wconf 85' lang='lat' dir='ltr'><em>effe</em></span> <span class='ocrx_word' id='word_1_848' title='bbox 1879 2977 1911 3006; x_wconf 82' lang='lat' dir='ltr'><em>de</em></span> <span class='ocrx_word' id='word_1_849' title='bbox 1927 2983 1996 3005; x_wconf 89' lang='lat' dir='ltr'><em>mu-</em></span> 
     </span>
     <span class='ocr_line' id='line_1_128' title="bbox 1234 3015 1996 3059; baseline -0.001 -13"><span class='ocrx_word' id='word_1_850' title='bbox 1234 3023 1311 3053; x_wconf 89' lang='lat' dir='ltr'><em>tuo,</em></span> <span class='ocrx_word' id='word_1_851' title='bbox 1334 3017 1364 3046; x_wconf 85' lang='lat' dir='ltr'><em>id</em></span> <span class='ocrx_word' id='word_1_852' title='bbox 1379 3015 1436 3056; x_wconf 78' lang='lat' dir='ltr'><em>eft,</em></span> <span class='ocrx_word' id='word_1_853' title='bbox 1460 3017 1493 3047; x_wconf 79' lang='lat' dir='ltr'><em>de</em></span> <span class='ocrx_word' id='word_1_854' title='bbox 1512 3015 1615 3055; x_wconf 81' lang='lat' dir='ltr'><em>sorte,</em></span> <span class='ocrx_word' id='word_1_855' title='bbox 1638 3027 1726 3059; x_wconf 84' lang='lat' dir='ltr'><em>eaque</em></span> <span class='ocrx_word' id='word_1_856' title='bbox 1752 3017 1894 3059; x_wconf 75' lang='lat' dir='ltr'><em>gratuita.</em></span> <span class='ocrx_word' id='word_1_857' title='bbox 1920 3015 1996 3046; x_wconf 85' lang='lat' dir='ltr'><em>Pec-</em></span> 
     </span>
     <span class='ocr_line' id='line_1_129' title="bbox 1230 3055 1996 3098; baseline 0.003 -11"><span class='ocrx_word' id='word_1_858' title='bbox 1230 3064 1357 3088; x_wconf 84' lang='lat' dir='ltr'><em>catores</em></span> <span class='ocrx_word' id='word_1_859' title='bbox 1375 3058 1411 3092; x_wconf 58' lang='grc' dir='ltr'><em>δ”</em></span> <span class='ocrx_word' id='word_1_860' title='bbox 1430 3056 1512 3089; x_wconf 79' lang='lat' dir='ltr'><em>stulti</em></span> <span class='ocrx_word' id='word_1_861' title='bbox 1525 3063 1575 3097; x_wconf 89' lang='lat' dir='ltr'><em>pro</em></span> <span class='ocrx_word' id='word_1_862' title='bbox 1600 3061 1732 3098; x_wconf 80' lang='lat' dir='ltr'><em>populo.</em></span> <span class='ocrx_word' id='word_1_863' title='bbox 1778 3055 1918 3097; x_wconf 81' lang='lat' dir='ltr'><em>Christum</em></span> <span class='ocrx_word' id='word_1_864' title='bbox 1943 3065 1996 3086; x_wconf 74' lang='lat' dir='ltr'><em>nec</em></span> 
     </span>
     <span class='ocr_line' id='line_1_130' title="bbox 1230 3096 1996 3140; baseline -0.003 -12"><span class='ocrx_word' id='word_1_865' title='bbox 1230 3104 1383 3135; x_wconf 82' lang='lat' dir='ltr'><em>mutuum,</em></span> <span class='ocrx_word' id='word_1_866' title='bbox 1408 3108 1458 3129; x_wconf 78' lang='lat' dir='ltr'><em>nec</em></span> <span class='ocrx_word' id='word_1_867' title='bbox 1472 3099 1542 3129; x_wconf 87' lang='lat' dir='ltr'><em>alios</em></span> <span class='ocrx_word' id='word_1_868' title='bbox 1551 3099 1630 3140; x_wconf 85' lang='lat' dir='ltr'><em>juris</em></span> <span class='ocrx_word' id='word_1_869' title='bbox 1647 3100 1784 3132; x_wconf 84' lang='lat' dir='ltr'><em>Gentium</em></span> <span class='ocrx_word' id='word_1_870' title='bbox 1811 3096 1972 3128; x_wconf 62' lang='lat' dir='ltr'><em>contrahitis</em></span> <span class='ocrx_word' id='word_1_871' title='bbox 1983 3118 1996 3134; x_wconf 89' lang='lat'><em>‚</em></span> 
     </span>
     <span class='ocr_line' id='line_1_131' title="bbox 1233 3138 1995 3180; baseline -0.001 -11"><span class='ocrx_word' id='word_1_872' title='bbox 1233 3148 1285 3169; x_wconf 85' lang='lat' dir='ltr'><em>nec</em></span> <span class='ocrx_word' id='word_1_873' title='bbox 1303 3139 1436 3180; x_wconf 84' lang='lat' dir='ltr'><em>judicia,</em></span> <span class='ocrx_word' id='word_1_874' title='bbox 1460 3140 1579 3171; x_wconf 85' lang='lat' dir='ltr'><em>tollere:</em></span> <span class='ocrx_word' id='word_1_875' title='bbox 1610 3142 1663 3180; x_wconf 86' lang='lat' dir='ltr'><em>sed</em></span> <span class='ocrx_word' id='word_1_876' title='bbox 1693 3140 1897 3170; x_wconf 84' lang='lat' dir='ltr'><em>humanitatem</em></span> <span class='ocrx_word' id='word_1_877' title='bbox 1915 3161 1925 3176; x_wconf 91' lang='lat'>‚</span> <span class='ocrx_word' id='word_1_878' title='bbox 1956 3138 1995 3168; x_wconf 82' lang='lat' dir='ltr'><em>ad</em></span> 
     </span>
     <span class='ocr_line' id='line_1_132' title="bbox 1236 3180 1996 3225; baseline -0.007 -12"><span class='ocrx_word' id='word_1_879' title='bbox 1236 3189 1322 3220; x_wconf 84' lang='lat' dir='ltr'><em>quam</em></span> <span class='ocrx_word' id='word_1_880' title='bbox 1331 3180 1677 3225; x_wconf 82' lang='lat' dir='ltr'><em>Mosaicapergebatlex,</em></span> <span class='ocrx_word' id='word_1_881' title='bbox 1699 3182 1842 3214; x_wconf 80' lang='lat' dir='ltr'><em>intendere</em></span> <span class='ocrx_word' id='word_1_882' title='bbox 1857 3180 1996 3219; x_wconf 81' lang='lat' dir='ltr'><em>adversas</em></span> 
     </span>
    </p>
   </div>
   <div class='ocr_carea' id='block_1_13' title="bbox 1946 3218 1995 3256">
    <p class='ocr_par' dir='ltr' id='par_1_16' title="bbox 1946 3218 1995 3256">
     <span class='ocr_line' id='line_1_133' title="bbox 1946 3218 1995 3256; baseline 0 -17"><span class='ocrx_word' id='word_1_883' title='bbox 1946 3218 1995 3256; x_wconf 61' lang='lat' dir='ltr'><em>s..-</em></span> 
     </span>
    </p>
   </div>
   <div class='ocr_carea' id='block_1_14' title="bbox 1131 992 1203 1026">
    <p class='ocr_par' dir='ltr' id='par_1_17' title="bbox 1131 992 1203 1026">
     <span class='ocr_line' id='line_1_134' title="bbox 1131 992 1203 1026; baseline 0 0"><span class='ocrx_word' id='word_1_884' title='bbox 1131 992 1203 1026; x_wconf 83' lang='lat' dir='ltr'><em>vn.</em></span> 
     </span>
    </p>
   </div>
   <div class='ocr_carea' id='block_1_15' title="bbox 2033 333 2035 340">
    <p class='ocr_par' dir='ltr' id='par_1_18' title="bbox 2033 333 2035 340">
     <span class='ocr_line' id='line_1_135' title="bbox 2033 333 2035 340; baseline 0 0"><span class='ocrx_word' id='word_1_885' title='bbox 2033 333 2035 340; x_wconf 65' lang='grc' dir='ltr'><em>ι</em></span> 
     </span>
    </p>
   </div>
   <div class='ocr_carea' id='block_1_16' title="bbox 2035 388 2037 473">
    <p class='ocr_par' dir='ltr' id='par_1_19' title="bbox 2035 388 2037 473">
     <span class='ocr_line' id='line_1_136' title="bbox 2035 388 2037 473; baseline 0 0"><span class='ocrx_word' id='word_1_886' title='bbox 2035 388 2037 473; x_wconf 59' lang='lat' dir='ltr'><em>i</em></span> 
     </span>
    </p>
   </div>
   <div class='ocr_carea' id='block_1_17' title="bbox 2036 475 2038 519">
    <p class='ocr_par' dir='ltr' id='par_1_20' title="bbox 2036 475 2038 519">
     <span class='ocr_line' id='line_1_137' title="bbox 2036 475 2038 488; baseline 0 0"><span class='ocrx_word' id='word_1_887' title='bbox 2036 475 2038 488; x_wconf 59' lang='lat' dir='ltr'><em>i</em></span> 
     </span>
     <span class='ocr_line' id='line_1_138' title="bbox 2037 494 2038 502; baseline 0 0"><span class='ocrx_word' id='word_1_888' title='bbox 2037 494 2038 502; x_wconf 67' lang='lat' dir='ltr'><em>i</em></span> 
     </span>
     <span class='ocr_line' id='line_1_139' title="bbox 2037 507 2038 519; baseline 0 0"><span class='ocrx_word' id='word_1_889' title='bbox 2037 507 2038 519; x_wconf 65' lang='lat' dir='ltr'><em>i</em></span> 
     </span>
    </p>
   </div>
  </div>
 </body>
</html>
