2052 3487
179 121 251 162 234

219 197 284 232 Sed
310 199 508 230 revertamur
532 189 573 223 ad
597 189 624 223 d.
650 188 668 222 l.
691 196 717 220 r.
736 187 779 220 D.
802 188 836 220 de
852 189 930 219 bonis
947 197 1060 228 eorum,

183 243 234 283 qui
258 245 326 272 ante
341 236 530 278 sententiam.
563 233 593 264 in
620 241 656 263 ea
674 231 746 272 lege
769 237 865 275 negat
877 229 1060 276 Ulpianus,

182 291 241 314 reo
257 288 395 316 nocere,
413 276 434 307 fi
453 273 662 306 adversarium
680 279 860 312 corruperit
875 281 906 302 in
923 272 1061 302 crimini-

182 324 243 354 bus
267 320 380 353 mortis
404 316 553 348 naturalis
579 323 707 355 poenam
725 313 987 352 continentibus3
1012 322 1060 344 ea-

183 373 248 404 que
271 360 444 402 negatione
467 358 621 399 primam,
644 364 738 396 quam
756 354 840 393 feci,
864 354 1060 385 observatio-

178 413 254 437 nem
270 403 309 433 ad
324 402 344 433 l.
355 400 406 432 ult.
418 398 461 430 D.
472 400 506 430 de
517 398 755 440 praevaricatione
771 394 951 427 confirmat.
972 395 1059 427 idem

179 446 284 477 dicam
301 444 341 474 de
360 441 508 473 secunda.
531 449 597 471 non
615 439 699 470 enim
715 438 758 469 ait
773 436 928 478 Ulpianus
947 436 975 468 in
992 437 1012 468 l.
1030 445 1056 469 1.

179 496 237 519 reo
262 485 313 517 vel
338 484 368 515 in
394 482 542 523 sanguine
560 479 696 512 concedi
717 478 906 520 transigendi
925 478 1057 510 faculta-

179 536 268 566 tem3
291 526 421 566 utique,
445 531 479 555 ut
502 522 673 555 transactio
698 521 822 562 legibus
844 519 912 566 fieri
927 543 937 559 ,
960 527 1058 560 atque

178 569 229 601 his
247 566 399 599 effectum
419 565 538 596 habere
554 564 764 605 intelligatur.
775 562 922 598 ,minlme
947 560 1060 593 saltem

177 610 242 648 ait,
265 617 344 647 τεο,
365 607 386 639 fi
404 605 608 648 transegerit,
632 603 775 647 ignosci,
799 613 840 635 ne
865 603 895 634 ei
918 610 1057 642 noceat,

181 651 269 692 quod
300 649 511 682 adversarium
544 647 700 687 corrupit.
749 644 913 687 Significat
944 644 1058 685 igitur,

178 702 289 729 reum,
309 691 408 729 facta,
426 691 571 730 quamvis
586 689 617 720 in
633 687 803 729 sanguine,
821 686 1060 725 transactione,

178 732 325 775 peccaffe
341 732 486 764 adversus
503 731 590 772 leges
615 730 729 771 quibus
754 728 924 760 transactio
942 728 981 759 de
1000 727 1060 759 cri-

179 776 319 807 minibus
347 773 556 814 prohibetur,
579 778 677 810 atque
697 771 794 803 etiam
819 779 947 811 poenam
967 769 1059 801 meri-

181 826 269 854 tum:
295 815 347 848 sed
371 825 387 846 a
413 823 508 855 poena
532 812 691 845 excusari:
716 819 869 843 caeterum
887 812 927 842 de
944 819 1060 842 transa-

181 858 297 889 ctionis
317 857 347 888 vi
364 863 460 896 atque
479 854 599 887 effectu
614 854 749 886 verbum
771 862 836 884 non
855 853 953 885 addit.
984 861 1058 893 pro-

179 900 255 930 inde
281 899 358 939 quid
387 898 490 929 verius
518 895 584 935 est,
609 904 703 936 quam
723 904 812 933 eam,
836 895 913 926 licet
930 903 947 924 a
963 903 1058 934 poena

178 941 352 980 liberetur,
369 948 476 971 tamen
492 938 607 971 nullius
624 936 782 970 momenti
793 936 946 969 manere?
969 935 1059 977 quod

887 1047 1101 1083 CarisT

779 99 1094 135 GaRAnn1
1144 93 1381 133 Noonr
1435 137 1484 140 μ

1104 186 1248 219 fimiliter
1271 185 1321 218 his
1343 195 1415 227 quae
1440 185 1530 226 supra
1547 184 1657 219 monui
1676 193 1717 220 ex
1733 187 1762 220 d.
1782 187 1801 220 l.
1819 188 1873 222 ult.
1897 199 1977 225 con-

1105 229 1205 260 veni-t.
1248 227 1410 260 Postrema
1426 228 1531 261 nostra
1549 227 1730 261 observatio
1750 228 1919 271 Ulpianum
1933 234 1977 266 fic

1104 269 1231 310 accepit
1258 270 1288 300 in
1317 271 1345 300 d.
1362 269 1456 301 bfuit.
1481 270 1564 310 quasi
1585 270 1610 301 is
1627 272 1771 312 corrupti
1787 272 1977 307 accusatoris

1103 321 1231 353 poenam
1242 310 1526 343 Senatusconsulto
1542 311 1714 346 adscribat:
1731 313 1958 354 exceptionem
1973 340 1983 356 ,

1103 361 1317 393 praeterquam
1351 353 1382 383 in
1413 353 1587 394 sanguine,
1619 363 1686 390 non
1713 362 1814 394 aeque.
1859 353 1978 390 Verum

1103 395 1185 426 hanc
1200 403 1330 435 quoque
1347 392 1605 426 observationem
1619 396 1705 427 idem
1717 395 1808 437 juvat
1825 394 1978 436 Ulpianus

1102 437 1135 468 in
1154 437 1181 467 d.
1201 437 1220 466 l.
1243 445 1269 467 1.
1294 434 1373 467 Non
1396 436 1480 468 enirn
1499 436 1728 477 exceptionem
1747 446 1817 469 eam
1832 437 1979 471 Senatus·

1102 477 1249 509 consulto
1265 477 1419 516 imputat,
1431 478 1484 511 sed
1498 477 1683 519 Principum
1692 478 1857 517 Decrem,
1869 478 1977 519 postea

1101 518 1265 550 insecuto:
1292 519 1423 559 ejusque
1445 518 1580 551 Decreti
1605 521 1762 551 rationem
1786 520 1891 552 adfert
1909 520 1980 554 sane

1101 561 1293 605 elegantem.
1339 559 1386 590 Ea
1401 561 1482 592 ratio
1499 561 1563 598 est,
1587 563 1676 603 quod
1691 562 1875 602 Principes,
1899 563 1979 595 moti

1102 602 1306 634 mileratione
1323 600 1452 633 humani
1470 601 1620 641 affectus,
1644 603 1683 634 ad
1701 602 1743 634 sui
1759 603 1980 636 conservatio-

1102 653 1176 675 nem
1201 641 1377 674 inevitabili
1402 644 1586 675 necestitate
1611 644 1792 682 inclinantis
1807 668 1816 684 ‚
1841 645 1980 686 benigne

1102 684 1302 724 interpretati
1320 683 1408 723 sunt,
1419 685 1586 724 pecuniam
1603 695 1692 727 quae,
1705 686 1748 724 ob
1763 686 1980 727 omittendam

1104 727 1136 758 in
1161 725 1309 767 sanguine
1333 727 1587 766 accurationem„
1611 727 1786 765 accusatori
1813 737 1830 759 a
1855 738 1912 759 reo
1928 729 1981 761 da-

1103 776 1173 807 tur,
1199 776 1264 799 non
1281 767 1423 802 criminis
1439 767 1635 801 conscientia
1653 770 1737 807 dari,
1761 769 1813 801 sed
1831 777 1866 806 ut
1882 769 1981 811 vittam

1102 806 1186 841 suam
1216 808 1441 849 qualicumque
1470 811 1595 842 ratione
1625 811 1760 842 redimat
1788 820 1808 847 a
1834 811 1979 851 periculo

1101 851 1215 882 mortis
1239 859 1300 891 qua
1323 850 1400 882 nihil
1429 850 1552 887 homini
1576 852 1747 885 terribilius
1769 851 1812 884 fit.
1844 852 1922 886 ,Sed
1939 853 1979 892 de

1103 892 1157 924 usu
1177 891 1271 932 juris,
1295 892 1563 933 exceptionisque
1585 893 1669 926 circa
1693 894 1863 929 criminum
1880 900 1979 926 trans-

1101 933 1261 966 actionem
1280 933 1529 975 pactionemque
1544 935 1626 966 latis.

1161 1043 1244 1082 IX.

275 1142 507 1190 Imperatores,
535 1140 749 1176 Diocletianus
774 1136 816 1179 &³
843 1139 1086 1181 Maximianus,
1113 1136 1263 1171 declarati
1289 1137 1320 1172 in
1348 1137 1369 1171 l.
1401 1140 1454 1175 18.
1486 1136 1516 1172 C.
1541 1137 1576 1173 de
1603 1139 1871 1177 transactionibus.

179 1248 362 1319 Tantum
388 1244 546 1285 superest,
569 1251 604 1275 ut
627 1242 792 1275 ostendam
811 1265 820 1280 ,
845 1242 923 1283 quid
946 1241 1060 1283 fignifi-

274 1296 350 1319 cent
375 1286 476 1327 Impp.
502 1285 726 1317 Diocletianus
751 1285 780 1316 ὅ(
801 1283 1019 1316 Maximianus
1037 1283 1058 1315 l.

183 1335 231 1365 18.
250 1328 281 1360 C.
300 1329 332 1360 de
351 1327 612 1360 transactionibus:
636 1327 709 1367 quia
736 1326 838 1357 vereri
857 1326 927 1366 quis
945 1325 1058 1366 poffit,

180 1382 221 1403 ne
233 1371 269 1402 fit
287 1371 346 1401 alia
364 1379 495 1407 eorum,
507 1378 600 1409 quarn
621 1367 725 1399 nostra
737 1368 798 1405 ,de
818 1367 866 1399 his
882 1366 1058 1398 sententia:

182 1422 259 1445 cum
281 1411 323 1443 fic
340 1411 497 1449 scribunt,
523 1407 688 1450 Tranfigere
708 1409 873 1447 velpactsci
889 1409 922 1439 de
936 1409 1059 1439 crimine

181 1454 306 1493 capitali
321 1476 331 1489 ,
355 1458 468 1491 excepto
489 1451 630 1482 adulterio
647 1473 657 1489 ,
676 1450 853 1490 prohibitum
878 1459 935 1480 non
951 1447 1006 1489 esi:
1027 1450 1057 1480 in

178 1497 244 1527 aliis
259 1499 356 1525 autem
371 1493 496 1535 publicis
512 1492 683 1523 criminibus
697 1500 760 1532 quae
767 1491 928 1532 sanguinis
939 1498 1056 1531 patriam

177 1546 234 1567 non
258 1537 416 1576 ingerunt,
441 1531 598 1574 tranfigere
618 1542 676 1563 non
694 1532 777 1568 licet,
800 1534 875 1563 citra
883 1531 959 1572 falfi
973 1542 1057 1564 accit-

167 1579 325 1619 sationem.
353 1574 462 1613 Ecce,
479 1574 705 1606 Diocletianus
722 1573 752 1605 &
772 1573 987 1606 Maximianus
1004 1583 1058 1605 ne-

175 1625 272 1661 gant,
295 1616 495 1657 prohibitum
512 1615 596 1655 effe,
620 1614 790 1657 transigere
808 1615 860 1647 vel
878 1614 992 1655 pacisci
1017 1616 1057 1647 de

175 1659 366 1701 capitalibus
395 1658 590 1690 criminibus.
639 1666 710 1698 quae
733 1657 829 1698 igitur
851 1657 970 1688 invidia
993 1656 1056 1696 est,

171 1710 240 1734 non
257 1700 341 1742 pati,
365 1699 473 1731 valere
489 1697 738 1731 transactionem
756 1706 852 1739 quam
869 1698 913 1730 illi
930 1698 1056 1739 legibus

172 1742 323 1784 :impediri
346 1741 492 1783 negant?
514 1740 637 1773 Verum
662 1738 879 1772 succurramus
897 1739 1056 1780 Jurispru-

170 1785 313 1822 dentiae,
330 1781 459 1824 expulsa
475 1782 612 1824 caligine
622 1782 651 1813 ei
669 1790 824 1822 perquam
839 1780 981 1824 molesta.
1005 1780 1058 1812 Sic

172 1834 280 1858 autern
298 1825 435 1864 censeo,
459 1831 558 1865 atque
579 1824 665 1855 idem
681 1823 816 1864 probavi
834 1822 926 1863 hujus
942 1822 1058 1863 Operis

173 1869 281 1909 capite
304 1866 466 1905 secundo,
490 1865 705 1903 Imperatores
722 1873 789 1896 non
807 1863 915 1896 facere
934 1863 1059 1896 Consti-

172 1910 335 1942 tutionem
351 1908 481 1950 proprie
498 1907 633 1939 dic‘tam:
650 1915 715 1938 non
728 1906 825 1937 etiam
841 1913 965 1937 mutare
981 1905 1058 1947 quid

174 1961 216 1983 ex
234 1958 371 1992 recepto
387 1951 418 1982 &
434 1949 568 1981 solemni
583 1949 670 1989 Jure:
687 1946 740 1979 sed
757 1945 933 1979 rescribere
949 1947 988 1979 ad
1006 1946 1059 1978 Li·

173 1993 295 2025 bellum
323 1991 491 2030 Valentis,
513 1989 598 2032 ipsos
617 1999 676 2030 pro
702 1989 770 2029 eJus
791 1988 889 2021 seculi
906 1997 997 2020 more
1016 1989 1057 2019 de

169 2035 248 2076 Jure
267 2033 475 2066 consulentis.
501 2032 637 2072 proinde
652 2031 772 2069 nolim,
788 2029 854 2062 hoc
869 2040 981 2062 eorum
999 2029 1058 2061 Ca-

172 2083 233 2117 put
251 2077 290 2107 ad
307 2076 441 2108 modum
451 2073 700 2106 Constitutionis
715 2081 810 2104 novae
829 2079 882 2103 aut
898 2072 1057 2114 generalis

176 2117 352 2158 explicari3
376 2116 429 2148 sed
455 2114 540 2157 quafi
563 2113 698 2155 speciale
716 2113 936 2154 Rescriptum,
959 2121 1057 2153 atque

174 2168 215 2190 ex
233 2158 287 2190 usu
303 2159 380 2199 juris
397 2158 496 2196 certi,
521 2157 663 2197 denique
683 2155 920 2187 convenienter
935 2163 1055 2195 propo-

171 2199 238 2232 fitae
257 2199 403 2231 Valentis
429 2196 687 2235 Consultationi,
711 2196 825 2237 accipi.
871 2196 982 2228 Multo
1001 2196 1057 2227 mi-

171 2250 232 2273 nus
257 2250 313 2273 eos
334 2240 522 2278 exaudiam,
546 2238 631 2279 quasi
649 2238 769 2277 velint,
793 2246 984 2279 competere
1001 2246 1054 2268 ac·

171 2282 310 2314 cusatori
329 2283 359 2314 cz
376 2291 434 2313 reo
454 2280 702 2312 transactionem
722 2280 762 2311 de
786 2280 976 2320 capitalibus
994 2280 1054 2310 cri-

171 2324 337 2356 minibus:
361 2323 405 2354 ita
431 2330 485 2359 ut,
506 2321 528 2353 s1
553 2320 608 2353 fiat
626 2345 636 2360 ,
670 2321 742 2362 lege
767 2330 832 2353 non
858 2321 1055 2361 prohibente

172 2364 260 2403 fieri,
285 2365 315 2396 &
331 2364 458 2405 optimo
471 2364 541 2404 jure
556 2362 718 2401 sustineri,
734 2363 941 2403 intelligatur.
973 2362 1055 2395 Cum

175 2408 262 2439 enim
278 2407 340 2447 jam
359 2406 497 2447 liqueat,
521 2405 792 2445 qualemcumque
811 2404 852 2435 de
869 2404 1055 2436 criminibus

175 2448 424 2481 transactionem
450 2448 558 2490 legum
580 2445 751 2479 severitate
775 2445 963 2487 prohiberi3
987 2454 1056 2477 tum

1102 1240 1217 1272 factam
1234 1240 1426 1280 improbari:
1449 1241 1602 1280 amplius,
1625 1250 1684 1283 pro
1701 1249 1839 1283 peccato
1856 1241 1979 1284 puniri;

1102 1292 1156 1321 ac,
1181 1281 1201 1313 fi
1218 1283 1257 1313 de
1276 1282 1425 1323 sanguine
1441 1281 1514 1321 fiat,
1533 1293 1590 1314 reo
1606 1282 1713 1315 saltem
1732 1284 1915 1325 Principum
1935 1285 1980 1317 le·

1102 1324 1204 1355 nitate
1222 1324 1359 1355 remitti:
1380 1324 1529 1364 profecto
1543 1326 1639 1366 longe
1657 1324 1720 1364 est,
1739 1333 1792 1364 ut,
1808 1326 1896 1366 quod
1914 1335 1980 1358 cre-

1102 1366 1204 1403 ditur,
1230 1364 1292 1396 effe
1316 1366 1483 1406 negotium
1503 1365 1713 1398 Diocletiano
1731 1367 1759 1398 ἃ
1779 1367 1979 1399 Maximiano

1100 1407 1195 1448 poffit
1221 1407 1286 1437 ullo
1315 1407 1425 1438 modo.
1468 1407 1546 1438 Abit
1569 1409 1654 1439 enim
1680 1418 1696 1439 a
1714 1407 1927 1448 solemnijure
1941 1407 2003 1440 de
2044 1419 2045 1423 ¹

1101 1457 1167 1488 qno
1184 1447 1226 1479 illi
1245 1447 1274 1479 se
1292 1446 1464 1479 rescribere
1483 1448 1686 1489 profitentur.
1711 1448 1773 1481 Sed
1784 1459 1844 1482 nec
1863 1450 1981 1483 Valens

1099 1491 1125 1521 is
1143 1490 1182 1521 ad
1199 1498 1294 1528 quem
1312 1488 1500 1530 rescriptum
1525 1489 1588 1528 est,
1613 1491 1773 1532 quaefivit,
1797 1501 1868 1533 quae
1885 1499 1982 1524 trans-

1101 1530 1184 1562 actio
1201 1532 1241 1562 de
1256 1531 1442 1562 criminibus
1458 1531 1542 1563 nulla
1558 1531 1611 1570 fit,
1628 1541 1683 1564 aut
1699 1533 1819 1564 valeat:
1840 1532 1892 1564 sed
1910 1542 1981 1574 quae

1101 1572 1204 1604 evitet
1221 1571 1290 1604 falli
1307 1571 1542 1604 accusationem
1555 1584 1564 1612 3
1578 1581 1630 1604 aut
1647 1572 1702 1605 sub
1721 1584 1755 1604 ea
1775 1575 1981 1615 relinquatur.

1101 1613 1218 1645 Itane?
1242 1612 1376 1652 senties,
1402 1613 1422 1645 fi
1445 1622 1587 1646 mentem
1608 1616 1704 1647 animi
1730 1616 1768 1646 ad
1787 1617 1927 1655 priorem
1950 1616 1981 1648 &

1100 1654 1311 1696 posteriorem
1330 1653 1484 1695 Rescripti
1503 1656 1646 1695 versum,
1673 1665 1740 1688 tum
1759 1658 1798 1688 ad
1813 1658 1981 1697 utriusque

1100 1697 1361 1735 connexionem,
1377 1697 1473 1737 paulo
1491 1697 1645 1730 intentius
1662 1698 1813 1730 advertis.
1839 1698 1982 1731 Proinde

1101 1738 1176 1779 quid
1200 1737 1308 1777 ceffo,
1330 1739 1474 1778 opinari,
1499 1748 1596 1770 unum
1621 1748 1719 1780 atque
1740 1741 1899 1780 optimum
1917 1739 1982 1772 esse

1101 1780 1193 1820 huius
1218 1779 1375 1821 Rescripti
1402 1779 1545 1811 sensum:
1570 1780 1658 1811 Scire
1683 1780 1782 1812 debes
1801 1804 1811 1820 ,
1842 1781 1982 1820 Valens,

1101 1821 1189 1862 quod
1200 1845 1209 1860 ,
1220 1820 1389 1862 postquam
1404 1820 1588 1862 Principum
1601 1821 1746 1853 Decreto
1762 1823 1902 1864 placuit,
1913 1831 1982 1859 non.

1101 1871 1220 1894 nocere
1241 1872 1299 1894 reo
1323 1862 1587 1903 transactionem,
1611 1871 1767 1904 corrupto
1789 1865 1820 1895 in
1838 1864 1981 1905 capitali-

1102 1904 1160 1936 bus
1179 1904 1365 1936 criminibus
1384 1904 1582 1944 adversario,
1605 1905 1724 1937 deinde
1740 1914 1805 1937 non
1823 1905 1930 1946 potest
1947 1906 1979 1938 εἰ

1101 1945 1266 1987 prohibita
1278 1947 1313 1978 iis
1328 1947 1359 1978 in
1377 1947 1562 1978 criminibus
1578 1947 1698 1978 censeri
1716 1947 1905 1987 transacti03
1921 1947 1980 1979 uti-

1102 1996 1185 2028 que,
1210 1996 1246 2019 ut
1260 1986 1328 2019 falfi
1339 1988 1575 2019 accusationem
1593 1995 1733 2021 metuat:
1752 1989 1824 2028 quia
1836 2013 1845 2028 ,
1863 1988 1918 2021 etfi
1935 1989 1979 2020 le-

1101 2029 1195 2070 gibus
1213 2028 1281 2060 fieri
1296 2029 1524 2070 prohibeatur,
1541 2029 1571 2061 &
1585 2029 1669 2061 facta
1685 2038 1744 2070 pro
1761 2029 1826 2062 falsi
1846 2031 1980 2062 crimine

1101 2070 1276 2110 habeatur-3
1301 2079 1406 2102 tamen
1421 2080 1479 2102 reo
1497 2071 1683 2112 Principalis
1698 2071 1895 2103 humanitate
1913 2071 1980 2103 De-

1102 2113 1182 2143 creti
1200 2112 1384 2153 ignoscitur.
1426 2112 1530 2144 Aliter
1546 2120 1642 2152 atque
1657 2113 1689 2144 in
1705 2113 1891 2145 criminibus
1907 2123 1978 2154 quae

1100 2153 1258 2194 sanguinis
1291 2163 1415 2194 poenam
1440 2163 1504 2185 non
1531 2153 1698 2194 ingerunt:
1723 2155 1754 2185 in
1780 2154 1894 2194 quibus
1911 2164 1979 2187 non

1099 2194 1207 2236 potest
1223 2204 1295 2226 reus
1312 2195 1501 2236 transigere,
1521 2197 1595 2234 quin
1611 2196 1641 2226 in
1658 2194 1725 2227 falfi
1742 2195 1978 2228 accusationem

1099 2236 1241 2269 incidat:
1265 2237 1336 2277 quia
1356 2246 1421 2267 non
1441 2235 1485 2267 est
1501 2237 1599 2268 visum
1627 2236 1848 2277 Principibus,
1872 2247 1928 2268 reo
1945 2238 1977 2269 in

1098 2278 1147 2310 his
1172 2287 1241 2317 quae
1266 2288 1330 2309 nnn
1346 2278 1516 2309 continent
1533 2277 1688 2318 sanguinis
1704 2287 1829 2318 poenam
1841 2302 1850 2317 ‚
1874 2277 1978 2310 tranfi-

1099 2320 1208 2361 genti,
1230 2319 1295 2351 five
1322 2319 1541 2351 transactionis
1558 2343 1567 2357 ‚
1597 2319 1661 2351 five
1684 2320 1921 2360 corruptionis,
1944 2319 1976 2352 id

1100 2361 1163 2400 est,
1187 2362 1311 2401 peccati
1324 2384 1332 2400 ,
1358 2361 1484 2392 veniam
1500 2361 1584 2392 dare.
1630 2360 1770 2401 Exposui
1788 2361 1808 2393 i.
1828 2366 1873 2395 18.
1891 2361 1923 2393 C.
1942 2363 1975 2392 de

1099 2402 1370 2437 transastionibusr
1401 2401 1490 2434 fimul
1520 2403 1677 2433 rationem
1705 2410 1802 2442 atque
1825 2402 1975 2435 effectum

1100 2444 1321 2477 transactionis
1339 2445 1380 2476 de
1397 2443 1584 2485 capitalibus
1603 2444 1799 2476 criminibus.

924 2556 1140 2593 CAPUT
1189 2556 1233 2592 X.

180 2650 282 2695 Reum
313 2650 429 2696 publici
461 2650 600 2686 criminis
634 2650 674 2683 ab
705 2647 879 2692 accusatore
914 2659 981 2683 cum
1014 2659 1068 2694 quo
1102 2646 1254 2694 transegit
1288 2648 1321 2681 in
1346 2658 1437 2682 caua
1453 2645 1641 2693 sanguinis,
1667 2659 1725 2683 non
1756 2647 1835 2694 prffi
1861 2645 1972 2695 repeti:

254 2710 439 2744 quamquam
475 2711 533 2734 non
558 2702 590 2733 ‘oi
616 2698 855 2741 transattionis3
874 2695 936 2744 sed
960 2698 1033 2744 quia
1059 2696 1221 2743 accusator
1247 2697 1298 2743 qui
1322 2707 1460 2731 nummos
1485 2697 1626 2742 accepit,
1660 2708 1698 2732 ne
1723 2696 1841 2744 accusat
1857 2722 1867 2740 ‚
1905 2702 1972 2729 am-

243 2748 328 2795 plius
353 2745 496 2794 accusare
518 2747 707 2794 prohibetur.

175 2851 302 2927 Alius
313 2850 398 2883 enim
416 2849 520 2882 exitus
535 2858 601 2880 non
617 2848 679 2881 est:
691 2849 746 2881 nisi
762 2850 833 2891 quis
850 2859 923 2882 cum
934 2849 1055 2883 Graeco

264 2891 462 2930 Scholiaste,
484 2890 532 2920 lib.
558 2899 602 2921 xL
626 2889 741 2928 Bafilic.
768 2893 815 2923 tit.
835 2901 863 2923 2.
880 2892 992 2924 Schoiio
1017 2894 1056 2924 ad

175 2934 197 2966 1.
226 2937 273 2967 18.
300 2934 333 2966 C.
359 2935 392 2966 de
416 2930 679 2969 transactionibus,
701 2932 745 2963 lit.
773 2932 808 2964 B.
829 2940 899 2976 pag,
927 2938 998 2968 810.
1018 2934 1055 2969 &²

164 2976 228 3016 seq.
246 2982 313 3008 tom.
337 2984 363 3007 1.
386 2984 427 3007 ne
444 2975 484 3007 de
495 2972 562 3004 aliis
577 2973 700 3013 dicam,
721 2973 824 3012 hunc,
841 2984 974 3016 quoque
991 2975 1053 3007 esse

173 3018 324 3050 effectum
344 3023 454 3058 putet,
474 3024 515 3047 ne
530 3023 602 3046 reus
618 3013 658 3044 ab
673 3023 713 3044 eo
730 3023 802 3046 cum
819 3025 885 3055 quo
903 3015 1054 3058 transegit

172 3059 205 3091 in
232 3059 365 3099 publico
389 3057 545 3095 crimine,
571 3062 758 3096 repetatur,
780 3056 940 3089 resistente
969 3059 1054 3099 pacti

173 3102 372 3142 exceptione
402 3109 497 3141 quam
523 3099 554 3130 in
578 3096 695 3143 Edicto
711 3099 871 3143 promittit
887 3098 1013 3131 Praetor
1031 3100 1052 3132 l.

174 3149 203 3182 7.
219 3142 248 3183 ὃ.
266 3151 296 3182 7.
316 3141 358 3174 D.
375 3143 410 3173 de
422 3140 525 3183 pactis.
561 3138 623 3170 Sed
640 3137 717 3170 mihi
736 3139 849 3179 religio
865 3138 984 3178 fuerit,
1008 3142 1054 3172 eis

172 3187 227 3258 ἓῖῗ
236 3184 306 3266 ἓὲἑὲ
317 3184 466 3262 ἓῗὲἓῖῗίῗὲ
474 3206 485 3223 ’
496 3178 763 3264 ῗὲἓεὲἓῖῗίιέἲέἓῗ
779 3181 1054 3263 ῗὲῑὲῃιὲἑῗὲῧὲξέῗ

472 3248 484 3266 2
751 3245 762 3259 ⁹
1042 3241 1054 3252 ⁴

1098 2856 1221 2888 matur:
1244 2849 1300 2881 sed
1324 2858 1401 2888 reo,
1423 2858 1465 2881 ne
1482 2849 1510 2880 ei
1533 2855 1671 2888 noceat,
1694 2848 1878 2889 Principum
1894 2846 1972 2879 leni·

1098 2900 1165 2924 tate
1191 2892 1338 2923 donatur.
1380 2889 1457 2924 Non
1481 2891 1577 2931 igitur
1594 2890 1702 2932 potest
1718 2890 1885 2922 transactio
1901 2896 1972 2934 quae

1096 2933 1221 2975 legibus
1247 2931 1429 2964 adversatur
1447 2956 1458 2971 ,
1497 2932 1578 2973 paen
1601 2933 1798 2973 exceptione
1823 2930 1971 2974 adjurari.

1096 2976 1146 3007 An
1163 2975 1240 3015 quid
1256 2975 1358 3005 verius
1376 2974 1438 3013 est,
1456 2982 1551 3014 quam
1566 2974 1655 3014 quod
1671 2974 1791 3006 Praetor
1806 2971 1835 3002 in
1853 2968 1970 3001 Edicto

1097 3016 1200 3048 servat
1217 3015 1325 3054 pacta,
1349 3025 1413 3047 non
1432 3016 1559 3054 omnia3
1583 3015 1636 3047 sed
1652 3025 1690 3047 ea
1706 3020 1893 3059 quaeneque
1910 3011 1969 3041 do-

1099 3058 1131 3089 lo
1156 3057 1259 3094 malo,
1284 3066 1389 3097 neque
1414 3056 1562 3089 adversus
1579 3057 1684 3098 leges,
1707 3062 1759 3087 aut
1774 3062 1808 3097 in.
1822 3052 1969 3083 fraudem

1098 3099 1222 3141 legum,
1246 3097 1329 3130 faeta
1354 3097 1477 3130 fuerint
1497 3099 1526 3129 d.
1552 3099 1568 3129 ἰ,
1586 3108 1614 3140 7.
1630 3098 1659 3140 §.
1677 3107 1706 3138 7.
1745 3093 1850 3139 Qffldp
1870 3091 1892 3123 sl
1908 3101 1970 3124 ¹³00

1098 3143 1180 3173 ratio
1197 3141 1335 3182 patitur,
1353 3139 1508 3187 Edictum⁴
1522 3149 1586 3187 quo
1603 3140 1722 3184 Praetor
1739 3133 1898 3177 promitit,
1914 3143 1970 3180 pa-

1100 3182 1149 3214 cta
1173 3182 1315 3221 servare,
1339 3182 1407 3213 alns
1425 3181 1575 3222 applicari
1591 3180 1706 3221 pacm,
1730 3185 1825 3217 quam
1842 3176 1882 3208 de
1903 3183 1971 3215 qui-

1099 3223 1158 3260 bus
1181 3224 1338 3265 cogitavit
1361 3222 1509 3258 Praetor?
1529 3222 1631 3264 Atqui
1644 3228 1709 3255 non
1724 3218 1834 3261 putuit
1849 3218 1972 3298 cogistg
