2036 3495
160 159 236 196 434

167 238 201 269 de
212 233 468 268 transactionibus.-
483 229 527 261 est
544 229 627 262 enirn
643 227 797 265 difficilis,
815 227 844 257 ὗε
859 226 951 267 digna
967 234 1037 265 quae

168 278 355 316 explicetur.
373 272 469 304 verba
485 271 554 301 haec
564 269 643 300 sunt.
670 269 731 299 Ubi
765 267 862 299 atium
877 268 924 298 vel
943 273 1038 298 trans-

167 318 241 350 aftz'o
252 318 358 356 scripta
373 310 411 353 est
421 336 429 349 ‚
446 318 533 352 atque
548 309 714 351 Aquilianae
755 309 918 350 {palationis
935 307 976 343 δέ’
988 317 1035 338 nc-

166 356 354 399 ceptilittiorzis
380 353 505 384 vinculis
524 350 654 391 firmitas
669 351 748 392 juris
775 351 884 381 innexu
903 347 960 390 eft:
984 354 1036 379 aut

161 398 320 439 subsecutis
330 395 491 434 secundum
506 393 578 434 leges
595 392 851 423 accommodandus
869 388 908 431 est
924 391 1036 428 consen-

161 441 235 480 sus;
252 443 305 470 aut
315 443 400 477 poena
416 444 476 466 una
490 444 554 465 cum
570 433 613 464 his
627 443 689 474 quw
703 435 772 464 data
786 434 950 472 probantur
963 455 971 470 ‚
986 441 1036 462 an-

168 487 195 511 te
209 478 396 520 cognitionem
405 476 493 513 ecrufie
507 474 549 515 (fi
563 475 746 510 adversarius
755 474 805 505 boc
819 473 974 513 nmluerz‘t)
992 474 1037 517 in-

160 521 286 562 ferenda
300 517 348 560 qli.
384 517 419 549 In
438 517 530 548 initio
547 516 636 555 hujus
653 516 716 546 loci
734 514 891 546 notandus
909 513 956 560 est.
971 514 1038 545 ulus

169 561 312 598 voculae,
335 560 401 598 vel,
425 558 503 589 nibil
520 556 748 597 distinguentis.
787 555 831 587 est
847 556 932 587 enirn
950 564 980 600 ¹.⁰
998 564 1038 600 eo

168 602 270 633 sermo
289 602 329 633 de
347 599 578 636 transactione3
602 606 667 628 non
683 598 722 629 de
739 597 833 638 paCto
856 598 1038 641 donationis

169 642 269 674 caul'a.
292 652 388 682 atque
405 641 447 672 ita
463 650 500 670 ea
516 648 581 670 vox
592 637 918 678 frequentersumitur
934 637 973 667 ab
984 636 1038 667 Hr-

168 684 271 717 storia:
298 683 444 724 Augustae
468 679 691 719 scriptoribus:
718 688 752 710 ut
777 680 814 710 ad
829 688 897 709 eam
917 679 1038 718 aliquo-

170 727 230 757 ties
246 725 411 756 annotavit
421 721 592 754 Salmasius.
615 720 755 752 Sumitur
770 729 900 760 quoque
916 729 957 750 eo
975 728 1040 750 mo-

172 768 214 798 do
235 769 265 798 in
281 767 300 797 l.
316 775 366 805 41.
385 765 417 795 C.
432 765 490 794 eod.
508 763 554 793 tit.
571 762 590 793 l.
602 772 631 801 7.
642 761 671 803 §
683 762 737 793 ult.
755 761 797 792 D.
813 762 864 792 Ar
878 761 966 802 legem
982 760 1040 800 Ju-

170 809 239 839 liam
255 805 429 848 majestatis,
446 804 566 836 &alibi
590 801 664 834 Nec
680 803 756 834 illud
771 803 936 848 omittam,
954 801 1040 847 quod

170 850 202 881 in
219 848 282 880 fine
300 848 386 887 nujus
406 847 466 877 loci
491 845 606 877 dicitur
628 845 779 882 inferenda
791 851 893 883 poena:
917 844 995 874 licut
1010 852 1041 873 in

171 891 192 922 l.
211 901 238 931 3.
258 890 291 921 C.
308 891 340 920 cle
359 897 389 919 re
400 888 536 929 judicata
554 886 685 924 dicitur,
708 885 814 925 inferri
831 886 997 926 quantitas:
1013 884 1041 915 ὀί

173 932 204 962 in
223 931 242 962 l.
261 930 313 962 tiit.
336 929 375 960 D.
409 928 472 971 ⁴Qui
486 928 608 968 potiores
623 928 654 957 in
666 927 787 968 pignore
805 927 940 963 dicitur,
965 926 1043 956 incu-

171 973 205 1003 lit
226 978 337 1013 partem
360 971 455 1001 debiti.
495 967 575 1000 Haec
596 968 713 999 obiter.
752 967 880 1008 Species
899 967 967 998 talis
986 966 1042 997 est.

171 1012 278 1044 Titius
303 1022 375 1043 cum
398 1010 590 1050 Sempronio
614 1009 768 1040 convenit
787 1008 879 1047 paeto
906 1007 1043 1048 scripto,

173 1055 205 1087 iu
216 1054 279 1092 est,
290 1052 500 1085 transactione
513 1052 543 1082 in
561 1050 744 1090 scripturam
760 1049 899 1080 reclafita:
916 1057 950 1080 ut
960 1050 1043 1080 Sem-

173 1096 304 1135 pronius
325 1104 341 1126 a
361 1095 416 1125 lite
441 1101 535 1133 quam
557 1092 714 1130 intendit,
738 1098 871 1131 accepta
887 1098 979 1129 parte
999 1091 1044 1121 di-

175 1136 299 1169 scedat:
320 1137 349 1167 &
365 1134 386 1167 fi
403 1136 517 1166 iterum
534 1141 623 1174 agat,
646 1132 808 1171 stipulatur
824 1130 948 1170 Titius,
974 1132 1046 1177 data

173 1178 294 1210 restitui
311 1177 339 1208 ὅ(
355 1184 506 1216 praeterea
523 1183 650 1214 poenam
668 1173 723 1205 sibi
739 1173 815 1205 dari.
839 1173 1045 1213 Sempronius

172 1229 272 1260 porro
290 1218 444 1257 reliquum
463 1215 688 1257 obligationis,
707 1215 796 1260 quod
812 1223 879 1260 non
898 1215 1044 1260 accepit,

174 1260 341 1301 Aquiliana
364 1257 565 1298 stipulatione
588 1255 737 1288 transfert
759 1265 790 1286 in
810 1256 1045 1300 *obligationem

172 1301 362 1338 verborum3
379 1300 407 1330 ἃ
427 1307 503 1330 mox
527 1297 651 1329 Titium
676 1298 715 1328 ab
737 1306 774 1328 ea
795 1296 907 1327 liberat
924 1306 980 1336 per
995 1305 1045 1325 ac-

171 1342 421 1382 ceptilationem.
462 1340 549 1371 hisce
566 1338 718 1379 peractis,
743 1339 847 1369 denuo
864 1347 959 1377 agere
976 1336 1045 1367 vult

174 1383 391 1424 Sempronius.
408 1382 455 1412 An
475 1380 587 1420 poffit‚
605 1379 778 1420 quaeritur‘?
797 1376 1044 1422 &certum-est,

175 1434 241 1457 nou
265 1423 371 1464 poffe,
396 1423 498 1453 invito
523 1420 626 1452 Titio.
658 1421 789 1460 utique,
812 1418 838 1464 fit
857 1426 931 1449 ante
955 1418 1044 1449 litem

174 1465 382 1497 contestatam
405 1462 609 1501 Sempronius
633 1459 725 1491 Titio
748 1469 814 1491 non
832 1458 949 1490 inferat
973 1468 1045 1499 pro·

173 1506 290 1538 miffam
316 1512 442 1545 poenam
467 1511 527 1533 una
549 1510 622 1531 cum
647 1501 695 1531 his
713 1509 783 1540 qum
800 1501 871 1530 data
887 1499 967 1530 sunt.
992 1499 1045 1531 sed

172 1548 248 1587 quid
261 1569 269 1583 ,
293 1545 312 1576 fi
332 1551 456 1585 paratus
482 1541 535 1580 fit,
561 1551 597 1572 ea
614 1540 759 1573 inferre?
782 1541 886 1572 adhuc
902 1541 986 1572 idem
1002 1541 1046 1572 di·

174 1587 312 1619 cendum
327 1584 392 1616 est:
416 1582 678 1621 Titiosvolente‚
693 1581 773 1614 stare
790 1582 1044 1614 transactionem.

172 1628 312 1668 alioquin
334 1625 453 1666 poterit
477 1623 704 1665 Sempronius,
726 1622 819 1655 Titio
843 1624 1045 1655 concedente

172 1668 294 1701 causam
318 1676 411 1708 agere
433 1675 475 1697 ex
491 1665 635 1706 integro,
660 1664 750 1696 velut
766 1664 787 1696 fi
803 1665 887 1696 nulla
903 1664 1043 1696 interve-

171 1709 263 1743 niss'et
279 1707 460 1741 transactio.
493 1707 524 1738 id
541 1706 711 1747 indigitant
726 1706 795 1737 haec
811 1705 1043 1746 Imperatorum

172 1752 283 1784 verba.
307 1749 373 1782 Aut
373 1749 533 1790 subsecutis
546 1747 701 1783 &cundum
709 1747 783 1789 leges
792 1748 1043 1779 accommodandus

172 1791 211 1835 est
233 1792 400 1833 consensus,
416 1795 469 1822 aut
491 1795 576 1830 poena
595 1798 656 1820 una
672 1797 738 1820 cum
754 1789 797 1820 his
812 1798 874 1830 quae
891 1789 961 1820 data
972 1795 1041 1829 pro-

172 1837 300 1873 bantur,
324 1838 391 1865 ante
412 1830 502 1870 causae
517 1832 702 1872 cognitionem
727 1829 776 1871 (fi
793 1830 976 1870 adversarius
993 1830 1043 1861 boc

170 1875 325 1915 maluerit)
334 1874 487 1914 inferenda
500 1870 550 1912 esi.
574 1871 625 1903 Sic
634 1872 739 1904 editur
749 1871 873 1912 paffim,
882 1871 1044 1910 secundum

173 1918 256 1960 leges.
290 1925 352 1948 nec
374 1915 513 1948 damno:
537 1922 609 1945 nam
632 1912 804 1944 secundum
828 1913 915 1954 leges
934 1912 1043 1952 sonat,

172 1957 346 1991 secundum
355 1956 514 1989 Edictum.
533 1953 579 1986 est
594 1962 719 1993 tamen,
734 1954 788 1985 ubi
799 1954 932 1995 legitur,
939 1954 1044 1995 ficun-

175 2001 244 2031 dum
260 2000 356 2041 legem.
374 2006 442 2029 tum
458 2005 537 2028 vcro
552 1996 613 2027 erit
629 1994 750 2033 sensus,
761 1995 983 2035 Sempronium
994 1997 1046 2028 de-

175 2040 273 2081 bere,
289 2040 461 2072 secundum
477 2038 582 2079 legem
606 2036 844 2074 transactionis,
861 2036 1016 2068 abstinere
1031 2046 1048 2067 a

179 2082 254 2114 lite:
272 2090 324 2112 aut
341 2081 362 2112 ss
378 2080 456 2112 velit
473 2088 585 2120 agere3
600 2086 753 2119 oportere
771 2087 842 2109 eum
859 2086 934 2108 ante
951 2077 1048 2109 causae

178 2123 400 2164 cognitionem
411 2145 421 2160 ‚
436 2121 468 2152 id
478 2119 541 2159 est,
557 2128 630 2151 ante
640 2120 728 2151 litem
739 2118 946 2151 contestatam
957 2142 966 2157 ,
984 2127 1049 2159 poe⁴

176 2174 248 2196 nam
261 2173 354 2204 quam
371 2161 532 2203 promitit,
547 2160 667 2192 inferre
684 2169 744 2192 una
755 2170 828 2192 cum
848 2160 895 2191 his
912 2169 983 2201 quae
999 2169 1050 2206 ac·

175 2206 264 2246 cepit
280 2203 500 2236 transactionis
520 2201 629 2234 causa:
646 2203 719 2233 dum
738 2210 841 2233 tamen
859 2201 1049 2233 adversarius

174 2246 244 2278 hoc
259 2254 390 2286 quoque
406 2244 512 2280 malit,
531 2252 627 2283 quam
636 2242 715 2275 stare
728 2243 984 2276 transactionem.
1007 2243 1050 2273 At

180 2288 245 2318 hoc
262 2287 377 2318 incidit
392 2289 423 2318 in
441 2284 672 2316 difficultatem.
696 2286 864 2324 quomodo
878 2284 960 2315 enim
979 2291 1051 2323 aget

180 2328 403 2370 Sempronius:
427 2326 552 2359 actione
571 2334 626 2366 per
645 2325 924 2365 acceptilationem
939 2325 1051 2357 exstin-

755 139 1065 176 Gizittxnnr
1115 131 1352 170 Neon-r

1081 224 1129 255 cta
1144 223 1163 255 l.
1180 232 1226 263 15.
1243 223 1277 255 C.
1295 224 1353 255 eod.
1369 225 1415 254 tit.
1434 223 1452 254 ἶ,
1464 223 1517 254 ult.
1536 223 1570 255 C.
1587 225 1620 255 de
1634 225 1868 264 acceptilatione?
1889 222 1944 258 Vi·

1080 266 1208 296 deamus
1232 273 1356 302 tamen,
1380 274 1452 296 cum
1477 264 1572 296 solius
1591 264 1711 296 interiit
1727 265 1824 305 Titii,
1848 267 1944 299 subla-

1080 314 1141 337 tam
1165 305 1296 346 intelligi
1314 306 1488 337 actionem:
1513 316 1552 336 ne
1570 305 1695 344 Titius,
1719 306 1740 338 fi
1760 308 1856 346 velit,
1880 318 1946 339 uta-

1080 355 1129 378 tur
1145 345 1199 378 suo
1213 347 1300 386 jure:
1316 346 1337 378 fi
1354 347 1452 385 nolit,
1469 356 1532 378 non
1546 356 1661 378 utatur.
1677 347 1709 378 id
1725 347 1819 380 facile
1836 350 1946 380 admit-

1080 389 1172 425 titur,
1196 388 1407 419 transactione
1423 388 1504 424 {afta
1523 387 1584 419 fine
1601 390 1846 429 acceptilatione
1862 390 1881 421 l.
1901 399 1946 427 14.

1079 429 1112 459 C.
1130 429 1163 459 de
1177 429 1441 460 transuttiom'bzts:
1464 430 1536 470 quia
1552 438 1618 461 tum
1642 439 1730 462 extat
1750 431 1851 463 aftio:
1876 431 1905 462 ὅ(
1927 431 1949 462 ti

1080 470 1273 509 exceptione
1300 470 1474 511 attingetur
1491 494 1501 509 ‚
1538 471 1712 502 servabitur
1739 472 1948 513 replicatione

1080 510 1147 542 doli
1166 511 1248 541 mali.
1272 511 1357 543 idem
1377 520 1541 552 putemus,
1566 512 1778 545 transactione
1795 513 1876 545 fasta
1893 523 1948 553 per

1082 552 1381 591 acceptilationem3
1397 553 1416 584 ti
1435 552 1702 593 patiatur-Titius,
1720 564 1761 586 ex
1777 555 1903 595 integro
1920 564 1949 585 a·

1082 593 1112 633 gi
1130 592 1270 632 causam3
1286 595 1406 635 quippe
1419 604 1490 626 cum
1501 594 1684 626 exstinetam
1701 594 1836 637 intelligi
1851 596 1950 627 afflo-

1081 643 1154 665 nem
1171 633 1346 673 pristinam,
1372 636 1485 667 nullius
1509 637 1646 673 intersit,
1673 636 1726 668 nifi
1741 635 1833 669 Titii.
1858 637 1951 677 possit

1082 675 1145 706 hoc
1156 675 1286 714 aequitas
1297 675 1442 707 suadere:
1459 684 1491 708 ut
1503 678 1612 717 utjure
1630 677 1842 711 destituamur.
1868 687 1952 710 nunc

1083 715 1274 756 permittunt
1290 716 1413 757 insuper
1436 718 1616 758 Principes,
1641 720 1756 760 negligi
1779 719 1860 759 Juris
1885 719 1953 750 for-

1084 765 1165 788 mam
1182 757 1354 789 solemnem
1373 759 1522 798 quidem,
1546 768 1577 790 at
1592 760 1834 800 supervacuam:
1857 761 1900 793 ob
1919 761 1954 791 li·

1085 798 1249 839 rigantiutn
1265 798 1469 831 consensum:
1494 802 1579 840 quod
1597 802 1625 832 ἃ
1644 802 1702 832 inl.
1721 812 1749 833 2.
1767 803 1799 834 C.
1815 805 1848 833 de
1864 801 1958 844 petiis

1085 839 1250 870 observavi
1268 839 1356 880 supra
1373 850 1441 881 cap.
1463 850 1509 872 11.
1539 841 1603 873 Etsi
1620 852 1679 873 nec
1696 843 1911 876 intercedam:
1935 843 1957 875 ti

1086 883 1157 921 quis
1173 880 1350 914 existimet:
1365 883 1404 912 rin
1424 882 1587 922 proposito
1608 893 1646 914 ne
1663 883 1811 916 sublatam
1829 886 1957 925 quidem

1086 921 1148 953 effe
1166 921 1326 962 pristinam
1344 923 1521 955 actionem:
1547 933 1680 965 propter
1696 926 1848 965 adjectam
1866 936 1957 957 acce-

1087 963 1247 1004 ptilationi
1268 972 1372 1003 poenae
1398 964 1649 1004 stipulationem:
1672 968 1722 997 cui
1744 967 1864 1008 semper
1886 967 1956 999 infit

1087 1005 1253 1043 conditio,
1275 1005 1317 1036 Ni
1336 1004 1406 1036 fiat:
1425 1007 1468 1036 ita
1486 1007 1576 1046 poffit
1594 1017 1629 1038 ea
1651 1008 1768 1046 videri,
1792 1009 1892 1040 actori
1912 1018 1957 1040 ta-

1088 1045 1152 1076 cite
1168 1046 1241 1076 dare
1255 1045 1303 1085 jus
1321 1047 1456 1078 abeundi
1475 1057 1491 1077 a
1508 1048 1737 1080 transactione:
1761 1052 1859 1081 modo
1876 1050 1957 1081 infe-

1087 1096 1135 1118 rat
1151 1096 1278 1127 poenam
1304 1097 1363 1119 una
1380 1097 1453 1119 cum
1471 1088 1519 1120 liis
1535 1098 1604 1129 quae
1621 1090 1692 1121 data
1709 1090 1786 1130 iint3
1808 1101 1868 1123 nec
1893 1091 1956 1122 boc

1088 1129 1212 1159 recuset
1229 1138 1310 1160 reus.
1334 1129 1366 1160 id
1383 1129 1402 1160 fi
1420 1130 1542 1169 placet:
1560 1139 1622 1162 non
1641 1130 1686 1162 est
1704 1131 1756 1163 bic
1773 1142 1827 1172 per
1843 1142 1955 1173 accep·

1089 1170 1265 1200 tilationem
1283 1179 1361 1210 pure
1377 1171 1495 1201 lublata
1510 1172 1611 1203 acuo:
1627 1171 1679 1204 sed
1696 1172 1751 1203 sub
1769 1174 1957 1205 conditione

1089 1219 1158 1251 quae
1175 1219 1240 1242 non
1262 1212 1384 1242 extitit.
1415 1213 1525 1252 aliquis
1551 1214 1654 1252 dicat,
1677 1215 1958 1255 acceptilationem

1089 1251 1151 1282 ess'e
1166 1252 1268 1282 astum
1285 1252 1458 1290 legitimum
1471 1277 1480 1290 ‚
1498 1262 1561 1285 non
1581 1254 1705 1286 solitum
1725 1255 1793 1287 fieri
1811 1256 1865 1288 sub
1879 1266 1958 1288 con-

1087 1293 1211 1324 ditione
1227 1293 1245 1324 l.
1256 1303 1284 1332 4.
1301 1294 1341 1323 D.
1358 1296 1391 1323 tle
1402 1295 1623 1335 acceptilatione.
1647 1295 1700 1326 sed
1716 1297 1746 1327 id
1761 1307 1870 1329 verum
1889 1298 1933 1328 est
1944 1320 1955 1336 ,

1087 1333 1229 1374 exprefl'a
1246 1335 1445 1366 conditione.
1471 1345 1621 1367 caeterum
1640 1337 1735 1369 tacite
1752 1347 1820 1369 eam
1839 1340 1958 1379 apponi

1086 1375 1341 1414 acceptilationi‚
1366 1376 1441 1407 nihil
1461 1385 1547 1408 vetat
1563 1377 1581 1407 l.
1609 1387 1652 1409 12.
1672 1377 1714 1409 D.
1733 1381 1790 1409 eod.
1808 1381 1854 1410 tit.
1885 1389 1959 1411 nam

1087 1415 1229 1455 expressa
1247 1425 1387 1454 nocent,
1411 1427 1474 1449 non
1494 1418 1634 1458 express'u
1653 1428 1717 1450 non
1732 1429 1854 1452 nocent
1870 1422 1890 1452 l.
1906 1430 1956 1462 ῃ.

1088 1456 1131 1487 D.
1151 1458 1184 1486 a‘e
1198 1458 1302 1497 regulis
1315 1458 1403 1498 juris.

1128 1496 1293 1529 Postremo
1311 1499 1663 1538 adjiciturtransaffloni
1678 1502 1903 1542 jusjurandum.
1926 1503 1957 1535 id

1089 1538 1203 1569 veroli
1221 1539 1400 1577 praestiterit
1416 1542 1513 1580 major
1530 1543 1617 1573 annis
1636 1543 1745 1583 viginti
1766 1545 1906 1585 quinque
1925 1545 1960 1575 li-

1087 1580 1166 1610 bero
1183 1580 1312 1611 arbitrio
1331 1581 1361 1611 6<
1378 1582 1563 1621 voluntate,
1587 1584 1673 1614 nullo
1696 1587 1841 1625 cogentis
1859 1587 1958 1625 impe-

1087 1622 1165 1660 rio;
1187 1621 1279 1660 isque
1303 1621 1399 1652 fidem
1423 1622 1512 1654 fallat
1535 1624 1769 1665 interpellando
1791 1626 1955 1666 judicem,

1087 1670 1141 1693 aut
1158 1660 1363 1702 supplicando
1380 1663 1517 1704 Principi
1529 1688 1538 1703 ‚
1554 1674 1607 1696 aut
1624 1675 1687 1697 non
1706 1668 1867 1707 implendo
1885 1678 1957 1708 pro·

1088 1703 1191 1735 miffa:
1217 1704 1335 1744 placuit
1360 1703 1462 1746 Impp.
1488 1706 1626 1738 Arcadio
1644 1707 1673 1739 δε
1691 1706 1841 1740 Honorio
1866 1710 1885 1741 l.
1903 1718 1954 1748 41.

1088 1745 1122 1775 C.
1150 1746 1183 1776 cie
1205 1744 1447 1777 transactionibus
1472 1747 1536 1787 ejus
1554 1748 1766 1780 temeritatem
1784 1751 1957 1790 compluri-

1087 1786 1144 1818 bus
1161 1788 1314 1818 coercere
1330 1788 1437 1828 poenis.
1456 1789 1704 1830 primumjuffit,
1721 1800 1792 1822 eum
1807 1791 1959 1823 infamem

1086 1825 1166 1859 ess'e:
1183 1828 1299 1860 deinde
1308 1830 1421 1869 privari
1439 1828 1488 1861 sua
1497 1830 1715 1863 actionenum
1725 1833 1825 1864 teneri
1837 1835 1873 1864 ad
1889 1843 1954 1874 βαε-

1086 1879 1157 1901 nam
1174 1869 1271 1909 pastis
1291 1871 1498 1910 probabiliter
1514 1871 1658 1904 insertam
1672 1884 1679 1905 :
1695 1873 1856 1913 postremo
1871 1884 1958 1906 care-

1087 1920 1121 1942 re
1139 1920 1246 1943 earum
1269 1920 1373 1943 rerum
1401 1912 1597 1951 proprietate
1622 1921 1717 1954 atque
1739 1916 1959 1948 emolumento

1087 1953 1175 1992 quod
1191 1962 1232 1983 ex
1254 1961 1295 1983 eo
1314 1953 1407 1994 pacto
1426 1954 1475 1985 vel
1496 1954 1707 1987 transactione
1732 1955 1828 1988 fuerit
1847 1956 1961 1987 conse-

1090 2001 1202 2025 cutus:
1223 2003 1325 2034 eaque
1348 1995 1454 2026 omnia
1478 1996 1620 2035 deputari
1647 1998 1823 2029 commodo
1846 2007 1958 2029 eorum

1091 2039 1145 2075 qui
1169 2035 1355 2066 intemerata
1380 2036 1460 2076 pacti
1479 2037 1547 2076 jura
1564 2036 1767 2068 servaverint.
1798 2039 1829 2069 id
1849 2039 1879 2069 in
1897 2039 1958 2078 pri-

1091 2076 1168 2114 mis3
1191 2076 1211 2107 ii
1234 2077 1370 2116 juratum
1392 2076 1445 2113 fit,
1470 2078 1621 2108 invocato
1640 2077 1701 2109 Dei
1719 2077 1961 2120 Omnipotentis

1092 2118 1232 2148 nomine.
1254 2117 1405 2157 amplius,
1421 2116 1442 2149 fi
1458 2117 1493 2149 fit
1506 2118 1640 2158 juratum
1662 2128 1719 2158 per
1735 2119 1864 2152 salutem
1877 2120 1962 2152 Prin-

1092 2159 1182 2198 cipis.
1202 2157 1425 2189 fueruntenim
1437 2160 1563 2191 duoilla
1577 2160 1772 2200 jurisjurandi
1789 2172 1903 2203 genera
1919 2171 1963 2193 eo

1092 2208 1239 2239 tempore
1266 2198 1372 2230 usitata
1397 2199 1606 2232 Christianis:
1638 2202 1713 2232 licet
1738 2213 1801 2234 non
1824 2203 1963 2243 jurarent

1093 2241 1284 2281 pergenium
1295 2239 1445 2282 Principis
1457 2264 1465 2279 ‚
1482 2250 1516 2271 nt
1533 2241 1694 2273 faciebant
1704 2241 1859 2275 Gentiles.
1873 2245 1961 2284 quod

1093 2283 1266 2313 commode
1291 2283 1457 2313 annotavit
1483 2282 1581 2324 Hugo
1601 2282 1756 2326 Grotius,
1780 2285 1819 2318 V.
1838 2285 1896 2318 CL.
1914 2285 1965 2317 lib:

1094 2333 1122 2356 2.
1141 2323 1265 2365 Dejure
1279 2323 1341 2354 belli
1357 2323 1392 2358 δ’
1406 2325 1488 2365 pacis
1504 2335 1528 2356 c.
1553 2333 1597 2366 13.
1614 2325 1642 2366 §.
1664 2334 1710 2358 11.

890 2431 917 2466 C
941 2442 962 2465 A
987 2442 1005 2464 P
1033 2441 1055 2466 u
1081 2439 1104 2463 :r
1161 2429 1252 2465 XV.

405 2513 572 2549 Praetorenz
590 2513 641 2546 hoc
657 2511 765 2546 Edicto
782 2522 839 2546 non
844 2509 976 2558 servare
988 2511 1080 2558 pasta
1095 2508 1211 2556 injusta
1226 2519 1235 2542 .·
1264 2509 1365 2553 qualia
1373 2507 1452 2555 sunt
1468 2509 1531 2544 dolo
1547 2510 1626 2544 malo
1635 2509 1741 2556 facia.

185 2617 300 2690 Huc
323 2624 424 2655 usque
450 2615 593 2652 ostendi,
616 2613 791 2646 Praetorem
810 2624 869 2655 per
883 2614 1050 2653 exceptio-

275 2666 347 2687 nem
372 2657 492 2688 servare
511 2656 600 2695 pacta
624 2664 805 2695 conventa,
830 2656 881 2687 sed
903 2657 985 2686 nuda
1008 2663 1051 2685 at-

184 2710 246 2741 que
260 2698 298 2728 ad
310 2697 482 2728 tollendam
499 2698 587 2728 litem
604 2705 794 2738 comparata.
820 2696 985 2732 Deinceps
1000 2696 1051 2727 ad·

185 2744 275 2773 dam:
302 2738 389 2778 quod
413 2747 472 2768 nec
497 2738 551 2768 ista
577 2737 697 2777 servat3
721 2738 775 2770 nifi
790 2737 848 2770 fint
870 2738 948 2778 justa
963 2738 982 2768 l.
1000 2747 1051 2776 40.

183 2783 214 2826 §,
233 2792 258 2814 1.
277 2780 296 2812 l.
312 2789 361 2820 52.
377 2778 406 2819 §.
427 2788 454 2809 2.
475 2777 515 2809 D.
533 2780 566 2809 de
578 2778 693 2819 panis:
714 2779 779 2810 hoc
794 2779 858 2818 est,
877 2779 930 2820 (ut
948 2779 1052 2810 brevi-

183 2834 233 2857 ter
254 2830 350 2862 atque
377 2819 490 2850 Edicto
512 2821 746 2852 convenienter
769 2821 812 2852 ait
829 2820 1015 2861 justinianus
1032 2820 1051 2851 l.

184 2876 235 2904 29·
254 2864 287 2895 C.
306 2862 364 2893 eod.
384 2861 449 2901 tit.)
473 2868 577 2898 neque
593 2870 704 2893 contra
723 2863 829 2903 leges,
854 2871 959 2902 neque
975 2861 1053 2892 dolo

183 2906 268 2940 malo
284 2904 379 2941 inita,
396 2899 497 2932 Fuiffe
514 2908 643 2941 quoque
661 2903 736 2933 olim
754 2905 784 2934 in
802 2903 936 2942 Edicto,
961 2901 1053 2934 NEC

186 2948 249 2986 VI,
272 2955 312 2977 ex
335 2944 493 2977 Cicerone
508 2941 555 2971 lib.
574 2951 602 2981 3.
619 2941 667 2972 De
682 2943 781 2983 officiis
796 2955 819 2975 c.
834 2954 882 2984 24.
906 2943 1050 2975 observa-

184 2990 234 3021 vit
250 2987 291 3019 D.
313 2985 476 3026 Cujaeius3
499 2990 594 3022 atque
619 2982 681 3013 effe
707 2985 876 3017 detractam
900 2987 947 3016 vis
964 2994 1051 3016 men-

187 3032 328 3062 tionem:
351 3027 424 3066 quia
441 3025 535 3056 etiam
552 3022 629 3054 dolo
646 3022 681 3053 fit
697 3027 783 3062 quod
801 3028 830 3056 vi
849 3026 895 3058 fit.

225 3072 363 3103 Primum
375 3064 494 3099 recusat
505 3064 642 3100 Praetor,
659 3062 779 3095 servare
794 3068 883 3106 pacta
901 3070 961 3100 dolo
979 3069 1051 3101 maio

185 3112 268 3144 faeta
282 3112 301 3142 l.
313 3121 341 3149 7.
351 3109 379 3155 §
389 3119 418 3148 7.
429 3107 470 3139 D.
481 3107 540 3137 eod.
549 3109 594 3136 tit.
610 3103 733 3135 Dolum
743 3115 846 3138 autom
863 3110 978 3142 malum
990 3111 1053 3141 hoc

185 3156 285 3186 modo
305 3151 415 3183 debuit
437 3147 588 3187 Ulpianus
616 3147 643 3177 d.
660 3146 679 3176 l.
705 3155 733 3185 7.
750 3146 777 3187 §.
794 3156 823 3181 9-
852 3147 946 3179 Dolus
962 3152 1053 3182 ninius

182 3195 222 3234 fit
237 3193 392 3225 calliditate
412 3189 447 3225 ὅ)
458 3189 601 3229 fallacia:
618 3186 654 3222 δέ’
669 3192 703 3218 ut
720 3189 762 3218 ait
778 3188 884 3218 Pedius
895 3212 904 3226 ‚
921 3191 979 3221 dolo
996 3202 1052 3222 mo-

184 3237 209 3268 lo
228 3233 347 3275 pactum
363 3232 421 3272 fit,
443 3231 548 3272 quoties
569 3229 815 3269 circumscribendi
834 3229 952 3261 alterins
967 3233 1053 3271 causa

1095 2613 1176 2645 aliud
1191 2613 1308 2654 agitur,
1326 2611 1362 2646 ἐξ
1379 2612 1459 2642 alind
1472 2611 1698 2653 agifimulatur.
1731 2612 1817 2644 Idem
1838 2620 1962 2651 tamen,

1095 2655 1182 2694 quod
1202 2655 1338 2691 mireris,
1363 2652 1515 2692 Ulpianus
1532 2654 1551 2685 l.
1572 2663 1596 2685 1.
1615 2654 1642 2696 §.
1660 2664 1688 2685 2.
1705 2654 1748 2686 D.
1770 2656 1803 2686 de
1818 2654 1876 2685 dolo
1892 2654 1961 2685 malo

1093 2696 1134 2727 fic
1156 2695 1271 2726 scribit.
1316 2695 1425 2726 Dolum
1446 2695 1554 2726 malum
1573 2696 1693 2726 Ser-vius
1708 2697 1821 2737 quidem
1837 2697 1879 2726 ita
1895 2694 1963 2735 defi-

1095 2738 1158 2775 nit,
1175 2736 1413 2768 machinationem
1430 2738 1577 2777 quandum
1592 2737 1710 2767 alterius
1726 2738 1883 2778 decipiendi
1894 2746 1962 2767 cau-

1086 2780 1126 2817 sa
1136 2801 1145 2816 ,
1161 2788 1224 2808 cum
1240 2777 1320 2808 aliud
1329 2776 1504 2815 simulatur,
1520 2777 1556 2812 &³
1572 2778 1654 2810 aliun
1664 2779 1775 2820 agitur.
1801 2778 1894 2809 Labeo
1910 2787 1962 2808 au-

1097 2826 1151 2850 tern
1168 2819 1242 2859 poffe
1260 2817 1296 2853 ὅ)
1304 2818 1367 2856 fine
1380 2818 1564 2856 fimulatione
1579 2821 1607 2850 id
1621 2821 1687 2860 agi,
1711 2826 1744 2850 ut
1765 2821 1830 2861 quis
1844 2821 1965 2850 circum-

1095 2862 1233 2892 veniatur
1246 2884 1255 2899 ,
1276 2860 1347 2900 poffi:
1363 2859 1400 2894 δ’
1415 2859 1479 2897 fine
1500 2861 1559 2891 tiolo
1584 2862 1656 2892 niolo
1672 2861 1753 2892 aliud
1770 2863 1819 2901 agi
1834 2860 1870 2894 δ’
1886 2859 1965 2890 aliud

1088 2900 1242 2940 simulari:
1252 2900 1341 2939 ficati
1353 2902 1473 2939 fuciunt
1487 2904 1537 2943 qui
1550 2910 1603 2942 per
1617 2902 1755 2944 ejusmodi
1770 2900 1965 2941 ctrffimul'atio-

1096 2953 1159 2974 neni
1175 2944 1337 2983 deserviunt
1357 2943 1393 2977 ξεί3
1416 2949 1535 2973 tuentur
1549 2945 1595 2973 vei
1612 2947 1665 2979 suu
1680 2945 1727 2974 vel
1742 2943 1843 2974 aliena.
1866 2943 1962 2980 itaque

1096 2986 1151 3024 ipse
1161 2983 1205 3022 fic
1222 2983 1445 3023 definit,dolurn
1462 2985 1568 3015 malum
1578 2984 1627 3025 effe
1645 2993 1751 3015 omnem
1766 2983 1963 3018 calliditatem,

1088 3026 1246 3065 fallacium
1264 3051 1273 3064 ,
1301 3026 1538 3056 machinationem
1556 3050 1564 3061 ,
1596 3027 1634 3057 aci
1662 3023 1959 3060 circzmiveniemimn,

1088 3068 1274 3107 fallendum,
1290 3067 1503 3107 decipientium,
1523 3067 1645 3098 alterum
1659 3066 1822 3109 adhibitum.
1854 3062 1962 3093 Labeo-

1095 3110 1142 3139 nis
1158 3107 1284 3148 definitio
1300 3118 1369 3139 vera
1383 3106 1430 3143 eli.
1456 3107 1518 3140 Sed
1534 3118 1596 3139 non
1607 3106 1650 3138 est
1659 3105 1832 3145 periculum
1844 3113 1861 3149 ;¹
1873 3113 1910 3133 ne
1928 3102 1963 3135 fi-

1096 3150 1128 3180 bi
1146 3150 1345 3181 contradicat
1371 3147 1544 3188 Ulpianus:
1568 3148 1623 3179 etss
1639 3146 1763 3177 videtur
1779 3144 1961 3176 tioftiffirms

1096 3190 1335 3231 Interpretibus.
1367 3189 1427 3220 fuit
1444 3192 1528 3222 enirn
1546 3198 1604 3219 una
1621 3187 1730 3217 eadem
1746 3186 1786 3216 de
1803 3188 1961 3231 ‹ioloqma-

1097 3232 1129 3263 io
1149 3233 1302 3268 sententia
1318 3240 1389 3263 cum
1410 3229 1558 3269 Ulpiani,
1576 3237 1640 3261 turn
1658 3235 1847 3260 caeterorum
1867 3226 1963 3257 Vete-

1875 3275 1940 3299 (um
1954 3276 1962 3296 Ζ
