2036 3495
420 156 484 192 An
515 156 607 191 L113.
635 151 661 188 I.
699 149 800 186 T1‘r.
829 147 896 187 VI.
930 148 981 186 De
997 148 1043 184 his
1058 147 1108 194 qm·
1118 144 1176 195 sui
1193 145 1242 182 vel
1256 146 1351 183 alieni
1359 147 1444 195 juris
1453 144 1542 199 sunt.

88 251 117 283 ὅτ
134 249 178 281 est
195 249 262 280 hiec
278 245 363 279 causa
375 267 385 287 ,
409 256 465 280 cur
487 246 518 277 in
542 244 612 286 lege
635 240 786 288 Pompeia
803 240 843 286 de
860 241 956 280 parri-

85 293 175 325 cidiis
200 291 252 322 fiat
274 291 392 321 mentio
417 289 523 321 matris
547 284 646 317 filiurn
669 286 867 319 occidentis,
891 289 956 313 non

84 343 182 375 patris
207 333 216 362 l
246 341 270 363 1.
291 331 322 361 l)
352 338 384 361 αε
399 331 451 372 leg.
473 327 594 368 Pompej>
615 329 647 357 cie
660 325 805 369 parricid,
839 322 955 354 Praete-

87 385 139 407 rea
157 382 199 404 ait
212 371 398 412 Dionysius,
415 379 534 412 patrem
551 366 744 405 liahuiffejus
764 363 861 398 filium
881 373 953 395 ven-

87 416 182 447 dendi
201 423 266 452 ter,
290 421 456 453 antequam
474 411 566 443 fieret
582 410 620 439 ab
635 417 675 439 eo
692 407 782 438 liber.
813 405 883 446 Ego
901 407 953 436 ad-

85 458 176 494 dam,
194 455 279 496 quod
300 463 386 493 pater
404 454 509 493 potuit
525 450 618 482 etiam
634 448 733 480 filium
750 456 843 495 noxa:
861 447 954 478 dede-

85 509 122 530 re
139 498 183 529 ob
207 496 369 528 delictum:
394 498 422 526 ὸς
439 494 505 525 sunt
525 491 671 531 exempla
688 491 705 520 L.
722 499 771 530 33.
792 488 828 523 ὃ)
844 497 893 528 gi.

86 541 120 571 de
136 548 202 570 uox.
219 537 274 569 aet.
303 535 376 567 Non
395 537 496 567 minus
516 533 620 575 potuit
638 540 727 573 pater
743 531 840 562 tilium
858 528 955 560 exhe-

87 582 197 612 redare
215 579 510 609 velimmerentem:
526 574 645 606 sinente
658 573 825 605 latitudine
842 570 957 601 verbo-

85 631 154 654 rum
167 620 257 661 Legis
273 619 454 650 Duodecim
471 616 684 651 Tabularum,
705 614 761 644 Uti
777 610 956 657 legaffic,itft

82 660 213 705 jusesto:
229 669 287 692 nec
304 661 434 698 mirum3
451 662 569 700 quippe
585 665 657 688 cum
676 663 765 695 pater
782 653 880 701 filium
899 660 955 683 eti-

87 714 136 735 am
163 701 264 743 posset
286 702 434 732 occidere
454 702 481 731 d.
501 700 520 731 l.
542 708 587 730 11.
607 697 649 729 D.
667 697 790 728 deliber.
811 691 952 740 &poflln

86 743 208 785 quodsi
225 751 296 774 eum
310 745 461 774 heredem
478 740 674 777 institueret,
689 744 744 768 aut
761 736 954 776 relinqueret

85 796 125 818 ex
144 786 233 825 lege:
250 791 317 814 erat
332 785 412 823 patri
429 785 521 814 heres
540 781 608 813 suus
626 781 654 811 ὃ(
673 777 858 810 necessarius
875 775 903 817 §.
925 785 953 807 2.

1833 150 1879 191 1‘)

1002 239 1108 277 necis,
1132 245 1226 277 quarn
1250 237 1331 278 patri
1348 235 1527 277 imposuiffe
1546 234 1762 268 necessitatem
1778 233 1875 269 filiam

1000 279 1192 316 occidendi,
1216 278 1235 310 fi
1263 278 1343 310 velit
1364 278 1516 309 occidere
1539 278 1718 309 adulterum
1742 286 1814 309 cum
1836 286 1874 310 ea

999 319 1242 362 deprehensum.
1267 320 1297 351 δε
1324 320 1410 350 rectc
1433 319 1657 351 animadvertit
1684 318 1724 351 V.
1751 317 1810 350 CL.
1837 317 1874 350 P.

998 364 1156 399 Pithoeus,
1180 361 1438 401 expendentibus
1457 360 1551 402 Legis
1566 360 1654 400 Juliae
1671 360 1787 399 verba,
1803 367 1874 392 eam

998 405 1062 436 hoc
1079 412 1172 445 agere
1190 405 1346 441 maxime,
1359 410 1393 433 ut
1412 410 1500 439 pater
1515 402 1608 443 poflit
1620 401 1798 433 adulterum
1816 402 1873 433 im-

997 455 1083 487 pune
1106 444 1273 476 occidere:
1300 443 1352 476 sed
1378 444 1515 484 adjicere
1538 453 1595 483 pro
1617 450 1873 483 temperamento

947 511 955 519 .
999 487 1088 519 nimii
1106 486 1241 524 caloris,
1257 486 1356 516 modo
1374 483 1469 516 filiam
1485 486 1615 515 occidat
1630 485 1660 515 in
1679 484 1874 516 continenti.

999 530 1107 568 itaque
1134 527 1195 565 ait,
1220 526 1341 567 Legem
1366 535 1431 557 non
1449 535 1511 558 tam
1528 525 1602 557 dare
1624 533 1703 565 patri
1720 526 1768 565 jus
1787 527 1875 556 occi-

1000 570 1095 602 dendi
1113 567 1208 600 filiam
1224 577 1297 599 cum
1316 567 1481 607 adultero,
1499 576 1592 608 quam
1608 567 1706 607 magis
1721 568 1768 606 jus
1786 568 1875 597 occi-

999 612 1095 644 dendi
1120 610 1297 642 adulterum
1321 618 1393 640 curn
1413 608 1474 640 filia
1497 609 1515 640 l.
1536 618 1586 641 20.
1604 607 1644 638 D.
1664 607 1713 638 Ad
1729 608 1780 647 leg*
1802 607 1874 648 Jul.

998 654 1031 683 de
1046 651 1137 684 adult.
1162 649 1243 691 quali
1260 649 1322 681 filia
1339 649 1402 689 ipsa
1417 649 1478 690 (sic
1495 648 1656 689 loquitur)
1672 648 1707 679 sit
1729 657 1825 690 magis
1841 657 1877 681 m

998 694 1205 730 conditione,
1229 701 1323 732 quam
1342 693 1372 724 in
1391 691 1605 731 dispositione.
1652 690 1693 720 At
1710 691 1794 721 enim
1812 698 1876 721 tur-

998 735 1052 766 bat
1071 734 1135 765 hoc
1154 733 1309 765 Marciani
1325 733 1346 764 l.
1372 743 1398 771 ς.
1419 732 1457 764 D.
1476 733 1508 763 de
1525 732 1584 774 lege
1601 731 1736 773 Pompeja
1760 732 1792 761 cie
1806 738 1874 770 par-

998 777 1118 806 ricidiis.
1145 774 1246 806 Divus
1265 774 1572 814 Hadrimzusfertur‚
1595 782 1660 804 cum
1674 774 1705 803 in
1719 774 1874 803 venatione

85 824 157 866 Inst.
177 828 209 856 cie
223 826 315 858 hereri.
335 825 411 866 qual.
433 824 469 859 &⁹
487 823 582 864 differ.
607 821 660 853 nifi
678 828 765 861 pater
782 828 853 850 eum
873 815 956 848 insti·
992 816 1090 856 filium
1103 816 1190 857 sicum
1202 817 1318 856 quidam
1329 822 1482 847 necaverat
1497 816 1547 857 qui
1562 823 1715 846 novercam
1730 812 1875 845 adultera-

85 874 189 900 tueret
207 865 261 897 sub
278 867 484 904 conditione,
504 867 534 896 Si
550 864 640 895 volet
657 862 676 893 l.
696 871 743 893 12.
761 860 803 891 D.
820 861 852 891 cle
873 858 954 889 cond.

85 907 176 950 instit.
200 907 327 947 Insuper
347 908 482 938 debetur
498 906 605 946 patriae
625 903 792 943 potestati3
815 900 902 946 quod
923 897 957 929 fi-

85 949 279 983 liusfamilias
303 949 379 979 nihil
405 947 592 988 adquirebat
616 945 689 983 sibi3
713 943 762 975 sed
780 951 886 974 omnia
904 941 954 970 ad·

86 994 230 1031 quirebat
249 991 338 1030 patri.
367 991 410 1021 ita
430 998 492 1021 non
511 987 648 1019 habebat
665 986 769 1024 bona,
792 983 844 1014 sed
862 990 956 1028 pecu-

85 1034 162 1066 lium
175 1056 183 1071 ,
199 1032 296 1071 idque
313 1030 411 1062 solum
430 1028 666 1070 profectitium:
682 1026 767 1066 cujus
778 1031 954 1066 proprietas

85 1082 152 1105 erat
171 1074 284 1114 patris,
301 1072 525 1104 administratio
543 1069 614 1101 filii:
632 1076 718 1110 patre
739 1072 952 1111 permittente.

87 1115 164 1147 Erat
180 1114 272 1154 igitur
292 1121 376 1144 tanta
396 1113 489 1154 patris
507 1112 537 1143 in
554 1110 650 1142 filium
667 1110 821 1150 potestas,
840 1112 955 1146 quanta

87 1165 155 1187 erat
173 1156 291 1186 domini
310 1156 339 1185 in
360 1155 489 1185 servum.
506 1153 570 1184 imo
587 1152 703 1191 major:
717 1158 788 1180 nam
809 1157 881 1193 cum
899 1145 954 1177 ser-

86 1207 145 1228 vus
156 1196 248 1227 semel
265 1196 410 1226 venditus
426 1203 478 1226 aut
493 1192 691 1226 manumissus
703 1214 713 1230 ‚
729 1201 744 1221 a
760 1191 891 1221 domino
909 1197 954 1219 es-

86 1238 134 1270 set
151 1238 243 1269 liber:
268 1236 367 1274 filius,
391 1236 443 1267 nisi
461 1245 509 1266 ter
526 1235 694 1270 venditus,
718 1240 830 1271 terque
849 1237 966 1260 manu--

88 1279 212 1316 missus,
229 1287 292 1309 non
312 1277 402 1308 erata
419 1284 507 1317 patre
522 1276 611 1307 liber.
635 1273 712 1305 Non
723 1276 823 1304 minus
842 1279 953 1301 notan-

88 1323 164 1353 dum
187 1318 248 1350 esse
265 1341 274 1357 ,
297 1318 417 1358 putavit
446 1315 632 1357 Dionysius,
656 1314 738 1345 hanc
761 1311 953 1353 potestatem

86 1363 166 1403 patri
183 1358 378 1398 competiisse
402 1368 464 1389 non
483 1358 522 1389 ad
540 1365 663 1397 tempus
687 1362 828 1392 certum,
852 1352 904 1385 sed
921 1352 953 1384 in

85 1409 290 1443 perpetuum,
308 1409 343 1430 ac
353 1398 415 1431 sine
426 1399 734 1436 dilerimine,utruin
749 1396 890 1435 privatus
906 1403 952 1425 es-

81 1443 131 1475 {et
147 1440 245 1479 filius,
269 1451 306 1471 an
327 1441 356 1471 in
379 1441 532 1481 dignitate
552 1440 646 1470 etiam
663 1437 779 1468 summa
801 1435 953 1467 constitu-

87 1491 148 1516 tus.
172 1483 247 1514 illud
264 1481 467 1513 confirmatur
483 1482 502 1512 l.
523 1486 550 1516 8.
565 1481 592 1512 h.
611 1486 631 1512 t.
649 1480 713 1510 hoc
736 1478 756 1509 l.
775 1487 800 1509 1.
819 1477 847 1519 §.
867 1489 897 1519 3.
911 1476 952 1507 D.

86 1527 120 1557 de
136 1525 284 1556 senatusc.
304 1524 462 1555 Macedon.
480 1521 584 1554 Unam
601 1529 707 1553 tamen
724 1520 952 1559 exceptionem

87 1567 128 1597 ad
145 1565 270 1596 Romuli
286 1565 389 1605 legem
406 1563 509 1595 adfert
529 1562 720 1604 Dionyfius,
746 1570 786 1592 ex
810 1560 952 1591 instituto

85 1606 202 1639 Numae
230 1605 394 1645 Pompilii3
418 1604 468 1636 Ne
486 1607 573 1645 patei·
592 1603 768 1643 habeatjus
793 1601 953 1633 vendendi

87 1647 206 1684 filium,
222 1648 272 1685 qui
290 1647 354 1685 ejus
371 1645 520 1677 consensu
537 1654 669 1676 uxorem
687 1643 823 1676 duxerit.
864 1643 952 1675 Vidi-

89 1698 160 1721 mus
178 1690 309 1729 patriam
328 1687 534 1726 potestatem,
558 1687 588 1718 ὅ(
610 1687 791 1717 immanem.
823 1685 953 1724 quim-is,

90 1739 152 1769 qua
176 1730 299 1760 ratione
324 1729 475 1767 placuerit
492 1727 602 1760 tanta?
627 1727 740 1768 triplex
758 1724 811 1757 est.
839 1726 953 1766 prima:

92 1772 181 1810 quod
204 1778 291 1810 pater
315 1771 353 1800 ad
380 1770 539 1801 tollendos
562 1768 678 1800 liberos
699 1767 877 1798 invitandus
894 1765 955 1798 ess'e

92 1811 260 1852 priwlegio
282 1819 375 1841 tantae
392 1810 553 1851 potcstatis
568 1810 772 1841 credebatur:
794 1809 955 1840 educatio·

90 1862 132 1885 ne
157 1853 307 1883 incertam
334 1853 472 1883 aditurus
497 1853 604 1883 aleam.
640 1851 736 1882 altera
759 1849 848 1880 causa
870 1857 956 1888 erat,

92 1896 180 1933 quod
204 1892 285 1925 filius
312 1893 478 1932 putabatur
502 1903 596 1933 egere
616 1891 801 1933 Magistratu
819 1892 956 1931 quodam

92 1933 278 1967 domestico.
295 1942 385 1964 tertia
399 1933 488 1965 causa
504 1942 586 1972 erat,
603 1937 691 1973 quod
707 1942 743 1964 ea
760 1932 897 1972 potestas
915 1933 958 1963 ni-

92 1976 136 2007 hil
155 1975 283 2013 periculi
304 1976 418 2006 habere
438 1976 616 2007 videretur:
640 1983 845 2015 procuratura
864 1974 958 2012 pieta-

93 2025 126 2048 te
144 2016 291 2053 naturali,
312 2025 351 2046 ne
366 2017 473 2047 durior
488 2016 562 2048 ess'et
578 2024 683 2056 pater3
707 2016 805 2056 magis
821 2014 958 2054 factura,

90 2065 126 2089 ut
144 2057 232 2089 foret
250 2058 362 2088 lenior.
388 2059 505 2088 indicat
523 2058 576 2088 has
592 2058 714 2089 Seneca
730 2058 776 2088 lib.
794 2066 824 2096 3.
855 2056 899 2087 De
915 2058 958 2091 be,-

88 2097 171 2138 nefic.
189 2109 212 2129 c.
232 2107 283 2130 XI.
308 2098 456 2130 Putemus
474 2100 588 2140 igitur,
605 2100 685 2139 patri
703 2100 807 2130 datam
823 2097 884 2129 esse
903 2107 958 2139 po-

80 2139 235 2173 testatem
260 2147 395 2172 tantam:
421 2149 486 2171 non
510 2149 544 2171 ut
566 2141 714 2181 perderet
731 2138 830 2171 filium
848 2147 956 2180 pater;

91 2181 145 2212 sed
170 2190 203 2212 ut
226 2180 374 2213 servaret.
398 2190 546 2212 caeterum
571 2190 740 2221 comperto
758 2181 956 2221 experimen-

91 2225 149 2259 tis,
175 2223 269 2259 patris
293 2223 444 2261 judicium
461 2222 539 2262 saepe
557 2224 717 2262 corrumpi
734 2223 957 2254 novercalibus

91 2264 326 2302 delinimentis,
350 2265 378 2295 δι
404 2263 656 2304 instigationibus
679 2264 833 2296 malorum
858 2264 960 2295 homi-

89 2314 185 2344 num3
209 2304 275 2335 suit·
295 2305 422 2336 rationis
439 2328 448 2342 ‚
479 2305 632 2336 infinitam
658 2305 742 2337 illam
766 2304 957 2345 potestatem

86 2346 168 2386 justo
193 2347 360 2385 temperari
385 2347 496 2377 modo.
522 2346 702 2387 fastumque
730 2346 781 2385 id,
806 2356 869 2377 non
897 2355 957 2377 una

81 2389 182 2427 lege,
206 2396 310 2426 neque
328 2397 390 2418 uno
410 2396 573 2428 tempore,
598 2387 649 2419 sed
667 2388 833 2427 paulatim,
857 2396 891 2418 ut
910 2387 956 2418 so-

88 2427 152 2467 let,
177 2429 327 2459 moribus.
374 2428 500 2460 Initium
519 2428 633 2460 sumam
652 2439 667 2459 a
682 2429 751 2469 jure
770 2430 841 2459 vitre
858 2430 887 2460 ὅ(
907 2438 957 2460 ne-

91 2470 162 2515 ⁰5⁵2.
177 2470 209 2501 id
232 2470 263 2500 in
280 2478 382 2501 totum
402 2469 567 2502 sublatum.
592 2471 730 2510 ideoque
750 2470 846 2502 hodie
864 2472 958 2511 parri-

91 2511 162 2542 cidii
180 2520 250 2542 reus
269 2510 312 2541 est
328 2519 437 2551 pater,
454 2510 550 2543 filium
568 2511 652 2543 suum
673 2512 751 2543 dolo
771 2513 855 2544 malo
873 2513 958 2542 occi-

93 2551 187 2596 dens,
211 2561 251 2582 ex
267 2552 505 2584 Constitutione
522 2553 719 2584 Constantini
737 2553 757 2584 l.
777 2556 854 2584 unic.
874 2553 907 2584 C.
926 2554 959 2584 de

91 2591 136 2622 his
151 2594 200 2632 qui
211 2599 322 2632 parem.
333 2593 378 2624 vel
386 2594 464 2624 liber.
482 2603 554 2625 ante
571 2594 652 2625 hanc
665 2593 936 2626 Constitutionem
947 2618 956 2631 ,

92 2633 245 2670 quidquid
263 2634 402 2671 dicatur,
425 2644 489 2666 non
513 2635 554 2666 ita
570 2636 649 2668 fuit:
673 2636 755 2666 nulla
772 2644 860 2667 certe
879 2636 957 2667 mihi

91 2674 427 2719 iuccurritlexquajus
443 2676 515 2706 vitae
533 2677 564 2708 dc
582 2678 668 2709 necis
686 2677 763 2717 patri
781 2687 853 2718 erga
870 2676 958 2708 suum

91 2713 190 2759 filium
204 2714 300 2750 palam
314 2715 538 2760 prohibeatur,
556 2718 655 2757 posita
669 2726 721 2749 aut
733 2719 887 2758 parricidii
904 2726 958 2749 aut

92 2764 188 2799 etiam
207 2754 366 2798 homicidii
384 2765 495 2796 poena;
518 2758 538 2789 fi
555 2767 666 2790 contra
683 2759 815 2790 faceret.
847 2760 958 2798 utique

92 2797 172 2842 mihi
190 2798 389 2842 persuadeo„
402 2797 504 2828 adhuc
522 2799 688 2831 obtinuisse
707 2808 853 2840 tempore
871 2800 958 2839 Papi·

90 2846 193 2874 niani,
218 2840 283 2875 ipio
308 2838 476 2876 praesertim
492 2848 654 2878 praeeunte
673 2840 872 2880 sequentibus
892 2851 959 2873 ver·

92 2878 140 2909 bis
166 2887 203 2908 c<
231 2877 286 2908 Tit.
311 2887 356 2909 iv.
383 2878 483 2910 Collat.
510 2880 562 2921 leg.
586 2880 706 2921 Mosam.
727 2882 763 2916 ὅ)
781 2883 863 2914 Rom.
882 2882 910 2924 §
928 2887 957 2916 8.

91 2919 165 2950 Cum
179 2920 256 2958 patri
278 2920 338 2950 sex
357 2920 446 2959 Regia
462 2921 567 2951 dederit
586 2922 616 2951 in
635 2922 729 2961 filiam
748 2925 815 2954 vilse
830 2933 959 2964 necisque

85 2959 271 3005 potestatem,
287 2962 361 3001 quod
378 2962 550 3000 launumsuic
567 2961 624 3001 Iege
638 2965 848 3003 comprehendi,
865 2971 897 2994 uc
913 2973 959 3003 po-

89 3000 174 3041 testas
191 3005 275 3040 flaret
297 3003 380 3032 eciam
401 3002 495 3041 filiam
518 3004 681 3036 occidendi,
704 3004 802 3036 vellem
828 3007 897 3036 mihi
917 3015 960 3035 re-

79 3044 212 3084 Jc'ribere.
255 3043 417 3082 Respondit.
456 3043 612 3083 Numquid
636 3054 671 3075 ex
692 3047 832 3075 contrario
845 3046 960 3085 prestat

90 3085 169 3114 nohis
181 3092 382 3123 argumentum
403 3085 459 3115 [ηπ
474 3085 612 3125 mljeciio:
629 3091 662 3123 τις
679 3094 734 3116 non
745 3088 878 3117 videatur
898 3088 960 3118 Lex

90 3134 146 3155 non
162 3127 276 3155 habenti
291 3125 392 3165 dccliffe
404 3150 412 3163 ‚
437 3132 469 3155 ut
486 3127 625 3156 ‘videatur‘
637 3128 740 3167 majore
757 3129 889 3167 ‘equitate
909 3130 960 3159 du-

91 3164 152 3209 ἔζης
161 3166 322 3197 adulterum
338 3169 409 3197 occia
417 3167 461 3206 ff
473 3190 480 3204 ‚
495 3176 616 3197 currinec
626 3167 699 3207 filia
710 3170 872 3207 pepercerit.
893 3168 957 3199 Ob-

89 3206 175 3236 1cura
193 3208 287 3237 verba
306 3207 391 3239 sunt:
411 3209 461 3239 led
484 3208 582 3239 lensus
601 3210 689 3246 talis,
712 3208 829 3250 Legem
846 3210 956 3248 juliam

87 3247 309 3320 dessdffl‘ffiiis
336 3259 400 3283 non
427 3257 490 3283 tam
514 3252 595 3291 patri
612 3252 644 3283 in
663 3250 759 3285 filiam
777 3251 894 3285 deense
908 3253 956 3293 ius

152 3298 205 3320 om.
274 3312 283 3322 .

999 860 1046 889 hal>
1058 880 1067 895 ‚
1083 858 1114 888 in
1131 858 1255 892 insulam
1271 866 1334 887 eum
1349 856 1499 897 deportnffe
1509 867 1518 886 .·
1533 856 1607 898 quod
1621 855 1741 886 latronis
1757 855 1850 896 magis
1861 877 1874 893 ,

998 909 1085 940 quam
1097 898 1192 938 patris
1203 898 1271 938 jure
1289 907 1355 929 eum
1367 899 1522 937 interfecit.
1554 907 1622 929 nam
1641 897 1740 935 patria
1750 894 1876 936 potestas

998 941 1145 980 inpietate
1162 940 1259 976 dehet,
1275 948 1333 969 non
1349 939 1379 969 in
1395 941 1544 970 atrocitate
1554 937 1708 979 covzfistere.
1734 936 1795 969 Sed
1806 947 1874 969 non

998 989 1098 1022 puto,
1123 980 1260 1010 turbare.
1298 988 1361 1010 non
1378 980 1461 1011 enim
1482 981 1650 1011 adducitur
1670 989 1686 1010 a
1704 979 1874 1010 Marciano

997 1021 1152 1063 generalis
1174 1020 1324 1058 Hadriani
1337 1020 1533 1052 Constitutio
1546 1022 1585 1052 de
1602 1030 1697 1061 poena
1713 1019 1876 1061 patris‚fi·

978 1087 985 1091 .
998 1066 1072 1095 lium
1092 1061 1287 1093 occidentis:
1304 1060 1355 1092 sed
1373 1061 1537 1101 personale
1554 1063 1719 1093 deci-etum
1737 1063 1801 1101 ejus
1816 1061 1877 1093 Im-

997 1104 1172 1146 peratoris,
1195 1104 1274 1142 patri
1298 1102 1463 1134 homicidii
1487 1112 1614 1143 poenam
1639 1105 1705 1144 iure
1728 1103 1876 1143 singulari

1000 1145 1187 1186 irrogantis:
1209 1144 1348 1184 ideoque
1371 1144 1478 1184 (quod
1497 1152 1609 1175 monet
1624 1145 1796 1176 commode
1817 1143 1875 1176 Ul-

972 1189 1108 1301 δςῑπωε
1123 1186 1145 1217 l.
1165 1195 1190 1218 1.
1208 1184 1237 1227 §.
1255 1195 1281 1216 2.
1305 1184 1346 1216 D.
1364 1187 1398 1215 de
1415 1183 1534 1231 constit.
1555 1186 1674 1225 Princip
1690 1186 1705 1225 )
1728 1195 1792 1216 non
1812 1194 1875 1217 tra·-

1023 1229 1138 1260 endum
1164 1228 1202 1258 ad
1228 1227 1423 1266 exemplum.
1454 1227 1625 1263 intererit,
1649 1227 1713 1257 hoc
1739 1227 1873 1259 demon—

998 1270 1000 1274 '
1041 1269 1118 1300 affe:
1136 1269 1208 1308 quia
1222 1277 1285 1299 non
1304 1267 1348 1299 est
1366 1268 1499 1308 vulgatae
1511 1268 1708 1298 eruditionis.
1736 1267 1876 1300 Primum

996 1311 1092 1352 igitur
1116 1310 1316 1341 notandum:
1340 1311 1428 1349 quod
1454 1310 1484 1340 in
1510 1307 1677 1349 proposito
1706 1317 1795 1348 pater
1818 1308 1877 1340 fili-

997 1362 1049 1384 um
1069 1361 1133 1384 non
1154 1351 1274 1382 occidit
1291 1350 1397 1390 domi,
1422 1349 1512 1382 causa
1529 1350 1678 1390 cognita:
1703 1351 1757 1389 (ut
1775 1350 1876 1381 (nlere

997 1403 1103 1434 patres
1122 1394 1211 1434 pios,
1235 1392 1383 1424 adhibitis
1404 1393 1433 1423 in
1453 1390 1617 1423 confilium
1636 1392 1823 1432 propinquis
1842 1391 1875 1422 ὅτ.

997 1435 1126 1474 amicis,
1149 1435 1188 1465 de
1213 1434 1317 1473 capite
1340 1432 1480 1465 filiorum
1498 1432 1713 1474 cognoscere,
1737 1432 1875 1474 egregiis

997 1477 1152 1517 exemplis
1169 1475 1279 1516 accepi
1296 1474 1454 1506 aValerio
1471 1474 1618 1506 Maximo
1635 1474 1682 1505 lib.
1700 1484 1730 1515 5.
1747 1484 1771 1505 c.
1790 1478 1818 1508 8.
1837 1473 1876 1508 ὅ*

997 1528 1035 1558 9,
1059 1520 1134 1549 item
1153 1526 1168 1548 a
1195 1516 1316 1548 Seneca
1338 1517 1386 1547 lib.
1419 1525 1444 1547 1.
1472 1514 1516 1546 De
1541 1515 1688 1546 clementia
1710 1525 1735 1547 c,
1766 1525 1820 1554 15,
1842 1515 1877 1546 ¹&

997 1559 1199 1602 Quintiliano
1225 1557 1353 1588 Deciani.
1376 1567 1404 1599 3.
1421 1563 1482 1597 cap.
1504 1557 1572 1597 17.)
1597 1557 1648 1587 sed
1665 1555 1762 1587 filium
1782 1556 1875 1587 occi-

997 1604 1042 1633 dit
1065 1600 1096 1632 in
1123 1599 1295 1631 venatione
1314 1608 1369 1639 per
1396 1597 1537 1635 insidias,
1562 1596 1687 1638 quaefita
1705 1596 1876 1628 solitudine

995 1644 1028 1675 in
1053 1641 1154 1680 silvis,
1178 1649 1211 1671 ut
1228 1639 1330 1671 solent
1355 1641 1502 1672 latrones.
1529 1640 1645 1670 deinde
1663 1647 1762 1669 noto:
1785 1638 1877 1677 quod

996 1693 1061 1716 non
1081 1681 1280 1723 Magistratus
1298 1690 1420 1721 patrem
1436 1680 1663 1712 condemnavit
1679 1679 1722 1710 ob
1741 1679 1822 1711 hanc
1840 1678 1878 1711 fi-

997 1726 1028 1757 lii
1055 1726 1196 1757 caedem:
1222 1723 1273 1754 sed
1299 1721 1460 1763 Princeps.
1495 1731 1628 1762 nempe,
1653 1730 1717 1752 non
1747 1720 1877 1761 poterat:

998 1766 1201 1808 Magistratus
1212 1773 1334 1804 patrem
1346 1765 1398 1805 qui
1413 1763 1511 1795 filium
1522 1763 1686 1794 occiderat
1697 1786 1706 1801 ,
1723 1764 1878 1795 condem·

998 1818 1073 1841 nare
1093 1815 1146 1839 aut
1161 1807 1232 1847 lege
1254 1805 1424 1844 Cornelia,
1451 1814 1503 1836 aut
1524 1805 1593 1843 lege
1609 1804 1782 1844 Pompejzi:
1808 1804 1880 1844 qui,

1000 1851 1058 1882 bus
1083 1849 1126 1880 ob
1149 1851 1268 1879 caedem
1292 1846 1365 1886 filii,
1390 1847 1592 1887 quantumvis
1615 1853 1758 1877 atrocem
1775 1868 1785 1884 ‚
1809 1854 1878 1878 non

1001 1891 1188 1929 tenebatur,
1212 1889 1267 1920 suo
1296 1889 1364 1920 ulus
1385 1890 1463 1929 jure.
1489 1897 1519 1919 at
1545 1888 1632 1928 quod
1660 1896 1722 1917 non
1746 1893 1878 1927 poterat

1001 1932 1203 1974 Magistratus
1215 1954 1224 1969 ,
1238 1930 1380 1971 alligatus
1399 1929 1538 1970 legibus,
1554 1929 1656 1969 potuit
1668 1927 1775 1960 facere
1787 1928 1878 1960 Prin-

1001 1984 1096 2013 ceps,
1121 1973 1242 2013 legibus
1267 1971 1403 2004 solutus:
1429 1971 1578 2002 suadente
1607 1972 1729 2001 ratione
1748 1993 1758 2008 ‚
1782 1979 1816 2000 ut
1842 1975 1878 2001 ut:

1001 2015 1156 2047 deficeret
1173 2014 1224 2045 lex
1243 2013 1355 2052 scripta
1372 2014 1390 2043 l.
1407 2022 1431 2043 1.
1444 2012 1474 2043 C.
1495 2013 1526 2042 de
1542 2011 1662 2053 legibus.
1679 2011 1803 2051 putavit
1824 2020 1877 2042 ve-

1000 2068 1037 2089 ro
1057 2057 1080 2088 is
1099 2056 1271 2095 Princeps,
1288 2063 1410 2094 patrem
1427 2054 1480 2093 qui
1500 2053 1598 2085 filium
1615 2053 1736 2083 occidit
1754 2052 1784 2083 in
1803 2051 1879 2084 filva

996 2108 1057 2140 pei·
1078 2096 1218 2143 infidias,
1243 2095 1366 2135 quaesita
1391 2095 1582 2133 venatione,
1605 2094 1735 2125 latronis
1758 2093 1878 2135 magis,

994 2149 1093 2180 quam
1117 2146 1233 2180 patris,
1254 2138 1322 2177 jure
1351 2146 1423 2168 eum
1446 2134 1649 2168 interfeciffe.
1673 2134 1715 2166 fic
1733 2134 1878 2174 loquitur

1003 2181 1202 2213 Marcianus:
1227 2180 1256 2209 ἃ
1281 2179 1368 2219 quod
1393 2177 1457 2218 ipse
1481 2185 1575 2208 vocat
1587 2177 1639 2218 jus
1656 2176 1794 2213 latronis,
1819 2175 1878 2207 U1-·

1001 2225 1115 2263 piano,
1138 2221 1158 2253 l.
1177 2230 1203 2261 3.
1222 2219 1298 2261 §.·7.
1317 2219 1359 2251 D.
1376 2219 1566 2260 desepulchro
1582 2218 1708 2256 violato,
1732 2217 1796 2257 est,
1818 2227 1880 2248 mos

1004 2265 1133 2296 latronis.
1156 2262 1198 2293 sic
1223 2261 1299 2292 mihi
1323 2261 1466 2299 videtur3
1489 2261 1518 2292 &
1546 2261 1611 2292 hoc
1628 2283 1637 2298 ,
1666 2260 1733 2300 jure
1750 2282 1760 2297 ‚
1791 2258 1878 2297 apud

1003 2305 1220 2341 Marcianum,
1237 2311 1302 2334 non
1318 2302 1427 2334 sonare
1442 2302 1528 2334 reste
1545 2301 1684 2332 fastum:
1702 2299 1752 2330 sed
1770 2299 1879 2331 valere

1001 2347 1234 2378 convenienter
1258 2346 1332 2375 vitae
1355 2344 1487 2376 latronis
1502 2367 1511 2383 ,
1536 2344 1588 2374 seu
1610 2341 1674 2372 fine
1698 2349 1793 2380 quem
1820 2340 1879 2372 fibi

1000 2386 1166 2428 proposuit
1189 2386 1280 2418 latro.
1313 2384 1482 2417 confirmat
1505 2394 1557 2416 me
1580 2383 1612 2414 in
1639 2383 1698 2413 hac
1720 2381 1877 2415 sententia

1000 2430 1067 2461 hoc
1084 2427 1175 2460 Persii
1198 2427 1259 2459 Sat.
1275 2437 1305 2468 3.
1322 2432 1395 2464 vers.
1413 2431 1463 2465 48.
1781 2453 1786 2457 ,

1041 2470 1119 2510 Jure
1137 2471 1237 2500 etenim
1253 2470 1283 2499 id
1291 2470 1439 2508 summum
1450 2490 1459 2506 ,
1474 2466 1545 2508 quid
1560 2467 1659 2497 dexter
1664 2466 1746 2506 finio
1760 2465 1877 2507 ferret,

1040 2513 1120 2542 Scire
1135 2516 1197 2541 erat
1213 2511 1243 2541 in
1260 2511 1344 2540 votis.

1001 2553 1052 2584 Sic
1071 2560 1158 2584 certe
1168 2552 1233 2594 jure
1246 2552 1474 2591 interpretatur
1489 2549 1532 2580 ibi
1544 2548 1747 2581 Casaubonus
1765 2548 1795 2579 in
1813 2547 1877 2579 N-

1001 2597 1038 2625 tis
1050 2602 1080 2635 p.
1104 2603 1177 2631 119,
1201 2602 1277 2633 quas
1294 2593 1393 2624 videri
1413 2591 1574 2623 suadeam:
1593 2590 1665 2631 quia
1683 2588 1752 2620 sunt
1770 2589 1876 2620 erudi-

1002 2643 1052 2666 tae.
1077 2634 1207 2666 Interim
1229 2635 1322 2664 liceat
1338 2633 1413 2664 mihi
1433 2633 1548 2664 eodem
1566 2632 1665 2664 modo
1682 2631 1829 2671 accipere
1847 2639 1876 2662 a·

1000 2678 1065 2718 pud
1083 2676 1247 2707 Lucanum
1266 2675 1313 2706 lib.
1333 2684 1358 2706 1.
1377 2675 1450 2713 vers.
1470 2684 1498 2705 2.
1523 2673 1605 2712 hoc,

1041 2736 1050 2742 -
1083 2735 1093 2749 P
1127 2736 1136 2742 -
1161 2717 1275 2757 Jusque
1291 2716 1389 2746 datum
1406 2715 1502 2751 sceleri
1517 2716 1657 2746 canimus.

1001 2759 1063 2790 Sed
1081 2759 1179 2789 redeo
1198 2760 1235 2788 ad
1254 2756 1461 2788 Marcianum.
1485 2759 1546 2796 ait,
1571 2755 1753 2796 Principem
1773 2754 1875 2786 credi-

1001 2799 1096 2838 disse,
1120 2806 1241 2840 patrem
1258 2799 1310 2838 qui
1328 2795 1424 2830 filium
1442 2799 1563 2830 occidit
1580 2799 1612 2829 in
1630 2799 1800 2828 venatione
1817 2803 1875 2830 per

1002 2840 1142 2877 insidias,
1166 2849 1230 2871 non
1255 2839 1348 2882 egisse
1375 2849 1432 2880 pro
1456 2849 1565 2880 patre;
1589 2838 1639 2871 sed
1656 2847 1746 2871 more
1762 2837 1789 2866 ἃ
1810 2834 1874 2866 fine

1000 2882 1151 2914 latronis:
1167 2889 1317 2921 oportere
1333 2889 1436 2912 autem
1449 2882 1578 2921 patriam
1599 2879 1787 2919 potestatem
1808 2884 1875 2907 non

999 2923 1188 2961 atrocitate,
1204 2922 1236 2953 id
1253 2921 1314 2961 est,
1333 2922 1448 2954 scelere
1467 2923 1495 2953 <St
1513 2922 1717 2955 crudelitate,
1734 2917 1783 2946 led
1807 2917 1876 2955 pie-

1004 2971 1069 2994 tate
1086 2963 1239 2995 aestimari.
1264 2963 1406 2996 Valerius
1435 2963 1596 2995 Maximus
1621 2962 1646 2991 d.
1672 2970 1694 2989 c.
1722 2967 1749 2993 9-
1775 2957 1821 2987 lib·
1839 2968 1873 2998 5.

1000 3006 1043 3045 de
1058 3004 1092 3036 L.
1104 3003 1210 3036 Gellio
1228 3006 1300 3045 (qui
1317 3006 1490 3046 graviffima
1502 3004 1630 3042 crimina
1647 3001 1685 3044 dc
1695 2998 1780 3043 fillo,
1797 3007 1873 3031 cum

1003 3055 1141 3077 noverca
1160 3046 1319 3078 admissum
1340 3047 1498 3087 stuprum,
1524 3046 1551 3075 ἁ
1571 3041 1770 3080 Ρῦῐῐῑςῐὼωῃ
1787 3041 1875 3079 ⁰035·

1004 3096 1121 3125 tatum,
1139 3090 1372 3128 propemodum
1391 3088 1556 3127 explorata
1576 3083 1713 3126 habens,
1738 3089 1820 3118 non,
1839 3088 1874 3112 ut

1003 3129 1055 3160 ille
1073 3137 1180 3170 pater,
1204 3131 1241 3160 ad
1260 3130 1427 3161 x¹indi6ta1n
1446 3125 1602 3167 procurrit
1619 3123 1720 3160 solus,
1745 3121 1795 3153 sed
1821 3124 1874 3162 ρεξ-

1003 3179 1042 3200 ne
1059 3170 1203 3201 universo
1221 3171 1338 3202 Senatu
1355 3169 1499 3200 adhibito
1515 3167 1544 3195 iu
1563 3164 1725 3194 consilium
1738 3186 1748 3201 ,
1772 3173 1873 3202 expo-

1003 3210 1064 3243 fitis
1082 3211 1311 3251 suspicionibus
1324 3235 1332 3248 ,
1345 3209 1537 3241 defendendi
1556 3204 1585 3235 se
1603 3202 1796 3236 adolescenti
1814 3214 1872 3243 po-

999 3253 1147 3326 testatenci
1161 3254 1271 3294 dedit,
1289 3251 1490 3294 inspeetaque
1509 3246 1743 3289 diligentiffitne
1761 3246 1874 3318 catriz,

1170 3304 1188 3327 2
1819 3295 1836 3318 a
1860 3296 1872 3315 ·.
