2052 3487
437 167 500 203 An
551 166 705 201 Lmen
754 163 989 208 AQUILMM
1039 163 1178 200 Lrsszrz
1229 163 1520 202 SINGULARIS.

60 259 255 294 eolieetione
272 264 335 292 non
353 255 516 289 interverti
532 255 616 296 spem
635 254 835 285 maturitatis.
871 254 926 286 At-

61 312 124 344 que
143 304 206 334 boc
223 304 253 334 in
271 303 338 332 uvis
356 301 386 330 ἃ
405 298 509 339 segete
528 296 717 328 veriffimum
736 295 800 332 est;
825 295 925 327 idem—

61 354 124 384 que
148 345 179 375 in
204 345 295 376 olivis
314 340 412 373 videri
428 338 535 379 poffit:
561 339 633 378 quia
657 337 740 369 Cato
766 337 812 367 De
828 347 857 367 re
874 347 923 368 ru-

56 385 166 426 sticae.
185 390 235 426 65.
260 383 382 419 scribit,
407 381 524 411 olivam
543 388 697 411 maturam
717 379 851 409 domino
870 388 921 410 ex-

61 428 188 468 pedire,
212 428 285 457 licet
302 434 342 455 ex
366 423 530 453 immatura
550 421 657 452 oleum
678 420 835 460 optimum
855 420 920 451 fiat.

65 468 169 499 Verba
190 467 320 499 Catonis
340 465 418 495 sunt.
446 462 547 494 oleam
559 485 568 501 ,
584 463 634 494 ubi
650 463 736 502 nigra
751 463 805 492 erit
818 459 921 501 ,sirin-

60 511 140 551 gizo:
164 519 248 549 quam
281 507 378 538 acerbo
406 505 462 536 olea
485 504 575 535 oleum
601 504 691 539 facies
709 527 718 541 ,
756 510 814 534 tam
831 504 922 534 oleum

61 551 125 589 fieri
140 551 263 581 maxime
278 547 411 586 expediet.
454 545 506 576 Sic
524 545 617 576 Cato.
641 544 702 575 Sed
720 545 811 575 aliter
826 544 918 583 Javo·

55 585 150 623 ‘lenus
173 591 192 624 l.
223 601 271 628 42.
298 589 337 620 l).
362 589 393 618 cie
418 587 470 626 usu
500 586 537 620 ὅ)
565 585 721 626 usufructu
750 586 851 624 legato.
878 587 920 617 ait

61 633 164 669 enim,
188 632 289 663 oleam
313 630 406 660 ctiam
436 631 635 659 immaturam
654 628 684 658 in
710 626 816 658 fructu
837 626 920 664 elle,

60 674 89 705 &
106 674 144 704 ad
159 671 360 703 fructuarium
380 678 559 710 pertinere3
582 670 687 700 addita
700 668 808 706 caula,
832 670 920 708 quod

60 715 145 746 oliva
166 722 327 744 immatura
346 712 413 752 plus
432 711 528 741 babet
545 711 682 748 reditus,
731 720 800 741 uam
823 709 841 741 si
861 720 922 741 ina-

59 764 128 787 tura
146 755 274 795 legatur.
300 754 329 783 i‹l
351 762 429 784 vero
448 751 469 783 si
488 753 616 792 placet;
640 761 709 791 quae
725 763 745 781 o
758 776 767 789 ‚
792 752 845 791 qni
867 760 922 790 po-

59 796 120 828 test
147 797 198 827 lex
221 795 345 836 Aquilia
369 795 399 825 in
424 795 495 824 olea
518 795 682 824 immatura
710 793 791 824 lecta
816 794 924 822 locum

60 838 179 869 habere
193 861 202 875 ,
232 839 262 868 in
284 844 403 868 matura
426 844 490 880 non
510 834 651 866 habere?
674 837 803 873 utique,
827 832 847 864 ss
867 834 924 864 im-

61 879 180 910 matura
215 878 310 909 babet
333 879 402 917 plus
422 877 560 915 reditus,
585 885 677 916 quam
694 883 834 912 matura;
859 884 924 905 non

61 929 158 959 inagis
176 920 300 960 potest,
325 921 490 950 immatura
504 918 601 956 lecta,
627 917 761 949 domino
776 916 925 947 damnum

63 962 174 1001 injuria
193 962 299 992 datum
319 960 437 994 videri,
462 969 555 999 quam
574 966 703 990 matura.
749 957 859 990 Habes
875 965 923 1003 'te-

63 1003 199 1035 nebras:
225 1002 277 1032 sed
302 1003 405 1033 lucem
429 1002 517 1032 dabit
544 1000 733 1031 maturitatis
759 997 923 1030 definitio:

65 1045 96 1076 in
116 1052 177 1083 qua
198 1067 208 1081 ,
238 1052 273 1074 ut
297 1043 414 1074 Plinius
440 1042 543 1082 inquit
566 1042 614 1072 tib.
637 1050 682 1080 15.
708 1040 867 1086 Naturalis
882 1041 924 1070 hi-

59 1083 155 1126 μ[ἰωνιᾶς
185 1094 209 1114 c.
230 1094 258 1124 3.
288 1094 376 1115 error
399 1084 566 1114 hominum
592 1081 685 1113 falsus
706 1105 714 1119 ‚
748 1081 923 1113 eX1stiinan-

65 1135 143 1157 tium
173 1126 359 1156 maturitatis
391 1125 513 1155 initium
531 1147 540 1162 ‚
573 1125 659 1163 quod
683 1122 727 1154 est
753 1123 821 1153 vitii
852 1131 924 1161 pro-

69 1169 198 1198 ximum.
243 1166 330 1208 Quid
351 1174 455 1197 autem
480 1173 634 1196 maturum
657 1163 710 1202 fit,
744 1164 770 1195 A
801 1161 924 1194 Cellius

68 1207 110 1240 fic
134 1209 271 1247 exponit
295 1208 342 1237 lib.
367 1217 396 1238 x.
430 1206 518 1237 Νοὲἳ.
541 1205 633 1236 Amic.
660 1215 683 1235 c.
705 1213 748 1236 11.
776 1204 812 1235 P.
829 1204 921 1245 Nigi-

69 1251 135 1280 dius
158 1250 234 1279 homo
261 1250 292 1278 in
319 1249 444 1278 omnium
470 1248 607 1277 honarum
632 1247 741 1276 arcium
763 1246 921 1286 disciplinis

68 1291 220 1330 egregius,
243 1288 382 1326 Adczture,
414 1289 538 1328 inquit,
568 1285 606 1328 eft
626 1288 701 1328 quod
725 1297 814 1328 neque
837 1288 923 1318 citius

66 1330 106 1370 cst
129 1339 216 1370 neque
231 1331 319 1367 serius
333 1340 342 1364 ,-
358 1330 410 1368 sed
432 1331 555 1359 medium
574 1330 711 1384 quiddam
728 1328 763 1362 &
785 1335 921 1367 tempera-

69 1378 130 1401 tum
150 1370 197 1410 est.
223 1372 287 1401 bene
307 1376 391 1410 atque
410 1371 525 1410 proprie
548 1370 702 1411 Aigidius.
734 1379 802 1400 nam
828 1369 865 1404 &³
889 1371 923 1400 in

57 1412 199 1452 frugibus
217 1412 252 1445 ὃ
274 1414 303 1442 in
319 1412 406 1451 pomis
428 1417 544 1442 manzara
562 1412 721 1449 dicuntur,
753 1420 814 1452 quse
836 1420 924 1452 neque

65 1457 155 1483 cruda
174 1451 209 1485 ὅ)
231 1453 352 1483 immitia
363 1456 438 1492 jum
454 1475 464 1491 ‚
493 1462 583 1493 neque
605 1455 715 1483 caduco.
733 1452 769 1487 δ’
792 1452 923 1492 ἀεσοέῖα,

58 1498 110 1535 sea
141 1500 259 1533 tempore
282 1498 329 1531 suo
353 1493 456 1524 adulta
480 1501 662 1534 maturaque.
706 1492 754 1525 Ita
778 1493 922 1526 Gellius:

64 1534 87 1568 fi
111 1545 212 1572 vere-3
243 1535 359 1566 olivam
388 1534 542 1575 distingue
568 1536 697 1566 crudam
725 1535 754 1567 δι
780 1537 923 1567 nondum

67 1576 226 1608 inchoatae
250 1576 436 1607 maturitatis
454 1576 493 1607 ab
519 1586 553 1607 ea
574 1577 662 1616 cujus
678 1577 781 1607 media
799 1576 851 1608 seu
870 1587 922 1609 ve-

64 1624 118 1654 ra,
141 1626 234 1647 etiam
253 1618 290 1648 ab
308 1627 345 1648 ea
360 1618 446 1657 cujus
464 1618 524 1658 jain
546 1618 638 1656 plena
657 1618 685 1648 §a
703 1617 837 1650 decocta
860 1628 924 1650 ma-

66 1658 175 1689 turitas
193 1658 259 1690 est:
283 1659 340 1690 lios
358 1660 441 1689 enim
464 1660 494 1690 ὅ(
512 1658 690 1691 Columella
708 1660 738 1690 in
757 1660 840 1690 oliva
858 1670 925 1700 gra-

65 1700 122 1731 dus
143 1699 221 1730 facit
244 1699 287 1730 De
312 1710 341 1730 re
357 1699 464 1739 rustico.
479 1701 525 1730 lib.
548 1710 594 1731 12.
618 1710 642 1731 c.
659 1710 708 1740 52.
734 1701 839 1732 Verba
860 1701 924 1732 Co-

64 1741 212 1772 lumellae.
236 1740 338 1771 Media
350 1738 387 1781 est.
401 1741 515 1772 olivitas
530 1742 697 1783 plerumque
713 1742 832 1773 initium
848 1752 924 1774 men-

60 1780 103 1819 fis
127 1781 300 1812 Decembris.
331 1792 400 1812 nam
432 1780 467 1815 δ’
491 1788 556 1812 ante
583 1783 632 1813 hoc
658 1789 766 1822 tempus
792 1785 925 1816 acerbum

67 1822 157 1853 oleum
174 1823 325 1861 conficitur
341 1845 350 1858 ,
380 1825 453 1862 qnod
478 1829 598 1854 vocatur
618 1822 769 1863 aeftz‘vum,
793 1824 829 1858 ἐξ
849 1826 926 1856 circa.

68 1863 146 1894 bunc
162 1871 282 1902 mensem
307 1864 400 1893 viriae
416 1865 575 1902 premitur,
598 1866 697 1894 deinde
717 1862 811 1904 postea
831 1873 925 1897 matu-

67 1913 143 1935 rum.
187 1905 241 1935 Sed
263 1906 393 1935 acerbum
415 1905 505 1935 oleum
517 1905 618 1944 facere
636 1906 862 1945 patrisfamilias
878 1916 924 1937 να-

68 1947 193 1976 tionibus
207 1956 264 1976 non
282 1946 431 1982 conducit,
454 1947 588 1987 quoniam
604 1949 742 1987 exiguum
756 1946 829 1987 fluit
841 1970 850 1986 ,
872 1945 928 1984 nisi

68 1986 157 2017 bacca
178 1984 385 2027 tempestatibus
411 1996 442 2016 m
472 1995 578 2018 terram
601 1989 703 2018 decidit
721 2011 730 2024 ,
767 1987 803 2023 δέ
824 1987 948 2028 neceffe-

66 2025 105 2068 qu
127 2037 188 2059 eam
210 2029 319 2070 legere,
349 2037 384 2059 ne
405 2038 425 2060 a
438 2026 593 2069 domesticis
610 2030 787 2070 pecudibus,
811 2030 927 2070 ferisve

712 2150 927 2188 CAPUT

69 2249 218 2293 Verbum,
244 2252 388 2295 ruperit,
414 2255 446 2289 in
464 2254 529 2302 lege
546 2254 673 2300 Aquilia
690 2267 747 2291 non
763 2257 929 2304 indigitare

117 2297 158 2339 ἐξ
174 2312 193 2334 α
210 2310 328 2346 corpore
343 2302 495 2348 affertur.
521 2306 675 2350 complura
692 2306 756 2341 loca
771 2308 926 2353 explicita.

69 2403 272 2478 Hactenus
296 2403 438 2444 ostendi,
467 2405 602 2439 Veteres
628 2405 696 2439 fere
718 2417 850 2448 omnes,
879 2419 927 2441 ru·

164 2447 240 2484 perit
257 2446 389 2477 verbum
409 2448 439 2477 in
458 2445 547 2487 Lege
563 2449 687 2489 Aquilia
706 2449 926 2491 interpretari,

69 2487 242 2525 corruperic‚·
274 2496 380 2527 eoque
404 2497 534 2520 ornnem
557 2491 727 2531 complecti
747 2493 927 2533 corruptio-

67 2535 160 2565 nem,
189 2528 278 2559 alteri
302 2529 448 2561 damnum
477 2531 586 2570 injuria
607 2530 817 2565 adferentem.
859 2534 927 2574 jam

69 2567 201 2605 addam,
232 2569 296 2600 hoe
313 2571 382 2609 plus
406 2581 462 2602 eos
485 2572 643 2610 postulare
659 2597 669 2613 ,
700 2573 763 2606 effe
786 2575 819 2606 id
842 2576 927 2607 dam—

70 2614 143 2653 num
168 2612 295 2650 corpori
319 2621 335 2641 a
360 2620 497 2652 corpore
517 2614 625 2646 datum
644 2627 652 2648 ε
686 2615 716 2646 &
737 2616 780 2647 ita
798 2617 927 2648 demum

72 2648 220 2694 directam
238 2653 417 2684 concedere
435 2654 605 2687 affionem.
636 2664 786 2689 caeterum
804 2660 835 2689 in
853 2667 928 2689 eum

73 2694 126 2726 qui
147 2693 273 2736 corpori
296 2694 417 2725 dederit
441 2696 587 2728 damnum
607 2719 616 2735 ,
648 2698 699 2729 sed
721 2708 787 2729 non
811 2708 927 2740 corpo-

74 2736 128 2774 re,
150 2732 303 2764 actionem
318 2736 479 2768 dumtaxat
496 2739 604 2769 utilem
629 2747 826 2779 competere.
851 2739 929 2779 quid

74 2770 95 2800 11
121 2779 183 2802 non
208 2781 343 2811 corpore
368 2778 475 2809 datum
497 2778 595 2810 fuerit
618 2781 787 2819 damnum,
820 2790 927 2821 neque

76 2819 191 2850 corpus
215 2813 316 2859 lte-sum
339 2816 375 2848 fit
391 2841 401 2854 ,
432 2818 485 2851 sed
511 2820 573 2851 alio
600 2823 700 2852 modo
722 2822 814 2853 alicui
840 2823 925 2854 dam-

74 2858 149 2897 num
167 2857 361 2894 contigerit?
384 2859 436 2889 hic
454 2869 551 2898 quum
579 2871 643 2894 non
669 2863 802 2894 sufficiat
824 2873 929 2903 neque

74 2892 193 2923 auceia
210 2916 219 2931 ‚
252 2904 353 2943 neque
374 2900 458 2931 utilis
476 2901 570 2942 Legis
592 2904 725 2943 Aquiliae
741 2904 844 2936 aetio:
867 2906 931 2945 pla-

74 2941 148 2979 cere
166 2957 176 2972 ‚
208 2943 280 2966 eum
302 2946 354 2976 qul
369 2940 528 2973 obnoxius
550 2943 647 2975 fuerit
662 2968 671 2982 ,
705 2947 735 2977 in
760 2945 878 2977 fadum
900 2956 930 2976 a·

74 2973 181 3005 stione
203 2974 278 3014 Jure
296 2977 445 3012 Praetorio
465 2983 495 3014 in
520 2983 685 3017 subfidium
707 2989 807 3018 teneri
830 2987 859 3028 §.
882 2988 928 3018 16.

71 3012 146 3087 {72⁷}ss
167 3015 188 3046 l.
203 3025 254 3057 33.
277 3017 304 3060 ς.
326 3027 354 3052 1.
378 3020 418 3052 D.
442 3022 470 3055 h.
494 3031 516 3055 t.
541 3025 560 3056 l.
580 3034 625 3058 ει.
648 3027 691 3059 D.
719 3030 752 3059 de
772 3030 929 3069 praescrz'pt.

86 3096 302 3144 'Exemplum
326 3101 356 3132 in
377 3112 418 3134 eo
442 3105 494 3143 qui
515 3106 726 3141 misericordia
750 3109 879 3148 duetus,
903 3114 931 3141 a·

70 3138 188 3170 henum
214 3140 336 3173 servum
360 3146 580 3184 compeditum
604 3149 753 3188 solverit,
787 3158 820 3182 ut
843 3150 931 3193 fuge·

73 3186 143 3226 ret,
163 3180 253 3227 forie
269 3183 478 3228 ergastulum:
510 3198 581 3221 nam
606 3190 637 3221 in
656 3192 816 3233 ergastulis
843 3201 930 3224 com-

70 3220 168 3260 pediti
186 3223 345 3269 yinelique
362 3225 461 3266 servi,
485 3227 548 3260 five
568 3231 606 3262 ad
624 3234 742 3265 cultum
760 3233 842 3274 agri,
867 3233 930 3265 five

70 3261 314 3337 ada-{ppidfinas
329 3289 341 3307 ‚
373 3267 438 3301 five
460 3270 498 3303 ad
521 3272 606 3305 aliud
627 3283 727 3315 opus,¹
747 3274 932 3309 adhiberen-

60 3314 62 3316 ’
140 3313 186 3338 m.
230 3325 238 3338 ι

1770 174 1839 211 139

968 254 1165 294 consumatur.
1199 253 1310 287 Viridis
1330 261 1426 286 autem
1444 259 1516 296 noiae
1531 252 1667 294 conficere
1679 253 1725 285 vel
1740 254 1834 285 maxi·

967 305 1009 326 me
1026 298 1139 336 expedit
1155 320 1164 333 ,
1195 307 1259 328 czmz
1283 295 1318 330 ὅ)
1328 299 1405 337 satis
1423 296 1514 337 fluit,
1539 295 1575 330 &³
1588 297 1679 337 prelio
1693 303 1765 336 pene
1780 297 1834 326 du-

961 338 1054 377 plicat
1072 339 1178 368 ‹loininz'
1200 340 1336 369 reditum.
1379 339 1434 369 Sed
1451 337 1480 376 fi
1502 337 1586 377 vasta
1595 341 1672 377 sunt
1699 336 1805 368 oliveta
1819 358 1831 374 ,

967 378 1070 418 net-effe
1094 377 1132 417 esi}
1148 402 1157 417 ,
1189 385 1221 409 ut
1246 379 1345 419 aliqua
1360 387 1431 420 pars
1455 388 1551 410 eorum
1577 385 1695 410 matura
1713 377 1833 416 frustm*

963 420 1134 459 refer-vetur.
1174 420 1249 452 Hoc
1266 421 1455 452 Columella.
1479 421 1564 451 idem
1584 421 1635 451 vel
1654 419 1752 451 fimile
1770 419 1835 451 Pli-

964 463 1033 493 nius
1065 462 1113 492 lib.
1143 471 1186 501 15.
1220 463 1381 494 Naturalis
1403 460 1524 503 historice
1556 471 1579 492 c.
1604 471 1627 493 1.
1659 461 1765 493 verbis
1791 460 1835 491 se·

965 504 1146 543 quentibus.
1190 503 1241 534 Ex
1261 505 1354 534 eodem
1371 503 1449 534 oliva
1466 502 1609 543 differunt
1626 503 1720 542 succi.
1765 503 1833 533 Pri-

964 554 1042 575 mum
1068 546 1194 575 onmium
1210 555 1239 574 -e
1268 546 1358 575 crucia
1376 567 1386 583 ,
1424 550 1511 585 atque
1546 546 1674 574 nondum
1695 544 1835 575 inchoata

962 591 1152 617 oratiunculis.
1204 585 1247 617 Et
1276 586 1356 626 post.
1408 585 1529 630 Quanto
1555 587 1698 617 maturior
1728 587 1834 623 bocca,

963 633 1043 657 tomo
1059 629 1196 667 pinguior
1216 632 1320 664 succus
1335 651 1345 667 ,
1377 635 1531 667 minusque
1553 633 1669 668 gratus.
1714 627 1836 667 Optima

963 676 1059 699 airzein
1081 667 1148 699 <cilis
1176 670 1213 699 ad
1232 670 1437 709 decerpendum
1460 670 1536 698 incer
1561 670 1695 708 copiam,
1725 670 1837 699 bonita-

967 716 1095 750 temque,
1125 711 1277 749 incipiente
1302 712 1388 741 bacca
1411 709 1577 751 nigrescere.
1623 709 1713 741 ldem
1732 708 1836 740 rursus

966 760 988 780 c.
1008 761 1036 791 3.
1065 751 1205 790 ejusdem
1224 752 1311 790 libri,
1331 752 1457 788 Ferunt,
1481 750 1607 791 inquit,
1623 751 1739 792 frigore
1748 748 1836 791 fleri-

966 791 1076 821 litatem
1098 791 1368 833 (Dalechampius
1388 793 1508 824 mavult
1526 815 1536 830 ,
1558 791 1764 832 suavitatem)
1780 791 1837 831 fie-

967 834 1013 870 ri,
1030 832 1109 868 sicut
1133 836 1240 873 copiam
1257 837 1435 866 viiiiczcrz'cate.
1480 833 1561 865 Haec
1587 832 1706 864 Plinius
1723 834 1753 865 ὅ(
1771 834 1836 865 Co-

968 873 1115 905 lumella:
1140 885 1179 905 ex
1200 876 1314 915 quibus
1334 877 1452 916 liquet,
1478 874 1565 915 quod
1582 875 1668 905 oliva
1687 875 1835 906 immatu-

968 924 1001 946 ra
1020 937 1028 952 ,
1061 914 1081 945 fi
1105 924 1210 947 tamen
1238 918 1395 948 inchoatae
1420 916 1609 948 maturitatis
1633 916 1677 947 est
1697 940 1706 955 ,
1737 916 1837 947 habet

968 957 1037 996 plus
1057 958 1193 995 reditus,
1217 967 1308 998 quain
1334 968 1370 990 ea
1390 968 1458 999 quae
1483 957 1710 990 consummatae
1734 965 1838 989 matu-

968 998 1070 1028 ritatis
1092 997 1153 1036 est,
1186 999 1261 1030 licet
1289 1000 1343 1031 ista
1366 999 1528 1040 copiosior
1546 999 1598 1031 fit:
1623 1000 1693 1039 plus
1718 999 1837 1038 etiam,

969 1048 1062 1078 quain
1091 1042 1187 1070 cruda
1205 1064 1214 1078 ,
1248 1041 1302 1072 etii
1328 1042 1423 1073 cruda
1449 1041 1565 1072 babeat
1593 1041 1701 1072 oleum
1726 1039 1837 1081 sapore

967 1081 1262 1120 pi·aeliantissimiim.
1307 1082 1406 1122 Igitur
1435 1082 1455 1113 fi
1482 1083 1611 1122 quidem
1645 1081 1835 1114 fructuarius

968 1130 1022 1152 aut
1037 1123 1171 1154 colonus
1188 1123 1269 1154 hanc
1288 1131 1341 1154 aut
1357 1124 1443 1155 illam
1459 1123 1623 1164 decerpit,
1641 1125 1810 1155 arbitratus
1823 1146 1836 1162 ‚

966 1165 1005 1194 ad
1029 1164 1114 1195 ulum
1132 1163 1218 1195 suum
1236 1166 1418 1205 pertinere,
1443 1166 1515 1205 quia
1541 1166 1662 1196 domini
1686 1166 1836 1197 volunta-

967 1213 998 1236 te
1026 1214 1122 1244 atque
1145 1206 1296 1246 exemplo
1322 1207 1495 1246 decerpit‚·
1526 1207 1654 1238 videtur
1678 1216 1748 1238 eam
1778 1207 1837 1238 bo-

966 1247 997 1277 ni
1022 1247 1081 1277 Viri
1106 1247 1260 1278 arbitratu
1290 1248 1490 1288 decerpere:
1524 1249 1612 1288 quod
1636 1247 1656 1279 fi
1678 1249 1755 1280 alius
1780 1249 1836 1280 de-

966 1289 1069 1328 cerpit
1107 1288 1225 1319 olivam
1261 1289 1365 1320 adbuc
1400 1290 1530 1320 crudam
1556 1289 1586 1321 ὅ(
1618 1291 1762 1322 nondum
1793 1290 1840 1323 in-

967 1329 1093 1359 cboatae
1110 1330 1319 1369 maturitatis,
1343 1331 1440 1368 alius,
1464 1331 1591 1371 inquam
1605 1354 1615 1370 ‚
1639 1330 1691 1363 sed
1712 1332 1764 1371 qui
1781 1331 1839 1363 do·

965 1371 1042 1402 mini
1060 1371 1227 1402 voluntate
1243 1371 1356 1412 &jure
1374 1371 1572 1411 destituitur3
1592 1382 1609 1404 e
1628 1372 1753 1404 diverso
1773 1373 1839 1413 pla-

968 1420 1042 1450 cet,
1067 1413 1200 1443 domino
1218 1413 1368 1445 damnum
1394 1414 1504 1454 injuria
1521 1423 1594 1445 eum
1620 1415 1713 1452 dare,
1744 1414 1774 1446 ἃ
1792 1415 1839 1446 id-

968 1453 1057 1484 circo
1077 1454 1147 1494 lege
1166 1455 1291 1495 Aquilia
1311 1456 1422 1486 teneri.
1447 1456 1534 1495 quod
1556 1455 1576 1487 fi
1600 1464 1754 1487 maturam
1772 1456 1840 1488 col-

968 1495 1036 1536 ligit
1057 1518 1066 1533 ,
1096 1496 1128 1526 id
1152 1495 1198 1526 est
1216 1519 1226 1535 ‚
1257 1496 1491 1541 noigrescentein
1510 1497 1540 1528 ὅ(
1564 1497 1726 1528 inchoatae
1741 1520 1751 1536 ‚
1783 1503 1840 1528 aut

968 1538 1064 1568 etiam
1083 1536 1253 1576 absolutae,
1277 1538 1486 1577 maturitatis3
1506 1538 1569 1578 jam
1584 1548 1690 1578 neque
1708 1539 1839 1570 videtur

967 1578 1100 1610 domino
1125 1579 1273 1610 damnum
1297 1580 1408 1618 injuria
1431 1579 1506 1610 dare
1524 1602 1533 1618 ‚
1564 1579 1593 1611 ὃς
1614 1580 1685 1611 fere
1711 1580 1838 1620 impen-

967 1618 1011 1651 sas
1024 1643 1033 1658 ,
1059 1629 1134 1660 quas
1150 1621 1180 1651 in
1198 1620 1426 1652 collectionem
1445 1620 1542 1660 fecit,
1567 1621 1594 1651 ei
1613 1621 1735 1652 donare
1753 1623 1772 1652 l.
1787 1629 1838 1661 27.

967 1661 995 1703 §.
1018 1671 1066 1701 25.
1091 1661 1134 1692 D.
1158 1661 1209 1692 Ao
1235 1661 1321 1703 legem
1346 1661 1509 1703 Aquiliam.
1560 1662 1643 1694 Haee
1666 1663 1743 1693 ideo
1772 1670 1838 1695 tam

969 1703 1076 1741 varie,
1100 1703 1174 1743 quia
1197 1712 1260 1734 non
1279 1703 1378 1734 debet
1400 1703 1476 1735 alius
1499 1704 1634 1735 domino
1654 1703 1839 1744 praescribe-

967 1752 1002 1775 re
1020 1766 1030 1782 ,
1066 1745 1141 1783 quid
1165 1753 1205 1775 ex
1227 1754 1261 1775 re
1287 1743 1338 1775 sua
1362 1744 1415 1776 sibi
1442 1745 1548 1776 utilius
1569 1746 1714 1785 aptiusve
1731 1744 1837 1776 existi-

969 1791 1045 1816 met.
1071 1792 1102 1815 at
1120 1786 1150 1816 in
1174 1785 1308 1825 persona
1327 1786 1448 1817 domini
1474 1787 1528 1827 qui
1549 1788 1647 1827 magis
1674 1786 1728 1818 suo
1746 1796 1839 1818 com-

968 1826 1067 1857 modo
1092 1825 1215 1863 studet,
1239 1835 1334 1866 quam
1352 1827 1480 1859 alterius
1498 1828 1634 1866 damno,
1658 1837 1734 1859 vere
1752 1828 1838 1862 dice-

969 1875 1041 1904 tur,
1065 1875 1139 1898 eum
1164 1866 1224 1897 suae
1240 1867 1286 1898 rei
1303 1867 1399 1899 etiam
1417 1868 1448 1900 in
1470 1868 1635 1901 abutendo
1651 1871 1836 1901 moderato-

968 1916 1035 1939 rem
1053 1906 1134 1946 esse3
1159 1907 1188 1939 ἀ
1204 1908 1278 1939 ideo
1296 1908 1347 1939 vel
1373 1909 1443 1949 illa,
1475 1918 1544 1950 quae
1563 1910 1666 1941 minus
1685 1910 1761 1941 lucri
1782 1910 1836 1941 ha-

969 1949 1067 1987 bent,
1089 1949 1133 1980 illi
1151 1949 1239 1981 utilia
1260 1949 1415 1991 intelligi,
1448 1949 1468 1982 fi
1492 1951 1623 1983 delicias
1647 1951 1837 1991 &iucundi-

970 1997 1067 2036 tatem
1089 1989 1257 2063 prgtstent,
1287 1991 1317 2024 &
1337 1992 1402 2032 ejus
1418 1993 1552 2034 negotio
1569 1992 1709 2032 cedant,
1729 2001 1839 2034 quam-

970 2039 1101 2064 Vls'non
1149 2041 1226 2065 ono.

991 2145 1182 2189 XV111.

949 2258 1045 2293 aliam
1068 2261 1287 2307 corruptionem
1303 2288 1312 2306 ,
1349 2268 1439 2309 qu'am
1462 2274 1523 2309 qua
1547 2257 1694 2299 damnum
1720 2257 1839 2309 corpori

973 2414 1038 2441 tur:
1062 2411 1103 2442 de
1120 2411 1234 2452 quibus
1252 2423 1342 2445 more
1365 2413 1420 2446 suo
1446 2416 1518 2455 quia
1540 2415 1665 2447 erudite
1687 2414 1718 2446 &
1741 2415 1841 2454 plene

970 2451 1140 2491 disputavit
1170 2452 1207 2484 V.
1237 2454 1296 2486 CL.
1329 2454 1430 2494 Justus
1458 2456 1579 2498 Lipsius
1604 2457 1651 2488 lib.
1670 2466 1698 2488 2.
1723 2453 1837 2493 Eleblo'-v

969 2502 1035 2539 runi
1064 2504 1097 2539 c..
1113 2504 1165 2524 xv.
1197 2504 1262 2526 non
1292 2505 1382 2536 agam
1404 2497 1466 2537 jam
1491 2497 1608 2530 aetum.
1650 2497 1792 2530 Proinde
1814 2498 1838 2531 si

970 2544 1038 2573 quis
1061 2535 1198 2566 alienum
1221 2536 1345 2568 servum
1370 2540 1593 2579 compeditum
1618 2537 1768 2577 solverit,
1800 2547 1839 2571 uc

969 2575 1112 2616 fugeret:
1137 2577 1162 2607 is
1181 2586 1246 2608 non
1266 2588 1405 2618 corpore
1423 2579 1478 2612 suo
1494 2582 1580 2622 rupit
1596 2579 1677 2612 servi
1693 2589 1812 2620 corpus
1825 2603 1838 2619 ,

970 2625 1004 2647 nt
1028 2617 1135 2648 locum
1153 2617 1269 2650 habeat
1286 2620 1369 2651 actio
1392 2621 1531 2661 diree‘ta,
1560 2631 1667 2663 neque
1691 2621 1838 2662 praestitit

969 2657 1091 2703 cau-sam
1114 2660 1255 2699 ruptioni
1282 2663 1428 2702 corporis
1454 2662 1554 2702 servi,
1584 2672 1621 2695 ut
1641 2663 1726 2694 astro
1747 2663 1835 2694 utilis

969 2699 1033 2730 dari
1050 2699 1162 2739 poma,
1187 2702 1216 2732 ὅ(
1236 2710 1340 2734 tamen
1359 2704 1471 2736 nocuit
1488 2705 1642 2742 domino,
1665 2705 1753 2745 cujus
1773 2703 1836 2736 ser·—

970 2749 1045 2785 vutn
1080 2741 1301 2781 intempestiva
1332 2744 1545 2778 misericordia
1584 2746 1701 2778 solvit:
1739 2745 1837 2787 igitur

970 2781 1146 2852 aftisone-in
1170 2783 1289 2817 facturn
1319 2786 1481 2819 tenebitur
1501 2788 1529 2829 §.
1551 2791 1598 2820 16.
1615 2785 1690 2829 Inst.
1723 2786 1776 2819 Sic
1798 2795 1837 2818 ea

970 2831 1002 2853 m
1037 2832 1138 2862 pecie.

1013 2864 1107 2909 ‘Aliud
1132 2865 1301 2899 dicendum
1326 2868 1373 2900 est
1389 2893 1400 2909 ,
1431 2871 1554 2903 tametfi
1579 2871 1664 2902 idem
1688 2869 1836 2901 videatur

973 2913 1077 2943 primo
1097 2906 1234 2946 obtutu,
1257 2908 1278 2940 fi
1302 2911 1371 2950 quis
1395 2920 1506 2952 aprum
1525 2921 1632 2944 meum
1648 2911 1772 2947 ferum,
1803 2908 1836 2940 Gt

973 2946 1146 2979 haerentem
1163 2958 1236 2979 tneo
1255 2951 1390 2991 laquem
1413 2954 1421 2984 i
1476 2963 1546 2986 uam
1570 2953 1740 2985 naturalem
1760 2951 1836 2981 laxi-

974 2995 1072 3020 tatem
1096 2989 1218 3022 dimisit.
1249 3000 1321 3024 nam
1336 3000 1403 3025 tum
1440 3004 1442 3007 ·
1485 2995 1523 3026 da
1538 2995 1614 3027 mibi
1635 2993 1716 3023 actio
1740 2991 1772 3022 in
1789 2990 1837 3022 sa-

975 3029 1058 3061 ctum
1078 3030 1121 3062 est
1143 3032 1161 3061 l.
1180 3043 1230 3072 55.
1254 3032 1296 3065 D.
1324 3036 1357 3065 de
1381 3036 1554 3076 adquirendo
1580 3043 1676 3066 rerum
1690 3033 1836 3072 dominio,

973 3070 1004 3103 id
1028 3071 1092 3111 est,
1116 3073 1201 3104 utilis
1224 3075 1369 3115 Aquiliam
1391 3077 1447 3108 etii
1467 3085 1605 3117 corpore
1628 3074 1682 3105 suo
1699 3083 1765 3105 non
1784 3081 1835 3106 ru-

972 3113 1056 3152 perit
1079 3115 1146 3154 apri
1170 3124 1285 3156 corpus
1301 3140 1310 3155 ,
1342 3127 1446 3157 neque
1470 3119 1502 3149 in
1532 3116 1620 3147 caula
1644 3115 1766 3154 fuerit,
1797 3122 1835 3146 ut

973 3159 1194 3194 rumperetur:
1231 3157 1309 3189 ficut
1334 3158 1496 3199 superiore
1520 3157 1592 3188 casu
1615 3166 1720 3197 neque
1749 3157 1835 3198 rupit

972 3193 1095 3227 servum
1113 3220 1123 3235 ,
1155 3207 1260 3239 neque
1285 3200 1386 3236 fecit,
1409 3207 1444 3229 ut
1461 3207 1670 3239 rumperetur.
1701 3198 1766 3230 hoc
1791 3206 1835 3230 tao

971 3245 1044 3268 men
1069 3239 1199 3270 interest
1218 3263 1227 3278 ‚
1260 3241 1349 3280 quod
1372 3239 1476 3271 servus
1497 3249 1584 3271 meus
1608 3240 1727 3279 etiam,
1759 3248 1834 3271 cum

972 3287 990 3310 a
1018 3286 1050 3310 te
1073 3279 1193 3313 solutus
1219 3281 1281 3321 est,
1314 3282 1343 3313 <lt
1359 3279 1472 3354 Sfugit,
1501 3291 1591 3316 meus
1607 3288 1735 3321 manet3
1756 3288 1833 3321 aper

1402 3331 1421 3354 2
1781 3328 1834 3353 ast·
