2036 3495
492 86 561 124 Di:
598 87 794 123 PiieT1s
838 94 899 121 ΕΤ
938 86 1499 126 ΤΒΛΝεΑετῐοΝῐΒυς.

102 188 151 214 tur
167 179 302 212 facultas
324 178 539 220 procuratoris
564 177 601 209 ad
618 177 812 208 exercendas
829 175 968 209 afflones

101 222 286 260 constituti,
309 221 390 252 inti-a
406 220 585 251 mandatum
604 219 853 250 exercendarum
871 218 967 249 actio-

100 273 195 296 num:
220 263 306 303 quod
325 261 388 299 est,
406 269 441 292 ut
456 261 594 292 actiones
609 259 767 297 instituat,
784 259 871 304 litem
889 268 966 291 con·

100 305 250 343 testetur,
266 304 294 335 ὅ(
313 303 515 343 persequatur
529 311 628 342 usque
644 301 682 332 ad
697 300 902 332 sententiam:
920 301 964 332 til-

101 354 147 378 tra
164 355 227 377 non
244 344 400 386 procedit.
435 344 516 374 adeo
535 352 574 374 ne
590 342 719 382 judicati
739 341 865 382 quidem
883 342 966 373 ostio

101 389 130 419 ei
147 389 254 426 datur;
277 394 337 417 nec
354 385 381 416 ei
400 384 477 415 solvi
496 383 615 424 potest:
641 382 694 415 nifi
712 383 776 413 hoc
792 384 819 414 ei
839 384 963 414 manda-

100 437 167 460 tum
185 428 247 460 siti.
258 431 306 462 86.
318 426 361 457 D.
376 425 621 464 defiilutionilms,
638 424 688 456 vel
704 424 758 455 niii
770 423 805 455 iit
820 432 963 456 totorum

97 470 275 507 bonorum,
300 468 349 499 vel
374 467 516 498 omnium
541 465 742 506 negotiorum
764 474 961 504 procurator.

97 512 118 544 fi
137 520 240 542 tamen
257 511 287 541 in
306 517 371 540 rem
389 508 470 538 suam
487 507 522 538 fit
539 516 730 547 procurator
746 507 855 546 datus;
878 507 962 539 aliud

98 553 266 584 dicendum
282 550 341 582 est:
364 550 435 590 quia
451 556 516 581 tum
534 549 655 580 domini
672 549 748 580 loco
765 547 917 586 habetur,
933 548 962 580 ὅ(

95 595 170 626 ideo
189 592 371 624 servandum
384 590 443 621 erit
453 589 578 630 paCIum
594 596 790 621 conventum
801 611 810 627 ,
834 598 868 621 ut
884 591 913 620 in
931 589 960 630 §.

98 636 163 666 Lti.
174 635 193 665 l.
213 644 257 674 13.
285 632 452 671 subjicitur.
470 631 506 662 In
523 632 670 662 eumdem
683 631 751 662 fere
770 630 887 662 sensum
904 631 963 662 dis-

96 676 168 707 sei-it
185 673 324 705 Paulusl.
346 682 391 712 17.
406 672 434 714 §.
452 673 505 703 ult.
519 670 560 702 D.
577 674 610 703 cle
620 673 812 713 jurejurando
831 672 870 703 dc
884 672 963 712 jure-

93 716 226 758 jurando
248 724 264 745 a
291 722 499 754 procuratore
518 713 707 744 deferendo.
745 713 840 744 verba
865 711 962 744 Pauli.

94 759 272 791 Procurator
284 765 391 797 quoque
404 756 477 796 quod
492 755 591 785 deiidit
601 778 610 793 ,
626 761 723 786 ratum
739 755 897 785 babendum
907 752 963 794 est.-

87 799 216 840 scilz'cet‚
226 796 254 836 fi
268 803 319 828 aut
333 797 530 831 universorum
541 797 674 827 bonorum
689 793 963 835 administrationem

85 838 228 881 sustinet,
252 844 305 869 aut
314 837 343 876 fi
366 839 395 868 id
413 839 504 877 ipsimi
525 838 695 869 nominatim
718 838 887 869 mandatum
898 835 959 875 fic,

93 887 145 913 aut
155 880 183 919 fi
199 882 229 910 in
247 889 305 910 rem
321 880 401 917 suam
415 877 640 919 procuratorfit.

70 919 73 923 ’
134 922 195 954 Sed
212 917 425 952 absolvamus:
443 919 499 958 est,
510 927 544 951 ut
561 920 638 959 dixi,
650 919 873 961 quaerentibus,
885 919 960 965 quid

93 965 159 1004 §ure
174 962 270 994 faciat
286 970 493 1002 procurator,
510 969 640 1001 accepta
655 961 796 992 omnium
815 969 962 1002 negotio·

92 1014 161 1037 rum
174 1028 184 1043 ,
208 1011 260 1034 aut
277 1004 373 1034 libera
390 1004 531 1034 oninium
552 1004 754 1044 negotiorum
770 1001 961 1033 administra-

94 1046 202 1084 tione,
217 1045 386 1084 diligenter
404 1044 717 1075 animadvertendum
729 1067 738 1082 ‚
755 1044 831 1083 quid
848 1053 888 1074 ex
904 1052 958 1074 ne-

94 1088 189 1128 gotiis
206 1086 252 1117 iit.
276 1095 339 1117 non
358 1085 401 1116 est
419 1085 503 1117 enim
520 1095 579 1116 una
597 1085 628 1116 δε
643 1084 774 1126 simplex
790 1085 860 1130 'ej-us
875 1093 959 1115 man-

94 1129 158 1159 dati
180 1128 270 1159 ratio.
304 1127 474 1166 aliquando
498 1127 595 1158 variat
612 1127 693 1157 hanc
710 1128 831 1157 domini
849 1125 959 1156 volun-

93 1178 158 1201 tas:
184 1168 353 1208 aliquando
380 1168 526 1198 conditio
549 1177 651 1199 rerum
677 1173 746 1207 quae
762 1166 958 1198 mandantur.

95 1210 141 1241 est
164 1210 260 1251 igitur
282 1218 331 1239 res
355 1208 448 1239 fatti:
472 1208 670 1248 multumque
691 1207 811 1245 refert,
836 1207 913 1247 quid
930 1215 959 1237 a·

94 1251 177 1283 ctum
202 1250 246 1282 iit.
277 1250 319 1280 ita
342 1250 433 1280 detur
447 1249 535 1287 alicui
556 1249 703 1288 generale
719 1249 899 1292 mandatum
919 1248 958 1278 ad

92 1290 346 1324 administrandas
371 1299 420 1321 res
444 1289 563 1320 domini
587 1293 652 1330 quo
679 1289 719 1321 de
741 1289 881 1328 superior
897 1287 958 1319 fuit

92 1332 278 1373 disputatio:
302 1329 403 1362 rursus
427 1330 518 1361 detur
541 1330 590 1361 alii
612 1330 760 1371 generale
776 1330 957 1361 mandatum

92 1374 131 1405 ad
155 1372 382 1414 negotiandum
405 1371 444 1403 de
466 1371 558 1402 rebus
581 1372 720 1404 domini:
744 1370 807 1402 five
831 1371 908 1403 velit
924 1381 955 1402 e-

91 1424 196 1453 mere,
220 1413 282 1445 five
305 1413 464 1451 vendere,
486 1412 550 1444 five
576 1412 709 1453 pacisci,
732 1411 796 1444 ssve
819 1412 903 1444 aliud
927 1421 957 1444 a·

92 1465 167 1496 gere
192 1463 350 1495 tamquam
373 1454 537 1485 dominus:
562 1453 606 1485 est
624 1454 735 1495 procul
759 1453 858 1485 dubio
875 1453 958 1486 aliud

90 1497 182 1538 hujus
203 1498 268 1537 jus,
291 1504 383 1536 quam
407 1495 506 1526 illius:
533 1496 610 1527 licet
633 1503 767 1536 uterque
786 1495 903 1526 habeat
924 1495 958 1526 li-

88 1538 196 1569 beram
219 1545 322 1568 rerum
349 1535 660 1570 administrationem.
699 1536 828 1568 interest
852 1537 957 1575 enim;

92 1579 180 1620 quod
199 1578 277 1609 alter
293 1577 339 1609 est
355 1578 393 1608 ad
411 1578 639 1620 negotiandum
661 1578 701 1609 de
720 1577 812 1610 rebus
835 1578 957 1610 domini

90 1619 297 1651 constitutus:
321 1619 400 1650 alter
415 1628 479 1649 non
499 1619 552 1650 est.
585 1619 674 1650 alteri
690 1619 790 1659 palam
806 1619 897 1651 datur
911 1619 955 1650 fa-

89 1662 190 1693 cultas
206 1660 331 1692 emendi
342 1682 351 1698 ,
367 1660 546 1698 vendendi,
562 1660 762 1701 pei-mutandi
775 1683 785 1700 ‚
800 1661 956 1701 oppigno-

89 1703 194 1740 randi,
220 1701 249 1733 dt
266 1701 287 1732 ii
305 1701 381 1741 quid
400 1708 552 1741 praeterea
567 1701 674 1732 facere
691 1701 778 1732 velit.
811 1702 902 1733 alteri
919 1710 954 1733 ea

87 1743 221 1774 facultas
238 1751 303 1773 non
321 1743 363 1773 ita
382 1742 484 1773 datur.
508 1741 586 1773 Illuc
603 1741 709 1774 refero
726 1742 790 1773 hoc
804 1741 955 1774 Scaevolae

89 1784 108 1814 l.
121 1788 170 1816 60.
181 1783 248 1825 §.sp
259 1782 300 1814 D.
317 1782 459 1814 Mandoni
473 1783 520 1813 vel
535 1789 644 1814 contra.
663 1783 776 1814 Lucius
790 1783 883 1815 Titius
885 1784 954 1823 sra-

88 1827 144 1856 tris
153 1824 216 1865 filio
226 1823 359 1861 commisti
375 1832 468 1856 rerum
475 1825 602 1863 suarum
617 1822 889 1865 <cdrnim'strationem
902 1826 954 1856 ita.

90 1866 153 1907 Sejo
166 1866 229 1904 filio
238 1865 293 1904 suo
318 1865 348 1896 S.
367 1865 428 1906 Ego
447 1866 558 1906 quidem
573 1866 729 1903 secundum
745 1872 883 1897 naturam
905 1865 956 1906 effe

91 1905 219 1947 existimo
234 1914 281 1945 pro
294 1912 378 1946 patre
394 1906 430 1940 ὃ)
441 1907 536 1947 patris
543 1906 616 1946 filiis
631 1908 771 1948 negotiari
777 1905 843 1944 fine
857 1908 955 1948 aliqua

88 1947 266 1988 conceffionis
286 1946 487 1988 inquifizi’one:
504 1946 534 1985 fi
548 1954 642 1979 autem
663 1946 807 1988 mceffitas
830 1949 954 1989 alicujus

86 1989 154 2019 talis
168 1991 238 2019 erit:
256 1990 371 2019 concedo
390 1990 442 2019 tibi
456 1990 489 2019 de
504 1990 632 2020 omnibus
650 1990 717 2020 meis
732 2012 741 2027 ,
755 1996 791 2020 ut
807 1991 852 2021 vis
869 1999 951 2030 nego-

85 2031 156 2061 tiari
164 2040 173 2066 ς
184 2029 247 2068 five
260 2030 380 2060 vendere
398 2031 444 2060 vis
455 2052 463 2067 ,
477 2029 541 2067 five
549 2030 658 2070 paersci
666 2053 675 2069 ,
685 2029 749 2068 five
762 2040 850 2061 emere
861 2055 869 2069 ,
886 2031 952 2069 five

85 2072 279 2112 quodcumque
297 2072 425 2110 operari,
441 2076 474 2101 ut
484 2072 594 2102 domino
605 2072 732 2102 omnium
747 2081 890 2103 meorum:
906 2081 949 2103 me

85 2114 181 2143 omnia
191 2111 280 2151 firma
296 2111 347 2151 effe
362 2122 380 2142 a
397 2117 423 2142 te
434 2110 518 2151 fabia
533 2110 732 2152 existimante,
755 2112 792 2148 ἐξ
807 2123 863 2144 non
887 2123 949 2144 con·

84 2154 207 2184 trarium
222 2154 330 2184 dicente
347 2153 399 2183 tibi
412 2154 449 2184 ad
462 2153 551 2185 uliam
565 2155 760 2194 operationem.
790 2153 950 2198 Quoefitum

87 2190 143 2233 est,
151 2192 179 2230 fi
191 2194 261 2234 quid
275 2203 332 2224 non
347 2192 568 2234 administrandi
585 2196 697 2234 animo,
711 2196 765 2235 sed
773 2196 950 2236 fraudulen-

87 2239 129 2264 ter
143 2233 286 2274 olienaffec
296 2256 305 2272 ,
320 2234 366 2264 vel
381 2235 555 2275 mandaffet,
578 2246 617 2267 an
633 2236 764 2268 voleret?
787 2237 948 2278 Respondi,

86 2284 148 2305 eum
165 2276 197 2305 de
210 2285 263 2316 quo
279 2282 469 2315 quereretur,
488 2274 572 2316 plene
632 2279 722 2316 idem,
737 2278 790 2317 sed
807 2284 949 2319 quatenus

86 2325 129 2347 res
142 2325 178 2347 ex
186 2315 246 2356 fide
260 2317 372 2357 agenda
385 2315 467 2357 τίθει,
480 2287 633 2359 mandaffi.
659 2318 678 2357 †
694 2318 767 2350 Item
782 2329 875 2360 quaero
883 2343 893 2359 ‚
908 2329 948 2351 an

729 2417 945 2454 CAPUT

1811 100 1882 137 459

1013 186 1077 208 cnm
1087 176 1169 218 Sejus
1179 176 1351 219 magistratu
1361 178 1508 219 sanstus,
1523 179 1631 211 debitor
1646 178 1800 221 extitzffet,
1816 180 1881 212 Lu-

1011 219 1072 248 cius
1090 217 1185 249 Titius
1199 229 1227 250 eo
1244 222 1355 251 nomine
1371 221 1518 260 conveniri
1530 219 1629 264 poffit,
1645 221 1691 253 vel
1701 231 1745 252 res
1760 222 1820 264 ejus
1836 224 1881 252 oba

1009 259 1104 330 313&ae
1130 259 1212 300 efferii
1229 284 1238 299 ,
1265 267 1379 302 propter
1401 264 1489 293 verba
1516 263 1634 304 epistole
1647 261 1876 304 suprascripta?

1015 301 1168 381 ffelponclz',
1193 311 1282 344 neque
1301 305 1449 334 conveniri
1457 303 1552 344 poffe‚
1575 314 1663 345 neque
1677 314 1719 335 res
1736 305 1878 345 obligatas

1008 351 1021 371 8
1062 365 1069 372 .

1008 382 1193 422 amplissimo
1218 384 1247 415 ἂ
1266 385 1426 417 liberrimo
1445 386 1508 417 lioc
1527 388 1676 418 mandato
1693 388 1732 418 ad
1752 388 1878 428 negoti-

1007 425 1121 455 andum
1140 425 1346 464 constitutus,
1371 426 1475 467 potest
1492 436 1616 466 emere,
1633 429 1790 467 vendere,
1806 437 1879 469 per-

1006 474 1147 504 mutare,
1171 467 1263 498 etiam
1288 476 1411 499 mutuas
1428 469 1577 509 pecunias
1595 470 1761 510 accipere,
1786 470 1815 501 ἀ
1831 471 1878 510 pi-

1006 515 1084 547 gnus
1095 507 1289 539 constituere
1305 509 1423 540 domini
1440 510 1586 541 nomine:
1610 511 1682 551 quia
1699 520 1736 541 ea
1753 510 1876 542 suntex

1006 549 1153 589 negotiis.
1183 557 1304 580 tantuin
1325 548 1532 582 desideratur:
1556 559 1610 590 ut,
1632 560 1705 582 cum
1731 561 1767 583 ea
1789 553 1877 593 agit,

1006 598 1054 619 res
1070 589 1188 630 species
1203 590 1240 621 ad
1251 592 1518 631 negotiationem:
1535 600 1628 632 quam
1645 601 1738 624 unam
1754 593 1783 624 ei
1800 602 1878 632 pei·-

1008 630 1085 661 misit
1111 632 1267 663 dominus.
1298 634 1384 672 quod
1401 631 1422 664 si
1440 633 1498 664 alia
1515 640 1555 665 ex
1574 633 1661 664 causa
1678 643 1718 664 aes
1735 634 1876 666 alienum

1006 672 1192 711 contrabat,
1216 681 1268 704 aut
1287 674 1405 705 domini
1425 675 1508 705 bona
1527 674 1649 714 pignori
1667 675 1808 715 obliget:
1832 675 1875 706 ad

1005 713 1168 745 dominum
1188 723 1250 745 non
1272 716 1427 753 pertinet:
1451 719 1486 746 u't
1502 715 1524 747 fi
1547 715 1620 756 (qui
1639 714 1684 746 est
1702 716 1788 746 casus
1804 717 1833 747 d.
1850 716 1874 748 l.

1004 758 1055 785 60.
1073 754 1101 794 §.
1118 765 1147 793 4.
1166 756 1197 785 in
1209 755 1288 795 fine)
1311 765 1382 787 cum
1400 756 1578 797 magistratu
1596 756 1782 798 fungeretur
1798 766 1873 797 pro-

1004 803 1148 832 curator,
1173 804 1208 826 ea
1225 805 1265 827 ex
1277 797 1364 828 causa
1381 798 1509 829 debitor
1527 797 1563 829 fit
1578 798 1733 836 civitatis,
1751 798 1803 829 vel
1819 808 1872 831 res

1004 836 1122 866 domini
1141 836 1347 876 obligaverit:
1364 847 1429 869 iion
1447 839 1478 871 id
1495 838 1612 879 spectac
1629 840 1667 871 ad
1684 841 1874 879 dominum,

1004 877 1195 923 nec'idcirco
1213 878 1277 918 ejus
1293 887 1342 910 res
1354 887 1521 915 tenentur:
1537 882 1610 921 quia
1620 890 1685 913 non
1702 880 1753 913 est>
1763 890 1804 913 ex
1818 890 1876 913 ne-

1003 925 1110 959 gotiis.

1046 958 1108 991 Sed
1124 966 1272 999 apparet,
1289 961 1375 1000 quod
1393 961 1476 1001 dixi,
1495 962 1557 994 effe
1573 973 1670 997 unum
1687 965 1874 997 mandatum

1004 1009 1068 1040 quo
1079 1001 1267 1031 conceditur
1275 1002 1430 1041 generalis
1446 1005 1587 1036 omnium
1604 1008 1808 1047 negotiorum
1818 1008 1875 1037 ad-

1002 1040 1204 1079 ministratio,
1223 1041 1251 1072 &
1268 1051 1333 1081 quo
1349 1045 1536 1076 conceditur
1551 1046 1647 1078 libera
1663 1048 1804 1079 omniurn
1820 1057 1876 1079 ne-

1002 1082 1164 1123 gotiorum
1190 1082 1433 1117 administratio:
1457 1086 1487 1117 &
1511 1094 1616 1119 tamen
1641 1089 1672 1119 id
1690 1098 1730 1120 ex
1749 1089 1875 1121 domini

1003 1125 1187 1162 voluntate,
1211 1124 1240 1154 ἃ
1258 1133 1362 1156 rerum
1386 1127 1574 1159 conditione
1597 1129 1732 1169 aliquam
1748 1131 1875 1162 invenit

1002 1166 1205 1196 varietatem:
1228 1165 1357 1205 ingente
1376 1165 1574 1207 differentia,
1598 1177 1702 1201 utrum
1721 1180 1876 1210 procura-

1002 1206 1062 1236 tori
1080 1206 1119 1237 ad
1137 1206 1364 1246 negotiandum
1377 1208 1416 1239 de
1434 1209 1528 1240 rebus
1544 1210 1664 1241 domini
1676 1234 1686 1250 ,
1709 1217 1746 1242 an
1765 1213 1803 1243 ad
1820 1213 1875 1244 ad.

1001 1246 1218 1280 ministrandas
1244 1248 1363 1279 domini
1391 1258 1440 1282 res
1465 1250 1536 1281 data
1559 1250 1595 1282 fit
1613 1252 1756 1283 omnium
1772 1262 1873 1294 nego-

1002 1288 1118 1320 tiorum
1136 1312 1146 1327 ,
1177 1296 1230 1319 aut
1254 1289 1350 1321 etiam
1377 1290 1476 1323 libera
1498 1293 1640 1324 omnium
1665 1294 1874 1334 negotiorum

1000 1329 1236 1361 administratio.
1266 1329 1393 1371 fuitque
1409 1333 1440 1364 id
1463 1342 1503 1364 eo
1519 1333 1701 1374 diligentius
1718 1343 1878 1366 annotan-

1000 1372 1094 1403 dum:
1111 1372 1183 1412 quia
1198 1370 1285 1403 simili
1302 1372 1425 1404 ratione
1440 1373 1588 1414 interest;
1612 1383 1717 1407 utrum
1734 1375 1839 1408 servus
1854 1384 1876 1408 a

998 1413 1134 1444 domino
1143 1413 1279 1453 accipiat
1289 1414 1590 1448 administrationem
1601 1418 1743 1448 omnium
1754 1428 1874 1457 rerum,

1000 1454 1248 1495 negotiorumve
1265 1455 1405 1488 domini:
1428 1465 1466 1488 an
1484 1458 1620 1497 accipiat
1636 1459 1751 1499 peculii
1775 1460 1875 1492 admi-

1000 1495 1235 1534 nistrationem,
1259 1504 1312 1526 aut
1336 1496 1467 1529 liberam
1492 1498 1875 1538 peculiiadministiatio-

999 1545 1084 1568 nem.
1117 1546 1189 1568 nam
1209 1544 1341 1577 accepta
1357 1538 1629 1571 administratione
1645 1549 1750 1572 rerum
1767 1543 1873 1573 domi-

1000 1578 1053 1617 ni,
1077 1578 1181 1619 potest
1198 1578 1327 1618 quidem
1342 1578 1480 1619 fructus,
1497 1580 1526 1612 ὅ(
1538 1580 1558 1612 fi
1574 1579 1643 1622 quie
1657 1589 1811 1621 praeterea
1824 1581 1874 1615 fa-

1000 1619 1061 1651 cile
1077 1627 1337 1659 corrumpantur,
1357 1620 1511 1660 alienare,
1528 1621 1582 1653 sed
1597 1632 1646 1654 res
1664 1622 1800 1655 mobiles
1816 1631 1873 1656 aut

997 1660 1178 1693 immobiles
1197 1661 1334 1693 alienare
1357 1671 1422 1695 non
1440 1662 1564 1703 potest:
1589 1665 1739 1704 exemplo
1756 1674 1873 1705 procu·

997 1703 1111 1734 satoris
1135 1709 1281 1734 totorum
1306 1703 1465 1735 bonorum
1483 1705 1532 1736 cui
1551 1714 1598 1736 res
1616 1705 1871 1739 administrandae

998 1744 1151 1775 mandatae
1167 1742 1237 1775 sunt
1251 1744 1271 1774 l.
1284 1747 1335 1784 63.
1353 1743 1396 1776 D.
1419 1747 1453 1776 de
1465 1748 1708 1786 procuratoribus.
1725 1747 1823 1789 longe
1840 1758 1871 1780 a·

997 1785 1087 1823 liter,
1103 1794 1139 1815 ac
1151 1793 1224 1816 cum
1240 1783 1330 1816 servo
1346 1785 1417 1817 data
1433 1787 1478 1818 est
1494 1788 1610 1827 peculii
1622 1788 1871 1830 administratio,

998 1826 1050 1857 vel
1068 1826 1164 1857 libera
1179 1826 1296 1866 peculii
1311 1826 1547 1860 administratio.
1563 1839 1632 1861 narn
1650 1837 1716 1861 tum
1731 1831 1870 1863 alienare

999 1876 1048 1897 res
1064 1867 1240 1907 peculiares
1255 1876 1327 1899 eum
1344 1867 1451 1908 posse,
1467 1878 1556 1900 extra
1572 1870 1807 1904 dubitationem
1823 1872 1870 1905 est

998 1907 1017 1941 l.
1032 1912 1076 1941 18.
1089 1907 1116 1948 §.
1128 1908 1181 1939 ult.
1200 1907 1241 1939 D.
1259 1910 1292 1939 de
1298 1910 1489 1950 pignoratitia
1502 1910 1631 1943 afflone.-
1647 1922 1689 1944 eo
1705 1915 1793 1952 quod
1810 1923 1869 1955 pe-

998 1950 1113 1991 culium
1125 1948 1169 1980 est
1185 1949 1268 1990 quafi
1279 1952 1438 1990 proprium
1457 1952 1534 1983 servi
1552 1952 1775 1992 patrimonium
1786 1955 1805 1987 l.
1816 1966 1870 1996 39.

994 1989 1038 2021 D.
1065 1991 1097 2021 de
1107 1990 1228 2030 peculio.
1261 1991 1376 2023 deinde
1393 1993 1484 2024 datur
1500 1992 1590 2025 servo
1606 1995 1794 2036 plerumque
1811 2006 1869 2037 pe-

994 2031 1112 2063 culium
1129 2033 1166 2063 ad
1184 2033 1409 2072 negotiandum
1425 2035 1542 2075 magis,
1565 2044 1658 2075 quam
1673 2037 1712 2067 ad
1729 2036 1868 2069 custodi-

990 2073 1119 2109 endum.
1165 2072 1208 2103 Et
1231 2082 1354 2111 tamen,
1380 2076 1467 2115 quod
1487 2076 1527 2107 ‹le
1544 2084 1686 2108 totorum
1703 2077 1866 2112 bonorum

993 2121 1200 2154 procuratore
1219 2115 1269 2144 cui
1287 2114 1433 2147 concessa
1449 2115 1484 2148 fit
1501 2117 1598 2148 libera
1610 2127 1713 2150 rerum
1731 2120 1867 2152 admini-

992 2155 1117 2193 stratio,
1134 2155 1216 2192 dixi,
1227 2155 1322 2186 etiam
1332 2156 1502 2190 dicendum
1517 2157 1561 2190 est
1577 2159 1617 2190 de
1632 2158 1722 2191 servo
1738 2161 1766 2192 ἀ
1782 2160 1868 2194 filio-

991 2196 1124 2228 familias
1141 2196 1191 2226 cui
1209 2196 1350 2236 permiffa
1367 2197 1403 2228 fit
1419 2199 1518 2230 libera
1537 2201 1652 2239 peculii
1670 2202 1867 2234 administra-

992 2238 1055 2276 tio,
1071 2236 1159 2277 poss'e
1176 2235 1250 2268 faeti
1267 2237 1474 2277 quaestionem
1489 2240 1571 2280 effe,
1589 2250 1739 2281 quantum
1759 2244 1787 2274 ei
1806 2243 1862 2276 sub

990 2289 1026 2310 ea
1041 2278 1254 2319 appellatione
1271 2278 1307 2310 fit
1322 2281 1504 2313 concessum
1519 2282 1538 2314 l.
1560 2292 1585 2314 1.
1603 2283 1632 2323 §.
1653 2292 1678 2315 1.
1699 2283 1740 2315 D.
1785 2283 1862 2327 Qua»)

989 2330 1032 2351 res
1037 2320 1166 2361 pignori.
1183 2320 1202 2353 l.
1215 2329 1243 2361 7.
1258 2326 1305 2360 pr.
1317 2320 1346 2362 §.
1360 2329 1383 2354 ι.
1397 2332 1425 2354 2.
1436 2322 1473 2357 ὅ)
1482 2333 1511 2364 3.
1536 2322 1579 2355 D.
1596 2327 1629 2355 cie
1648 2325 1864 2360 donationibus.

1115 342 1163 373 Ex
1181 342 1245 374 lioc
1263 344 1338 375 loco
1356 345 1558 385 intelligitur:
1582 346 1668 386 quod
1686 351 1878 385 procurator

1002 2416 1203 2455 XXVIII.

269 2503 322 2541 De
332 2508 432 2553 pastis
446 2507 623 2554 principalis
641 2497 802 2551 debitoris,
830 2510 961 2554 itemque
971 2508 1171 2555 fidejuſjoris,
1199 2506 1240 2548 ἐξ
1258 2509 1348 2545 unius
1364 2521 1403 2546 ex
1418 2511 1530 2547 dnobus
1546 2516 1675 2560 coi-reis,

712 2556 966 2604 fivssistffl'fim,

88 2644 206 2718 Hoc
216 2646 290 2679 loco
298 2648 417 2681 videbo
426 2651 466 2682 de
481 2652 575 2692 pacto
586 2653 630 2685 rei
641 2653 840 2693 principalis,
855 2653 946 2686 item-

181 2695 242 2726 que
252 2686 453 2730 fidejussoris,
469 2692 498 2723 δι
516 2695 606 2726 unius
617 2704 657 2725 ex
673 2695 797 2726 duobus
814 2697 944 2727 correis.

88 2727 142 2758 sed
165 2731 298 2773 primum
318 2730 358 2760 de
380 2740 435 2776 reo
456 2733 569 2766 dicam.
600 2735 625 2765 is
642 2734 663 2766 fi
680 2736 867 2775 paciscatur,
893 2735 945 2768 Ne

86 2777 222 2808 pecunia
245 2776 385 2815 petat-ur:
407 2774 553 2813 interest3
577 2783 679 2807 utrum
700 2777 731 2808 in
749 2786 834 2816 rem,
857 2787 893 2808 an
912 2778 944 2809 in

85 2807 251 2855 personam
269 2810 449 2848 paciscatur.
480 2822 551 2847 nam
569 2815 591 2847 fi
607 2816 637 2847 in
656 2816 819 2856 personam
838 2819 945 2857 padus

84 2851 122 2881 iit
136 2859 224 2888 reus;
240 2848 396 2897 fidejussor
411 2861 475 2884 non
491 2862 598 2888 utetur
613 2857 693 2896 paCti
712 2860 907 2900 exceptione
923 2859 943 2890 l.

84 2900 135 2922 22.
153 2889 194 2922 D.
213 2892 247 2921 de
255 2890 368 2931 pastis:
383 2893 456 2932 quia
471 2895 632 2934 personale
647 2898 771 2937 pactum
789 2909 853 2932 non
871 2910 943 2940 pro-

82 2930 150 2962 dest
174 2932 244 2970 alii,
268 2941 361 2972 quam
381 2933 548 2972 paciscenti
566 2936 585 2968 l.
604 2946 651 2977 25.
691 2961 697 2969 .
717 2948 742 2971 1.
760 2940 802 2972 D.
819 2942 877 2973 eod.
894 2942 942 2974 tic.

81 2972 168 3012 quod
183 2972 204 3004 fi
219 2974 250 3005 in
262 2982 327 3005 rem
337 2973 443 3013 paetus
460 2974 495 3006 fit
511 2986 599 3009 reus:
616 2987 654 3017 pa
688 2979 695 3009 i
711 2983 861 3022 exceptio
879 2991 944 3014 non

80 3020 204 3044 tantum
219 3014 265 3052 ei,
282 3013 334 3046 sed
352 3014 382 3047 &
398 3013 563 3055 fidejuffori
582 3018 646 3058 ejus
663 3020 805 3059 prodest:
823 3023 895 3068 quia
912 3024 944 3054 in

80 3063 148 3086 rem
163 3055 250 3094 pacta
261 3056 391 3096 prosunt
406 3057 553 3090 omnibus
569 3067 703 3099 quorum
714 3061 944 3104 obligationem

79 3094 256 3128 dissolutam
272 3096 353 3136 eise,
376 3098 444 3138 ejus
466 3100 519 3139 qui
539 3100 774 3141 paciscebatur,
796 3104 941 3137 interfuit

78 3134 97 3166 l.
115 3145 165 3181 ².¹·
181 3136 211 3177 §.
225 3139 278 3169 ult.
296 3137 338 3168 D.
354 3141 411 3170 eod.
427 3140 472 3171 tic.
497 3140 627 3173 interest
641 3149 747 3176 autem
764 3144 808 3176 rei
824 3146 940 3185 princi-

73 3176 241 3252 palfiinn}
254 3177 410 3222 fidejuffor
434 3182 663 3225 conveniatur:
684 3184 757 3226 quia
779 3185 847 3236 ΗΒ
863 3187 938 3236 quid

986 2556 1055 2602 five
1071 2569 1129 2593 non
1140 2557 1218 2603 fint.

989 2664 1048 2695 pro
1065 2664 1121 2686 reo
1138 2653 1253 2694 solvit,
1277 2657 1317 2687 ab
1335 2666 1375 2688 eo
1400 2659 1505 2698 potest
1520 2660 1657 2694 mandati
1669 2660 1792 2701 judicio
1811 2673 1860 2695 re-

989 2702 1099 2735 petere
1114 2696 1134 2727 l.
1151 2706 1200 2736 32.
1219 2696 1262 2728 D.
1279 2699 1337 2744 eod.
1357 2700 1402 2730 tic.
1440 2700 1482 2732 At
1505 2703 1590 2734 enim
1614 2702 1706 2737 unius
1730 2705 1857 2743 pactum

988 2737 1348 2823 ⁰N⁰essnzz⁰ssssssalssil¹ca
1357 2740 1451 2813 &aaa
1466 2741 1523 2823 32²1?
1538 2743 1857 2826 ἓῃῗέζῑὶἶῖἔῖἕέξῖῗὲ

989 2826 1047 2849 teri
1066 2818 1211 2865 prodesse
1234 2830 1297 2852 non
1322 2822 1529 2865 prohibetur,
1554 2827 1654 2858 modo
1673 2826 1692 2857 fi
1712 2836 1751 2857 ne
1769 2827 1855 2867 paci-

987 2858 1086 2905 scenti
1109 2862 1236 2901 quidem
1279 2862 1439 2908 ⁴rodeffet3
1462 2862 1517 2900 nisi
1542 2868 1579 2898 ad
1605 2868 1697 2898 alium
1725 2873 1857 2907 quoque

987 2907 1183 2947 pertingeret
1204 2871 1285 2942 ραίξι
1307 2903 1438 2937 effeetus
1455 2907 1475 2938 l.
1497 2918 1545 2950 23·
1566 2908 1609 2939 D.
1629 2909 1680 2938 hoc
1696 2908 1741 2937 tiz.
1773 2916 1854 2947 quo-

988 2949 1046 2972 ties
1058 2950 1154 2982 igitur
1170 2944 1337 2985 regressum
1348 2947 1493 2981 adversus
1510 2959 1597 2981 reum
1615 2947 1710 2979 habet
1728 2947 1856 2987 fidejus-

987 2981 1055 3022 sor,
1078 2983 1274 3017 succurretur
1297 2986 1326 3018 ei
1352 2991 1547 3030 exceptione
1568 2989 1649 3029 pacti·
1667 2989 1754 3027 quod
1771 2988 1854 3023 fecit

986 3033 1074 3056 reus:
1098 3025 1223 3065 quoties
1246 3034 1350 3060 autern
1373 3039 1437 3061 non
1456 3030 1551 3062 habet
1569 3037 1641 3061 eum
1658 3029 1851 3072 regressum,

985 3072 1020 3096 ut
1036 3063 1057 3096 fi
1073 3066 1208 3100 donandi
1225 3069 1330 3103 animo
1347 3069 1510 3111 fidejiissit:
1526 3079 1591 3101 non
1607 3069 1736 3110 prodest
1752 3072 1781 3103 ci
1796 3083 1854 3106 ex-

986 3108 1093 3146 ceptio
1110 3107 1191 3148 paffi
1212 3118 1229 3140 a
1248 3120 1304 3142 reo
1321 3110 1406 3143 facti.
1430 3112 1557 3151 egregie
1574 3110 1688 3142 Paulus
1705 3111 1724 3143 l.
1743 3122 1791 3152 532.
1807 3115 1853 3149 D.

983 3149 1039 3180 eod.
1056 3149 1101 3182 tit.
1120 3148 1207 3194 ρμοιί
1229 3151 1335 3184 ditium
1352 3150 1409 3192 est,
1425 3151 1454 3189 fi
1466 3160 1529 3182 cum
1548 3161 1591 3182 reo
1604 3151 1725 3192 pastum
1734 3153 1795 3195 sic,
1818 3162 1852 3187 ut

982 3198 1039 3231 rign
1042 3195 1163 3234 petatur
1171 3213 1180 3229 ,
1189 3191 1351 3234 fidejuffori
1359 3202 1469 3236 quoque
1479 3198 1628 3240 competere
1642 3196 1852 3237 exceptionem.-

1090 3230 1261 3278 Mmmz
1764 3243 1852 3279 ww
