2052 3487
402 160 465 206 DE
517 170 884 216 JunistTroNn
934 175 986 200 ET
1039 165 1245 202 IMPERIO.
1299 163 1468 201 Lmss.

45 260 150 301 Praefi’s
174 261 348 303 permittet.-
377 259 451 300 quod
468 256 497 296 fi
523 258 705 288 mandaverit
730 254 908 303 jurisdiblio-

45 314 127 341 nem,
149 312 331 345 nequaquam
343 301 447 342 poterit
463 300 604 330 mandata
623 296 826 339 jzirisdtciione
846 306 908 328 eam

45 343 224 387 questionem
241 343 407 383 transferre.
446 341 497 372 Sic
517 340 546 370 in
567 339 783 370 Haloandrino
802 345 920 369 exem--

46 388 152 428 plari,
175 386 205 418 δε
230 385 346 426 pasfim.
379 382 550 414 Florentia:
579 382 685 412 editur
701 403 711 417 ,
735 380 768 410 Si
781 385 906 416 tutores,

47 428 205 469 expuncta
230 426 365 464 vocula,
397 423 448 455 Er.
473 423 549 462 quid
567 445 576 460 ‚
608 421 629 454 fi
646 421 797 460 scribam,
825 419 906 458 Utfi

47 476 152 501 tutores
168 469 185 500 ‚9
213 468 296 500 Nam
323 467 370 498 his
394 465 424 496 in
451 465 556 496 verbis
583 473 649 494 non
676 463 845 494 inchoatur
867 462 906 493 ab

48 510 188 551 Ulpiano
210 518 314 541 novus
332 506 451 538 sermo:
478 505 529 536 sed
556 504 717 545 subjicitur
740 504 860 545 species
877 504 907 535 ὃς

46 552 228 593 exemplum
253 549 397 592 principii
428 547 570 587 ejusdem
603 547 724 587 capitis.
758 544 909 586 prorsus,

45 602 81 625 ut
98 603 162 625 non
180 593 235 624 abs
252 601 285 623 re
309 590 427 628 fuerit,
457 597 500 619 ita
525 598 630 619 totum
648 589 768 628 exponi
795 594 909 626 caput,

40 635 128 666 <Fere
160 633 212 665 ubi
236 631 360 664 Praefidi
387 631 436 671 jus
470 629 515 661 est
544 630 716 661 exercendi
750 628 877 660 Coniilii
899 651 907 667 ‚

47 677 141 707 etiarn
165 674 209 705 est
230 674 258 705 ei
286 673 337 705 cui
355 671 501 704 mandata
526 672 565 702 ab
589 681 630 702 eo
646 670 822 711 jurisdictio
846 668 908 700 est:

46 716 99 748 sed
116 716 195 747 fere.
214 714 259 747 est
279 715 385 753 enim,
408 713 460 744 ubi
482 712 597 744 Praefes
620 711 724 752 potest
736 710 910 743 Consilium

47 766 218 795 exercere3
242 764 273 788 at
292 757 316 788 is
341 755 392 786 cui
411 755 557 786 mandata
577 753 830 793 ei‘tjurisdic'tio³
844 761 910 783 non

46 799 160 841 potest.
185 797 285 840 finge,
320 804 443 828 tutores
469 797 552 827 velle
569 795 679 837 pupilli
701 795 817 836 praedia
833 802 909 823 ven-

48 842 133 879 dere,
162 839 210 872 his
232 841 365 870 decreto
381 847 462 878 opus
481 837 561 869 ess'e:
588 835 702 868 Praei'es
719 843 774 880 aut
790 834 910 880 Praetor

49 882 211 914 exercebit
236 880 410 913 Consilium
427 902 437 918 ,
472 878 502 910 δε
532 879 571 909 de
598 876 727 910 Confilii
757 878 911 920 iententia

50 924 211 955 decernet.
244 922 321 962 quid
344 922 384 952 ita
401 921 419 952 ἱ)
451 921 522 961 quia
544 929 579 949 ea
606 919 751 960 cognitio
777 917 909 949 Praetori

51 965 169 999 urbano
193 963 381 996 nominatim
397 963 468 995 data
482 961 527 994 est
544 960 700 993 Oratione
718 959 796 991 Divi
815 959 910 990 Seve-

1743 173 1810 209 109

950 254 974 286 ri
997 253 1016 286 l.
1038 263 1064 288 1.
1089 254 1131 287 D.
1153 255 1185 285 de
1208 255 1291 286 rebus
1307 253 1403 286 e'oru'm
1424 254 1476 295 qui
1490 252 1547 294 sub
1565 252 1657 285 tutela
1671 251 1718 285 vel
1740 262 1812 284 cura

941 296 1037 337 sum.-
1057 295 1171 328 Praeses
1190 305 1267 327 vero
1286 296 1316 328 in
1336 293 1502 336 provincia
1524 294 1668 337 fungitur
1686 294 1759 326 vice
1784 295 1815 326 ὅτ.

949 337 1059 369 officio
1084 338 1232 369 Praetoris
1254 337 1363 369 urbani
1388 338 1417 368 &
1435 337 1579 368 omnium
1602 336 1714 368 Romae
1740 335 1814 366 Ma-

948 379 1134 420 gistratuum
1157 380 1175 410 l.
1196 389 1241 411 10.
1261 388 1306 410 11.
1323 377 1359 413 &⁹
1380 388 1425 410 ιε’..
1450 377 1493 409 D.
1514 379 1548 409 de
1562 376 1652 418 officio
1669 376 1815 414 Praefidz's.

949 421 1070 461 poterit
1099 422 1195 462 igitur
1228 419 1343 453 Praeses
1367 429 1404 451 ea
1435 419 1467 451 in
1501 418 1605 458 specie
1638 417 1815 451 Consilium

950 471 1102 493 exercere
1121 486 1132 502 ,
1165 462 1194 493 <Sc
1219 462 1259 493 de
1282 464 1348 501 ejus
1380 461 1536 492 sententia
1568 459 1658 491 causa
1685 460 1816 499 cognita

950 504 1135 535 decernere.
1179 503 1228 535 An
1246 503 1275 534 ἃ
1295 502 1506 534 mandatarius
1524 526 1533 540 ‚
1565 501 1712 533 mandata
1726 501 1819 541 juris-

951 544 1092 576 diCtione
1110 545 1127 577 ἱ)
1157 554 1222 576 non
1245 545 1359 575 dices:
1390 552 1461 581 nam
1486 552 1521 574 ea
1542 543 1687 584 cognitio
1711 551 1818 583 neque

952 587 1091 618 mandari
1124 585 1230 627 potest
1249 608 1259 625 ,
1291 594 1397 626 neque
1423 585 1572 616 mandata
1595 583 1818 624 jurisdictione

953 627 1158 660 transfertur:
1184 627 1256 667 quia
1272 635 1378 666 neque
1396 625 1546 666 Imperii,
1577 635 1682 665 neque
1697 625 1820 665 jurisdi-

954 669 1088 707 trionis,
1112 668 1177 708 est;
1202 668 1253 699 sed
1278 668 1307 699 ei
1327 667 1385 700 soli
1408 667 1565 708 competit
1583 667 1634 697 cui
1654 665 1742 707 Lege
1762 675 1821 697 no-

952 711 1096 742 minatim
1123 712 1195 742 data
1218 708 1262 741 est
1283 709 1302 740 l.
1326 719 1351 741 1.
1375 708 1418 740 D.
1434 710 1467 740 de
1484 706 1574 749 officio
1595 708 1657 749 ejus
1671 709 1718 739 cui
1736 716 1818 738 man-

952 754 1021 782 data
1043 749 1083 790 eft
1102 750 1280 792 jurisdictio.
1320 750 1351 782 Js
1377 749 1505 791 Ulpiani
1530 747 1653 780 sensus:
1687 757 1727 779 ex
1752 758 1818 788 quo

952 801 1084 833 apparet
1102 794 1190 833 quod
1208 792 1299 823 initio
1318 792 1406 830 dixi,
1429 791 1575 823 mandata
1592 800 1608 821 a
1623 789 1756 822 Praefide
1771 789 1819 829 Ju-

951 834 1138 865 risdittione
1153 857 1161 871 ,
1186 833 1274 874 poffe
1291 834 1421 873 quidem
1438 832 1664 864 mandatarium
1683 831 1822 871 plerum-

954 884 1016 915 que
1034 874 1208 906 Consilium
1225 883 1377 906 exercere
1392 898 1402 913 ‚
1426 874 1480 905 ubi
1496 872 1613 905 Praeses
1630 872 1710 904 solet
1729 881 1821 918 exer:

952 925 1047 990 {erm
1073 916 1126 947 sed
1141 925 1205 989 ιιοάι
1222 916 1347 957 paffim,
1373 924 1478 956 neque
1494 915 1611 956 ubique
1628 913 1737 956 poss'e,
1764 913 1820 945 ubi.

980 956 1070 989 raescs
1093 965 1171 997 pote
1201 980 1209 989 .

774 1078 984 1114 CAPUT
1035 1066 1104 1114 XI.

52 1189 103 1225 „liz
123 1189 335 1224 mandatarius
352 1187 490 1221 habuerit
501 1185 677 1233 potestatem
695 1184 820 1229 Judicis
836 1184 930 1218 dandi
948 1184 980 1218 in
1000 1183 1100 1229 causis
1118 1185 1268 1219 ordinarii
1283 1184 1396 1231 juris?
1423 1180 1465 1223 ἑὸ)
1487 1183 1601 1229 quando
1623 1183 1743 1230 deflerit
1765 1172 1820 1220 ha-

99 1240 177 1274 here.
227 1236 430 1283 Imperatoris
449 1234 597 1269 Gordiani
614 1240 733 1268 tentata
752 1233 902 1281 restitutio
920 1234 952 1267 in
971 1234 991 1267 l.
1003 1243 1037 1277 5.
1058 1233 1089 1269 C.
1112 1234 1146 1269 tle
1158 1234 1299 1280 judiciis.

106 1331 198 1363 *unc
221 1331 260 1362 de
274 1331 394 1371 Judicis
413 1330 542 1361 datione
562 1329 752 1361 dicendum:
784 1329 824 1361 de
851 1338 913 1370 qua

50 1336 124 1406 N
157 1372 254 1403 video
270 1373 366 1414 quaeri
385 1371 514 1412 duplice
530 1369 632 1403 causa.
656 1377 717 1402 una
733 1369 799 1411 est,
823 1371 913 1412 quod

51 1413 161 1446 Paulus
183 1413 201 1444 l.
224 1422 268 1446 12.
292 1413 320 1455 ἓ.
340 1423 366 1445 1.
390 1412 433 1444 D.
456 1413 488 1443 cie
503 1412 626 1454 judiciis
646 1413 843 1444 mandatario
869 1413 914 1452 ju-

51 1454 238 1486 risdifflonis
261 1455 427 1496 indulgens
437 1454 558 1495 Judicis
576 1454 765 1492 dationem,
790 1461 914 1485 tantum

53 1496 194 1536 loquitur
215 1497 254 1527 de
272 1495 397 1537 Legato
417 1495 637 1535 proconsulis3
661 1497 701 1527 de
717 1495 786 1527 aliis
808 1503 914 1526 autem

52 1537 292 1578 Magistratuum
320 1537 519 1569 mandatariis
544 1546 608 1568 non
638 1537 792 1577 loquitur.
817 1537 916 1567 altera

53 1579 142 1609 causa
159 1579 223 1618 est,
246 1580 334 1620 quod
352 1579 546 1619 Imperator,
578 1577 760 1610 Gordianus
785 1578 805 1610 l.
825 1588 854 1618 5.
880 1578 913 1609 C.

52 1621 84 1650 de
97 1620 216 1661 judiciis
236 1626 356 1661 negat,
381 1620 526 1661 Judicem
554 1629 570 1650 a
592 1619 707 1660 Judice
732 1619 915 1661 delegatum

52 1660 170 1692 habere
184 1661 306 1702 Judicis
332 1663 425 1693 dandi
446 1661 656 1702 potestatem:
683 1668 914 1700 primerquam,

52 1701 73 1734 fi
95 1712 112 1733 a
135 1701 281 1743 Principe
303 1703 407 1744 Judex
431 1705 521 1734 datus
543 1702 590 1733 iit.
633 1703 696 1734 Sed
721 1703 764 1734 nil
787 1703 914 1734 allatum

53 1742 99 1774 est
111 1766 120 1782 ,
145 1752 201 1775 cur
217 1751 337 1775 mutem
355 1744 561 1782 sententiam,
578 1753 671 1784 quarn
690 1752 763 1775 ante
779 1744 916 1785 probavi

53 1786 144 1825 capite
166 1794 195 1820 9.
228 1785 316 1827 hujus
338 1785 412 1816 libri.
446 1785 533 1825 quod
553 1785 638 1816 enim
661 1785 709 1825 jus
729 1784 774 1816 est
793 1808 802 1824 ,
833 1794 916 1825 quae-

55 1835 97 1856 ve
126 1826 291 1857 necess'itas
310 1849 319 1865 ,
351 1825 557 1866 restringendi
590 1827 773 1866 exemplum
806 1825 918 1866 Legati

53 1866 256 1898 Proconsulis
273 1868 303 1898 in
322 1869 349 1899 d.
375 1867 394 1898 l.
416 1877 462 1899 12.
488 1866 517 1908 §.
538 1866 593 1898 L?
617 1866 721 1898 adfert
738 1867 823 1898 enim
840 1866 917 1898 Pau-

54 1908 103 1939 lus
121 1909 300 1949 generalem
327 1908 466 1950 regulam
487 1932 496 1946 ,
526 1907 607 1939 Eum
635 1909 684 1939 cui
707 1909 853 1939 mandata
873 1907 919 1939 est

34 1949 232 1989 'jurisdiftio
248 1973 256 1986 ‚
283 1950 428 1990 judicem
454 1951 528 1981 dare
548 1949 661 1990 poss'e:
691 1958 797 1989 neque
824 1950 917 1981 idcir-

57 1999 116 2027 co,
143 1991 213 2030 quia
233 2000 291 2031 pro
311 1990 488 2023 illustranda
507 1992 616 2031 regula
639 1991 739 2022 utitur
765 1990 918 2031 exemplo

55 2031 168 2072 Legati
183 2032 385 2064 Proconsulis
397 2055 405 2071 ,
428 2033 555 2063 videtur
570 2033 609 2063 ab
628 2042 664 2063 ea
680 2037 817 2063 caeteros
835 2041 920 2064 man·

57 2073 195 2104 datarios
219 2074 399 2105 excludere.
441 2073 503 2105 Sed
528 2074 558 2105 id
581 2075 704 2104 certum
728 2072 792 2111 est,
817 2080 919 2104 atten-

58 2114 206 2145 dentibus
232 2115 405 2154 praefertim
437 2115 475 2146 ad
505 2122 648 2146 naturam
677 2114 919 2155 iurisdietionis:

59 2163 128 2195 quae
143 2164 214 2187 cnm
242 2157 312 2188 talis
331 2156 385 2194 fit,
417 2163 451 2186 ut
469 2156 495 2187 ei
519 2156 680 2188 coliaereat
695 2155 814 2194 Judicis
833 2156 920 2187 datio

58 2196 76 2226 l.
96 2207 124 2238 3.
150 2196 192 2229 D.
213 2198 245 2228 de
259 2197 479 2240 jzcrisdz'fflonffi
505 2198 693 2238 impossibile
712 2197 822 2236 est,ut
837 2207 922 2229 man-

59 2237 130 2268 data
147 2247 162 2268 a
181 2238 321 2270 Praetore
338 2239 557 2279 jurisdictione
572 2249 608 2270 ea
628 2240 657 2270 in
677 2238 785 2277 causa,
810 2239 842 2270 in
860 2247 923 2279 qua

57 2278 161 2318 Judex
176 2279 240 2310 dari
260 2279 338 2311 solet
352 2303 361 2319 ‚
380 2280 501 2321 Judicis
520 2280 607 2311 datio
626 2286 678 2311 aut
694 2281 839 2312 mandata
856 2289 922 2311 non

62 2319 256 2359 intelligatur
273 2344 282 2358 ,
311 2330 363 2352 aut
385 2322 423 2352 ad
446 2322 673 2352 mandatarium
699 2331 764 2353 non
785 2320 922 2353 transire.

64 2359 180 2403 Quid?
197 2364 284 2401 quod
301 2364 382 2403 apud
400 2363 591 2394 Ciceronem
609 2349 738 2394 Divffiat
760 2372 784 2394 c.
805 2371 849 2403 17.
868 2372 924 2393 ex-

63 2409 110 2432 tat
133 2404 316 2443 exemplum
342 2403 482 2444 specialis
503 2404 624 2444 Judicis
653 2413 747 2443 quern
777 2405 807 2435 in
836 2403 926 2435 causa

62 2444 217 2484 Agonidis
249 2444 338 2477 dedit
370 2444 518 2486 Quaestor
542 2445 584 2486 Q.
619 2445 793 2477 Caecilius:
829 2454 924 2485 quem

65 2493 131 2515 tum
148 2485 195 2524 jus
218 2485 327 2517 dixiss'e
350 2485 501 2517 Praetoris
526 2488 674 2518 mandatu
693 2511 701 2525 ‚
734 2487 798 2517 hoc
821 2485 924 2517 verisi-

64 2526 167 2557 milius
187 2525 250 2565 est,
275 2528 364 2568 quod
383 2528 410 2559 ὅ(
429 2527 603 2566 Caesarem,
627 2537 697 2559 cuin
720 2529 747 2559 ei
765 2527 925 2570 Quaestori

64 2567 196 2598 ulterior
218 2567 368 2607 Hispania
391 2569 587 2607 obveniss'et,
612 2570 759 2601 Praetoris
775 2569 926 2601 mandatu

68 2608 255 2641 Conventus
275 2610 344 2649 jure
360 2610 501 2642 dicundo
522 2610 732 2648 circumiiffe,
755 2610 927 2641 Suetonius

67 2648 168 2680 refert
194 2651 224 2680 in
246 2654 313 2682 vita
338 2652 398 2682 e'ur
421 2659 482 2692 cap.
501 2662 529 2691 7.
572 2651 632 2683 His
658 2653 811 2689 accedit,
841 2650 928 2691 quod

69 2688 302 2730 Imperatores,
333 2661 538 2725 's‘heodofius
562 2693 591 2724 δε
614 2693 872 2730 Valentinianus,
898 2694 928 2722 in

71 2728 90 2758 l.
114 2732 189 2775 unic.
218 2732 254 2777 C..
278 2733 341 2777 Qui
359 2740 484 2774 prosua
502 2734 705 2775 jurisili'tiffione
723 2735 836 2775 judices
861 2734 930 2763 dare

72 2770 173 2800 darive
193 2772 318 2812 poffiivit,
342 2783 411 2815 quae
429 2776 473 2806 est
491 2776 604 2816 scripta
627 2776 666 2806 ad
685 2775 824 2815 (Tyrum,
849 2774 931 2805 Prae-

71 2810 193 2858 seQum
212 2816 378 2854 praetorio,
402 2817 493 2856 primi
511 2820 673 2848 mutarunt
690 2817 847 2848 rationem
865 2816 931 2855 cJus

71 2861 146 2897 juris
164 2862 171 2882 ε
203 2861 273 2899 nain
296 2854 342 2886 his
362 2858 571 2896 pei-miserunt
590 2859 718 2898 quidem
739 2857 860 2898 judicis
882 2857 933 2887 da-

73 2901 196 2924 tionem
221 2903 284 2941 qm-
301 2895 452 2929 haberent
474 2899 635 2939 propriam
658 2899 930 2939 jurisdictionem:

73 2932 204 2973 (salva,
230 2944 366 2976 opinor,
390 2938 590 2971 distinctione
614 2944 632 2972 ι.
653 2951 680 2971 2.
700 2940 733 2971 C.
753 2941 785 2971 de
798 2940 933 2980 pedaneis

69 2975 335 3022 jnciz'cz'bzzsiillis
367 2987 470 3011 autem
497 2984 549 3020 qui
583 2981 714 3013 alienam
742 2979 934 3021 jurisdictio-

70 3026 146 3047 nem
181 3017 457 3058 administrarent,
489 3021 609 3061 Judicis
641 3023 804 3053 dationem
838 3030 933 3061 nega-

73 3064 156 3089 runt.
200 3059 352 3097 Alfenam,
379 3062 521 3100 inquam,
541 3063 784 3103 jzrrifflffiimzem,
816 3063 847 3093 id
863 3063 934 3101 est,

74 3098 253 3130 mandatam
272 3111 280 3132 :
304 3101 346 3131 ita
364 3103 446 3133 enirn
470 3104 646 3143 acceperim
669 3105 700 3135 id
720 3105 851 3135 verbum
870 3104 935 3134 alie-

76 3150 144 3170 nam
163 3150 203 3171 eo
220 3141 316 3180 loco,
336 3144 465 3183 perinde
485 3152 518 3174 ut
538 3145 566 3174 in
585 3145 602 3174 l.
616 3155 644 3185 3.
664 3145 705 3175 D.
726 3147 758 3175 cle
772 3143 861 3185 (fficio
876 3146 937 3187 ejus

78 3182 125 3210 cui
138 3184 276 3214 mandata
293 3181 331 3223 ‘’st
350 3185 533 3226 jurisdin'o,
558 3185 593 3219 ὃ)
615 3187 632 3216 l.
651 3196 678 3224 5.
699 3186 738 3216 Ι).
763 3188 795 3216 cie
813 3187 935 3227 jurisdi-

79 3221 176 3268 Qz'om.
200 3233 316 3265 nempe
335 3248 344 3263 ‚
375 3236 415 3257 ne
434 3227 573 3265 alioquin
599 3226 705 3258 insulsa
721 3227 755 3258 sit
774 3228 935 3268 oppositio

79 3272 143 3302 eius
176 3266 231 3307 qui
255 3268 389 3300 omnino
415 3267 524 3300 alienae
546 3291 555 3308 ,
584 3268 611 3301 δε
636 3269 674 3301 ad
702 3268 731 3301 se
752 3270 845 3310 plane
870 3278 935 3305 nou

955 1329 1145 1369 pertinentis
1162 1352 1172 1368 ‚
1202 1329 1429 1369 jurisdictionis
1456 1328 1579 1361 causam
1607 1329 1735 1371 delegat
1752 1352 1762 1368 ‚
1794 1329 1826 1361 δε

955 1371 1046 1411 hujus
1072 1371 1126 1411 qui
1153 1380 1169 1401 a
1196 1371 1345 1412 Principe
1361 1372 1527 1413 delegatus
1552 1369 1598 1403 est
1615 1395 1625 1410 ‚
1655 1372 1694 1403 ab
1719 1379 1826 1410 eoque

956 1413 1135 1444 mandatam
1158 1412 1412 1452 jurisdictionem
1442 1413 1549 1445 habet.
1598 1412 1660 1445 Sed
1689 1412 1827 1444 mutatio

957 1463 1028 1495 quae
1052 1453 1134 1484 fasta
1153 1452 1199 1484 est
1224 1463 1260 1486 ea
1280 1455 1310 1485 in
1327 1455 1417 1496 lege,
1444 1455 1565 1495 judicis
1588 1455 1752 1486 clationem
1773 1462 1827 1485 an-

958 1503 990 1527 te
1014 1495 1198 1527 mandatarii
1221 1494 1312 1527 fuiffe
1327 1518 1338 1534 ,
1361 1495 1529 1528 manifeste
1547 1497 1661 1537 arguit.

999 1537 1040 1567 At
1058 1535 1245 1568 Gordianus
1264 1537 1369 1568 obstat
1389 1538 1408 1568 l.
1428 1547 1459 1578 5.
1486 1537 1519 1568 C.
1540 1538 1573 1567 de
1587 1538 1728 1579 judiciis,
1752 1545 1828 1569 cum

958 1577 1119 1610 Marcello
1146 1577 1289 1609 rescribit
1306 1601 1315 1617 ,
1345 1579 1378 1611 A
1397 1579 1497 1620 judice
1508 1578 1637 1620 judicem
1664 1580 1828 1620 delegatum

953 1620 1066 1661 judicis
1080 1620 1171 1650 dandi
1187 1617 1352 1660 potestatem
1374 1629 1432 1651 non
1449 1620 1566 1650 habere:
1590 1629 1654 1651 cum
1672 1621 1728 1660 ipse
1741 1620 1828 1662 judi-

959 1662 1046 1692 ciario
1066 1670 1182 1695 munere
1199 1661 1372 1702 fungatur:
1403 1660 1458 1698 m'fi
1475 1671 1493 1692 a
1514 1661 1649 1701 Principe
1660 1661 1756 1701 judex
1773 1661 1827 1691 da-

959 1707 1005 1733 tus
1022 1702 1130 1742 suerit.
1173 1701 1238 1733 Nisi
1263 1703 1332 1734 vult
1354 1701 1557 1739 Gordianus,
1586 1703 1734 1743 judicem
1759 1701 1831 1743 spe·

961 1744 1073 1774 cialem
1092 1742 1145 1783 qui
1165 1753 1180 1774 a
1193 1743 1327 1784 judice,
1352 1745 1384 1775 id
1403 1744 1466 1782 est,
1490 1753 1506 1774 a
1526 1743 1715 1785 Magistrum
1732 1751 1831 1784 quem

962 1785 1204 1825 Hieronymus,
1228 1783 1324 1825 Epzst.
1348 1786 1385 1815 ad
1409 1785 1625 1825 Nepotianum,
1655 1793 1686 1826 p.
1708 1794 1752 1824 17.
1774 1784 1831 1825 Ju-

962 1827 1067 1857 dicem
1086 1826 1263 1866 provinciae
1280 1826 1439 1866 appellat,
1456 1827 1574 1856 nudam
1591 1828 1761 1858 notionem
1778 1834 1832 1856 ac-

962 1868 1072 1906 cepit,
1109 1876 1173 1898 non
1198 1865 1287 1907 posse
1308 1868 1403 1898 alium
1429 1867 1577 1907 Judicem
1596 1868 1681 1899 dare.
1724 1867 1765 1898 Et
1787 1868 1832 1898 ita

962 1907 1007 1939 est
1023 1931 1032 1947 ‚
1051 1907 1156 1948 Judex
1178 1908 1342 1948 delegatus
1367 1910 1449 1949 apud
1476 1907 1674 1940 Gordianum
1694 1918 1759 1941 non
1785 1909 1833 1939 in-

961 1950 1074 1989 digitat
1098 1950 1326 1981 mandatarium
1350 1949 1604 1989 jur-isdittionis3
1635 1949 1689 1981 sed
1712 1949 1831 1990 specia-

961 1990 1045 2028 lem,
1069 1989 1120 2021 seu
1140 1991 1267 2029 datum,
1287 1991 1457 2031 judicem:
1482 1991 1599 2031 pariter
1616 1998 1652 2021 ut
1670 1992 1753 2031 apud
1773 1991 1834 2022 lm-

961 2038 1127 2073 peratores
1154 2032 1186 2063 in
1210 2033 1238 2063 d.
1262 2031 1283 2063 l.
1301 2033 1380 2064 unic.
1411 2032 1445 2064 C.
1478 2031 1542 2076 Qui
1562 2039 1615 2073 pro
1632 2032 1692 2071 sicci
1710 2033 1835 2074 jurisdi-

963 2073 1054 2104 ctione
1072 2073 1189 2114 judices
1218 2074 1287 2104 dare
1310 2074 1413 2104 darive
1430 2075 1556 2114 pofflmt.
1590 2074 1678 2114 quod
1705 2083 1740 2104 ut
1767 2073 1835 2104 sen-

964 2115 1061 2152 tiam,
1085 2114 1192 2146 suadet
1209 2113 1346 2154 subjecta
1364 2113 1519 2147 Gordiani
1538 2116 1619 2146 ratio
1637 2138 1647 2154 ,
1679 2115 1753 2146 Cum
1775 2115 1835 2155 ipse

959 2156 1107 2198 jziciisccrio
1126 2160 1244 2187 munere
1251 2158 1425 2197 fungatur:
1450 2166 1521 2188 nam
1540 2156 1631 2196 hujus
1647 2155 1749 2188 sensus
1768 2154 1834 2194 est,

966 2197 1052 2239 Quia
1083 2196 1148 2237 ipse
1171 2207 1234 2228 non
1265 2197 1362 2229 habet
1387 2197 1638 2238 iurisdietionem
1669 2198 1721 2229 cui
1754 2197 1836 2229 inest

960 2238 1081 2280 judicis
1098 2238 1205 2278 dati03
1229 2238 1282 2270 sed
1302 2239 1399 2271 habet
1414 2240 1530 2271 nudam
1552 2240 1721 2271 notionem
1738 2248 1836 2280 quam

964 2279 1030 2321 ipse
1052 2288 1179 2312 tenetur
1205 2290 1261 2320 per
1284 2279 1314 2311 se
1334 2289 1497 2312 exercere.
1525 2281 1724 2320 judiciarium
1748 2281 1837 2313 enirn

966 2331 1080 2353 munus
1099 2321 1144 2352 est
1169 2321 1407 2363 cognoscendi,
1431 2322 1724 2363 pronuntiandique
1739 2345 1749 2360 ‚
1782 2320 1836 2352 seu

965 2363 1150 2404 judicandi,
1179 2363 1346 2402 personale
1371 2372 1485 2395 munus
1509 2363 1528 2393 l.
1551 2367 1596 2396 18.
1621 2363 1650 2404 §.
1671 2372 1717 2402 14.
1740 2362 1781 2393 D.
1802 2363 1838 2393 da

967 2405 1134 2435 muneribus
1159 2403 1195 2438 ὅ)
1219 2405 1370 2435 honoribus
1388 2427 1398 2443 ‚
1431 2404 1519 2445 quod
1542 2404 1678 2444 quisque
1707 2404 1837 2445 cogitur

969 2455 1025 2486 per
1044 2444 1073 2476 se
1091 2445 1201 2483 obire,
1224 2446 1320 2478 etiam
1342 2446 1482 2484 invitus,
1513 2444 1567 2476 nifi
1591 2445 1709 2477 habeat
1737 2454 1839 2477 excu·

969 2487 1121 2517 sationem
1145 2486 1167 2516 l.
1190 2495 1235 2527 13.
1261 2488 1290 2528 §.
1308 2497 1336 2518 2.
1361 2485 1402 2517 D.
1426 2487 1457 2517 de
1480 2487 1633 2518 vacatione
1655 2486 1692 2522 &³
1717 2486 1837 2525 excusa-

970 2531 1045 2558 tione
1068 2537 1227 2558 munerum.
1256 2530 1275 2559 l.
1294 2537 1364 2567 214.
1396 2527 1438 2559 D.
1462 2529 1495 2559 de
1515 2529 1667 2559 verborum
1684 2526 1839 2570 figm‘fica·

970 2572 1055 2600 tione.
1098 2568 1162 2600 Hic
1187 2568 1342 2600 Gordiani
1361 2567 1478 2601 sensus.
1504 2570 1558 2609 qui
1582 2568 1603 2601 fi
1629 2570 1762 2610 placet3
1792 2568 1839 2601 est

971 2611 1060 2648 quod
1096 2609 1255 2649 suipicer,
1295 2609 1480 2650 sequentem
1507 2610 1676 2643 clausulam
1698 2612 1727 2642 d.
1758 2611 1777 2641 l.
1802 2621 1835 2651 5,

971 2649 1042 2689 Nzfi
1059 2661 1076 2682 ιι
1095 2651 1230 2692 Principe.
1242 2653 1337 2693 judex
1352 2653 1438 2683 datus
1448 2652 1565 2692 fuerit,
1588 2662 1654 2684 non
1673 2652 1735 2684 effe
1752 2650 1840 2683 Gor·

973 2692 1073 2729 diani3
1097 2691 1150 2723 sed
1167 2702 1184 2723 a
1200 2691 1425 2731 Triboniano,
1449 2702 1504 2725 aut
1519 2703 1584 2735 quo
1602 2694 1665 2726 alio
1676 2694 1759 2735 Juris
1776 2693 1839 2725 stu-

974 2733 1064 2765 dioso
1081 2756 1090 2771 ,
1122 2734 1150 2764 ei
1181 2734 1369 2775 adscriptam
1391 2744 1431 2766 cx
1457 2733 1520 2767 fine
1538 2737 1566 2766 d.
1585 2735 1603 2766 l.
1621 2737 1700 2767 um'c.
1721 2735 1753 2766 C.
1776 2734 1839 2777 ρμί

969 2782 1022 2815 pro
1047 2780 1099 2811 lua
1119 2775 1320 2816 jurisdifflone
1343 2777 1460 2817 judices
1487 2778 1555 2808 dare
1585 2778 1687 2808 darive
1711 2776 1840 2817 poffum.

974 2816 1065 2847 Male
1088 2823 1193 2847 tamen
1211 2840 1219 2854 ‚
1248 2825 1301 2849 aut
1325 2825 1413 2849 certe
1439 2826 1506 2850 non
1523 2819 1690 2859 appofite:
1714 2826 1783 2849 nam
1804 2817 1839 2846 in

975 2859 1003 2888 d.
1023 2857 1041 2887 l.
1056 2859 1133 2888 unic.
1156 2866 1281 2890 vetatur
1302 2859 1406 2899 judex
1429 2859 1494 2891 dari
1520 2860 1558 2891 ab
1584 2860 1641 2892 illo
1666 2861 1719 2900 qui
1741 2858 1840 2888 habet

976 2899 1108 2929 alienam
1133 2898 1197 2930 sive
1219 2902 1398 2932 mandatam
1411 2901 1691 2941 jurisdictionemz
1721 2900 1761 2930 ab
1786 2907 1841 2929 eo-

976 2949 1039 2980 que
1073 2939 1227 2979 Principis
1259 2943 1451 2984 delegatus,
1488 2943 1559 2983 quia
1589 2940 1842 2982 jurisdiffionem

977 2981 1098 3019 habet,
1134 2982 1188 3014 etsi
1212 2983 1242 3014 in
1267 2993 1327 3015 una
1352 2983 1441 3015 causa
1468 2983 1647 3024 specialiter
1675 2982 1841 3022 delegatus

976 3022 1031 3061 fit,
1046 3023 1131 3054 reete
1149 3025 1318 3065 excipitur.
1344 3034 1455 3056 verum
1474 3027 1501 3056 d.
1518 3025 1536 3056 l.
1547 3036 1575 3063 5.
1601 3022 1770 3063 prohibet,
1786 3022 1841 3062 Ju-

981 3064 1085 3095 dicem
1106 3066 1170 3097 dari
1194 3075 1208 3096 a
1232 3065 1358 3105 speciali
1382 3066 1434 3098 seu
1460 3066 1588 3097 addicto
1601 3064 1730 3104 Judice:
1754 3064 1843 3103 cujus

983 3105 1036 3136 etsi
1056 3105 1092 3137 fit
1112 3108 1204 3138 notio
1223 3108 1325 3147 aliqua
1350 3117 1386 3138 ea
1409 3109 1439 3138 in
1458 3105 1545 3137 causa
1565 3107 1592 3135 in
1621 3114 1681 3145 qua
1704 3114 1720 3135 a
1739 3104 1845 3146 Magi·-

981 3147 1076 3178 stratu
1103 3149 1193 3179 datus
1217 3145 1425 3188 addictusque
1443 3147 1487 3177 est
1501 3169 1511 3185 ‚
1545 3151 1649 3178 tamen
1667 3147 1842 3187 jurisdictio

978 3189 1064 3219 nulla
1089 3188 1150 3221 est:
1175 3199 1190 3220 a
1209 3199 1274 3230 quo
1301 3190 1436 3230 proinde
1456 3210 1464 3225 ‚
1496 3186 1550 3218 nisi
1568 3189 1678 3228 inepte
1696 3211 1705 3226 ‚
1736 3189 1844 3228 excipi

978 3239 1042 3260 non
1069 3231 1176 3270 potest
1200 3231 1354 3271 Principis
1385 3229 1577 3269 delegatus3
1601 3230 1652 3270 qui
1677 3229 1705 3261 ἃ
1721 3229 1846 3269 jurisdi-

978 3270 1118 3304 cuonem
1143 3272 1238 3306 habet
1254 3295 1263 3313 ‚
1295 3272 1322 3304 ἃ
1342 3271 1425 3342 hage
1444 3271 1495 3302 vel
1519 3270 1551 3305 in
1575 3280 1635 3305 una
1659 3270 1846 3316 causam&

1433 3321 1453 3353 3
1744 3318 1842 3344 etiam
