2036 3495
173 107 191 140 3
201 106 237 138 ῃ
598 92 627 125 G
661 100 680 125 i:
713 99 735 122 R
767 99 788 123 A
818 96 841 121 n
874 97 898 122 n
930 96 944 121 1

178 184 246 222 ius,
270 183 344 215 idco
363 182 391 214 ὅ(
409 182 459 222 qui
476 181 511 212 ad
535 178 715 211 libertatem
739 177 933 217 proclamat,
963 176 1044 215 prio-

180 235 247 256 rcni
267 226 381 256 doecre
396 222 507 263 juberi.

222 266 448 308 Quasi-entibus
459 271 571 302 porro,
584 260 634 291 cui
644 259 680 291 fit
696 259 914 300 probandum3
929 263 1045 299 oppor-

181 315 257 338 tune
276 306 444 345 respondet
461 302 622 339 definitiO,
652 301 779 340 probari
796 309 948 341 oportere
964 299 1045 339 judi-

182 349 233 385 ci,
257 349 380 379 idcirco
401 346 429 374 in
448 344 536 374 causa
563 342 707 382 sedenti3
729 350 763 373 ut
782 342 812 373 in
829 341 916 372 satio
935 341 1050 380 dequo

182 389 369 427 ambigitur,
386 384 571 416 lineaffeau
589 383 797 425 pronunciet,
828 383 904 423 quid
921 391 1030 413 verum
1042 404 1051 420 ,

182 428 257 468 quid
283 436 389 467 parum
422 427 591 466 probatum
611 442 620 463 ,
656 426 835 457 arbitretur.
876 423 1054 455 adversario

180 469 308 510 probari
327 468 404 499 nihil
430 469 562 498 attinet:
593 467 732 506 semper,
755 474 795 497 ne
823 465 921 496 solvat
937 473 991 496 aut
1006 475 1052 495 re-

182 510 290 541 stituat
316 509 403 549 quod
424 510 561 547 petitur,
586 516 760 548 negaturo,
782 506 835 538 sibi
853 507 985 546 liquere.
997 506 1051 546 igi-

184 560 235 582 tur
253 551 450 589 probandum
465 550 585 589 judici,
602 549 774 580 secundum
784 549 849 579 atla
866 549 896 578 ἃ
920 548 1054 584 probata

180 591 370 631 judicaturo.
392 590 475 622 clare
493 590 644 632 Ulpianus
661 590 680 621 l.
700 599 744 622 12.
764 591 810 621 D.
828 589 855 620 h.
871 595 891 619 ε.
909 589 939 619 ἃ
955 590 1054 620 Anto-

182 635 276 666 ninus
294 635 314 665 l.
336 642 362 665 1.
380 633 413 664 C.
429 634 462 664 de
477 631 596 664 conditi.
615 633 646 662 ob
662 637 741 672 turp.
757 631 832 671 caius]
852 631 947 661 eiiam
964 630 1053 661 Mar-

184 677 266 708 tialis
284 676 359 707 loco
376 675 467 715 paulo
484 682 558 704 ante
573 672 722 714 apposito.

222 717 294 749 Hac
317 717 441 748 ratione
465 715 526 746 fuit
543 715 573 745 in
602 714 767 752 formulis,
796 713 827 745 Si
845 720 954 754 paret,
978 721 1055 743 con-

183 759 308 791 demna.
339 757 411 789 Nec
438 757 519 788 male
547 756 621 786 binc
648 754 805 792 inferam,
829 755 849 786 si
872 762 1050 794 quaeratur.

183 802 314 840 quando
330 799 478 830 facienda
496 797 531 829 fit
544 796 709 837 probatio,
721 797 760 826 de
778 805 814 826 ca
833 797 962 836 cogitari
981 794 1052 836 post

183 843 274 874 litem
290 839 517 872 contestatam:
534 847 604 869 nam
622 838 696 868 inde
712 837 834 868 initium
854 837 948 868 trahit
964 836 1053 867 notio

183 883 303 923 Judicis
321 891 338 912 a
355 881 496 913 Praetore
509 879 577 920 jusfi
598 879 638 909 de
655 878 739 910 fano
762 879 918 917 judicare:
943 888 976 908 ut
995 886 1053 908 tra·-

183 926 285 956 ditum
303 933 320 954 a
339 932 390 954 ine
405 923 455 953 lib.
475 930 500 952 1.
518 921 683 962 Dejurz'sd.
708 919 744 954 δ”
764 922 860 960 imper.
878 930 901 950 c.
924 929 960 960 ¹3
988 919 1053 950 Vix

183 975 264 1006 opus
290 964 443 1005 subjicere
463 986 473 1001 ,
504 971 569 1003 quo
594 962 706 993 ordine
728 961 809 991 suani
837 962 1053 991 intentionem

183 1016 256 1038 cum
273 1006 376 1045 atior,
395 1014 463 1036 tum
480 1013 569 1042 reus,
586 1004 722 1043 probare
738 1003 865 1033 debeat.
890 1011 960 1032 nam
978 1010 1052 1032 cum

180 1047 389 1081 monstratum
397 1047 460 1087 jam
471 1047 500 1076 in
518 1043 709 1076 antecessum
720 1043 754 1074 iit
765 1066 772 1080 ‚
785 1043 892 1074 aCtore
904 1052 966 1074 non
978 1052 1050 1081 pro-

184 1090 300 1127 bante,
343 1094 432 1120 reum
460 1086 602 1124 absolvi,
635 1085 690 1116 etii
717 1084 794 1116 nihil
823 1083 886 1124 ipse
908 1084 1052 1124 praestet:

182 1131 271 1162 ultro
294 1129 453 1170 sequitur,
484 1137 557 1159 eum
590 1136 651 1158 non
678 1127 779 1157 teneri
810 1126 966 1166 probare;
999 1125 1052 1156 nili

182 1171 352 1213 postquam
372 1171 460 1202 aftor
485 1169 568 1200 suam
582 1168 796 1200 intentionem
816 1167 969 1206 implevit.
992 1165 1054 1198 Sed

183 1214 251 1245 hoc
268 1221 391 1244 certum
409 1221 449 1243 ex
465 1211 484 1242 l.
507 1220 553 1247 1-9·
570 1210 603 1241 C.
619 1210 646 1240 h.
664 1215 685 1240 t.
712 1208 748 1243 &³
765 1209 782 1239 l.
800 1215 828 1244 9.
849 1208 880 1239 C.
895 1210 928 1239 de
946 1211 1056 1248 except.

226 1254 373 1295 Tempus
388 1253 433 1284 est
448 1252 590 1293 cogitare
606 1252 646 1282 de
664 1251 764 1282 modis
783 1250 895 1289 quibus
913 1249 966 1280 fiat
982 1258 1040 1289 pro

187 1296 298 1334 batio,
318 1294 422 1337 Judici
439 1292 613 1334 praestitura
629 1291 724 1323 ficiem
747 1291 935 1331 legitimam:
959 1299 1052 1330 quam

187 1337 380 1369 desideravit
397 1336 462 1376 ejus
481 1333 638 1366 definitio.
665 1332 708 1364 Et
721 1332 821 1364 refert
839 1331 1052 1375 Quintilianus

187 1380 236 1411 lib.
253 1389 283 1420 5.
305 1375 374 1418 Insi.
397 1382 467 1408 orat.
479 1386 502 1407 c.
523 1385 547 1406 1.
568 1373 703 1406 Veteres
713 1373 864 1405 consensu
877 1374 946 1404 fere
966 1372 1054 1404 ivifse

186 1422 220 1453 in
237 1419 423 1451 seutentiam
445 1416 641 1453 Aristotelis,
664 1415 889 1455 probationem
908 1414 1057 1446 facientis

188 1461 349 1501 duplicem
367 1483 377 1496 ,
402 1459 493 1489 aliam
518 1456 730 1493 artificialem,
761 1457 851 1487 aliani
877 1455 1056 1487 inartificia-

189 1505 262 1535 lem.
284 1500 339 1532 ista
362 1500 444 1538 apud
473 1497 595 1529 nostros
618 1498 778 1537 praecipue
796 1496 831 1527 fit
848 1496 1059 1528 instrumentis

188 1552 241 1576 aut
258 1541 400 1573 testibus.
425 1539 475 1572 illa
490 1539 702 1580 argumentis,
726 1537 850 1570 indiciis
865 1561 873 1576 ,
896 1538 998 1579 [ignis.
1022 1546 1058 1568 ac

188 1584 295 1618 nescio
319 1592 356 1613 an
384 1582 454 1613 haec
477 1581 520 1611 illi
548 1579 765 1611 confundant:
796 1579 1058 1620 praesuinptiones

190 1636 256 1659 uno
272 1626 404 1656 nomine
421 1622 636 1663 appellantes,
655 1621 799 1662 quamvis
817 1620 933 1661 singula
954 1620 1058 1652 distin·

189 1674 266 1710 guat
291 1664 518 1708 Quintilianus.
556 1664 667 1703 utique
694 1661 827 1703 praesens
852 1662 988 1693 Rubrica
1014 1661 1058 1693 est

189 1707 487 1748 Deprooatioriibiis,
511 1704 548 1739 δ’
568 1705 857 1744 praesuriiptiorzibus:
881 1713 974 1735 unam
993 1703 1057 1743 spe-

189 1749 272 1781 ciem
286 1749 419 1789 jungens
435 1746 554 1788 generi.
567 1746 733 1785 sequentes
744 1743 846 1776 Tituli
858 1745 926 1777 sunt
942 1744 987 1776 De
997 1744 1058 1784 fide

187 1789 466 1832 instrumentorum,
491 1788 520 1819 ἀ
543 1787 589 1818 De
603 1784 719 1827 testibus
737 1787 852 1826 quibus
866 1787 963 1818 altera
979 1795 1056 1817 con-

188 1833 250 1865 stat
267 1831 394 1872 species.
421 1831 487 1870 Jam
508 1838 584 1861 vero
601 1830 711 1860 eadem
731 1827 841 1860 divisio
860 1828 891 1859 in
908 1828 926 1858 l.
944 1827 998 1858 ult.
1018 1827 1053 1858 C.

185 1875 216 1907 h.
226 1881 247 1905 ε.
260 1873 301 1905 fic
309 1871 514 1912 exprimitur:
528 1871 629 1903 Sciant
645 1868 742 1901 cunni
751 1870 928 1909 accusatores
936 1893 945 1907 ,
958 1867 1055 1909 coms&

189 1925 250 1948 rein
265 1914 373 1956 deferre
389 1914 421 1945 in
439 1911 583 1954 publicam
600 1912 743 1943 notionem
753 1913 865 1949 debere,
882 1920 943 1952 quae
960 1911 1052 1941 mzinr'·

188 1963 223 1990 ta
232 1954 273 1996 fit
298 1956 404 1987 idoneis
427 1952 561 1995 testibus,
577 1953 623 1984 vel
647 1950 790 1992 instruero
817 1951 995 1993 apertiffimis
1009 1953 1053 1983 do*

191 1999 351 2035 minentis,
374 1996 420 2028 vel
436 1997 553 2027 indiciis
571 1995 816 2036 adprobationem
832 1994 1004 2025 indubitatis
1021 1992 1057 2027 ὅ)

189 2041 253 2073 luce
269 2038 439 2071 clarioribus
461 2037 602 2078 expedita.
628 2035 762 2067 Constat
778 2035 873 2077 igitur
887 2034 1058 2067 artificialis

186 2081 340 2124 probatio
378 2078 551 2111 secundum
591 2076 716 2110 nostros
748 2076 1056 2117 praesumptionibus.

190 2122 384 2157 Praesumere
401 2129 480 2151 vero
506 2120 590 2160 apud
613 2119 780 2160 Virgilium
798 2119 845 2149 lib.
864 2127 916 2150 xi.
936 2113 1056 2149 Aeneia.

191 2165 268 2204 vers.
288 2168 335 2198 18-
355 2162 385 2194 &
407 2161 559 2201 justinum
582 2161 632 2191 lib.
656 2165 686 2191 6.
713 2170 736 2191 c.
758 2169 785 2191 2.
803 2161 880 2191 item
897 2160 944 2190 lib.
965 2169 1017 2190 XI.
1032 2168 1057 2190 c.

192 2218 221 2248 5.
233 2205 278 2237 est
291 2229 300 2244 ,
324 2204 496 2244 conjicere.
513 2201 590 2234 Inde
608 2201 811 2242 praesumptio
827 2201 872 2232 est
882 2201 1059 2239 conjectio,

194 2249 255 2280 sive
272 2245 383 2287 opinio
402 2245 523 2285 sumpta
538 2252 631 2282 ante,
643 2252 736 2283 quam
753 2243 899 2274 alicunde
915 2242 959 2273 est
974 2250 1061 2281 aper-

195 2297 226 2320 ta
242 2288 271 2319 &
288 2285 500 2319 demonstrata
513 2286 639 2316 veritas.
679 2282 761 2316 Haec
778 2283 903 2323 propria
919 2283 1061 2324 praesum-

195 2330 311 2369 ptionis
330 2326 533 2369 fignificatio:
548 2327 599 2358 sed
615 2325 706 2357 latius
719 2333 806 2365 patet
823 2324 875 2355 sub
890 2324 953 2356 hoc
970 2323 1063 2355 Titu-

193 2372 246 2403 lo:
271 2377 453 2412 argumenta
465 2392 474 2406 ,
489 2368 622 2406 indicia,
639 2366 721 2408 figna
739 2366 970 2404 complectens.
995 2365 1062 2397 Cae-

195 2420 298 2443 terum
314 2410 482 2443 artificialis
492 2410 560 2440 brec
577 2409 726 2451 probatio
739 2408 885 2439 constans
896 2431 904 2446 ,
922 2416 956 2438 ut
977 2407 1063 2446 dixi,

195 2454 408 2493 argumentis,
439 2451 583 2490 indiciis,
614 2450 727 2490 fignis,
759 2450 791 2481 id
816 2449 881 2487 est,
919 2448 1064 2490 praesuin-

196 2495 366 2535 ptionibus
383 2518 392 2532 ‚
430 2493 582 2524 Ciceroni
615 2492 663 2522 lib.
694 2500 718 2522 1.
743 2490 790 2522 De
814 2491 925 2521 invent.
957 2500 981 2521 c.
1015 2499 1064 2526 29.

196 2535 331 2576 duplex:
356 2535 528 2574 probabilis
543 2541 597 2565 aut
614 2532 795 2564 necessaria.
819 2531 1020 2575 Quintiliano
1036 2533 1065 2562 d.

196 2578 246 2608 lib.
262 2587 291 2617 5.
310 2585 333 2605 c.
352 2579 378 2608 8.
399 2576 433 2609 ἑὸ)
454 2585 500 2607 10.
518 2574 563 2607 est
581 2574 785 2615 triplexialia
804 2574 992 2612 neceffaria,
1008 2573 1066 2604 alia

194 2616 376 2654 credibilis,
396 2616 454 2647 alin
471 2626 534 2648 non
550 2625 740 2657 repugnans.
772 2614 961 2647 Neceffariae
979 2623 1064 2645 men-

195 2661 246 2692 tio
264 2659 293 2689 in
319 2658 337 2688 l.
364 2656 419 2687 ult.
445 2657 478 2688 C.
495 2659 522 2689 h.
541 2664 562 2688 t.
581 2657 624 2689 ait
637 2665 742 2688 autem
761 2655 880 2687 Cicero
897 2658 925 2687 d.
942 2656 993 2686 loc.
1011 2665 1063 2686 ne-

196 2698 326 2733 cessarie
341 2697 543 2729 demonstrari
561 2709 628 2739 quse
655 2699 747 2730 aliter
763 2707 800 2728 ac
818 2699 984 2734 dicuntur,
1003 2704 1063 2727 nec

195 2742 287 2780 fieri,
310 2748 370 2771 nec
397 2738 523 2779 probari
546 2740 690 2779 possunt:
720 2740 749 2771 &
766 2740 854 2780 ponit
880 2738 1062 2777 exemplum

195 2785 263 2816 hoc
274 2782 393 2818 modo,
411 2778 583 2818 sipepcrit,
601 2783 753 2814 cumviro
763 2779 949 2812 concubuit.
967 2778 1062 2810 etiarn

195 2823 303 2867 potest
331 2821 514 2865 exemplum
539 2823 604 2859 peti
627 2832 643 2852 a
665 2822 837 2861 Justiriiano
867 2822 885 2853 l.
914 2831 960 2860 14.
981 2820 1014 2851 C.
1033 2821 1065 2851 cle

198 2861 444 2904 controh.slipul.
459 2862 492 2892 id
508 2862 687 2899 exemplum
705 2865 766 2896 est:
784 2863 804 2895 ii
823 2874 871 2895 res
882 2863 1005 2894 dicatur
1020 2861 1064 2892 in·

198 2917 249 2940 ter
267 2906 438 2946 praesentes
454 2901 516 2935 effe
534 2903 617 2933 acia:
634 2902 664 2933 &
679 2905 755 2936 alter
772 2904 897 2945 liquidis
913 2914 949 2935 ac
967 2903 1066 2935 mani·

200 2948 292 2981 festis
309 2945 550 2986 probationibus
567 2942 728 2982 ostendat,
744 2955 785 2976 eo
803 2954 950 2987 tempore
967 2944 996 2975 se
1014 2945 1065 2976 vel

200 2989 412 3022 adversarium
431 2986 517 3018 suurn
527 2985 588 3016 alio
601 2984 715 3017 inloco
724 2985 825 3020 fuiss'e.
843 2988 928 3028 quod
947 2995 982 3018 ut
999 2984 1062 3025 est,

199 3033 244 3063 ita
263 3029 413 3062 Ciceroni
436 3036 567 3067 quoque
582 3028 607 3057 d.
636 3026 685 3057 loc.
707 3027 824 3066 visum,
847 3029 1062 3060 certisfimum.

201 3071 310 3103 'Verba
329 3071 496 3104 Ciceronis
516 3068 603 3100 sunt:
627 3066 756 3108 Simplex
770 3069 907 3106 conclusio
924 3080 960 3101 ex
973 3069 1064 3107 neces-

196 3112 280 3155 fizrz'a
306 3112 497 3144 consecutione
521 3109 674 3147 conficitur
697 3109 745 3140 hoc
769 3111 856 3140 niodo.
892 3111 925 3140 Si
948 3121 998 3141 vos
1022 3120 1064 3141 me

202 3154 281 3195 ‘istim
290 3163 317 3184 eo
336 3161 455 3192 τωρωι»
471 3151 561 3192 fervffl
586 3152 750 3192 iici‘t'is‚ego
764 3155 859 3181 autem
883 3159 910 3179 ιό
927 3151 982 3189 ipso
999 3157 1066 3183 tem·

197 3203 267 3239 pore
281 3201 365 3228 crans
380 3203 457 3227 mare
465 3194 538 3235 fiii,
552 3193 744 3235 relinquitur,
765 3198 799 3227 ut
815 3192 844 3226 id
862 3191 937 3233 quoii
951 3191 1067 3231 dicitis,

1008 80 1264 121 Noonr
1322 86 1530 122 Consi.

1086 181 1143 204 non
1159 176 1309 221 modo‘non
1323 177 1457 216 fecerim,
1471 176 1525 216 fid
1538 186 1575 208 ne
1588 180 1734 218 poro-erim
1752 181 1864 222 quidem
1873 181 1957 221 facea*

1087 223 1127 244 re.
1154 215 1322 261 Credibilis
1349 219 1570 258 praei'umptiO,
1595 219 1646 250 seu
1671 223 1841 260 probabilis
1867 232 1958 263 argu-

1089 263 1244 300 mentatio
1262 260 1343 290 unde
1362 259 1559 299 demoratur,
1579 260 1693 292 Cicero
1709 265 1736 294 cl.
1753 264 1799 294 lili.
1822 273 1847 295 1.
1865 273 1888 294 c.
1905 274 1946 302 29

1089 304 1134 327 ita
1153 296 1278 330 definit:
1308 299 1457 331 Probabile
1483 300 1520 341 est
1547 303 1577 332 id
1600 305 1675 343 quod
1690 305 1753 343 fere
1772 305 1842 344 fieri
1861 290 1957 346 solet;

1092 343 1146 385 out
1167 341 1240 380 quod
1264 343 1295 371 in
1318 343 1447 381 opinione
1464 342 1588 383 postium
1613 343 1669 384 est,
1701 352 1753 376 aut
1777 348 1851 387 quod
1874 347 1958 379 haheo

1093 389 1124 410 ziz
1140 379 1166 414 se
1182 382 1220 411 ad
1234 381 1284 411 hoc
1305 385 1448 422 quandam
1464 382 1704 425 fiiiii‘lilziclinem,
1720 386 1784 425 sive
1807 388 1957 427 idfals'um

1093 418 1150 460 eft,
1167 419 1230 468 fine
1245 430 1355 454 verum.
1380 424 1534 465 Exempla
1551 426 1593 457 ibi
1615 428 1723 458 videre
1739 427 1825 460 licet.
1869 428 1970 462 Effe-¹

1096 463 1163 492 ctus
1179 471 1265 511 ciuS,
1289 472 1367 494 onus
1378 467 1529 510 probandi
1555 468 1723 500 transferre
1739 469 1769 500 in
1791 470 1959 503 advertati-

1096 513 1167 548 u-m3
1191 504 1220 533 ot
1238 512 1296 542 pro
1323 513 1456 536 veritate
1479 507 1608 547 haberi,
1633 511 1738 541 donec
1764 519 1957 546 contrarium

1097 545 1242 590 liqueat:
1275 553 1315 575 eo
1345 547 1497 590 probato,
1526 549 1714 589 supervacua
1739 552 1955 592 praesumptio..

1097 585 1292 632 Exemplum
1310 595 1469 634 egregium
1489 598 1518 620 in
1537 591 1593 634 Lo.
1607 593 1694 623 l).cle
1703 594 1745 623 liis
1761 597 1809 632 qui
1823 600 1892 630 sunt
1903 597 1955 634 sui

1098 627 1144 657 vel
1166 627 1252 658 alien.
1272 634 1336 667 jur.
1360 636 1452 664 quam
1475 632 1603 668 expoiui
1628 633 1675 664 lib.
1697 642 1721 664 1.
1742 633 1799 664 Tit.
1814 640 1843 666 ὁ.
1863 636 1958 669 Aliud

1094 677 1160 698 non
1178 669 1279 699 minus
1295 667 1461 708 pulchrum
1477 668 1540 699 inl.
1557 680 1605 709 24.
1622 672 1661 704 D.
1677 674 1703 704 b.
1720 676 1808 714 t.jam
1825 677 1957 716 explici-

1096 717 1162 739 tum
1181 709 1226 739 lib.
1238 707 1317 748 fing.
1336 711 1384 739 Aa
1400 708 1497 740 Edico.
1524 710 1569 741 De
1580 712 1657 751 paci.
1675 714 1710 748 δ’
1727 716 1864 747 trama&
1884 729 1907 751 c.
1926 729 1955 750 2.

1095 749 1214 781 Poffint
1233 751 1300 780 haec
1317 750 1466 781 sufficere.
1483 760 1547 782 non
1567 755 1732 791 praeteribo
1749 765 1852 789 tamen
1868 759 1884 790 l.
1907 768 1955 792 12.

1098 791 1139 837 D.
1156 792 1195 836 s)-
1220 797 1241 822 t.
1273 790 1392 836 specics
1408 793 1510 836 ltalis:
1540 792 1690 825 ‘restatur
1714 794 1746 827 in
1770 798 1959 832 testamento

1098 833 1196 870 dixit,
1222 833 1304 863 velle
1323 833 1351 863 ie
1375 833 1467 864 alicui
1495 834 1558 865 dari
1580 836 1762 875 quingenta.
1790 838 1872 870 idem
1888 841 1957 873 scri-

1100 873 1158 914 psit
1185 875 1216 905 in
1243 874 1401 905 codicillis
1436 874 1543 914 postea
1568 874 1696 916 scriptis.
1731 878 1894 918 legatarius
1909 883 1958 915 bis

1099 915 1181 955 petit
1199 915 1396 959 quingenta:
1420 916 1506 956 quod
1529 916 1627 954 dicit,
1650 916 1697 948 bis
1715 917 1776 948 esse
1795 920 1879 951 data:
1894 925 1958 961 pri.

1096 965 1180 1002 snum
1198 966 1229 986 in
1249 958 1457 994 testamento,
1481 957 1594 989 deinde
1611 959 1641 989 in
1664 959 1827 991 codicillis.
1850 969 1963 995 control

1096 999 1174 1042 dicit
1192 998 1300 1035 heres,
1327 1007 1391 1028 non
1416 998 1480 1037 bis,
1505 998 1556 1030 sed
1581 999 1673 1030 semel
1691 1000 1818 1040 deberi3
1842 1001 1871 1033 δι
1888 1010 1961 1034 cau-¹

1095 1040 1197 1076 latur,
1223 1038 1407 1070 testatorem·
1428 1040 1456 1071 in
1483 1041 1640 1072 codicillis
1658 1049 1779 1073 tantuin
1804 1043 1964 1081 repetiiffe

1096 1081 1182 1129 quod
1201 1080 1324 1111 dixerat
1340 1081 1369 1111 in
1389 1081 1595 1114 testamento:
1618 1083 1689 1123 quia
1708 1082 1810 1114 fuerat
1822 1084 1963 1125 oblitus,

1096 1123 1126 1152 le
1144 1130 1174 1152 in
1205 1121 1396 1152 testamento
1421 1122 1544 1164 legasse.
1565 1125 1627 1164 jam
1659 1124 1794 1155 multum
1824 1124 1963 1164 referre3

1098 1162 1260 1202 duplicare
1285 1163 1419 1208 legatum
1451 1166 1614 1203 voluerit,
1647 1174 1684 1197 an
1709 1175 1865 1206 repetere.
1907 1166 1967 1208 lgi-⁴

1098 1212 1148 1234 tur
1171 1213 1243 1235 cuin
1261 1203 1338 1234 esset
1358 1205 1393 1235 lis
1421 1206 1460 1237 de
1483 1207 1650 1237 voluntate
1667 1206 1839 1240 testa-toris:
1863 1208 1968 1248 quiesi-

1099 1253 1166 1290 tum
1190 1244 1251 1293 suit
1263 1269 1271 1283 ,
1296 1245 1334 1276 ab
1351 1254 1422 1276 utro
1448 1246 1603 1288 exigenda
1620 1247 1696 1279 effet
1712 1249 1776 1288 ejus
1794 1248 1939 1289 probatio
1951 1250 1967 1283 Ρ

1097 1295 1139 1317 ait
1157 1287 1283 1324 Cellus,
1302 1287 1400 1325 prima
1419 1287 1528 1320 fronte
1545 1290 1645 1320 videri
1662 1289 1781 1330 aequius
1793 1290 1968 1331 petitorem

1096 1328 1233 1368 probare
1250 1329 1336 1367 quod
1359 1331 1505 1360 intendit.
1528 1330 1630 1361 rursus
1652 1330 1792 1371 cogitat,
1827 1331 1921 1364 etiam
1951 1336 1970 1364 α’

1101 1379 1174 1408 reo,
1210 1368 1231 1400 si
1261 1371 1336 1408 quid
1371 1369 1535 1409 intendat,
1574 1372 1779 1411 probationes
1810 1374 1913 1414 exigi,
1936 1374 1971 1406 ὅτ.

1101 1410 1162 1442 effe
1196 1411 1376 1449 exemplum
1397 1434 1406 1449 ,
1438 1411 1459 1443 fi
1484 1413 1640 1444 creditum
1670 1422 1775 1454 petam
1793 1415 1884 1453 ,ille
1922 1425 1971 1447 re·

1105 1451 1281 1492 spondeat,
1299 1452 1427 1484 solutam
1441 1453 1503 1484 ess'e
1519 1457 1684 1493 pecuniam
1695 1465 1704 1493 ς
1717 1454 1814 1494 ipsum
1826 1456 1889 1486 hoc
1899 1466 1969 1496 pro·

1101 1493 1176 1524 bare
1191 1494 1372 1538 cogendum
1398 1493 1469 1525 effe.
1500 1495 1603 1535 Atque
1626 1497 1659 1526 in¹
1682 1496 1763 1527 hanc
1786 1504 1907 1536 partem
1925 1497 1972 1529 ino·

1101 1535 1206 1579 clinat*
1224 1534 1349 1566 Cellus:
1372 1536 1560 1574 arbitratus,
1584 1546 1626 1567 ex
1648 1536 1815 1576 duplicatis
1839 1537 1970 1577 ici-ipru-

1102 1586 1142 1607 ris
1158 1575 1220 1607 elle
1238 1575 1512 1615 praesumptionem
1531 1586 1589 1616 pro
1602 1577 1769 1618 duplicatis
1786 1578 1971 1620 legatis.igi-

1102 1625 1152 1648 tur
1169 1626 1240 1662 curn
1259 1618 1378 1662 petii-or
1401 1618 1477 1648 duas
1502 1617 1641 1649 ostendit
1657 1618 1845 1659 scripturas3
1875 1620 1970 1652 ireres

1102 1657 1312 1699 posteriorem
1335 1668 1460 1690 inanem
1484 1658 1546 1690 esse
1569 1661 1666 1699 dicit;
1689 1659 1789 1700 ipsum
1816 1661 1970 1694 heredem

1100 1701 1132 1731 id
1159 1700 1335 1745 adprobare
1351 1699 1453 1739 judici
1477 1701 1605 1732 debere.
1628 1701 1789 1742 Superiori
1815 1700 1971 1742 exemplo

1099 1742 1210 1772 addam
1223 1742 1306 1772 aliud
1325 1750 1365 1772 ex
1383 1742 1460 1787 μς..
1473 1741 1513 1773 D.
1532 1743 1558 1773 b.
1575 1749 1597 1773 t.
1616 1742 1720 1775 Ecce:
1735 1743 1845 1784 aliquis
1862 1745 1971 1785 pastus

1100 1782 1164 1828 est,
1182 1781 1233 1814 Ne
1249 1790 1384 1827 petatur.
1406 1793 1436 1814 in
1454 1783 1662 1815 instrumento
1678 1785 1758 1825 paeri
1775 1794 1840 1817 non
1862 1785 1906 1817 est
1928 1785 1974 1818 in-

1099 1825 1178 1855 ierta
1196 1824 1321 1855 heredis
1339 1826 1471 1856 menti0.
1495 1832 1605 1856 contra
1634 1825 1678 1857 est
1703 1826 1870 1866 scriptum:
1894 1826 1972 1859 Pro-

1096 1864 1210 1903 fiteor,
1234 1873 1267 1896 te
1290 1874 1352 1896 non
1378 1866 1496 1898 teneri:
1518 1876 1586 1908 quae
1612 1866 1657 1899 est
1675 1866 1693 1898 s
1711 1869 1795 1900 ecies
1813 1868 1832 1899 l.
1851 1878 1900 1908 40.
1924 1870 1971 1901 D.

1098 1909 1131 1938 cle
1157 1906 1263 1948 postis.
1311 1907 1500 1948 dubitatur3
1536 1916 1641 1940 utrum
1672 1877 1708 1940 fiii
1732 1908 1895 1950 personale
1919 1919 1973 1951 pa-

1099 1948 1222 1995 ctum,¹
1246 1957 1284 1980 an
1316 1948 1425 1995 reale:
1470 1950 1543 1990 quia
1575 1951 1764 1990 dubitatur,
1802 1952 1900 1984 utrius
1935 1948 1974 1984 fii}
2018 1962 2020 1965 ·

1099 1991 1247 2036 probatio
1267 2013 1277 2028 ,
1301 1990 1378 2030 quid
1400 1990 1505 2022 actum
1535 1991 1582 2023 fit.
1618 2000 1689 2024 nam
1720 1999 1754 2023 ut
1777 1992 1865 2023 actor
1890 1993 1974 2025 suam

1100 2033 1335 2071 intentionem,
1359 2030 1400 2064 fic
1421 2041 1490 2064 reus
1516 2032 1597 2064 suam
1621 2032 1848 2074 exceptionem
1864 2056 1874 2072 ‚
1903 2043 1976 2073 pro·
2022 2035 2025 2037 ’

1101 2073 1176 2104 bare
1205 2073 1312 2118 debet.
1357 2073 1409 2105 Ait
1441 2082 1547 2105 tamen
1571 2073 1701 2114 Celsus,
1729 2083 1786 2115 pro
1815 2076 1875 2106 reo>
1899 2069 1982 2108 stare

1101 2113 1400 2155 praesumptionem:
1423 2115 1610 2154 arbitratus,
1634 2125 1706 2147 eum
1730 2116 1885 2155 voluifle,
1905 2117 1973 2149 non‘

1103 2165 1227 2187 tantum
1251 2155 1324 2194 sibi,
1348 2155 1400 2201 sed
1425 2156 1532 2189 heredi
1557 2166 1688 2198 quoque
1712 2156 1786 2196 suo,
1811 2158 1970 2198 prodeffe:

1104 2199 1270 2243 communi¹
1283 2197 1448 2229 hominum·
1463 2207 1572 2237 more,
1597 2199 1783 2239 plerumque
1800 2207 1862 2230 tarn
1883 2200 1973 2231 here-

1105 2240 1198 2284 dibus
1223 2237 1298 2277 suis,
1325 2248 1420 2279 quam
1443 2239 1515 2277 fibi,
1545 2239 1738 2271 caventium.
1770 2241 1905 2280 proinde
1926 2241 1971 2271 de'

1104 2281 1172 2320 ipio
1189 2280 1369 2316 dumtaxat,
1394 2289 1430 2311 ac
1455 2290 1517 2312 non
1541 2282 1581 2312 de
1605 2281 1724 2313 herede
1748 2290 1877 2321 quoque
1899 2280 1969 2320 ejus

1106 2320 1308 2360 conveniffe,
1333 2321 1526 2362 petitorem,
1549 2332 1613 2353 non
1631 2321 1683 2362 qui
1702 2323 1838 2361 excipit,
1854 2321 1969 2360 proba-

1106 2373 1140 2396 re
1156 2363 1281 2395 debere.
1300 2363 1388 2402 plura
1403 2365 1441 2394 ad
1457 2365 1485 2395 d.
1502 2365 1521 2395 l.
1533 2373 1561 2400 9.
1581 2363 1653 2394 dedi
1668 2362 1800 2403 lib2fing.
1813 2361 1863 2392 Ad
1873 2359 1970 2392 Edi&

1107 2406 1159 2436 De
1170 2404 1249 2445 pac't.
1269 2404 1305 2439 ὅ*
1321 2403 1460 2435 ιναηςαᾶ.
1485 2414 1509 2435 c.
1533 2414 1581 2436 ιν.
1606 2405 1707 2436 Porro
1724 2402 1843 2444 putavit
1862 2400 1971 2441 Ulpia-

1107 2455 1165 2478 nus
1182 2447 1198 2477 l.
1217 2455 1265 2477 22.
1288 2446 1369 2477 [λὺ.
1387 2451 1408 2477 τ.
1427 2445 1488 2477 ess'e
1504 2453 1615 2477 notatu
1624 2444 1857 2483 nonindignum
1869 2465 1878 2481 ,
1895 2443 1973 2474 Eum

1129 2490 1158 2519 ui
1180 2488 1359 2519 voluntatem
1381 2493 1524 2518 mutatam
1547 2488 1634 2524 dicit,
1652 2486 1772 2526 probare
1795 2485 1845 2516 hoc
1862 2485 1969 2516 dehere.

1107 2498 1182 2571 buzi
1199 2529 1347 2561 ratione?
1364 2529 1436 2568 quia
1454 2529 1687 2567 unusquisque,
1703 2526 1812 2565 utique
1830 2523 1974 2565 sapiens,

1109 2571 1206 2603 debet
1228 2569 1388 2610 praesumi,
1411 2569 1496 2607 quod
1519 2568 1602 2608 agit,
1625 2576 1697 2598 cuin
1722 2566 1845 2598 ratione
1860 2575 1974 2607 agere:

1107 2613 1249 2652 ideoque
1268 2612 1299 2642 in
1317 2620 1357 2641 eo
1376 2611 1462 2649 quod
1481 2609 1602 2649 putavit
1618 2608 1672 2640 sibi
1689 2609 1807 2639 bonum
1825 2615 1879 2638 aut
1897 2608 1977 2639 utile

1106 2652 1412 2692 ess'e‚perseverare‚
1424 2650 1529 2681 donec
1544 2650 1572 2681 ei
1586 2657 1731 2680 occurrat
1746 2648 1821 2689 quid
1845 2655 1898 2679 aut
1915 2648 1975 2681 utic*

1107 2695 1166 2726 lius
1192 2701 1244 2724 aut
1268 2693 1395 2724 melius:
1418 2691 1558 2730 alioquin
1582 2700 1674 2731 quam
1699 2690 1794 2720 habet
1819 2690 1940 2721 causam
1957 2699 1976 2722 a

1106 2735 1212 2777 priore
1229 2735 1391 2766 voluntate
1406 2731 1602 2764 recedendi?
1625 2741 1660 2762 ea
1679 2730 1770 2772 igitur
1788 2730 1809 2762 fi
1824 2739 1977 2772 appareu-

1110 2775 1175 2815 est,
1205 2785 1261 2807 cur
1283 2775 1428 2807 voluntas
1453 2781 1572 2805 mutata
1601 2774 1703 2804 videri
1736 2772 1838 2813 poflit.
1862 2772 1882 2804 ss
1909 2782 1977 2805 nont

1107 2825 1260 2859 apparet;
1287 2826 1354 2857 quae
1376 2823 1449 2846 ante
1466 2813 1544 2854 fuit,
1569 2813 1744 2856 perdurasse
1767 2813 1900 2853 intelligi
1923 2815 1977 2846 de-

1110 2861 1176 2891 bct.
1200 2858 1241 2890 fic
1266 2865 1397 2899 oportet
1420 2865 1491 2887 euin
1517 2856 1569 2898 qui
1596 2857 1796 2887 voluntatem
1820 2863 1975 2886 mutatam

1108 2900 1205 2974 picit,
1227 2899 1418 2971 idhprobarc.
1444 2898 1551 2939 Atque
1567 2898 1628 2929 hoc
1640 2897 1669 2928 &
1687 2895 1861 2936 Papiniano
1878 2896 1978 2929 visum

1139 2952 1260 3014 3rertia
1276 2980 1529 3023 praesumptionis
1539 2980 1601 3013 five
1611 2979 1891 3021 argumentationis
1907 2978 1975 3018 spe-

1107 3026 1173 3057 cies
1190 3023 1234 3056 cst
1249 3034 1314 3056 non
1330 3032 1515 3063 repugnans.
1537 3022 1579 3054 fic
1601 3030 1732 3060 vocata,
1757 3022 1829 3060 quia
1844 3020 1908 3059 ejus
1925 3019 1975 3049 vis

1107 3065 1247 3098 consistit
1263 3065 1343 3098 intra
1360 3065 1464 3096 levem
1480 3063 1810 3104 suspicionem3atque
1826 3068 1858 3090 ut
1875 3059 1975 3090 faciat

1108 3108 1233 3149 qualem
1242 3107 1365 3148 qualem
1375 3113 1498 3137 motum
1509 3106 1539 3137 in
1549 3106 1653 3137 animo
1662 3104 1790 3143 judicis,
1800 3109 1865 3132 non
1876 3100 1978 3132 efficit

1109 3157 1251 3187 tantum,
1273 3157 1308 3180 ut
1324 3147 1427 3179 valeat
1443 3148 1481 3178 ad
1499 3147 1729 3189 probationem.
1755 3142 1892 3184 Egregie
1918 3142 1984 3187 Ar->

1110 3189 1228 3227 nobius
1246 3191 1295 3224 lib.
1321 3199 1351 3225 2.
1369 3188 1498 3231 Adversi
1510 3193 1589 3231 genr-
1611 3194 1645 3228 Ρ·
1663 3190 1710 3228 78·
1725 3183 1808 3227 Qid
1824 3182 1863 3227 ⁶²st
1879 3190 1982 3266 ψ’]ἵη

1906 3234 1926 3256 u
1957 3231 1982 3260 ι’]
