2036 3495
124 132 169 166 92
549 118 581 151 G
614 128 633 150 n
668 125 690 147 Γ.
726 124 744 147 A
777 124 798 147 rt
832 121 855 145 D
888 119 901 144 1

133 221 169 243 ex
180 210 316 242 Proetoris
331 206 498 248 cognitione.
517 204 630 235 Paulus
641 201 791 245 fignificat
802 224 810 238 ‚
828 198 914 245 quod
927 199 1006 230 Prae-

134 261 186 284 toi·
198 255 405 290 promittens,
424 247 581 277 minorem
597 243 617 274 fi
635 244 721 273 iaeius
731 241 783 279 fit,
800 243 829 272 in
848 248 1005 285 integrum

133 293 314 328 restituere,
334 289 363 320 se
379 298 441 319 non
457 287 621 325 adstringit
635 285 673 315 ad
690 292 783 314 unam
801 281 1006 313 restitutionis

133 334 288 365 formam:
306 330 356 360 sed
377 329 560 365 constituit,
577 327 662 356 varie
676 325 725 365 jus
743 326 870 355 dicere:
888 331 1006 364 prout,

132 374 266 407 minoris
289 372 416 402 utilitati
436 368 624 401 conveniet.
667 366 709 397 Et
724 366 768 397 est
787 373 1008 410 argumentum

132 415 252 447 Paulo:
277 413 364 453 quod
387 420 505 453 praetor
524 419 589 442 non
612 409 785 448 pollicetur
803 416 963 453 propriam
980 415 1009 436 a·

136 456 273 488 &ionem
292 454 344 485 vei
362 455 564 491 cautionem,
587 451 618 481 id
635 449 698 487 est,
723 456 755 479 ut
772 447 848 479 mzhi
865 449 1010 491 videtur,

133 506 200 529 non
218 503 341 527 certum
358 504 455 536 atque
470 493 632 525 uniforme
648 491 798 522 auxilium
811 501 828 535 :¹
844 499 908 520 non
926 498 1011 519 enim

134 538 231 577 dicit,
247 537 407 569 astionem
424 537 507 568 dabo
519 559 527 573 ,
544 542 578 566 ut
594 534 685 564 alias:
702 541 767 563 non
787 540 882 577 etiam
894 553 904 568 ,
919 539 1010 574 cave-

132 581 157 612 ri
173 581 314 621 jubebo,
340 580 419 610 utin
439 577 554 608 Edicto
579 575 630 606 De
656 575 773 605 damno
794 571 934 616 infecto:
960 570 1011 602 ied

133 621 194 661 ait,
216 622 464 653 animadvertam
476 619 540 657 ,uti
557 625 692 657 quaeque
710 624 758 646 res
775 622 845 644 erit.
870 612 1010 658 reservat

133 664 230 706 igitui-
245 662 299 695 fibi
316 663 446 694 liberam
458 655 833 694 restitutionisformam3
850 652 1012 700 proutipfi

135 706 308 738 videbitur.
349 703 426 735 Inde
444 701 498 733 fit:
523 709 558 732 ut
575 699 690 731 minori
709 698 882 737 aliquando
900 696 1010 742 subve-

134 749 239 779 niatur
264 746 415 777 Praetoria
439 742 647 784 cognitione,
671 740 754 784 nulla
773 739 846 784 data
865 737 1012 774 astione,

134 797 189 821 aut
218 789 346 822 iudice:
370 785 542 826 aliquando
566 783 614 821 ei,
638 782 726 826 caula
744 787 895 826 cognita,
921 779 1014 810 detur

133 823 236 871 Jude‘x
264 830 293 860 ἃ
318 828 399 860 aetio
426 827 512 858 utilis
537 825 567 856 in
592 824 759 867 perlonain
781 828 1014 865 ejus-quocum

134 872 224 913 gt-ffit
245 871 381 910 ahquid:
399 867 569 908 aliquando
588 867 684 897 etiam
701 863 783 895 acuo
796 863 928 906 utilis-in
947 871 1014 907 rem

134 912 283 946 adversus
299 909 504 952 possess'orem
516 932 525 947 ,
549 917 615 938 non
633 909 732 937 modo
750 904 857 942 malae,
881 904 932 934 led
956 911 1012 933 eti·

134 965 185 987 am
200 955 292 986 bonae
313 953 408 992 fidei3
431 952 508 983 licet
525 958 597 980 cum
616 956 736 979 eonon
754 945 789 977 fit
804 944 1014 992 contrafitum.

133 997 188 1029 Ne
204 995 373 1027 auctoritas
391 993 506 1024 noiirae
523 990 599 1022 defit
617 988 894 1029 interpretationi3
919 987 1013 1017 addu-

134 1048 203 1070 cam
228 1038 248 1069 l.
274 1048 309 1073 ι’),
343 1035 371 1077 §.
395 1045 420 1067 1.
440 1035 467 1067 h.
484 1040 504 1065 t.
534 1032 586 1063 ubi
605 1040 671 1062 rem
688 1039 704 1060 a
722 1031 846 1060 minore
865 1029 1011 1058 traditam

133 1080 262 1120 accepit
288 1073 397 1109 Titius
420 1085 461 1108 ex
488 1074 577 1106 causa
601 1073 795 1113 emptionis,
826 1071 916 1115 isque
940 1078 1010 1114 eam

132 1131 210 1154 mox
230 1119 423 1151 vendidit&
443 1117 572 1148 tradidit
590 1115 651 1145 alii.
668 1114 772 1144 minor
792 1120 870 1157 petit
889 1110 1009 1141 restitui

132 1164 163 1195 in
181 1164 350 1203 integrum.
375 1160 491 1191 dicitur
507 1157 643 1196 adjuvari
663 1155 713 1185 vel
730 1161 920 1193 cognitione
931 1152 998 1197 Prae

135 1206 235 1242 toria,
259 1206 313 1240 (ut
332 1203 361 1234 &
378 1201 413 1233 fit
430 1201 449 1232 l.
471 1209 510 1242 39
538 1197 578 1229 D.
594 1199 627 1228 de
642 1196 797 1235 evictwn)
817 1194 865 1224 vei
885 1194 1011 1239 athone

133 1247 204 1278 utili
223 1269 232 1284 ,
263 1246 363 1276 modo
390 1245 420 1274 in
454 1241 619 1281 personam
647 1236 767 1270 rescissa
800 1236 1010 1281 liberatione,

133 1290 235 1321 modo
260 1288 290 1318 in
308 1294 373 1317 rem
392 1282 511 1315 rescissa
528 1281 738 1313 alienatione:
764 1286 859 1318 prout
876 1276 1010 1322 Praetori

135 1339 256 1370 aequiiis
273 1327 425 1358 videatur.
452 1325 484 1356 ld
504 1332 582 1354 vei-o
593 1322 656 1359 est,
675 1322 811 1360 opinor,
824 1319 910 1358 quod
930 1320 1012 1349 dirtit

135 1371 252 1403 Paulus
269 1370 297 1400 d.
315 1369 334 1399 l.
355 1378 391 1404 24
423 1366 506 1408 §.ult
538 1364 641 1394 'Ibtznn
657 1364 708 1392 boc
723 1363 843 1401 pendere
853 1370 889 1390 ex
909 1359 1000 1390 Fraeto

135 1414 176 1444 ris
187 1412 356 1450 cognitione.
379 1408 432 1439 Est
449 1416 547 1447 porro
567 1405 614 1435 liis
629 1403 848 1442 conlequen83
864 1410 897 1432 ut
909 1410 1013 1447 minoi·

135 1462 226 1493 petat
244 1455 274 1483 in
294 1453 452 1491 integrum
479 1447 620 1483 restitui,
644 1454 708 1475 non
728 1445 767 1475 de
785 1444 879 1483 plano
899 1452 955 1482 per
978 1443 1012 1472 li-

136 1495 278 1532 bellum,
304 1492 356 1522 sed
378 1500 437 1531 pro
456 1488 625 1524 tribunali,
649 1485 836 1529 confidente
853 1484 1015 1521 Praetore,

138 1539 167 1568 &
187 1533 372 1566 adversariis
387 1529 535 1563 adversus
552 1537 633 1569 quos
651 1535 739 1567 petat
753 1526 890 1561 restitui,
916 1528 1013 1570 advo-

137 1578 234 1609 catis:
258 1583 292 1606 ut
308 1572 489 1611 observari,
505 1571 557 1602 ubi
575 1569 674 1600 causae
691 1569 837 1609 cognitio
856 1566 911 1605 fit,
925 1570 1014 1607 iupra

135 1619 254 1652 dietum
279 1615 334 1647 sub
358 1613 474 1646 Titulo
500 1611 553 1644 De
571 1620 602 1643 in
620 1611 777 1650 integrum
796 1608 1015 1646 restitutione3

136 1661 167 1693 &
186 1660 217 1691 in
237 1656 403 1699 pi'opofito
423 1656 525 1694 liquet
542 1654 572 1684 in
588 1654 605 1698 ἰΞ
627 1662 672 1688 29-
694 1651 721 1693 §.
742 1662 768 1683 2>
789 1650 824 1684 δύ’
844 1651 863 1681 l.
885 1660 931 1691 13.
948 1651 974 1680 h.
992 1655 1014 1680 t.

177 1700 311 1732 Interim
335 1701 367 1730 in
391 1696 488 1729 causae
514 1701 701 1736 cognitione
718 1691 880 1723 versantur
898 1695 1015 1730 multa,

135 1743 243 1775 obiter
260 1740 465 1782 exponenda.
491 1737 629 1768 Primum
648 1734 712 1773 est;
726 1744 764 1766 an
786 1743 838 1779 qui
858 1733 1013 1780 postulat,

134 1785 167 1818 se
187 1783 308 1816 restitui
334 1782 379 1812 ob
404 1787 552 1818 aetatem,
577 1777 780 1816 probaverit,
804 1776 833 1806 le
857 1784 1014 1807 minorem

135 1826 220 1864 esse,
237 1833 271 1856 ut
287 1825 316 1856 in
332 1821 526 1855 antecessum
543 1817 766 1852 demonstravi.
791 1817 957 1853 Alterum,
975 1825 1014 1847 an

134 1869 171 1902 fit
188 1878 228 1900 eo
247 1866 335 1907 quod
350 1864 473 1906 gestum
486 1862 549 1898 est,
566 1861 651 1892 laeius
671 1860 795 1891 lubrico
807 1861 908 1890 aetatis
936 1857 1014 1889 Non

86 1909 89 1911 ’
135 1911 168 1943 id
188 1909 290 1950 palam
309 1908 466 1939 indicatur
483 1904 631 1936 Praetoris
651 1903 775 1934 verbis:
802 1901 852 1932 sed
869 1902 1018 1946 congruit

137 1953 203 1993 ejus
227 1950 348 1988 menti;
372 1957 412 1980 ne
436 1946 559 1985 semper
577 1967 587 1983 ,
616 1952 676 1975 nec
697 1943 804 1983 paffim
821 1966 830 1981 ‚
862 1943 1017 1973 rescindat

137 2003 212 2026 cum
238 1994 363 2024 minore
389 1989 539 2031 gestum3
563 1986 615 2017 sed
642 1993 675 2015 ut
700 1988 953 2029 totumwedigat
980 1984 1019 2029 ad

135 2035 260 2068 bonum
286 2034 315 2065 δι
341 2041 485 2071 aequum:
510 2039 570 2067 ne,
595 2028 670 2058 dum
689 2028 758 2059 vult
778 2027 947 2058 coniulere
964 2034 1017 2056 mi·

138 2073 450 2109 noi-isimbecillitati
463 2095 472 2111 ,
488 2079 561 2102 eum
579 2070 791 2100 incommodo
802 2067 927 2099 afficiat.
945 2075 1016 2098 nam

139 2118 161 2151 fi
178 2126 250 2149 eum
277 2114 456 2147 indistincte
478 2114 592 2153 juvet,
621 2120 716 2141 nemo
742 2119 813 2141 cum
832 2119 872 2141 eo
890 2116 1015 2140 contra·

140 2160 217 2197 het;
241 2160 349 2197 itaque
372 2156 514 2186 futurum
541 2154 600 2184 crit
618 2152 753 2191 perinde
773 2160 810 2182 ac
826 2151 847 2182 fi
869 2151 1022 2190 quodam-

139 2202 241 2234 modo
265 2201 293 2230 ei
312 2198 511 2229 commercio
537 2194 754 2226 interdicatur.
785 2193 941 2233 proinde,
966 2191 1020 2223 nisi

140 2240 307 2276 manifesta
323 2239 358 2271 fit
368 2237 642 2276 circumieript103
658 2244 711 2266 aut
730 2243 792 2265 tam
804 2258 813 2272 ,
830 2235 862 2265 id
878 2233 941 2272 est,
958 2233 1019 2264 val-

141 2285 203 2322 de,
227 2271 428 2323 negligenser
448 2281 478 2310 in
503 2287 538 2309 ea
557 2276 644 2307 caula
665 2275 803 2307 versatus
821 2275 877 2314 fit,
901 2275 1022 2306 Praetor

140 2329 349 2366 interponere
375 2321 404 2353 se
430 2330 495 2352 non
512 2319 608 2350 deber
628 2318 647 2348 l.
668 2327 715 2356 24.
732 2317 760 2359 §.
785 2327 808 2349 i.
828 2318 855 2347 h.
872 2323 894 2348 t.
917 2316 1020 2357 finge:

140 2367 211 2399 fato
223 2365 311 2398 lael‘us
329 2363 373 2395 est
385 2387 394 2402 ,
412 2362 514 2393 sobrie
532 2369 598 2392 rem
616 2358 699 2390 suam
715 2358 949 2390 administrans:
967 2367 1022 2388 cur

141 2408 326 2442 restituetur
350 2406 394 2436 ob
418 2411 546 2435 aetatem
572 2401 624 2441 qui
652 2400 752 2439 fecit,
776 2404 864 2440 quod
879 2399 1032 2439 faceret,

141 2449 164 2482 fi
181 2449 257 2480 eil'et
276 2446 399 2487 major?
423 2455 488 2477 non
508 2446 602 2485 igitur
620 2451 755 2473 eventus
774 2442 918 2482 indulget
938 2443 1023 2472 dam-

142 2491 176 2526 nj
194 2490 446 2525 restitutionem,
464 2486 517 2518 sed
536 2483 712 2516 inconsulta
731 2483 876 2514 facilitas.
897 2483 948 2513 Sic
965 2492 1021 2522 op·

143 2533 222 2564 time
243 2530 397 2571 Ulpianus
420 2530 440 2561 l.
461 2538 508 2560 11.
526 2527 555 2568 §.
574 2537 602 2567 3.
622 2525 651 2568 §.
670 2536 699 2564 4.
719 2524 755 2559 &²
771 2536 801 2571 5.
819 2527 846 2556 iv.
863 2530 884 2555 t.
903 2528 931 2555 dt
951 2525 1023 2555 alla-

141 2574 182 2605 tis
200 2572 355 2611 exemplis
375 2570 607 2611 pulcherrimis.
651 2566 723 2598 Nee
741 2577 843 2598 minus
860 2566 966 2607 probo
984 2565 1023 2596 sic

144 2613 395 2646 concludentem
412 2613 429 2643 l.
449 2622 497 2651 44.
511 2611 569 2641 eod.
590 2611 635 2640 tit.
656 2608 729 2639 Non
747 2610 841 2639 onmia
858 2618 920 2648 quia
936 2609 1019 2637 mino

143 2666 188 2688 res
203 2654 314 2696 viginti
329 2654 455 2694 quinque
471 2653 555 2684 annis
571 2656 701 2691 gerunt,
722 2651 810 2681 irrita
820 2654 911 2690 sunt:
930 2650 974 2683 led
991 2658 1023 2679 ea

144 2703 263 2730 tantum
277 2704 338 2736 qitae
358 2695 444 2730 caula
460 2694 576 2734 cognita
590 2693 728 2734 ejusmodi
751 2691 919 2732 deprehensa
928 2693 1023 2729 sunt:

144 2739 192 2771 vel
216 2737 250 2769 ab
274 2736 340 2767 aliis
365 2735 555 2765 circumventi
563 2757 572 2772 ,
594 2734 639 2764 vel
656 2741 708 2769 luci
721 2733 873 2773 facilitate
895 2733 1023 2772 decepti,

144 2786 198 2814 aut
220 2778 295 2821 quod
320 2777 502 2813 habuerunt,
526 2777 692 2812 amiserint.-
714 2782 767 2805 aut
792 2776 866 2815 quod
889 2775 1021 2814 adquire-

145 2832 176 2855 re
211 2819 430 2852 emolumentum
455 2822 611 2856 potuerunt
628 2839 637 2855 ,
669 2817 844 2850 omiserint.-
869 2820 921 2846 aut
945 2816 1024 2845 oneri

145 2864 223 2906 quod
244 2871 301 2892 non
316 2860 453 2898 suscipere
477 2858 578 2894 licuit,
599 2860 626 2893 le
652 2858 855 2899 obligaverint.
894 2856 1024 2887 Poffent

145 2906 217 2938 haec
232 2901 394 2937 sufficere3
417 2897 471 2930 nisi
496 2908 513 2929 e
535 2907 568 2928 re
591 2898 685 2937 effet,
712 2900 832 2937 notari,
856 2907 1024 2939 proniores

145 2945 239 2980 fuisse
262 2943 397 2975 Veteres
407 2940 438 2971 in
457 2939 636 2979 adjuvando
654 2941 777 2971 minore
793 2942 836 2972 ob
853 2949 1024 2979 acceptum

147 2991 320 3023 damnum,
337 2991 430 3023 quam
441 2983 486 3013 ob
503 2979 647 3011 omissum
665 2981 795 3013 lucrum.
822 2983 913 3014 Adeo
932 2981 1024 3012 fuere

147 3030 205 3071 qui
219 3027 453 3061 existimarent,
470 3021 629 3058 sufficere,
648 3023 803 3067 minorem
824 3023 921 3055 levari
942 3027 1028 3054 dam-

148 3081 194 3104 no
212 3079 277 3110 quo
302 3067 337 3099 fit
356 3065 508 3098 affectus:
532 3072 595 3094 non
620 3062 681 3093 efle
699 3072 798 3102 opuS,
822 3067 850 3095 ei
869 3064 1027 3096 subveniri

148 3119 283 3155 propter
302 3107 450 3140 omiss'um
470 3108 600 3138 lucrum.
627 3113 699 3134 narn
718 3105 864 3136 damnum
888 3107 996 3145 (quod
1011 3114 1028 3136 a

149 3153 330 3189 demendo,
345 3149 466 3190 &quafi
477 3147 697 3179 deminutione
714 3146 893 3184 patrimonii
905 3147 1024 3178 dietum

147 3197 213 3237 ις.
232 3192 273 3224 D.
291 3194 323 3222 de
339 3193 436 3222 damn.
455 3188 576 3230 infeci.)
591 3189 718 3219 demum
740 3187 859 3223 videri,
877 3194 951 3216 cum
968 3190 1022 3219 mi-

147 3246 208 3270 noi·
222 3231 323 3268 amisit
339 3233 427 3274 quod
444 3231 575 3264 habuit:
599 3237 632 3261 at
653 3236 727 3260 cum
751 3226 857 3260 omisit
881 3227 1024 3266 lucrum,

961 109 1228 147 NoonT
1286 110 1502 147 Cottii.

1047 209 1112 230 non
1130 199 1190 230 esse
1208 201 1335 240 quidem
1349 201 1598 239 locupletiorem
1616 198 1754 241 fafitum3
1769 202 1823 236 sed
1838 204 1918 236 inte.

1049 250 1105 272 rim
1125 242 1200 272 ninil
1220 245 1260 272 de
1279 245 1370 273 bonis
1399 244 1456 273 iuis
1476 241 1645 275 demiiill'e,
1672 252 1777 283 eoque
1794 247 1920 285 proprie

1051 291 1115 312 non
1129 281 1189 313 elle
1203 284 1315 314 loeium.
1343 285 1381 315 iic
1398 284 1448 314 illi.
1475 284 1549 315 Aliis
1562 291 1672 314 contra
1685 284 1830 324 sedebat,
1847 295 1923 318 con-

1052 324 1161 354 venite
1178 325 1367 365 benignitati
1386 326 1535 357 Praeniris
1548 350 1556 359 ,
1577 326 1692 356 minori
1715 326 1803 357 omni
1823 328 1922 358 modo

1052 366 1297 405 prolpicientis,
1328 368 1357 397 ei
1386 377 1446 397 nori
1473 367 1575 397 minus
1600 367 1766 398 subvenire
1791 376 1924 408 propter

1052 405 1231 445 neglecltum
1251 409 1388 446 lucrum,
1401 418 1492 449 quam
1514 417 1646 448 propter
1656 418 1824 448 acceptum
1842 412 1925 440 ciam·

1053 456 1146 477 nuni:
1170 448 1381 486 sapientibus,
1404 459 1465 480 non
1485 451 1585 480 minus
1603 450 1699 487 lucri,
1724 452 1811 490 cujus
1830 450 1927 481 habe-

1052 497 1105 533 ant
1123 489 1342 528 occasionem,
1361 490 1520 529 studiosis,
1539 501 1631 531 ‹luz—ni
1651 502 1664 521 :2
1683 491 1849 530 damno,fi
1869 501 1925 524 im·

1054 538 1192 575 mineat,
1215 531 1332 563 alienis.
1365 532 1469 572 Atque
1488 534 1555 563 liaec
1576 537 1746 571 latitet-tia,
1766 541 1798 564 ut
1817 534 1926 565 buma-

1055 579 1126 601 nior
1142 578 1238 607 atque
1264 574 1392 611 utilior,
1416 573 1485 612 post
1508 576 1620 606 multas
1644 583 1834 606 xuriationes
1860 582 1927 606 tan-

1056 613 1127 642 dem
1145 620 1273 652 recepta
1289 613 1349 644 est:
1365 614 1384 645 fi
1405 614 1481 647 fides
1495 615 1634 656 Ulpiano
1651 615 1734 657 l.7.§
1755 620 1782 646 6.
1808 616 1844 647 1).
1864 617 1890 647 h.
1903 621 1926 648 t.

1054 662 1125 684 nam
1151 653 1214 700 hoc
1241 654 1403 695 indigitat:
1427 667 1497 688 cum
1523 657 1563 688 sic
1589 658 1714 696 icribit,
1740 658 1836 688 Hodie
1853 663 1927 688 certo

1048 696 1118 736 jure
1135 703 1265 734 attritur,
1289 703 1321 726 ut
1340 695 1375 730 ἐξ
1399 699 1430 727 in
1452 699 1528 729 lucro
1552 701 1707 730 minoribus
1716 703 1927 740 succurratur.

1057 736 1099 766 Et
1115 735 1220 767 adfert
1237 738 1384 777 exempla
1403 738 1429 779 §.
1447 749 1476 778 7.
1495 739 1530 773 δέ)
1547 745 1573 774 8.

1100 778 1226 824 Summa
1243 777 1304 824 est?
1329 783 1416 819 quod
1434 781 1463 810 in
1481 781 1639 822 integrum
1658 782 1859 814 restitutione
1877 781 1932 812 mi-

1057 828 1144 850 noris
1162 829 1269 850 omnia
1294 829 1324 850 in
1351 829 1422 851 eum
1440 830 1637 861 reponuntur
1662 824 1793 862 statum,
1819 823 1848 854 in
1869 832 1933 863 quo

1057 869 1146 891 erant
1165 869 1257 898 ante,
1276 870 1369 901 quam
1386 861 1462 892 effet
1480 872 1552 894 curn
1571 865 1625 895 illo
1644 865 1773 903 gestum.
1798 865 1933 905 proinde

1058 903 1156 933 debet
1174 912 1222 933 res
1242 904 1375 942 perinde
1392 903 1521 943 haberi,
1541 914 1577 935 ac
1593 905 1613 936 si
1633 903 1675 937 nil
1694 907 1770 938 eiset
1786 915 1859 937 cum
1878 905 1934 936 mi-

1057 952 1136 975 nore
1154 944 1287 984 gestum.
1312 944 1412 987 Quod
1426 945 1446 976 fi
1461 945 1523 977 est:
1548 955 1679 986 oportet
1697 947 1814 978 restitui
1831 947 1934 987 ipium
1978 952 1980 955 ’

1057 987 1144 1025 quod
1169 985 1214 1016 est
1237 986 1380 1026 gestum,
1404 987 1434 1018 ὅ(
1458 996 1628 1027 praeterea,
1654 989 1806 1029 quidquid
1825 998 1865 1020 ex
1890 998 1932 1019 eo

1055 1026 1223 1067 sequutum
1243 1026 1298 1059 est.
1332 1028 1405 1059 Hoc
1422 1028 1608 1069 intelligitur
1626 1040 1666 1061 ex
1684 1032 1694 1060 t
1720 1039 1748 1066 9.
1766 1030 1794 1060 h.
1813 1036 1834 1060 t.
1859 1039 1934 1069 pro-

1055 1070 1186 1108 ponitur
1207 1069 1249 1099 ibi
1269 1070 1372 1100 minor
1389 1068 1451 1100 esse
1475 1071 1639 1102 damnatus
1660 1071 1815 1102 sententia
1832 1070 1936 1102 Praefi-

1055 1111 1101 1140 dis
1122 1111 1171 1141 vel
1187 1110 1403 1141 procuratoris
1421 1111 1560 1143 Caeiaris.
1590 1113 1707 1144 deinde
1726 1122 1766 1144 ex
1784 1111 1873 1143 causa
1887 1112 1935 1153 Ju-

1053 1152 1148 1182 dicati
1165 1161 1256 1190 capta
1275 1152 1303 1183 ὅ(
1323 1152 1466 1183 distratia
1485 1153 1554 1184 sunt
1573 1154 1637 1194 ejus
1653 1164 1794 1195 pignora.
1814 1164 1891 1185 mox
1908 1153 1932 1185 i-

1055 1194 1127 1224 dem
1153 1202 1255 1223 minoi·
1275 1202 1365 1233 petiit
1385 1196 1414 1224 in
1442 1195 1598 1236 integrum
1624 1197 1856 1226 restitutionem
1879 1195 1932 1226 ad-

1057 1234 1161 1265 versus
1174 1237 1371 1266 iententiam.
1399 1245 1456 1274 pro
1469 1246 1560 1267 certo
1571 1239 1721 1276 ponitur,
1738 1239 1793 1277 (ut
1803 1236 1848 1268 est
1865 1245 1935 1268 cei·-

1056 1276 1143 1316 tuni)
1168 1278 1255 1315 quod
1281 1278 1416 1316 pecunia
1433 1287 1447 1307 a
1470 1280 1594 1309 minore
1611 1277 1709 1310 soluta
1730 1289 1769 1309 ex
1786 1277 1876 1310 causa
1890 1279 1937 1318 jii-

1056 1318 1170 1355 dicati,
1188 1318 1283 1348 debet
1299 1328 1326 1348 ei
1347 1318 1475 1350 restituit
1502 1320 1578 1350 illud
1598 1322 1762 1357 quaeritur,
1783 1330 1820 1350 an
1838 1320 1936 1350 etiam

1056 1368 1199 1389 reuocari
1221 1359 1335 1398 poffint
1356 1360 1496 1391 distracla
1512 1362 1677 1401 corpora?
1698 1363 1726 1392 <St
1746 1362 1870 1401 placet,
1887 1370 1937 1392 re-

1056 1409 1181 1432 vocari:
1206 1404 1305 1432 modo
1324 1401 1443 1433 intersit
1462 1403 1610 1440 minoris,
1634 1405 1796 1434 revocari:
1820 1401 1852 1433 id
1871 1401 1936 1440 est,

1057 1449 1089 1472 ut
1113 1444 1154 1473 ait
1183 1441 1354 1482 Ulpianus,
1377 1442 1398 1474 fi
1422 1445 1541 1483 grande
1566 1445 1714 1475 damnum
1738 1443 1774 1476 sit
1791 1444 1933 1475 minoris.

1056 1493 1127 1514 nam
1141 1485 1202 1514 huc
1220 1483 1347 1524 respit-it
1362 1485 1392 1515 in
1411 1486 1569 1525 integrum
1588 1486 1762 1521 restitutio,
1782 1494 1814 1516 ut
1831 1485 1935 1517 omnis

1057 1527 1173 1557 utilitas
1191 1536 1283 1563 quani
1303 1526 1400 1556 aniiiit
1413 1550 1421 1563 ‚
1435 1536 1487 1557 aut
1505 1537 1603 1558 omne
1621 1529 1769 1558 damnum
1781 1527 1869 1566 quod
1887 1534 1937 1557 ac-

1058 1575 1143 1605 cepit
1164 1577 1286 1605 minus,
1311 1569 1339 1598 ei
1358 1567 1503 1598 Praetoris
1523 1569 1720 1608 indulgentia
1738 1575 1914 1607 reparetur.

1101 1608 1282 1646 Caeterum,
1307 1618 1340 1639 ut
1366 1618 1492 1649 aequum
1517 1608 1587 1647 est,
1623 1610 1795 1641 Praetorem
1821 1608 1938 1640 minori

1059 1649 1244 1688 consulere,
1269 1652 1309 1680 ira
1337 1659 1397 1680 nec
1416 1652 1514 1682 debet
1532 1651 1742 1682 adversarium
1761 1652 1938 1692 negligere.

1059 1692 1141 1722 bene
1163 1691 1299 1721 l’ainusl
1323 1701 1368 1731 24.
1392 1691 1459 1733 §.32
1477 1693 1504 1723 h.
1527 1699 1550 1723 t.
1568 1691 1746 1730 restitutio,
1761 1693 1938 1728 inquit,ita

1058 1733 1205 1764 facienda
1223 1733 1285 1770 est,
1312 1742 1344 1763 ut
1369 1735 1587 1773 unusquisque
1613 1735 1771 1775 integrum
1784 1734 1831 1774 jus
1851 1735 1941 1766 suum

1058 1777 1203 1815 recipiat.
1227 1774 1268 1806 sic
1294 1774 1403 1814 foret;
1429 1775 1447 1807 ii
1476 1776 1517 1806 nil
1545 1775 1621 1807 effer
1644 1785 1715 1808 cum
1745 1777 1869 1807 minore
1887 1785 1941 1816 ge-

1059 1816 1148 1848 stum
1168 1826 1227 1847 nec
1243 1817 1327 1848 aliud
1343 1817 1494 1858 congruit
1510 1818 1651 1857 aequitati
1666 1817 1940 1858 Praetoris,quam

1060 1859 1226 1899 utriussque
1247 1858 1369 1889 causam
1387 1859 1416 1890 in
1436 1859 1521 1889 hunc
1537 1859 1650 1891 statum
1675 1862 1830 1891 r·.duct²re
1865 1868 1940 1899 pro-

1060 1900 1170 1941 spiciat
1188 1901 1282 1941 igitur
1298 1900 1412 1931 minori
1424 1901 1565 1939 Praetor,
1581 1911 1621 1932 rie
1638 1902 1762 1933 lubrico
1778 1909 1880 1932 aetatis
1891 1909 1943 1932 ac-

1061 1943 1159 1982 cipiat
1183 1942 1341 1973 damnum.
1369 1951 1429 1983 qua
1451 1952 1528 1974 vero
1550 1942 1660 1974 fronte
1685 1942 1782 1982 finat,
1805 1951 1878 1974 eum
1895 1941 1943 1973 fa-

1062 1993 1136 2015 cere
1151 1983 1272 2015 lucrum
1290 1992 1361 2014 cum
1378 1985 1478 2015 aliena
1499 1983 1635 2024 injuria?
1659 1983 1710 2015 sed
1728 1992 1880 2025 apparet,
1904 1989 1942 2015 ut

1061 2035 1136 2057 vera
1158 2024 1194 2056 fit
1212 2027 1241 2056 in
1266 2025 1425 2065 integrum
1452 2025 1631 2064 restitutio,
1655 2034 1808 2067 oportere
1831 2025 1942 2056 omnia

1061 2076 1121 2108 pro
1139 2066 1265 2098 infectis
1285 2065 1357 2097 effe.
1393 2065 1467 2097 Hoc
1486 2068 1554 2098 vult
1573 2067 1752 2099 Antoninus
1767 2067 1786 2097 l.
1809 2068 1886 2098 unic.
1905 2065 1942 2099 C.

1060 2111 1096 2140 ‘de
1112 2114 1238 2148 reputat.
1258 2107 1411 2148 qitaefiztnt
1428 2108 1460 2138 in
1470 2109 1566 2149 judic.
1584 2109 1616 2139 in
1633 2109 1739 2150 integr.
1751 2107 1816 2148 resi.
1833 2107 1943 2139 Tatia-

1064 2160 1107 2181 no
1129 2150 1255 2181 cuidam
1281 2149 1322 2180 fic
1340 2148 1534 2182 rescribens:
1560 2149 1622 2194 Qui
1639 2148 1804 2191 restituitur
1822 2149 1854 2180 in
1871 2150 1944 2180 inte·

1060 2190 1172 2233 grum,
1187 2189 1268 2229 ficut
1283 2192 1314 2221 in
1340 2192 1443 2221 damno
1464 2194 1572 2222 morari
1589 2201 1646 2222 non
1665 2194 1762 2230 debet,
1785 2193 1828 2223 ita
1844 2191 1943 2222 necin

1063 2237 1150 2265 lucro.
1186 2232 1226 2263 Et
1244 2233 1316 2263 inde
1333 2231 1450 2263 refert:
1478 2236 1566 2272 quod
1584 2233 1691 2264 minor
1707 2235 1783 2271 ideo,
1799 2232 1941 2274 quidquid

1064 2276 1101 2306 ad
1115 2284 1179 2306 eum
1186 2275 1338 2314 pervenit,
1355 2273 1401 2304 vet
1418 2283 1454 2304 ex
1473 2275 1629 2314 emptione,
1646 2275 1693 2306 vel
1707 2284 1743 2306 ex
1757 2275 1942 2313 venditione,

1064 2317 1160 2348 velex
1177 2316 1231 2346 atio
1247 2314 1417 2352 contrariu,
1438 2316 1487 2346 hoc
1502 2317 1580 2346 aehet
1593 2315 1739 2355 restituere
1772 2315 1859 2346 Tum
1876 2314 1945 2346 sub-

1064 2360 1130 2398 jicit
1148 2357 1166 2399 §
1199 2367 1223 2388 x.
1244 2357 1298 2387 Sed
1316 2356 1351 2391 &¹
1360 2355 1389 2394 fi
1405 2357 1567 2397 interceffor
1582 2359 1676 2388 minor
1689 2357 1800 2399 viginti
1816 2358 1944 2398 quinque

1066 2401 1153 2431 annis
1170 2399 1375 2436 intervenerit,
1393 2399 1425 2428 in
1442 2405 1566 2429 veterem
1582 2400 1731 2430 debitorem
1745 2399 1822 2429 debet
1831 2397 1945 2438 restitui

1066 2441 1149 2472 ιιὲῗτο,
1167 2439 1242 2471 Non
1261 2441 1364 2471 minus
1382 2449 1492 2471 verum
1511 2440 1574 2477 est,
1597 2440 1685 2480 quod
1703 2440 1733 2470 in
1758 2439 1777 2481 §
1808 2449 1836 2471 2.
1856 2439 1944 2470 addit

1066 2492 1181 2524 porro:
1199 2482 1273 2512 Cztm
1288 2483 1381 2511 minor
1399 2482 1473 2511 adiit
1489 2483 1689 2518 hereditatem,
1706 2480 1743 2515 ἐξ
1759 2479 1944 2521 restituitur:

1065 2534 1132 2555 mox
1156 2524 1297 2564 quidquid
1320 2524 1357 2553 ad
1377 2531 1441 2552 etim
1463 2532 1499 2553 ex
1523 2522 1678 2553 hereditate
1690 2523 1843 2563 pervenit,
1866 2523 1946 2553 debet

1065 2563 1214 2607 proefttire:
1237 2573 1337 2594 verum
1358 2563 1394 2597 ὅ)
1403 2563 1432 2601 si
1446 2565 1515 2604 quial
1530 2564 1589 2594 dolo
1606 2564 1669 2605 ejus
1677 2563 1798 2603 fastum
1814 2562 1872 2604 est,
1896 2564 1946 2594 boc

1068 2618 1132 2638 etim
1144 2604 1279 2647 prestare
1296 2607 1440 2635 convenit.
1484 2604 1536 2636 Sic
1553 2606 1746 2636 Antoninus.
1773 2605 1802 2636 ἃ
1821 2605 1944 2646 prob03

1067 2653 1155 2689 quod
1171 2649 1232 2685 ait,
1249 2656 1265 2677 a
1284 2648 1406 2677 minore
1422 2645 1441 2677 fi
1459 2646 1657 2685 restituatur,
1674 2647 1829 2688 praestari,
1855 2647 1946 2687 quid-

1068 2690 1144 2731 quid
1162 2691 1200 2720 ad
1216 2697 1287 2719 eum
1305 2697 1345 2719 ex
1364 2688 1543 2719 hereditate
1561 2689 1718 2728 pervenit.
1741 2698 1813 2719 nain
1831 2696 1944 2719 caeoera

1067 2731 1246 2763 adversario
1263 2739 1326 2760 non
1349 2728 1495 2767 praestari.
1511 2729 1582 2768 fac,
1598 2730 1673 2770 quid
1694 2730 1806 2771 legatis
1817 2729 1879 2760 effe
1893 2728 1946 2760 e'x-

1066 2772 1215 2814 pensum:
1239 2771 1309 2807 fac,
1338 2770 1446 2801 servos
1462 2772 1500 2801 ad
1519 2772 1699 2803 libertatem
1721 2771 1804 2802 adita
1821 2770 1946 2802 heredi-

1068 2822 1133 2846 tate
1151 2811 1338 2854 perveniss'e.
1363 2819 1401 2843 an
1419 2820 1547 2843 tenetur
1563 2820 1617 2844 aut
1634 2814 1736 2854 legata
1755 2812 1946 2851 refundere,

1067 2864 1126 2891 aut
1143 2855 1244 2896 pretia
1270 2853 1527 2886 manumissorum
1547 2854 1564 2885 ἱ)
1586 2864 1649 2885 non
1679 2863 1767 2893 putat
1792 2852 1946 2894 Ulpianus

1067 2899 1084 2929 l.
1104 2907 1151 2929 22.
1168 2898 1195 2927 b.
1214 2903 1235 2927 t.
1255 2897 1284 2928 ἃ
1305 2896 1409 2927 reete:
1428 2897 1501 2936 quia
1518 2894 1595 2927 servi
1613 2906 1651 2927 ex
1672 2895 1813 2927 defuncti
1833 2894 1946 2925 volun-

1069 2947 1134 2971 tate
1160 2937 1227 2978 ipso
1249 2939 1318 2977 jure
1343 2938 1412 2968 sunt
1439 2939 1521 2968 adita
1547 2938 1725 2968 hereditate
1751 2934 1943 2979 manumiffi:

1070 2989 1167 3021 porro
1194 2979 1295 3011 soluta
1318 2980 1422 3020 legata
1443 2979 1512 3019 jure
1536 2979 1743 3010 debebantur.
1767 2978 1810 3007 ita
1831 2986 1868 3006 ex
1895 2974 1942 3006 his

1070 3022 1147 3053 nihil
1165 3022 1203 3052 ad
1220 3030 1292 3053 eum
1311 3021 1468 3061 pervenit.
1495 3020 1620 3052 Eodem
1641 3020 1738 3051 modo
1757 3017 1943 3060 Papinianus

1070 3064 1090 3096 l.
1108 3072 1157 3104 31.
1174 3064 1201 3095 h.
1220 3069 1242 3094 t.
1260 3063 1385 3095 minore
1402 3062 1549 3093 adversus
1566 3062 1737 3092 aditionem
1756 3057 1942 3101 hereditatis

1071 3105 1235 3142 restituto,
1259 3105 1302 3135 ait
1326 3104 1432 3134 servos
1448 3112 1487 3134 ex
1514 3099 1754 3134 fideicommisso
1772 3106 1943 3128 manumis-

1068 3146 1134 3185 sos,
1154 3147 1293 3177 retinere
1309 3145 1509 3176 libertatem:
1528 3143 1588 3175 &fi
1605 3141 1729 3182 quidam
1747 3148 1784 3185 ex
1805 3141 1944 3169 credito-

1067 3189 1153 3219 ribus
1171 3188 1339 3227 pecuniam
1366 3186 1448 3217 suam
1473 3195 1489 3215 a
1516 3185 1639 3216 minore
1661 3179 1853 3219 accepissent
1869 3188 1944 3211 ante

1067 3229 1322 3261 restitutionem:
1332 3228 1418 3260 recte
1427 3225 1544 3258 faciam
1554 3224 1615 3257 effe
1629 3222 1838 3255 solutionem:
1853 3222 1944 3301 idgge·
