2052 3487
463 139 527 188 DE
580 153 933 199 JUMsnlcTIONE

77 245 219 279 cletlano
241 245 271 278 <St
295 241 494 278 Maximiano
517 243 550 274 in
573 242 590 272 l.
610 246 639 276 8.
663 242 700 278 ἐξ
726 251 755 289 o.
782 243 815 276 C.
840 245 873 276 de
894 253 943 276 exi

79 289 272 329 ceptionihus,
290 287 420 327 aliisque
438 284 537 323 locis,
555 285 594 314 cle
612 292 846 331 exceptio-num
865 295 943 318 con-

81 330 249 361 testatione
274 326 478 368 loquentibus
496 348 504 363 ‚
535 334 606 370 non¹
625 326 772 367 distingui
797 336 881 358 inter
899 328 945 367 ju·

80 373 164 403 dicia
182 371 275 401 bonae
297 369 373 401 fidei
391 369 419 399 ὅ(
438 365 533 398 stricti
549 367 644 406 juris3
669 367 721 398 ied
745 376 867 399 tantum
885 370 942 400 do-

81 414 166 450 ceri,
191 420 279 442 reum
301 419 364 441 non
381 409 479 449 cogi,
509 408 575 439 suas
599 409 812 450 exceptiones
838 410 943 441 statim

80 453 239 495 prosequi.
285 451 367 483 Nam
395 450 442 481 his
470 459 501 480 in
523 450 604 481 locis
629 451 758 491 propi-ie
783 459 847 482 non
874 450 944 487 sunt

79 497 166 535 leges
186 492 379 525 Diocletiani
398 492 427 522 ὅ(
450 490 659 530 Maximiani3
683 493 796 532 quibus
816 500 869 524 aut
887 502 943 524 no-

78 524 154 569 vum
179 543 232 566 aut
248 533 394 575 generale
409 532 457 571 jus
475 532 660 564 definiatur:
685 534 783 574 magis
803 533 872 565 sunt
890 543 944 565 eo-

71 574 148 610 ‘rum
174 574 336 615 Rescripta
358 575 398 605 ad
423 572 541 604 saetam
565 583 709 614 certum3
743 576 772 606 in
793 584 858 615 quo
877 581 942 606 tan-

78 627 147 650 tum
173 618 236 649 fuit
254 615 432 655 dejudiciis
455 614 550 646 striCti
574 615 668 655 juris,
700 624 764 647 non
782 617 877 648 etiam
903 617 942 648 de

68 659 202 701 'judiciis
231 658 329 689 bonae
355 655 456 695 fidei,
489 658 680 696 quaelitum:
718 667 823 698 neque
848 658 942 699 igitur

79 694 184 741 potest
206 709 246 731 ex
266 699 325 730 illis
341 696 408 730 fieri
426 707 647 738 argumentum
673 699 712 730 ad
729 699 942 730 abolitionem

77 742 266 784 judiciorum
298 740 392 772 bonae
423 739 524 771 fidei:
556 740 596 771 de
627 741 742 781 quibus
767 741 809 771 ibi
835 749 941 780 neque

62 783 213 821 ,consulti
238 782 328 813 fuere
355 782 568 822 Imperatores
585 804 595 820 ,
631 791 736 822 neque
770 780 940 827 responde—

77 832 161 858 runt.
204 824 311 864 Atque
333 823 398 855 hoc
424 830 514 854 extra
546 832 675 854 omnem
703 822 941 854 dubitationem

78 866 140 898 est:
171 865 339 907 postquam
362 864 417 905 ipsi
442 864 656 904 Imperatores
672 888 681 902 ‚
717 863 941 895 Diocletianus

79 911 108 940 ἃ
135 908 351 939 Maximianus
381 907 400 937 l.
425 916 453 938 2.
484 906 517 937 C.
544 905 723 937 Sententiam
748 905 869 945 rescindi
886 914 942 935 non

75 949 149 991 poffe
175 950 258 980 clare
283 948 423 980 scribunt
439 967 450 986 ,
483 946 690 988 peremptorias
718 947 895 987 exceptiones
916 956 942 977 o-

78 990 174 1031 mzffas
196 992 228 1021 in
251 991 334 1021 initio
352 1015 359 1025 ,
390 995 547 1030 antequam
557 991 704 1028 sententia
723 988 863 1026 feratur,
895 995 940 1027 op-

75 1034 146 1074 poni
158 1032 250 1073 poffe,
269 1036 439 1073 perpetuum
456 1030 595 1061 Edit'tzmz
618 1027 771 1075 manifeste
784 1029 938 1059 declarare.

79 1073 169 1115 Quid
187 1075 272 1105 enim
290 1073 375 1104 aliud
392 1073 532 1104 indicant
554 1072 614 1103 illis
635 1073 740 1102 verbis
763 1069 939 1110 Imperato-

78 1126 148 1154 res,
171 1124 266 1156 quam
281 1113 311 1145 se
331 1123 371 1145 ex
397 1116 527 1154 antiquo
539 1113 634 1153 Jure,
663 1117 815 1156 quantum
831 1111 940 1158 adex-

81 1158 251 1198 ceptiones
276 1155 307 1187 in
325 1156 450 1196 judiciis
475 1156 566 1185 bonae
585 1153 659 1184 fidei
683 1160 735 1182 aut
751 1151 844 1182 stricti
864 1161 941 1191 Juris

81 1198 292 1240 opponendas
318 1198 451 1235 attinet,
480 1195 557 1226 nihil
581 1192 774 1225 immutaffe:
798 1191 856 1238 sed·
877 1193 941 1224 vel·

80 1241 132 1278 le,
157 1249 225 1271 eam
245 1248 310 1270 rem
336 1236 458 1277 definiri
482 1246 522 1267 ex
542 1234 738 1281 auctoritate.
753 1233 942 1281 Edifitiper-

31 1311 35 1315 ,
79 1281 170 1323 petui
187 1304 197 1319 ‚
223 1289 287 1321 quo
305 1277 423 1319 judicia
448 1277 542 1308 bonae
559 1275 632 1307 fidei
649 1286 665 1307 a
688 1275 781 1322 strifiti
803 1283 879 1315 juris
894 1284 941 1315 Ju-

79 1322 172 1354 diciis
188 1328 278 1353 erant
293 1319 459 1352 distincta?
483 1317 584 1360 Quod
601 1317 621 1349 fi
638 1317 702 1356 est3
725 1325 861 1366 opinor,
886 1326 942 1348 eos

76 1363 292 1404 Imperatores
314 1361 399 1393 idem
432 1368 526 1401 agere
555 1361 587 1391 in
611 1360 639 1391 d.
660 1359 679 1390 l.
695 1358 803 1394 8.<:¹‘³9
837 1367 942 1405 neque

77 1406 128 1437 his
151 1405 234 1436 aliud
256 1404 369 1444 argui,
401 1412 495 1444 quam
518 1411 606 1433 reum
624 1423 634 1439 ,
655 1400 830 1446 ‚volentem
857 1399 887 1446 se
909 1409 942 1449 [η

78 1446 199 1488 judicio
217 1445 311 1477 stricti
332 1445 407 1485 juris
432 1445 512 1475 tueri
532 1450 728 1488 exceptione
745 1464 755 1480 ‚
780 1448 882 1472 teneri
899 1441 941 1472 le,-

80 1489 168 1519 disto
193 1495 351 1528 perpetuo
371 1510 381 1525 ‚
413 1495 481 1517 eam
509 1485 540 1516 in
566 1486 659 1516 initio
681 1491 849 1529 opponere
868 1505 878 1521 ‚
910 1483 943 1514 id

81 1529 149 1568 est,
182 1528 338 1569 postulare
363 1528 394 1559 ὃς
418 1526 589 1558 contestari
609 1537 617 1557 :
647 1525 677 1556 ὃς
702 1526 723 1555 11
736 1522 887 1570 *opposita
905 1533 943 1555 ac

81 1570 257 1602 contestata
281 1569 317 1601 sit
333 1579 343 1607 ;
377 1578 455 1601 tum
470 1568 557 1610 poffe
581 1576 618 1598 ea
635 1565 706 1607 post
723 1566 811 1597 litem
830 1573 942 1596 conte-

81 1612 189 1644 statam
217 1612 263 1643 uti
278 1614 411 1652 antiquo
429 1619 538 1642 more:
562 1618 626 1649 quo
648 1608 799 1654 pleraque
826 1616 896 1653 quir:
913 1616 943 1637 a·

77 1654 145 1695 pud
162 1646 334 1685 Praetorem
353 1651 591 1692 postulabantur
608 1673 619 1690 ,
651 1649 720 1681 fere
738 1658 768 1680 in
790 1649 942 1688 judicium

79 1695 318 1733 dilabebantur3
340 1694 449 1734 ibique
466 1695 595 1724 demum
618 1691 648 1722 δε
673 1690 943 1737 concertabantur

79 1737 110 1769 ἀ
136 1735 413 1776 dijudicabantur:
445 1742 480 1766 ut
505 1744 545 1765 ex
570 1733 731 1766 Cicerone
756 1732 820 1762 dixi
848 1740 942 1762 initio

79 1777 172 1818 huius
194 1777 318 1817 capitis.
361 1776 407 1807 Ita
429 1775 552 1817 prorsus
579 1773 648 1806 est:
680 1780 803 1819 tantum
825 1772 943 1819 yolum:

80 1818 310 1851 Diocletianus
336 1817 366 1849 δι
393 1817 605 1848 Maximianus
623 1839 634 1855 ,
666 1823 756 1846 reum
772 1823 804 1860 in
821 1815 942 1853 judieio

81 1860 177 1892 stricti
194 1860 269 1900 juris
286 1859 405 1890 debere
422 1858 650 1902 exceptionem
665 1863 738 1887 ante
758 1855 848 1886 litem
865 1864 942 1887 con-

79 1902 226 1933 testatam
243 1909 411 1941 opponere
434 1900 464 1931 &
482 1898 650 1930 contestari
669 1908 676 1929 :
708 1904 815 1936 eoque
837 1894 942 1942 fasto,

80 1943 254 1974 secundum
278 1951 347 1973 eam
376 1940 465 1982 posse
496 1939 731 1972 absolutionem
759 1936 830 1977 post
852 1937 942 1969 litem

81 1984 291 2015 contestatam
315 1982 474 2023 postulare
506 1982 558 2013 vel
590 1980 674 2021 apud
697 1977 864 2025 Praefidem
881 2002 891 2018 ,
922 1979 944 2027 ‚fi

81 2025 147 2065 ipse
171 2023 345 2066 cognoscat
363 2048 371 2063 ‚
404 2033 469 2056 non
491 2023 663 2064 impeditus
680 2020 884 2067 multitudine
907 2021 942 2053 li-

80 2068 159 2098 tium
177 2075 230 2097 aut
249 2067 471 2107 negotiorum,
494 2065 546 2096 vel
564 2064 648 2105 apud
661 2062 809 2108 judicem
827 2070 843 2092 a
860 2061 942 2110 Prae-

81 2107 146 2140 fide
164 2108 271 2139 datum
287 2130 297 2147 ‚
319 2106 341 2139 fi
362 2107 414 2138 hic
438 2107 642 2148 negotiorum
666 2110 718 2135 aut
738 2103 839 2150 litium
865 2104 945 2149 mul-

81 2149 218 2181 titudine
243 2148 438 2190 cognoscere
469 2148 670 2188 impediatur.
691 2144 765 2191 ,Sic
792 2143 871 2175 mihi
899 2147 944 2193 Vi?

82 2191 175 2221 detur
194 2213 204 2229 ‚
236 2190 266 2222 ὅ(
289 2200 320 2222 in
342 2191 369 2221 ci.
393 2190 413 2221 l.
434 2194 463 2224 8.
482 2189 519 2224 ἐξ*
535 2198 566 2226 9.
599 2198 663 2220 non
689 2187 764 2233 ideo
789 2194 854 2232 non
877 2186 944 2234 fieri

82 2233 283 2264 mentionem
311 2232 502 2272 iudiciorum
536 2231 632 2262 bonae
658 2228 737 2276 ‘fidei
756 2250 766 2266 ‚
801 2236 874 2273 quia
912 2239 944 2260 in

82 2271 172 2306 hisce
199 2280 266 2306 tum
296 2282 387 2314 aeque
417 2271 587 2307 necess'aria
618 2271 681 2303 fuit
712 2276 944 2310 exceptionum

981 162 1034 188 Ei·
1084 153 1285 191 Iii'pizizio.
1335 152 1480 194 Lini,
1806 167 1853 204 99

988 245 1201 285 contestatio,
1225 251 1322 288 atque
1342 241 1372 279 iii
1390 247 1519 288 jiidiciis
1538 243 1633 281 striffi
1649 243 1750 289 juris:
1782 254 1855 290 quae

988 286 1033 317 est
1051 286 1208 319 sententia
1226 290 1343 320 eruditi
1361 290 1418 321 viri
1435 301 1442 322 :
1466 300 1532 323 non
1549 290 1633 323 enim
1656 291 1782 331 potuit,
1814 299 1856 322 ne

987 329 1116 367 quidem
1149 329 1218 369 post
1249 332 1278 361 d.
1310 331 1330 362 l.
1353 341 1380 362 2.
1413 331 1446 363 C.
1471 334 1505 363 ‹le
1529 333 1662 372 pedaneis
1686 332 1858 374 judicibus,

987 371 1126 410 ambigi,
1149 380 1186 401 an
1209 373 1239 403 in
1261 372 1386 411 judiciis
1402 372 1494 404 bonae
1512 373 1587 405 fidei
1607 373 1760 414 deinceps
1776 382 1856 404 con-

988 410 1128 443 testanda
1145 411 1222 443 csi'et
1245 415 1399 453 exceptio
1415 423 1490 446 ante
1512 415 1601 446 litem
1626 414 1858 446 contestatamx

986 461 1059 484 nam
1076 460 1112 484 ea
1129 454 1323 486 contestatio
1342 456 1372 485 in
1390 455 1438 486 liis
1454 465 1559 497 neque
1578 463 1652 487 ante
1675 456 1694 487 l.
1713 466 1740 488 2.
1762 455 1858 487 initio

985 492 1049 524 fuit
1074 494 1242 525 necessaria
1259 518 1269 534 ,
1302 505 1493 536 quamquain
1521 506 1588 528 tum
1619 498 1749 538 vigente
1770 497 1859 538 Judi-

986 543 1059 566 cum
1080 536 1227 567 datione:
1252 546 1357 577 neque
1376 537 1447 577 post
1466 539 1492 569 d.
1511 539 1569 570 l.2.
1594 537 1656 570 fuit
1673 537 1858 581 causa,sscur

987 577 1103 608 deinde
1121 577 1278 617 inciperet
1303 577 1473 610 neceli'aria
1496 577 1558 611 effe
1576 602 1586 618 ‚
1623 579 1809 612 Praefldibus
1824 578 1859 611 iii

986 618 1094 658 primis
1114 628 1170 659 per
1195 619 1224 649 se
1242 642 1251 658 ,
1283 628 1346 650 non
1368 629 1426 659 pei·
1451 622 1543 652 datos
1558 620 1707 661 judices,
1731 630 1859 662 cogno-

986 659 1156 691 scentibus.
1180 661 1246 691 imo
1263 670 1280 691 e
1297 664 1464 693 contrario·
1479 663 1578 703 magis
1596 663 1703 701 potuit
1730 663 1859 694 dubita-

986 701 1032 739 ri,
1057 710 1093 731 an
1113 711 1147 732 ea
1167 701 1360 734 contestatio
1385 703 1415 734 in
1430 703 1557 743 judiciis
1579 702 1674 734 sirleti
1689 704 1764 743 juris
1782 700 1856 744 post

985 744 1013 772 cl.
1038 741 1057 772 l.
1076 752 1102 773 2.
1127 742 1202 774 ell'et
1218 752 1309 783 aeque
1330 744 1541 788 stipervacua,
1564 751 1662 784 atque
1681 745 1712 776 in
1728 745 1855 785 judiciis

986 783 1081 813 bona:
1106 783 1178 815 fidei
1198 795 1207 823 ;
1238 786 1378 816 maxime
1397 785 1583 824 Praeiidibus
1608 788 1669 826 jcim
1688 795 1744 827 per
1761 786 1791 817 se
1812 788 1859 828 ju-

986 824 1163 855 dicantibus
1179 849 1188 863 ,
1222 836 1286 857 non
1308 834 1364 866 per
1389 827 1481 858 datos
1499 827 1629 868 Judices
1650 839 1658 860 ε
1689 828 1744 868 qui
1765 836 1856 859 erant

986 866 1102 905 alligati
1118 868 1265 907 angustiis
1282 867 1492 909 formularum
1511 892 1520 908 ,
1552 870 1667 909 quibus
1684 879 1750 900 non
1769 870 1858 901 vide-

985 906 1101 937 bantur
1119 909 1218 939 teucri
1238 908 1397 942 Praefides.
1446 909 1509 942 Sed
1534 911 1654 950 placuit
1678 910 1858 952 Imperato-

971 948 1097 985 .ribus‚
1132 952 1363 989 exceptionum
1391 951 1662 983 contestationem
1694 953 1724 983 in
1756 952 1855 985 stricti

982 989 1058 1028 juris
1071 990 1197 1028 judiciis
1218 993 1248 1022 in
1266 993 1359 1023 initio
1376 1002 1467 1032 aeque
1484 992 1688 1025 neceffai·iam
1703 992 1766 1026 effe
1785 994 1858 1035 post

983 1031 1012 1061 d.
1034 1030 1052 1060 l.
1066 1040 1092 1061 2.
1110 1038 1205 1069 atque
1222 1041 1295 1063 ante
1306 1043 1374 1064 eam
1392 1034 1514 1074 legem:
1537 1043 1603 1066 non
1615 1033 1733 1066 sublata
1749 1035 1856 1067 distin-2

983 1071 1090 1102 {tione
1103 1073 1293 1112 judiciorum
1306 1075 1399 1105 bonae
1411 1076 1486 1106 ndei
1502 1075 1637 1108 &stricti
1653 1076 1747 1117 juris,
1760 1086 1859 1118 quam

983 1113 1088 1144 voluit
1110 1113 1222 1145 lei-vari
1241 1116 1321 1145 ratio
1341 1115 1444 1147 Edicti
1468 1119 1628 1157 perpetui.

1024 1152 1098 1185 Nec
1119 1158 1147 1186 ei
1170 1155 1278 1187 resistit
1297 1157 1386 1196 quod
1409 1166 1508 1197 porro
1531 1158 1695 1199 adfertur,
1718 1158 1855 1192 Diocle·

985 1195 1105 1227 tianum
1134 1196 1163 1228 ἀ
1189 1196 1423 1230 Maximianum
1447 1199 1478 1230 in
1509 1198 1527 1230 l.
1550 1209 1580 1236 9.
1615 1201 1648 1234 C.
1672 1203 1705 1233 cle
1725 1203 1859 1242 praescri·

979 1239 1080 1278 ptione
1102 1238 1182 1279 longi·
1197 1239 1328 1280 temporis
1347 1238 1463 1272 diserte
1482 1242 1658 1274 meminisse
1681 1243 1860 1283 emptionis

986 1287 1081 1318 quam
1106 1286 1229 1311 certum
1257 1280 1294 1312 fit
1319 1280 1413 1313 bonae
1439 1281 1511 1313 fidei
1528 1282 1608 1314 esse:
1639 1283 1793 1316 &tamen
1811 1283 1858 1316 di-

986 1329 1079 1356 cere,
1103 1321 1200 1353 etiam
1218 1323 1249 1354 in
1267 1331 1303 1353 ea
1326 1322 1529 1355 neceffariam
1548 1326 1579 1356 in
1602 1324 1695 1357 initio
1720 1324 1783 1358 esse
1802 1335 1857 1357 ex-

985 1362 1148 1402 ceptionis
1171 1363 1440 1397 contestationem
1456 1388 1466 1404 ‚
1499 1374 1601 1406 eaque
1629 1366 1736 1406 facta,
1790 1366 1858 1399 offe

986 1405 1215 1444 exceptionem
1229 1407 1352 1446 opponi
1367 1416 1469 1447 usque
1486 1408 1525 1438 ad
1543 1408 1743 1440 sententiam.
1805 1417 1857 1440 am

986 1444 1016 1475 ἃ
1044 1445 1097 1476 hic
1121 1445 1241 1478 fallitur
1267 1448 1315 1479 vir
1337 1448 1524 1489 praeclarus.-
1545 1449 1623 1481 nihil
1649 1451 1734 1482 enim
1753 1451 1859 1482 minus

986 1486 1097 1517 dicunt
1118 1486 1350 1528 Imperatores,
1374 1498 1469 1530 quam
1484 1491 1515 1521 in
1533 1491 1661 1522 actione
1679 1491 1780 1532 empti
1798 1499 1855 1524 aut

987 1528 1111 1559 venditi
1138 1529 1199 1560 else
1229 1530 1431 1563 neceffariam
1459 1533 1663 1571 exceptionis
1697 1533 1858 1565 contesta-

987 1569 1109 1600 tionem
1129 1579 1136 1600 :
1169 1580 1242 1602 cum
1266 1582 1330 1603 non
1355 1572 1396 1604 de
1417 1572 1478 1604 hac
1502 1574 1563 1604 illis
1584 1574 1687 1605 sermo
1704 1573 1769 1613 fit3
1799 1574 1857 1607 sed

987 1611 1027 1641 de
1046 1612 1089 1642 rei
1118 1613 1352 1645 vindicatione:
1377 1614 1524 1645 adversus
1546 1624 1642 1654 quam
1661 1625 1677 1646 a
1702 1615 1796 1646 bonae
1819 1614 1857 1647 fia

987 1651 1038 1683 dei
1057 1652 1227 1692 possess'ore
1245 1655 1299 1694 qui
1315 1655 1360 1686 ibi
1383 1655 1476 1686 bonae
1499 1655 1572 1687 fidei
1599 1664 1727 1697 emptor
1745 1658 1854 1699 appel-

986 1693 1088 1731 latur,
1112 1696 1260 1727 decennii
1279 1696 1475 1737 praescriptio
1492 1699 1679 1738 opponitur.

1026 1734 1116 1777 Quid
1143 1746 1221 1777 ergo
1250 1739 1321 1769 est?
1345 1747 1477 1778 apparet
1495 1762 1505 1777 ,
1536 1741 1624 1779 quod
1647 1740 1740 1771 initio
1769 1741 1856 1781 dixi,

985 1776 1014 1807 d.
1038 1777 1058 1808 l.
1079 1785 1126 1808 10.
1152 1777 1186 1809 C.
1202 1779 1237 1809 de
1247 1778 1479 1821 fidejussoribus,
1504 1789 1575 1820 quae
1599 1780 1644 1812 est
1661 1782 1857 1822 Alexandri,

986 1826 1091 1858 neque
1114 1818 1296 1851 consentire
1321 1821 1445 1851 caeteris
1467 1821 1597 1853 Codicis
1622 1823 1746 1863 legibus
1761 1845 1770 1860 ,
1801 1833 1856 1856 ne-

986 1867 1050 1898 que
1068 1859 1236 1900 indigitare
1255 1862 1348 1893 ullam
1368 1861 1558 1893 differentiae
1579 1864 1773 1903 judiciorum
1794 1866 1855 1896 bo-

986 1908 1035 1931 nae
1061 1899 1135 1931 fidei
1162 1901 1191 1932 ἃ
1218 1901 1313 1934 stricti
1339 1903 1415 1942 Juris
1431 1903 1701 1945 abrogationem:
1734 1908 1856 1947 quippe

986 1950 1058 1973 cum
1089 1951 1197 1974 verum
1223 1942 1260 1974 fit
1277 1967 1286 1983 ,
1318 1953 1386 1976 eam
1414 1954 1521 1987 neque
1548 1955 1622 1977 ante
1641 1946 1854 1987 Justinianum

986 1982 1171 2023 contigiss'e:
1197 1993 1303 2024 neque
1323 1994 1380 2026 per
1401 1996 1485 2018 eum.
1511 1987 1673 2026 postremo
1701 1995 1854 2029 apparet,

986 2023 1103 2055 nullam
1130 2024 1193 2056 ess'e
1223 2025 1414 2059 Triboniani
1440 2037 1566 2060 manum
1598 2038 1664 2060 non
1694 2031 1794 2062 modo
1822 2031 1855 2062 in

989 2064 1157 2106 postremis
1185 2068 1287 2099 verbis
1306 2068 1333 2110 ᾗ,
1351 2077 1374 2100 1.
1396 2070 1423 2100 d.
1442 2070 1522 2102 l.1o.
1548 2069 1599 2102 sed
1624 2079 1664 2102 ne
1690 2071 1721 2102 in
1745 2073 1854 2112 primis

989 2107 1116 2146 quidem
1133 2108 1212 2147 illis,
1242 2113 1290 2145 lezi
1312 2112 1481 2142 mandator.-
1503 2120 1574 2152 quae
1599 2121 1665 2143 non
1683 2111 1855 2145 Triboiiia-

988 2149 1047 2186 ni,
1081 2149 1131 2180 sed
1157 2148 1347 2183 Glossatoris
1366 2151 1448 2190 effe,
1473 2162 1513 2184 eo
1538 2155 1642 2185 verius
1666 2154 1757 2194 dixi,
1782 2156 1855 2195 quia

988 2189 1040 2220 illa
1057 2188 1163 2221 Graeci
1183 2201 1246 2224 non
1267 2192 1464 2233 adgnoscunt
1481 2193 1597 2233 Bafiiic.
1622 2195 1669 2226 lib.
1686 2200 1734 2228 26.
1759 2198 1804 2228 iii.
1826 2206 1853 2228 1.

988 2236 1055 2261 tom.
1071 2242 1101 2277 4:
1125 2239 1191 2273 pag.
1213 2242 1279 2266 112.
1305 2243 1401 2275 atque
1427 2235 1508 2267 adeo
1525 2236 1692 2277 probabile
1721 2237 1790 2278 est,
1820 2239 1853 2272 in

989 2272 1198 2307 vetustiffimis
1215 2277 1450 2316 exemplaribus
1467 2286 1532 2312 non
1552 2277 1700 2312 extitiss'c.

521 2363 671 2410 Explicio.
697 2361 800 2398 Liber.
819 2361 849 2397 Ι.
886 2363 922 2398 de
948 2363 1172 2410 Juri'sdiffione
1196 2364 1238 2406 ὅς’)
1262 2367 1406 2414 Imperio.

121 3302 198 3344 Toni.
221 3307 252 3344 Ι.

1373 3303 1450 3340 N2
