2052 3487
437 163 498 198 Dr.
548 162 913 209 JURJSDICTIONE

65 264 108 287 ex
130 253 283 295 exemplo
299 252 387 294 quod
404 251 502 283 habet
518 251 636 284 Plinius
661 250 709 282 lib.
730 261 750 283 x
773 251 850 294 epist.
874 256 927 285 66.

66 298 96 329 dc
117 296 291 328 Suetonius
306 298 336 327 in
360 293 480 325 Claudio
495 303 518 324 c.
547 303 594 334 15.

105 339 261 370 Praeterea
288 336 483 369 monendum
513 333 576 373 est,
615 334 658 366 ita
689 335 787 366 moris
818 335 928 375 fuisse,

64 388 101 411 ut
124 380 230 418 atior,
253 378 273 410 fi
292 377 470 417 velletjure
488 376 676 417 judicioque
693 377 850 417 experiri,
876 379 928 408 die

64 421 285 462 postulationis
300 420 376 451 sicut
392 418 570 457 actionem,
594 418 635 449 sic
651 418 791 458 judicem
804 442 813 455 ,
840 419 929 450 Arbi-

65 471 210 500 [rumve.
234 471 250 492 a
270 461 409 493 Praetore
436 461 466 490 in
489 460 558 500 jure
581 460 774 499 poltulziretg
797 460 826 491 G:
847 461 927 490 l’rae-

61 511 114 536 tor
129 503 157 535 ci
176 512 269 543 quam
288 502 443 534 actionem
462 525 470 540 ‚
490 509 552 532 tam
569 500 714 541 judicem
727 524 735 538 ‚
753 502 928 533 Arbitrum·

61 555 103 576 ve
116 569 126 584 ‚
149 545 248 577 daret.
274 553 333 574 nec
352 552 457 574 tamen
475 542 596 582 semper
614 553 692 573 unus
711 544 741 573 oc
758 543 926 582 petebatur

64 587 95 618 ἃ
114 586 264 624 dabatur,
289 585 341 616 sed
363 585 535 624 aliquando
555 585 672 625 plures.
696 593 767 615 iiam
784 585 813 616 ἃ
830 585 925 625 pluri-

63 637 116 660 um
139 627 262 658 mentio
286 626 303 656 Ζ.
332 636 377 658 12.
403 626 439 660 &³
463 626 482 656 l.
511 629 559 665 76.
576 625 616 656 D.
636 626 808 666 dejudiciis.
835 627 854 657 l.
873 629 924 666 36.

62 669 81 700 l.
106 678 154 709 37.
181 668 200 698 l.
225 672 275 709 38.
301 667 347 702 &³-
372 667 391 697 l.
411 677 459 709 39.
486 667 528 699 D.
553 669 586 698 cle
610 677 640 697 re
661 667 806 708 judicata.
849 667 925 698 Sive

61 719 167 741 autem
184 719 263 741 unus
279 710 423 748 daretur,
441 708 637 749 {iveplurcs3
655 709 727 748 quia
747 717 925 749 antequam

61 753 229 790 darentur,
253 751 337 782 ultro
357 760 423 782 non
444 759 533 781 erant
549 750 694 791 judice53
718 750 748 781 δε
777 759 850 781 cum
876 751 926 780 da-

61 801 186 831 rentur,
211 791 382 824 neceffiiria
401 802 466 824 non
484 801 550 823 erat
568 800 680 823 eorum
697 790 860 832 praesentia
875 791 925 821 vel

60 832 192 866 scientia
209 834 227 865 l.
248 844 297 875 39.
324 834 363 865 D.
386 835 419 864 de
437 834 574 875 judiciis,
599 832 719 873 quippe
743 841 815 863 cum
835 833 926 863 inviti

60 875 189 916 Judices
216 876 277 907 esse
302 883 515 917 cogerentur:
539 875 662 906 idcirco
681 874 784 905 Plinio
808 879 921 913 repente

62 917 227 957 apprehensi
247 918 396 949 dicuntur
410 917 455 947 lib.
473 926 502 957 3.
525 913 604 957 episi,
625 926 677 947 ρο.
704 915 809 946 Verba
830 916 922 946 Plinii

66 958 111 990 Ut
134 961 166 990 in
191 960 406 1000 recuperatoriis
422 959 545 1000 judiciis
560 981 569 996 ‚
595 956 640 996 fic
655 967 706 987 nos
723 958 754 986 in
778 957 821 987 his
839 957 924 987 comi-

62 1002 132 1040 tiis,
155 999 236 1042 quasi
263 1006 372 1040 repente
397 998 579 1040 apprehensi,
601 998 703 1034 sinceri
726 999 841 1040 judices
861 998 924 1035 fni-

61 1052 136 1074 niur.
179 1041 296 1081 Neque
330 1051 408 1072 vero
436 1042 478 1072 ita
512 1041 698 1078 obtinebat,
729 1048 764 1070 ui:
795 1039 925 1070 daturus

62 1083 206 1124 Iudicem
243 1083 413 1122 Judicesve
448 1083 587 1120 Praetor,
619 1082 659 1112 de
689 1080 796 1112 medio
828 1088 924 1119 quem

63 1135 186 1164 quosne
210 1125 326 1163 vellet,
350 1133 409 1165 pro
425 1124 555 1154 arbitrio
576 1122 631 1153 suo
647 1121 923 1162 appreliendcret3

63 1168 280 1207 (quamquam
313 1166 376 1197 tale
408 1165 593 1201 exemplum
631 1164 662 1194 iii
686 1161 792 1193 casti-is
824 1162 853 1193 ἃ
882 1163 922 1193 de

63 1208 188 1239 iiiilitari
216 1207 365 1248 praemio,
389 1207 471 1245 apud
499 1204 625 1235 Livium
651 1205 698 1234 lib.
718 1207 767 1234 26.
792 1213 815 1233 c.
842 1204 921 1248 48.)

63 1247 116 1279 sed
132 1257 166 1279 ut
181 1259 220 1279 ex
237 1247 366 1279 Selestis
385 1254 480 1284 atque
490 1255 531 1277 ex
547 1245 632 1277 Albo
647 1244 792 1284 judicem
804 1267 812 1283 ,
837 1244 920 1284 Judi-

62 1299 159 1320 cesve
183 1290 280 1319 daret.
306 1287 357 1319 Ne
382 1287 566 1318 testimonio
584 1296 632 1317 res
650 1294 781 1327 egeret,
805 1287 922 1318 adduxi

60 1330 97 1362 A.
126 1329 287 1368 Gellium,
303 1329 350 1360 lib.
366 1339 411 1365 14.
429 1327 519 1360 Nost.
539 1328 634 1359 Aiiic.
654 1338 677 1359 c.
698 1338 724 1358 2.
745 1328 797 1366 qui
817 1329 859 1358 ita
873 1327 922 1366 se,

60 1380 125 1410 quo
140 1372 274 1411 primum
294 1378 441 1410 tempore
463 1379 479 1400 a
498 1369 690 1400 Praetoribus
708 1370 805 1400 iccius
823 1370 851 1400 in
873 1369 922 1409 Ju-

60 1412 147 1444 dices
166 1412 261 1451 estet,
278 1422 291 1442 a
305 1420 443 1450 praetore
460 1410 522 1442 effe
531 1412 639 1443 datum
651 1435 659 1448 ‚
679 1411 834 1442 meminit.
853 1410 925 1442 Nec

60 1454 165 1486 minus
192 1454 274 1485 clarc
300 1453 423 1484 Seneca
450 1453 497 1483 lib.
520 1463 550 1493 3.
570 1452 617 1483 De
643 1452 766 1492 Benefic.
785 1463 807 1482 c.
829 1462 855 1492 7.
880 1452 925 1483 De

60 1497 251 1536 quibusdam,
271 1496 389 1535 inquit,
408 1497 492 1525 eiiam
510 1495 661 1535 imperitiis
672 1495 766 1535 judex
782 1495 925 1524 dimittere

60 1537 192 1568 tabellam
204 1535 312 1577 potest,
338 1535 495 1576 “bifeslffff
511 1544 561 1566 aiii
581 1545 637 1566 non
657 1535 754 1576 feciffe
770 1537 922 1566 prenunti-

59 1579 168 1608 andum
190 1576 247 1618 est,
272 1579 321 1608 ubi
340 1579 460 1618 prolatis
479 1578 661 1608 contionibus
672 1575 922 1614 corilroversttitol-

58 1619 140 1650 litur.
189 1619 250 1650 Uti
271 1629 337 1650 vero
363 1621 438 1651 z'ntir
460 1620 640 1659 disputantes
666 1619 740 1649 ratio
759 1619 809 1660 jus
833 1619 920 1656 dicit,

57 1661 97 1691 ibi
121 1660 212 1691 animi
239 1660 403 1702 conjectura
433 1661 571 1701 capienda
599 1657 656 1700 efl:
688 1661 736 1691 nbi
763 1660 792 1690 id
809 1660 840 1690 de
865 1669 920 1700 qzio

49 1701 272 1742 solasiipientici
289 1703 432 1739 decernit,
448 1703 480 1733 in
491 1700 713 1737 controversiam
723 1702 845 1740 incidit,
863 1711 921 1732 non

52 1743 143 1784 potcffl
161 1745 197 1773 cici
213 1744 269 1773 haec
280 1744 361 1783 sumi
371 1743 466 1785 judex
482 1750 517 1773 ex
534 1745 620 1774 turha
628 1742 818 1781 Seleciorum,
840 1752 923 1783 quem

56 1786 157 1825 censics
173 1786 204 1815 in
213 1785 309 1816 album
328 1784 364 1818 δέ)
381 1782 514 1825 equestris
533 1785 674 1815 hereditas
696 1783 782 1822 niifit.
828 1784 920 1825 Quin

59 1826 213 1866 amplius,
236 1826 358 1857 Praetor
374 1825 518 1864 Judicern
535 1834 596 1856 nec
613 1835 653 1856 ex
670 1825 921 1863 selectisquem-

58 1876 173 1907 quam,
198 1867 252 1898 nisi
277 1866 380 1905 sorte,
412 1876 448 1898 ac
477 1876 516 1897 ne
545 1866 587 1898 fic
609 1867 758 1906 quidem,
782 1865 837 1897 nili
859 1867 923 1906 (ut

59 1908 180 1940 Cicero
200 1909 343 1949 loquitur
361 1909 417 1940 Pro
445 1908 606 1947 Cluentio)
630 1908 712 1938 inter
728 1906 923 1939 adversarios

57 1949 277 1988 convenisset,
302 1950 376 1981 dare
403 1958 541 1990 poterat.
585 1949 631 1981 Ita
654 1948 755 1988 Judex
781 1948 866 1980 sorte
882 1958 924 1980 ex

58 1992 199 2022 decuriis
225 1992 375 2025 dabatur3
399 2000 430 2022 at
462 1999 495 2021 nt
530 1991 725 2031 litigantibus
748 1991 797 2032 jus
824 1989 920 2028 esset,

56 2032 231 2073 suspectum
263 2033 409 2073 rejicere,
435 2033 463 2063 δὲ
488 2032 582 2063 alium
612 2039 735 2073 petere.
777 2031 859 2063 Rem
893 2031 923 2062 &

56 2073 227 2106 formulam
239 2074 376 2105 ostendit
393 2074 532 2112 Plinius,
550 2073 724 2114 Panegyric.
740 2083 765 2105 c.
783 2077 833 2114 36.
852 2083 922 2104 ver-

56 2115 106 2147 bis
135 2115 351 2157 sequentibus.
376 2115 444 2146 Sors
469 2115 506 2149 ὅ)
531 2125 608 2146 urna
625 2114 697 2154 fisco
717 2115 847 2155 judicem
871 2115 921 2145 cid-

52 2155 172 2196 figmit,
206 2157 269 2188 licet
293 2157 423 2199 rejicere,
446 2156 511 2187 licet
533 2157 714 2195 exclamare,
738 2156 816 2187 bunc
839 2157 921 2194 nolo,

58 2200 178 2230 timidus
193 2197 232 2239 eft
249 2223 257 2238 ‚
281 2198 318 2233 ὅ)
336 2199 510 2238 bona-seculi
530 2205 637 2238 partim
660 2197 819 2239 intelligit:
841 2198 923 2228 illum

57 2240 139 2279 volo,
164 2243 233 2281 qiiiu
258 2239 393 2276 Caesczrem
409 2241 533 2280 fortiter
556 2246 646 2271 amat.
690 2239 752 2271 Sed
770 2249 834 2271 non
855 2247 921 2271 taii-

60 2289 127 2312 tum
145 2280 227 2312 sorte
245 2282 377 2312 dabatur
393 2281 515 2322 Judex3
538 2291 649 2313 verum
668 2281 698 2312 ἃ.
724 2281 921 2322 litigatorum

58 2322 222 2353 consensu.
267 2323 387 2354 notior
405 2323 600 2363 Pomponius
618 2323 637 2353 Ζ.
656 2327 707 2356 80.
734 2322 777 2354 D.
797 2323 830 2354 de
841 2323 922 2363 jucli-

60 2364 130 2401 ciz's,
155 2364 185 2395 ἅ*
213 2363 399 2404 Papinianus
423 2364 442 2394 l.
460 2374 508 2405 23.
538 2364 579 2395 D.
610 2366 643 2395 de
664 2364 921 2405 appellationibus,

60 2405 135 2436 dum
163 2415 221 2445 pro
249 2407 328 2436 circii
353 2410 437 2446 apud
456 2405 665 2445 Papinianum
686 2408 809 2447 legatur
827 2408 921 2436 citra:

57 2447 225 2487 quomodo
244 2446 362 2478 habent
383 2446 585 2487 manuscripti
607 2447 689 2479 libri.
734 2447 811 2479 Hoc
843 2457 923 2477 vero

58 2486 129 2519 casu
153 2496 256 2520 utrum
289 2496 409 2520 tantum
435 2498 476 2520 ex
498 2488 572 2520 albo
606 2496 702 2529 atque
724 2498 765 2520 ex
789 2488 922 2519 Selectis

58 2529 229 2570 eligeretur
254 2529 376 2570 judex,
408 2540 446 2561 an
471 2531 568 2562 etiam
592 2531 632 2562 de
657 2530 767 2562 medio
789 2530 921 2570 populi,

57 2579 122 2601 non
143 2580 202 2611 pro
220 2580 310 2602 certo
330 2572 483 2603 dixerim:
507 2571 562 2603 etsi
582 2571 737 2613 posterius
754 2571 833 2603 mihi
856 2580 922 2603 non

59 2612 271 2652 improbabile
289 2613 450 2652 videatur,
470 2613 514 2645 ob
532 2613 722 2654 litigantium
733 2612 920 2644 consensum

56 2653 274 2687 manifestum:
306 2656 405 2687 modo
430 2664 471 2686 ne
498 2656 524 2686 is
550 2655 604 2695 qui
629 2664 668 2686 ex
696 2653 849 2686 consensu
868 2663 921 2695 pe-

63 2699 198 2738 teretur,
221 2694 326 2735 Judex
344 2698 433 2737 lege,
455 2704 586 2735 natura,
612 2706 665 2727 aut
680 2696 843 2734 moribus,
868 2697 919 2726 da-

61 2742 88 2764 ri
111 2737 332 2774 impediretur:
357 2738 435 2769 tales
467 2739 552 2769 enim
576 2737 704 2778 Judices
728 2738 793 2768 dari
810 2735 920 2776 poss'e,

63 2773 178 2806 Paulus
187 2785 281 2817 negat
297 2779 316 2810 Ζ.
339 2788 384 2810 12.
404 2779 432 2820 §.
452 2789 481 2810 2.
499 2779 541 2810 D.
560 2781 593 2810 de
602 2780 734 2821 judiciis.
761 2777 924 2809 Caeterum

61 2824 151 2861 non,
174 2824 208 2847 ut
223 2818 304 2850 sorte
322 2820 432 2852 duetus
457 2820 560 2860 Judex
578 2820 663 2852 recte
685 2827 813 2861 poterat
835 2829 924 2851 recu-

61 2856 117 2887 sari
129 2879 142 2904 ‚⁸
162 2857 205 2888 ita
224 2859 337 2892 eiectus
355 2862 490 2902 partium
506 2861 672 2893 consensu.
716 2861 810 2892 Clare
828 2861 924 2893 Plini·

62 2907 98 2928 us
121 2898 169 2928 lib.
201 2907 226 2930 1.
252 2899 365 2933 Notzir.
390 2901 487 2942 histor.
521 2903 644 2943 Praefar.
689 2903 796 2935 Verba
831 2902 924 2933 Plinii

63 2939 269 2979 compluscula
293 2942 380 2981 sunt3
405 2944 458 2976 sed
480 2945 553 2985 quia
577 2946 729 2976 videntur
753 2945 792 2975 ad
817 2945 924 2975 omnia

62 2983 375 3027 quie-riraecedunt,
407 2985 564 3024 alludere,
595 2986 723 3026 ipsaque
749 2986 924 3017 commode

63 3030 263 3062 exprimere,
296 3024 478 3057 adscribam.
523 3026 628 3058 Verba
654 3028 757 3059 Plinii.
803 3027 925 3058 Oiiiclte

58 3064 185 3104 judicem
201 3065 308 3105 facis?
332 3075 398 3097 cnm
422 3067 495 3097 hanc
522 3074 630 3108 operam
655 3059 844 3106 condicereffi',
868 3078 925 3099 non

63 3114 127 3135 ercis
147 3108 177 3136 in
206 3108 257 3138 hoc
288 3108 359 3140 albo.
402 3107 547 3149 IlIajorem
574 3115 599 3139 te
620 3110 747 3149 sciebam
774 3120 862 3151 quom
892 3116 925 3141 ut

61 3146 259 3182 descensurum
276 3149 332 3179 huc
342 3154 484 3189 putarem.
519 3150 662 3182 Praeterea
678 3150 716 3192 eft
732 3153 856 3192 quadem
869 3158 924 3192 pti-

62 3187 136 3217 blica
151 3190 235 3220 etium
258 3192 436 3221 eruditorum
461 3191 582 3231 rejetiz‘o,
631 3192 737 3223 Utitur
753 3193 803 3223 illa
818 3193 854 3227 ὅ)
873 3193 922 3225 Μ.

66 3227 200 3269 Tullios,
231 3237 316 3263 extra
346 3242 455 3264 omnem
484 3234 594 3274 ingenii
623 3234 714 3264 alecim
734 3232 863 3274 pefitzis,
887 3235 923 3270 ὅ)

63 3271 166 3311 (quod
191 3273 352 3314 miremur)
370 3280 423 3315 per
451 3275 623 3308 advocatum
641 3276 816 3315 defenditur.
850 3277 923 3309 Hiec

968 171 1019 197 Er
1069 161 1267 201 IMPERIO.
1321 165 1413 203 Lin.
1440 167 1465 204 Ι.

971 250 1160 292 doffiiiffiiiizim
1179 252 1309 292 Persium
1327 255 1418 298 legere
1434 257 1518 296 nolo,
1542 257 1667 290 Laelinm
1686 257 1842 292 Decimum

971 294 1044 325 volo.
1071 293 1197 338 defi
1214 297 1263 326 hoc
1274 296 1428 337 Lucilius,
1444 300 1496 340 qni
1510 301 1622 340 primus
1639 302 1767 332 condidit
1776 300 1842 343 fly-

971 335 992 365 li
1026 343 1146 375 militm,
1179 338 1332 369 dicendum
1356 338 1414 376 fibi
1433 343 1574 380 putavit:
1591 341 1621 380 fi
1652 342 1749 373 Cicero
1780 354 1844 375 nizi-

971 379 1116 423 numilem
1148 377 1262 418 (sorte
1289 381 1400 412 melius
1429 383 1579 423 legatur,
1609 384 1842 424 metuentium)

966 421 1124 459 presertim
1154 429 1220 450 cnm
1242 424 1276 449 {le
1291 430 1321 451 re
1340 422 1458 461 publica
1483 425 1632 460 scriberet:
1655 431 1763 465 quanto
1791 436 1843 457 nos

973 463 1122 497 causatius
1142 463 1177 491 (ib
1191 462 1288 502 aliquo
1307 463 1406 503 jiiii'i'ce
1429 464 1614 505 diffidimus?
1647 468 1702 497 Sed
1718 468 1775 497 [ηε
1792 477 1841 508 ego

969 502 1041 531 inihi
1065 511 1144 532 nilne
1157 504 1320 542 patrocinia
1337 506 1430 535 citlemi
1446 508 1681 546 nuncupatione,
1706 509 1844 549 qnoniam

966 543 1128 582 plurimiiiti
1144 542 1278 584 imm-ist,
1297 547 1440 581 sorliatur
1454 548 1560 589 aliquis
1564 549 1693 589 judicem
1702 573 1713 589 ,
1730 550 1769 581 cin
1789 549 1840 580 eli-

965 591 1029 624 got.

1008 625 1094 665 jain,
1119 625 1139 657 fi
1159 626 1351 659 conveniret
1379 628 1505 669 Judex,
1530 630 1653 663 Praetor
1682 642 1755 664 cum
1780 632 1844 664 liti·

968 668 1116 707 gantibus
1142 667 1311 699 addicebat
1327 670 1345 701 l.
1370 680 1420 711 39.
1439 675 1489 710 46.
1516 671 1553 706 &¹
1569 677 1620 706 80.
1646 673 1688 704 D.
1706 675 1738 704 de
1758 674 1842 714 judi-

970 709 1039 753 ciis.-
1064 710 1122 738 liae
1143 709 1278 753 formula
1301 720 1395 751 quam
1416 713 1510 744 nobis
1534 712 1652 745 Cicero
1668 715 1700 745 in
1721 715 1843 746 Verrem

969 749 1016 779 lib.
1043 759 1071 780 2.
1096 759 1119 780 c.
1149 758 1197 795 12.⁴
1221 753 1421 792 iuppeditat,
1446 753 1562 786 Lucius
1586 755 1732 787 Octavius
1745 756 1842 797 judex

969 787 1033 829 esto.
1078 790 1125 821 Ad
1145 791 1249 830 quid?
1263 793 1485 837 ‚utjudiciario
1504 795 1692 837 fungeretur
1709 806 1841 828 munere

970 836 988 861 ι.
1011 842 1041 871 5.
1063 831 1096 862 C.
1116 833 1174 862 eod.
1195 834 1241 862 tit.
1261 834 1290 878 id
1309 834 1372 873 est,
1391 843 1425 866 ut
1442 836 1565 869 causam
1582 839 1648 878 ipse
1665 837 1843 879 cognosce-

969 880 1038 918 i·et;
1062 873 1092 902 oc
1110 872 1168 902 nac
1188 882 1316 914 cognita
1335 879 1577 917 pronuntiaret,
1601 889 1658 918 ac,
1675 879 1842 911 sicessaret:

965 922 982 960 a
1011 913 1151 960 ¹³.¹'{³,⁶[0¹'e
1178 923 1351 960 cogeretur
1375 922 1582 958 pronuntiare
1609 922 1628 952 l.
1660 931 1708 961 74.
1742 920 1785 952 D.
1808 922 1842 952 de

961 955 1102 995 judiciis,
1125 955 1265 996 denique
1283 959 1501 992 condemnare
1527 971 1615 993 reum
1631 985 1640 1000 ,
1665 970 1719 994 aut
1737 961 1842 994 absol-

969 1005 1062 1040 vere,
1087 1004 1140 1026 aut
1162 1005 1255 1042 *certe
1285 999 1406 1044 jurare,
1445 1002 1511 1034 Sibi
1537 1013 1602 1035 non
1628 1004 1767 1044 liquere:
1792 1004 1841 1036 his

969 1046 1054 1082 enim
1080 1037 1184 1069 modis
1208 1039 1237 1069 ἃ
1260 1040 1371 1071 othcio
1396 1041 1505 1083 fungi,
1537 1045 1566 1076 ἀ
1589 1045 1732 1085 judicatu
1758 1044 1838 1077 solvi

969 1078 1215 1124 Videbaturgut
1236 1078 1389 1120 Ulpianus
1413 1085 1524 1116 auctor
1541 1085 1585 1117 cst
1603 1086 1688 1118 libro
1707 1095 1764 1127 51.
1790 1088 1841 1118 Ad

966 1119 1137 1164 Sabinum,
1161 1129 1192 1150 iii
1211 1120 1228 1150 l.
1250 1132 1301 1161 55..
1322 1122 1365 1154 D.
1391 1125 1424 1154 de
1438 1135 1468 1155 re
1478 1125 1633 1166 judicata,
1657 1128 1687 1160 &
1706 1130 1743 1160 A.
1760 1126 1842 1160 Gel-

966 1160 1026 1191 lius
1043 1162 1070 1191 d.
1093 1160 1141 1191 lib.
1165 1169 1209 1201 14.
1229 1161 1371 1194 Noctium
1387 1165 1557 1198 Atticarum
1566 1178 1590 1199 e.
1607 1179 1635 1200 2.
1653 1169 1748 1202 etiarn
1759 1169 1840 1201 Pau-

966 1202 1013 1233 lus
1030 1201 1049 1232 l.
1067 1206 1118 1242 36.
1130 1202 1180 1248 D.
1202 1204 1289 1250 ⁴cie-re
1301 1205 1447 1246 judicata.
1472 1208 1566 1240 Adeo
1587 1219 1740 1251 apparet,
1765 1220 1841 1243 euin

966 1243 1182 1289 nonnhabuisse
1199 1246 1450 1284 jurisdictionem
1462 1273 1471 1288 ,
1488 1248 1539 1281 sed
1557 1252 1674 1283 nudam
1693 1253 1722 1284 &
1740 1252 1841 1285 solam

965 1291 1136 1330 notionem
1161 1285 1179 1316 l.
1203 1286 1298 1332 5..D.
1323 1290 1357 1318 de
1371 1299 1401 1319 re
1418 1290 1574 1331 jzidicota‚·
1599 1292 1629 1324 ἀ
1657 1294 1743 1325 recte
1772 1293 1838 1325 effe

966 1324 1153 1366 rescriptum
1173 1335 1188 1357 a
1205 1327 1295 1360 Divo
1313 1329 1371 1361 Pio
1385 1354 1394 1369 ,
1419 1331 1625 1373 Magistratus
1644 1342 1679 1365 ut
1696 1335 1839 1375 judicum

969 1376 985 1398 a
1009 1367 1040 1398 se
1073 1369 1220 1415 datorum
1249 1370 1299 1414 vel
1324 1371 1516 1405 arbitrorum
1543 1374 1733 1408 senteutiam
1762 1385 1841 1407 exe-

969 1417 1143 1455 querentur
1161 1410 1192 1441 lii
1214 1419 1267 1451 qur
1290 1421 1346 1444 eos
1369 1414 1526 1446 dediffeiit
1549 1416 1569 1447 Ζ.
1591 1426 1637 1457 15.
1656 1417 1700 1448 D.
1719 1419 1778 1448 eod.
1790 1419 1838 1449 tit.

968 1451 1030 1481 Sed
1057 1451 1180 1490 plenius
1205 1455 1397 1494 exequenda
1427 1465 1477 1487 res
1500 1456 1555 1489 est.
1580 1467 1654 1490 cum
1693 1458 1842 1499 Judicein

969 1493 1057 1523 daret
1074 1492 1296 1539 ixiagistratus,
1320 1505 1385 1527 non
1408 1506 1481 1528 eum
1498 1497 1684 1540 fimpliciter
1708 1501 1838 1532 addice-

967 1534 1036 1579 ljat:
1061 1532 1112 1564 sed
1131 1536 1216 1566 iimul
1239 1545 1336 1567 omne
1351 1537 1505 1577 judicium
1522 1540 1756 1580 constituebat,
1780 1551 1841 1582 po-

967 1573 1180 1620 sita-formula
1198 1585 1257 1616 qua
1275 1577 1373 1611 acroi-i
1391 1589 1428 1610 ac
1444 1590 1501 1612 reo
1521 1582 1653 1622 quidem
1671 1584 1839 1624 litigandi,

965 1615 1084 1655 Judicis
1104 1626 1183 1647 vero
1202 1619 1418 1658 cognoscendi
1435 1621 1683 1664 judicandique,
1700 1624 1840 1665 potesta-

966 1665 1031 1688 tem
1049 1657 1213 1699 finemque
1231 1660 1383 1693 faciebat.
1427 1663 1461 1694 ln
1483 1673 1519 1694 ea
1542 1663 1681 1697 formula
1703 1665 1781 1705 fuit,
1806 1667 1840 1697 Si

959 1705 1064 1745 paret,
1090 1707 1124 1730 ut
1140 1700 1242 1747 yulgo
1262 1711 1377 1734 netum
1402 1704 1467 1743 est,
1492 1705 1569 1737 item
1593 1709 1769 1746 condemna,
1801 1715 1839 1739 ut

967 1739 1121 1781 Ulpianus
1139 1742 1260 1788 indicat
1275 1743 1294 1774 l.
1307 1753 1359 1784 37.
1377 1744 1419 1776 D.
1440 1747 1474 1777 de
1489 1747 1598 1787 regulis
1612 1749 1694 1788 juris
1712 1758 1781 1789 quae
1793 1749 1840 1782 est

966 1790 1120 1828 excerpta
1137 1792 1177 1813 ex
1201 1784 1284 1814 libro
1302 1795 1366 1825 ejus
1379 1796 1431 1826 51.
1451 1788 1490 1818 ad
1508 1789 1659 1821 Sabinum
1677 1799 1742 1830 quo
1761 1800 1838 1823 eum

965 1823 1084 1871 JjudiCis
1115 1822 1330 1869 formulaeque
1358 1828 1523 1861 dationem
1555 1830 1758 1871 exposuiffe,
1796 1842 1840 1864 ex

965 1864 1167 1905 bragmentis
1197 1874 1270 1906 quae
1306 1866 1487 1908 supersunt,
1525 1869 1596 1904 satis
1627 1872 1763 1904 constat.
1792 1875 1840 1905 aii:

966 1912 1073 1937 autem
1084 1928 1094 1944 ‚
1109 1905 1266 1953 Neminem
1276 1931 1286 1947 ,
1301 1910 1354 1949 qui
1368 1912 1554 1943 condemnare
1568 1912 1676 1954 potesl,
1697 1914 1840 1954 ahfhlvere

966 1957 1022 1994 non
1035 1947 1127 1988 poffe:
1149 1947 1347 1989 significans,
1367 1951 1532 1993 judicem,
1557 1963 1631 1986 cum
1649 1956 1679 1987 iii
1697 1956 1839 1989 formula

962 1988 1059 2029 Julius
1084 1987 1147 2036 est,
1177 1999 1288 2029 reum,
1319 1991 1341 2023 fi
1370 2002 1478 2034 paret,
1509 1996 1750 2036 condemnare,
1781 1997 1839 2029 etfi

966 2039 1032 2075 non
1058 2029 1096 2061 fit
1119 2029 1214 2070 jussus
1243 2031 1427 2074 absolvere3
1453 2044 1581 2075 tamen,
1604 2037 1626 2069 ss
1642 2048 1707 2070 tion
1726 2046 1841 2080 paret,

966 2070 1132 2118 absoluere
1160 2072 1259 2113 poffe.
1286 2076 1375 2115 quod
1402 2077 1431 2108 &
1458 2077 1668 2112 confirmatur
1691 2080 1711 2112 l.
1737 2090 1766 2122 3.
1792 2079 1840 2113 D.

964 2115 997 2144 cie
1015 2122 1045 2143 re
1055 2115 1201 2160 judicata.
1245 2115 1343 2157 Igitur
1360 2118 1503 2159 Praetor,
1525 2119 1546 2151 fi
1570 2121 1654 2153 inter
1673 2121 1840 2162 litigantes

966 2163 1159 2187 conveniret
1182 2155 1306 2197 Judex,
1337 2168 1403 2190 non
1437 2167 1560 2193 tantum
1589 2161 1638 2193 his
1666 2163 1840 2195 addicebat

967 2205 1060 2235 euin,
1092 2195 1163 2243 sed,
1189 2205 1224 2229 ut
1255 2199 1343 2238 dixi,
1381 2210 1512 2234 omnem
1544 2211 1701 2243 praeterea
1725 2205 1841 2245 judicii

965 2246 1219 2285 conceptionem
1234 2239 1472 2283 formulamque
1490 2243 1726 2278 constituebat:
1750 2256 1840 2278 nem-

965 2289 1026 2319 pe,
1051 2288 1084 2326 ut
1100 2279 1210 2319 hisce,
1235 2284 1330 2315 etiam
1350 2292 1385 2315 ut
1404 2285 1468 2324 illi,
1493 2285 1622 2319 fibulam
1640 2288 1837 2328 imponere,

965 2330 1031 2352 non
1055 2321 1212 2354 infinitam
1242 2324 1404 2356 licentiam
1428 2327 1634 2367 permittere,
1659 2329 1837 2361 videretur.

964 2362 1042 2409 Hoc
1067 2364 1151 2410 enim
1184 2364 1304 2396 Cicero
1331 2366 1455 2407 innuit,
1473 2367 1528 2409 3De
1550 2370 1718 2401 inventione
1742 2371 1790 2402 lz'h.
1807 2381 1838 2402 2.

966 2404 1004 2435 In
1022 2414 1112 2445 jure,
1138 2407 1303 2446 inquiens,
1323 2408 1489 2450 plerumque
1511 2412 1688 2451 exceptiones
1707 2410 1839 2452 postula-

965 2446 993 2476 ri
1003 2469 1013 2484 ,
1037 2445 1074 2480 ὅ*
1090 2448 1293 2487 quodammodo
1309 2451 1414 2490 agendi
1425 2449 1594 2492 potestatem
1616 2454 1683 2484 dari
1693 2476 1704 2492 ,
1729 2453 1766 2488 ὅ)
1781 2464 1841 2484 om-

966 2496 1030 2517 nem
1055 2491 1262 2528 conceptionem
1281 2492 1471 2530 privatorum
1490 2493 1671 2534 judiciorum
1688 2493 1837 2535 constitui.

964 2528 1079 2575 Paulus
1090 2538 1221 2576 quoque
1239 2532 1302 2562 huc
1321 2531 1449 2572 respicit
1467 2533 1488 2565 Ζ.
1509 2544 1559 2576 23.
1578 2534 1622 2566 D.
1647 2537 1681 2567 de
1691 2537 1837 2578 judiciis;

965 2579 1038 2601 cum
1054 2571 1180 2610 {Cr1b1t,
1204 2571 1278 2604 Non
1294 2572 1370 2614 poffe
1386 2575 1482 2606 videri
1504 2577 1535 2607 in
1547 2577 1698 2618 judicium
1728 2578 1838 2619 venzffe

964 2612 1014 2659 z'cl,
1038 2613 1112 2658 quod
1130 2611 1192 2653 posi}
1202 2614 1349 2654 judicium
1364 2622 1511 2657 acceptum
1528 2618 1694 2660 accidzffet,
1717 2621 1837 2661 ideoque

964 2652 1022 2684 alia
1044 2654 1268 2694 interpellatione
1289 2663 1359 2697 opus
1378 2657 1438 2698 effe.
1482 2659 1562 2692 Vult
1588 2662 1672 2692 enim
1686 2685 1696 2699 ‚
1724 2662 1839 2701 judici-

965 2703 1018 2725 um
1045 2696 1134 2734 quod
1150 2695 1201 2743 est.
1217 2706 1386 2738 acceptum
1402 2700 1486 2732 inter
1509 2701 1652 2734 actorem
1673 2703 1704 2734 &
1726 2712 1838 2740 reum,

967 2743 1090 2783 tanturn
1119 2745 1280 2777 pertinere
1311 2740 1350 2771 ad
1376 2740 1464 2774 litem
1497 2752 1568 2784 quae
1593 2743 1656 2775 fuit
1687 2752 1838 2785 tempore

965 2777 1073 2817 judicii
1100 2787 1117 2809 a
1139 2788 1277 2820 praetore
1300 2781 1486 2823 constituti3
1517 2795 1583 2817 non
1599 2786 1638 2817 ad
1658 2786 1741 2818 hanc
1756 2795 1835 2825 quo-

968 2828 1031 2858 que
1057 2828 1126 2860 quae
1150 2821 1219 2861 post
1241 2821 1442 2864 supervenit:
1466 2825 1555 2866 poss'e
1576 2828 1672 2868 igitur
1688 2828 1836 2867 Judicem

969 2860 1168 2908 cognoscere
1185 2864 1225 2895 de
1240 2864 1292 2896 illa
1310 2865 1342 2897 in
1361 2875 1422 2907 qua
1441 2868 1532 2899 datus
1549 2868 1615 2908 est,
1635 2870 1675 2900 de
1693 2869 1751 2899 hac
1768 2877 1836 2899 non

968 2902 1056 2942 polle
1072 2912 1102 2934 in
1121 2913 1182 2945 qua
1204 2905 1295 2937 datus
1314 2917 1380 2939 non
1398 2908 1460 2940 est:
1484 2908 1537 2941 sed
1556 2910 1595 2941 de
1621 2920 1658 2942 ea
1677 2919 1761 2941 nova
1786 2910 1833 2941 in-

968 2945 1214 2991 terpellatione,
1246 2948 1276 2979 &
1292 2949 1375 2981 adeo
1402 2960 1491 2982 novo
1513 2952 1654 2992 judicio,
1678 2960 1836 2991 novoque

965 2984 1099 3026 Judice,
1123 2998 1204 3029 opus
1229 2989 1301 3021 esse.
1359 2990 1389 3023 Is
1417 2993 1506 3024 Pauli
1533 3002 1624 3024 verus
1642 2991 1744 3023 sensus
1768 2992 1836 3032 est,

968 3036 1159 3068 quamquam
1185 3031 1224 3062 ab
1244 3032 1311 3063 aliis
1337 3033 1413 3066 alius
1435 3035 1576 3065 adfertur
1595 3043 1605 3071 ;
1635 3034 1835 3074 exemplum-

968 3077 1031 3110 que
1050 3071 1114 3111 ejus
1131 3073 1258 3113 elegans
1274 3074 1305 3105 in
1321 3074 1340 3106 l.
1363 3084 1409 3114 14.
1428 3076 1457 3117 §.
1475 3076 1529 3107 ult.
1558 3073 1602 3106 D.
1633 3076 1666 3106 de
1696 3085 1773 3116 aqna
1797 3075 1835 3110 &³

967 3121 1048 3153 aqiiae
1058 3113 1169 3153 pluviae
1185 3117 1314 3146 arcendae
1330 3116 1442 3147 anione

1007 3154 1049 3185 Ac
1066 3158 1338 3194 quemadmodum
1363 3157 1467 3196 Judex
1499 3165 1606 3197 neque
1628 3164 1702 3188 ante
1722 3157 1836 3192 habuit

965 3198 1154 3236 notionem,
1172 3208 1267 3238 quam
1285 3199 1313 3229 ei
1331 3199 1400 3229 data
1410 3198 1505 3238 effet,
1524 3208 1648 3239 neque,
1665 3199 1835 3240 postquam

966 3238 1038 3269 data
1057 3238 1153 3277 ell'et,
1176 3249 1245 3271 eam
1265 3241 1344 3271 ultra
1362 3239 1493 3279 habuit,
1516 3249 1610 3281 quam
1626 3240 1763 3273 formula
1781 3251 1833 3278 pa-

966 3287 1110 3313 teretur:
1127 3281 1170 3312 ita
1190 3289 1301 3315 verum
1319 3280 1472 3354 cstssleum
1489 3292 1555 3316 non
1567 3283 1657 3315 aliter
1674 3281 1833 3322 habuiffe,

1426 3333 1445 3365 3
1738 3333 1833 3364 quam
