2052 3487
196 107 268 145 >132

197 196 275 220 men
300 193 342 218 ex
367 183 548 228 Sempronii
573 182 706 215 vulnere
732 189 878 215 mortuus
902 182 957 215 est.
989 190 1021 214 at
1044 182 1067 215 fi

199 228 363 260 homicida
386 236 502 270 paret3
535 226 611 265 quid
640 225 718 256 utile
735 223 781 255 est
797 246 808 262 ,
839 233 912 256 eum
930 225 984 264 qui
1006 224 1064 256 ho-

196 271 315 302 micida
331 280 396 302 non
414 269 476 306 est,
502 267 696 299 homicidam
722 265 951 306 interpretari?
974 264 1066 297 Nihil

193 311 291 384 {znegl
315 313 345 343 dc
369 313 411 341 ita
436 307 591 348 Ulpianus
612 308 634 340 l.
657 316 706 339 11.
730 306 759 349 §.
781 317 811 348 3.
834 306 877 339 D.
901 307 953 338 Ad
975 307 1063 348 legem

250 362 279 382 m
293 362 360 383 lam.

231 362 332 432 qCIelstn
351 392 473 430 scribit,
498 388 528 427 fi
546 391 621 422 alius
644 389 790 430 mortifero
812 388 933 421 vulnere
942 395 1060 430 percus-

245 436 340 474 serit,
370 435 445 465 alius
459 430 555 472 postea
578 432 794 463 examinaverit
812 453 822 469 ,
849 433 975 471 priorem
998 432 1062 472 qui·

257 476 319 506 ciem
343 486 400 506 non
424 475 514 504 teneri
531 472 614 515 quusi
642 474 776 504 occiderit
793 494 803 511 ,
824 472 878 513 sed
898 470 980 514 quasi
996 472 1062 503 vul-

252 519 419 551 neraverit3
443 517 513 556 quia
534 525 571 547 ex
587 516 642 546 olio
659 515 779 546 vulnere
801 515 899 553 periit.
924 512 1061 554 posterio-

253 568 313 590 rem
334 559 443 596 teneri,
475 558 543 598 quia
566 558 678 588 occidit.
708 557 784 598 quod
800 554 837 590 δέ)
859 554 1000 586 Marcello
1015 555 1060 586 vi-

254 603 358 639 detur,
384 599 420 634 &²
437 600 475 639 est
491 599 678 640 probabilius,

195 640 270 681 Ait,
294 641 419 674 Celsum
437 641 572 673 scribere
586 664 595 677 ‚
620 649 692 671 cum
709 636 819 670 Titius
837 636 960 669 servum
979 646 1063 669 rnor-

195 684 291 716 tifero
316 685 448 716 vulnere
474 681 622 724 percuffit
639 704 649 720 ‚
682 679 735 711 sed
754 680 963 721 Sempronius
988 688 1063 710 eum

194 726 305 766 postea
320 726 533 764 exanimavit,
557 722 682 754 Titium
701 722 832 762 quidem
856 722 896 752 de
920 720 1063 752 vulnera-

195 778 231 799 to
254 770 381 807 teneri,
415 768 486 808 quia
510 767 617 798 servus
646 773 685 796 ex
710 762 773 794 alio
791 763 922 795 vulnere
946 762 1060 803 periit,

194 810 228 841 id
252 810 317 850 est,
347 810 419 851 quia
442 816 565 840 certum
591 805 635 839 est
652 818 676 846 ,¹
695 803 819 836 sel-vum
845 805 907 836 alio
928 803 1061 835 vulnere

196 852 342 892 periisse:
366 851 418 882 sed
435 850 679 890 Sempronium,
699 850 771 888 quia
790 847 932 882 occidit,
948 846 979 877 id
998 843 1061 884 est,

193 893 420 934 Sempronium
437 915 447 931 ,
480 891 552 932 quia
576 890 760 922 indubitate
783 897 880 928 atque
904 886 973 927 ipso
999 885 1063 917 ieta

196 936 338 974 occidit,
362 935 401 965 de
420 932 529 965 occiso
547 933 659 964 teneri.
694 929 729 961 ld
746 939 825 961 vero
841 938 915 960 cum
933 929 962 960 ἃ
978 927 1063 959 Mar-

193 980 278 1009 cello
301 976 426 1015 videri,
450 974 608 1016 Ulpianus
625 972 758 1011 scribat,
783 972 813 1002 &
836 971 932 1012 longe
949 969 1063 1010 proba-

194 1020 289 1052 bilius
307 1019 393 1051 dici:
425 1018 503 1057 quid
527 1024 632 1048 verius
649 1013 693 1046 est
712 1037 722 1053 ,
753 1022 848 1054 quam
872 1011 1063 1043 contrariam

192 1060 303 1101 Juliani
326 1060 515 1092 sententiam
537 1067 602 1089 non
623 1056 748 1088 ratione
765 1062 888 1086 tantum
906 1053 1064 1093 improba·

195 1112 259 1135 tam
279 1102 344 1134 esse
358 1125 369 1141 ‚
402 1100 454 1133 sed
479 1100 533 1131 usu
552 1107 694 1139 quoque.
738 1096 830 1139 Quid
847 1119 856 1134 ,
884 1095 906 1126 fi
927 1095 1063 1133 addam,

192 1146 246 1177 vel
272 1144 397 1185 Juliano
422 1140 635 1183 displicuiss'e‘?
668 1138 757 1170 forte
784 1138 818 1169 id
841 1138 953 1169 durum
979 1137 1064 1167 vide·

193 1195 265 1226 tur,
289 1187 320 1218 <St
336 1192 427 1217 tanto
447 1184 579 1215 nomine
597 1182 771 1222 indignum.
812 1179 873 1210 Sed
893 1178 960 1209 dies
979 1178 1064 1210 diem

193 1230 321 1268 docet3
354 1227 384 1259 &
408 1225 486 1258 nihil
505 1225 625 1257 veritus
649 1222 845 1263 Imperator,
869 1219 989 1252 AEmilii
1009 1217 1065 1250 Pa-

192 1272 339 1312 piniani,
372 1268 511 1300 hominis
536 1266 608 1298 sane
634 1263 821 1297 excellentis
849 1262 879 1293 ἅ
903 1260 1063 1299 sublimis,

195 1313 358 1344 variantes
381 1309 552 1341 sententias
570 1304 707 1348 allegare
730 1306 749 1336 l.
769 1305 823 1336 ult.
847 1304 880 1335 C.
904 1303 937 1334 de
952 1303 1061 1343 furtis.

195 1354 261 1386 Sed
278 1361 384 1393 neque
409 1351 524 1391 puduit
540 1349 750 1389 Papinianum
771 1347 790 1378 l.
810 1349 839 1376 6.
864 1344 893 1385 §.
914 1353 940 1375 1.
967 1342 1007 1374 D.
1030 1344 1063 1374 cle

187 1395 286 1437 servis
304 1393 507 1435 exportandis,
530 1392 574 1422 ita
591 1390 729 1422 {ci-ibere
747 1411 757 1427 ,
791 1387 885 1421 Nous
907 1384 1062 1425 aliquando

189 1437 348 1478 placebat,
375 1434 403 1466 ἃ
420 1433 593 1473 subjicere,
626 1430 681 1461 Seu
703 1431 735 1461 in
756 1427 934 1460 contrarium
954 1435 996 1456 me
1011 1434 1061 1456 vo-

195 1485 244 1509 cat
264 1477 366 1509 Sabini
384 1475 536 1511 sementia.
579 1472 647 1513 Jam
673 1471 744 1512 quis
761 1469 903 1510 Ulpiano
924 1474 977 1499 aut
994 1467 1062 1498 dili-

194 1520 323 1561 gentior
349 1516 394 1548 est
413 1539 422 1555 ,
453 1522 506 1546 aut
530 1513 718 1554 prudentior
736 1512 753 1544 ἱ)
784 1512 838 1543 hic
862 1518 969 1541 tamen
997 1508 1062 1548 ejus

194 1560 285 1601 qnod
310 1558 428 1590 retinet
453 1557 485 1587 se
511 1554 621 1587 dixisse
637 1577 647 1594 ,
680 1551 851 1594 profitetur
878 1550 908 1582 se
933 1558 1060 1581 contra-

192 1603 275 1635 rium
300 1597 440 1631 arbitrari
464 1597 483 1628 l.
510 1606 560 1633 92.
591 1595 635 1628 D,
669 1597 702 1627 de
724 1594 933 1626 conditionibus
958 1590 994 1626 ἐξ
1016 1592 1062 1621 de·

194 1640 458 1683 monstrationibus.
502 1637 575 1671 Nec
599 1644 723 1669 tantum
748 1634 862 1667 nostris
881 1642 919 1665 ea
945 1632 1063 1673 placuit

192 1683 401 1721 inuenuitas‚
432 1679 485 1712 sed
502 1680 533 1711 ἃ
559 1679 710 1711 Senecae:
740 1686 812 1709 nam
837 1675 885 1706 lib.
904 1684 932 1714 4.
958 1675 1006 1705 De
1021 1675 1064 1704 be-

193 1719 306 1765 neficiis
330 1734 354 1756 c.
372 1727 421 1765 38.
445 1722 486 1754 fic
508 1720 589 1752 infit.
646 1719 718 1752 Non
735 1718 774 1759 eft
794 1718 899 1748 levitas
915 1726 933 1747 a
952 1716 1064 1756 cognito

195 1767 233 1803 δ’
258 1768 393 1799 damnato
417 1772 511 1795 errore
526 1762 664 1803 discedere
677 1784 688 1800 ,
711 1759 747 1795 ἐξ
768 1762 893 1800 ingenue
901 1758 1064 1798 fatendum

195 1807 255 1850 efl:
280 1808 374 1839 Aliud
388 1806 517 1847 putavi;
540 1805 668 1843 deceptus
681 1802 757 1840 sum.
795 1800 868 1831 Haec
885 1809 953 1829 ‘vero
962 1798 1064 1837 super-

194 1853 236 1882 ba:
260 1848 400 1891 ftztltitioe
422 1845 639 1887 perse-vorantia
663 1841 729 1884 eft.-
763 1842 850 1886 Quod
871 1840 952 1876 semel
969 1840 1039 1912 ²cllxicaici
1052 1861 1063 1877 ‚

1023 1889 1063 1911 eo

193 1893 401 1933 qualecumque
435 1886 474 1929 est
498 1910 508 1926 ‚
539 1885 640 1927 fixum
673 1890 827 1925 ratumque
856 1880 909 1921 sit.
1002 1922 1008 1925 ἢ

194 1934 333 1967 Veteres
352 1955 362 1971 ,
391 1930 435 1962 illi
463 1927 556 1960 sancti
581 1927 611 1959 ὅ(
632 1924 770 1967 religiosi
788 1925 934 1956 homines
950 1945 961 1962 ,
993 1924 1064 1953 luos

195 1976 396 2012 aliorumque
423 1969 525 2010 lapsus
550 1968 616 2011 pari
635 1969 834 2009 ingenuitate
859 1965 889 1997 ὅτ.
913 1962 1063 2006 agnosce-

196 2017 301 2053 bant,
333 2014 364 2045 &
392 2011 615 2052 castigabant:
645 2018 751 2049 neque
777 2007 875 2039 suerit
901 2006 1063 2043 imolens,

196 2065 252 2090 aut
273 2056 398 2097 Juliano
420 2054 605 2093 indignum,
627 2051 649 2084 si
673 2051 704 2082 in
721 2050 779 2081 illo
798 2047 995 2080 consimilem
1013 2055 1064 2077 va-

196 2100 343 2131 rietatem
360 2120 370 2135 ,
400 2104 439 2127 an
463 2095 558 2126 animi
581 2092 833 2135 magnitudinem
850 2114 859 2128 ,
890 2089 1064 2121 indicamus

196 2139 286 2173 fimul
305 2162 315 2177 ‚
344 2139 373 2170 ἂ
400 2137 586 2169 laudamus:
616 2144 686 2166 eam
705 2133 875 2174 praelertim
895 2131 1063 2172 indigitan-

197 2189 233 2214 te
263 2180 403 2220 Ulpiano
439 2177 546 2209 verbis
576 2175 783 2218 sequentibus
806 2175 825 2206 l.
846 2182 892 2216 ¹5·
915 2173 945 2214 §.
969 2182 994 2204 1.
1019 2171 1062 2204 D.

197 2223 251 2255 Ad
268 2223 355 2263 legem
371 2220 532 2261 Aquiliam.

238 2264 273 2295 Si
281 2267 388 2304 servus
403 2261 576 2292 vulneratus
598 2258 761 2297 mortifere,
786 2254 882 2298 postea
908 2257 996 2287 ruina
1018 2254 1065 2286 vel

262 2305 423 2344 naufragio
447 2302 493 2332 vel
517 2301 573 2332 alio
599 2299 660 2331 ictu
690 2302 834 2330 rnaturz'us
856 2299 1001 2339 perierit,
1031 2298 1064 2327 de

259 2347 345 2382 occiso
368 2346 418 2385 agi
442 2352 500 2374 non
521 2341 595 2383 poffe
614 2364 623 2379 ‚
645 2340 700 2413 Zsed
724 2339 807 2382 quafi
831 2341 863 2371 de
891 2339 1064 2370 vulnerato.-

251 2389 305 2428 Jed
316 2385 343 2424 fi
359 2383 549 2425 manumiffus
566 2383 612 2413 ‘vel
626 2393 643 2414 a
657 2385 768 2413 ienutus
782 2391 818 2412 ex
831 2381 951 2412 vulnere
957 2381 1063 2420 periit,

258 2427 340 2471 quafi
363 2429 395 2458 tle
413 2427 500 2465 occiso
524 2426 573 2466 ogi
588 2423 678 2464 poffe,
707 2423 851 2463 Julianus
873 2424 925 2453 ait.
950 2423 1007 2452 hoec
1021 2422 1065 2452 iza

259 2477 319 2500 tam
343 2469 424 2499 varie
440 2491 450 2507 ‚
482 2467 552 2508 quia
574 2475 675 2497 verum
691 2463 749 2507 est,
779 2475 842 2495 eum
864 2474 881 2494 a
897 2469 922 2494 te
945 2465 1064 2501 occisum

260 2519 331 2542 tunc
358 2519 423 2541 cum
443 2508 647 2541 vulnerabas:
676 2508 751 2548 quod
767 2512 877 2537 mortuo
900 2514 928 2536 eo
953 2506 1065 2536 demum

788 91 1099 130 GERARnr

1148 90 1375 128 Noonr

1170 181 1315 223 apparuit.
1339 181 1375 211 in
1388 178 1531 221 superiore
1546 183 1604 210 non
1619 175 1658 220 est}
1673 177 1754 219 paffa
1775 180 1864 214 ruina
1881 187 1974 224 appa.v

1168 232 1249 262 rere,
1272 233 1312 254 an
1321 220 1362 260 fit
1379 223 1496 261 occisus.
1512 220 1603 262 Jedfi
1626 220 1814 253 vulneratum
1827 226 1972 259 mortifere

1167 265 1289 296 liberum
1313 263 1350 299 ὃ
1371 265 1496 295 heredem
1514 262 1565 303 effe
1577 262 1713 304 juſjeris,
1737 264 1836 294 deinde
1859 260 1972 306 dec‘effe-

1168 308 1227 345 rit,
1249 306 1376 339 heredem
1392 306 1453 346 ejus
1471 314 1554 344 agere
1568 304 1693 346 Aquilia
1714 313 1772 335 non
1786 304 1870 345 poffe.

1104 345 1218 380 Sensus
1236 348 1280 380 est
1291 371 1301 387 ‚
1317 346 1338 379 fi
1353 347 1459 378 servus
1479 347 1647 377 mortifere
1662 346 1844 378 vulneratus
1858 369 1867 385 ,
1882 346 1971 378 dein-

1104 389 1145 420 de
1173 390 1262 421 ruina
1288 389 1339 420 vel
1365 387 1531 428 naufragio
1555 388 1606 419 vel
1631 387 1694 418 alio
1723 387 1786 418 ictu
1819 389 1972 420 maturius

1104 430 1201 470 periit
1217 453 1226 469 ‚
1256 431 1342 471 prius
1360 430 1582 460 vulnerantem
1606 438 1673 460 non
1695 429 1734 460 de
1753 429 1861 461 occiso
1876 453 1886 469 ,
1917 431 1971 461 led

1105 473 1146 503 de
1163 472 1352 510 vulnerato,
1386 471 1507 502 teneri:
1529 469 1583 502 sed
1610 469 1631 501 fi
1649 479 1784 511 primum
1804 470 1972 502 mortifere

1105 513 1310 552 vulneratus,
1335 512 1445 553 postea
1462 511 1663 543 manumiss'us
1683 513 1734 543 vel
1753 513 1906 544 alienatus
1926 522 1973 544 in-

1105 555 1193 586 teriit
1208 578 1219 594 ,
1250 563 1285 586 ut
1311 561 1416 586 tamen
1439 554 1478 584 ab
1502 553 1565 584 alio
1589 562 1655 585 non
1682 562 1759 585 acce
1786 555 1846 585 erit
1864 556 1973 586 lecun-

1105 597 1181 628 dum
1208 596 1323 627 vulnus
1341 618 1350 635 ‚
1382 595 1443 636 (fic
1461 594 1569 627 Graeci
1592 594 1674 626 hanc
1692 563 1884 637 congngunt
1905 594 1974 636 spe-

1106 640 1189 669 ciem
1212 636 1328 676 Bafitic.
1350 637 1399 668 lib.
1419 640 1469 669 60.
1494 639 1540 668 tit.
1561 647 1591 678 3.
1615 643 1648 677 p.
1666 641 1716 672 80.
1739 637 1776 672 &⁹
1796 639 1875 678 81.)
1906 644 1976 669 tum

1106 688 1180 710 cum
1208 681 1260 720 qui
1286 679 1493 715 vulneravit,
1523 678 1622 719 magis
1645 681 1685 710 tie
1714 680 1823 711 occilo
1849 680 1975 718 teneri,

1106 729 1201 760 quam
1234 721 1274 752 de
1302 720 1481 752 vulnerato.
1526 719 1608 751 Haec
1638 718 1769 761 Ulpiani
1800 721 1975 759 definitio,

1106 766 1136 794 oz
1153 762 1217 802 ipsa
1242 771 1281 793 ex
1300 761 1425 802 Juliano
1442 784 1452 800 ,
1485 769 1518 792 ut
1535 760 1649 793 'videsz
1682 761 1771 793 causa
1788 772 1825 794 ea
1843 786 1853 802 ‚
1884 763 1975 803 quod
2022 769 2026 772 ’

1106 803 1232 843 servus,
1249 805 1302 844 qui
1318 813 1335 836 a
1349 801 1443 834 Titio
1465 803 1647 834 vulneratus
1665 801 1857 843 mortifere,
1876 804 1975 845 periit

1105 854 1171 876 non
1194 852 1332 886 accepto
1358 843 1430 884 post
1452 844 1513 875 alio
1539 845 1671 876 vulnere
1689 867 1700 884 ,
1728 844 1799 876 fere
1829 855 1870 877 ex
1890 844 1976 877 Titii

1105 887 1239 918 vulnere
1265 886 1390 926 periiss'e
1420 886 1571 917 videtur:
1604 895 1676 918 cum
1705 886 1878 927 praesertim
1905 895 1974 920 non

1105 927 1217 959 secuto
1241 926 1380 958 secundo
1412 928 1545 958 vulnere
1563 950 1573 966 ,
1604 928 1689 960 nulla
1711 928 1768 959 nifi
1796 938 1836 960 ex
1864 929 1975 970 priore

1106 978 1219 1001 mortis
1237 967 1327 1000 causa
1352 968 1546 1000 ostendatur.
1572 970 1708 1009 proinde
1731 980 1781 1001 res
1798 969 1839 1002 fic
1856 969 1976 1011 accipi·

1107 1018 1176 1056 tur,
1198 1010 1282 1051 quali
1300 1009 1407 1041 servus
1423 1010 1564 1049 jamtum
1577 1034 1586 1048 ‚
1610 1020 1684 1042 cum
1704 1012 1887 1043 vulneratus
1909 1012 1975 1051 est,

1107 1051 1229 1084 ocmsus
1251 1051 1313 1091 fit,
1347 1050 1400 1082 sed
1425 1051 1490 1090 ejus
1513 1052 1617 1083 caedes
1634 1053 1763 1085 demum
1780 1063 1821 1085 eo
1841 1062 1975 1085 mortuo

1106 1094 1297 1135 apparuerit.
1342 1092 1438 1131 Hoc,
1469 1091 1491 1123 fi
1515 1092 1586 1132 post
1604 1102 1740 1134 primum
1767 1095 1882 1126 vulnus
1906 1104 1975 1127 non

1107 1135 1152 1167 est
1176 1136 1260 1167 aliud
1277 1135 1394 1166 deinde
1415 1132 1603 1166 insecutum.
1628 1142 1661 1165 at
1678 1134 1700 1166 fi
1717 1134 1824 1167 servus
1842 1146 1858 1167 a
1879 1134 1976 1167 Titio

1107 1176 1276 1208 mortifere
1295 1176 1498 1213 vulneram,
1523 1176 1597 1207 dein
1619 1176 1707 1207 ruina
1734 1179 1786 1208 vel
1808 1178 1975 1217 naufragio

1107 1219 1157 1250 vel
1174 1219 1236 1249 alio
1257 1217 1322 1248 ictu
1341 1218 1453 1257 periit:
1477 1217 1602 1256 placet,
1627 1216 1772 1258 Titium,
1807 1218 1863 1252 etsi
1882 1211 1975 1251 servo

1108 1260 1233 1291 dederit
1254 1258 1459 1290 mortiferum
1482 1258 1621 1297 vulnus,
1653 1260 1694 1291 de
1716 1262 1888 1292 vulnerato
1906 1260 1977 1302 qui-

1107 1302 1180 1333 dem
1198 1324 1209 1340 ,
1241 1302 1294 1331 led
1311 1309 1376 1331 nou
1400 1300 1440 1331 de
1461 1299 1570 1332 occiso
1588 1323 1599 1340 ‚
1624 1303 1742 1333 teneri:
1767 1303 1840 1340 quia
1863 1303 1976 1342 ruina,

1107 1343 1195 1374 verbi
1219 1343 1318 1384 gratia
1337 1364 1347 1380 ,
1377 1342 1438 1382 jam
1464 1350 1530 1373 non
1548 1341 1594 1373 est
1618 1341 1700 1382 paffa
1720 1352 1873 1385 apparere
1892 1368 1903 1384 ,
1935 1354 1977 1377 au

1106 1383 1213 1415 servus
1236 1393 1252 1414 a
1270 1382 1364 1414 Titio
1380 1382 1504 1413 occisus
1521 1382 1568 1415 fit.
1590 1392 1657 1414 imo
1682 1394 1723 1415 ex
1743 1385 1829 1416 ruina
1843 1387 1904 1427 jam
1923 1395 1979 1427 ap·

1107 1433 1218 1471 paret,
1239 1423 1361 1456 servum
1380 1424 1527 1463 aliunde,
1551 1432 1645 1465 quam
1665 1434 1705 1456 ex
1723 1425 1804 1457 Titii
1821 1429 1976 1467 vulnere,

1107 1466 1231 1540 ρῗτίιῧε
1252 1477 1263 1502 3
1293 1466 1369 1498 licet
1394 1467 1536 1506 alioquin
1557 1466 1623 1506 ejus
1640 1467 1754 1499 vulnus
1770 1467 1869 1500 fuerit
1891 1478 1978 1501 mor-

1106 1516 1129 1540 ti
1148 1518 1249 1540 erum.

1145 1549 1356 1581 Revertamur
1372 1548 1410 1580 ad
1427 1548 1531 1589 legem
1549 1548 1718 1589 Aquiliam.
1760 1549 1815 1582 Ait
1833 1560 1887 1590 ea,
1910 1550 1979 1596 Qui

1106 1592 1257 1629 occiderit,
1280 1592 1401 1621 damnas
1423 1589 1489 1630 esto.
1533 1587 1601 1622 Lex
1619 1592 1750 1630 quidem
1773 1593 1842 1623 vult
1859 1615 1870 1630 ‚
1899 1601 1976 1625 eum

1107 1633 1161 1673 qui
1180 1632 1302 1663 occidit
1325 1632 1495 1670 damnari3
1524 1633 1575 1663 led
1600 1632 1640 1663 de
1664 1631 1784 1664 herede
1810 1633 1888 1665 silet.
1931 1636 1976 1666 At

1107 1683 1181 1705 cum
1207 1673 1270 1704 huc
1294 1674 1469 1704 deventum
1492 1671 1555 1712 fit3
1585 1681 1619 1703 ut
1637 1695 1646 1712 ‚
1677 1682 1751 1705 cum
1778 1674 1819 1706 de
1851 1675 1974 1707 herede

1107 1715 1278 1756 quaeritur,
1301 1715 1459 1746 creditum
1477 1713 1532 1753 iit,
1557 1713 1695 1754 referre,
1711 1723 1818 1747 utrum
1836 1717 1975 1756 poenalis

1106 1758 1189 1788 aelio
1207 1756 1263 1795 sit,
1288 1765 1325 1787 an
1349 1756 1393 1787 rei
1412 1754 1672 1796 persequutoria‚
1696 1756 1724 1787 ἀ
1746 1757 1811 1787 hoc
1830 1758 1901 1788 casu
1919 1757 1976 1789 he·

1106 1799 1217 1831 redern
1241 1797 1343 1829 teneri
1362 1820 1371 1835 ‚
1401 1797 1457 1828 illo
1473 1805 1540 1827 non
1557 1796 1650 1835 alias,
1683 1806 1776 1837 quarn
1792 1797 1815 1830 fi
1832 1799 1977 1838 locuple·

1107 1839 1170 1871 tior
1195 1839 1297 1870 sacrus
1312 1837 1373 1869 sit:
1405 1838 1474 1868 haec
1497 1837 1567 1868 fere
1589 1837 1720 1879 quaestio
1747 1839 1808 1871 erit
1826 1862 1836 1878 ,
1867 1846 1975 1874 utrum

1106 1881 1188 1912 auio
1210 1881 1288 1922 legis
1311 1879 1445 1920 Aquiliae
1466 1880 1600 1920 poenalis
1623 1879 1677 1919 iit,
1709 1889 1746 1912 an
1766 1880 1975 1922 persequuto-

1106 1932 1160 1955 ria.
1203 1921 1245 1953 Et
1267 1929 1366 1963 puto,
1390 1919 1411 1953 fi
1432 1930 1522 1952 reum
1540 1920 1680 1962 spectes,
1704 1921 1760 1953 nili
1777 1923 1974 1962 locupletior

1106 1963 1207 1995 factus
1223 1962 1258 1995 fit
1280 1965 1396 1994 damno
1420 1963 1514 2001 dato,
1541 1972 1609 1994 eam
1629 1964 1787 2003 poenalem
1814 1964 1974 1997 aaronem

1107 2004 1195 2037 esse:
1229 2004 1272 2037 fin
1296 2004 1436 2035 actorem
1459 2003 1601 2044 spectes‚
1624 2004 1783 2037 interdum
1803 2007 1975 2047 perlequu-

1108 2047 1222 2078 toriam
1241 2046 1360 2077 videri:
1384 2053 1417 2080 ut
1435 2044 1455 2076 fi
1473 2046 1594 2083 nomo,
1619 2046 1672 2086 qui
1690 2046 1814 2078 occisus
1833 2046 1900 2086 est,
1924 2055 1974 2079 to·

1108 2096 1143 2120 to
1160 2097 1243 2119 anno
1260 2096 1419 2128 nunquam
1436 2087 1534 2127 pluris
1553 2086 1616 2118 fuit
1637 2087 1656 2128 §
1678 2097 1726 2128 23.
1744 2086 1816 2128 Inst.
1833 2089 1867 2119 de
1884 2088 1975 2119 aelio-

1106 2131 1202 2162 nibus.
1247 2128 1330 2160 Cnm
1347 2136 1455 2159 tamen
1473 2128 1537 2159 hoc
1553 2126 1588 2158 fit
1599 2151 1608 2165 ‚
1632 2138 1697 2160 non
1714 2136 1777 2160 tam
1791 2130 1861 2170 jure
1877 2129 1974 2161 aetio-

1106 2172 1154 2203 nis
1173 2170 1209 2202 fit
1229 2193 1239 2210 ,
1272 2179 1365 2210 quam
1392 2179 1448 2209 per
1473 2168 1691 2201 occasionem:
1722 2171 1752 2202 ὃς
1772 2172 1848 2202 ideo
1866 2171 1973 2202 verius

1107 2214 1251 2250 dicetur,
1274 2220 1464 2251 quamquam
1482 2210 1582 2242 mixta
1597 2211 1679 2242 aftio
1696 2210 1750 2249 fit,
1785 2219 1890 2243 tamen
1909 2221 1975 2244 rna—

1106 2255 1154 2295 gis
1171 2254 1329 2298 poenalem
1355 2252 1436 2291 effe,
1466 2261 1572 2292 neque
1597 2252 1745 2284 adversus
1769 2253 1921 2285 heredem
1940 2262 1975 2285 e-

1105 2297 1154 2337 ius
1171 2296 1226 2336 qui
1242 2294 1381 2333 occidit,
1405 2301 1603 2333 competere.
1628 2295 1660 2326 id
1682 2294 1874 2335 praesertim,
1898 2295 1973 2335 quia

1106 2347 1143 2370 ea
1166 2346 1262 2378 poena
1289 2337 1359 2377 lege
1386 2335 1511 2375 Aquilia
1535 2344 1599 2366 non
1619 2343 1682 2367 tam
1701 2335 1827 2378 fingulis
1851 2335 1972 2376 specie-

1107 2380 1166 2411 bus
1184 2402 1194 2418 ‚
1225 2387 1319 2418 quam
1336 2377 1525 2418 generaliter
1543 2377 1662 2409 delicto
1679 2400 1688 2416 ‚
1718 2377 1891 2409 constituta
1913 2377 1972 2409 est.

1106 2420 1136 2463 §.
1160 2430 1181 2458 9
1224 2418 1296 2459 Inft.
1324 2422 1357 2449 de
1381 2419 1440 2459 lege
1465 2418 1598 2459 Aquilia.
1622 2419 1641 2450 l.
1661 2428 1708 2459 23.
1733 2418 1761 2460 §.
1783 2423 1812 2453 8.
1846 2419 1886 2450 D.
1910 2420 1972 2450 eod.

1108 2464 1154 2494 tit.
1179 2461 1199 2492 l.
1222 2470 1288 2492 111.
1313 2460 1342 2501 §.
1362 2469 1386 2490 1.
1412 2459 1453 2490 D.
1476 2461 1509 2490 de
1532 2459 1639 2501 regulis
1658 2460 1748 2501 juris.
1790 2459 1891 2500 Dixi,
1920 2459 1974 2495 ad-

1107 2501 1214 2535 versus
1229 2511 1310 2543 quos
1327 2501 1409 2533 aelio
1428 2502 1500 2542 lege
1509 2501 1636 2543 Aquilia
1652 2508 1830 2542 competat.

923 2629 1136 2666 CAPUT
1186 2628 1255 2665 XI.

198 2744 252 2784 Ex
272 2742 374 2790 primo
398 2740 496 2786 capite
523 2739 603 2785 Iegis
627 2737 761 2784 Aquiliae
787 2738 937 2773 stelionem
962 2737 1032 2772 dari
1056 2738 1127 2772 hero
1142 2764 1152 2780 ‚
1177 2735 1238 2782 seu
1265 2737 1411 2772 domino:
1449 2736 1482 2779 id
1503 2735 1547 2781 esi
1564 2763 1574 2780 ‚
1607 2738 1635 2772 ei
1665 2738 1718 2784 qui
1741 2745 1807 2773 tum
1831 2736 1971 2773 dominus

262 2791 360 2839 fuit,
394 2801 462 2825 cum
480 2787 591 2836 servus
617 2795 671 2822 aut
692 2795 782 2831 pecus
808 2789 1017 2822 occideretur:
1055 2797 1144 2832 neque
1168 2784 1305 2832 intereffi
1326 2813 1335 2828 ,
1366 2793 1470 2820 utrum
1500 2793 1659 2832 perpetuus
1693 2789 1830 2821 dominus
1853 2787 1901 2833 fit
1929 2799 1972 2822 ara

271 2840 485 2886 temporarius.
537 2836 645 2886 Quid,
668 2834 698 2878 fi
723 2836 827 2870 deinde
852 2834 972 2881 defierit
997 2836 1134 2870 dominus
1159 2834 1216 2881 effe
1235 2835 1252 2869 ἱ)
1286 2835 1391 2884 Quiri,
1410 2833 1442 2879 fi
1465 2835 1533 2881 post
1549 2834 1663 2881 fabius
1679 2835 1750 2880 fit,
1767 2835 1829 2882 sed
1846 2836 1970 2882 fielione

262 2890 346 2937 juris
372 2896 452 2923 retro
476 2886 612 2920 dominus
638 2884 811 2918 habeatnr?
845 2887 898 2919 An
923 2885 1037 2919 domini
1064 2885 1261 2930 appellatione
1285 2886 1367 2918 honre
1386 2882 1466 2928 fidei
1493 2882 1629 2931 pqffeffor
1653 2886 1843 2921 contineatur
1859 2885 1878 2920 ἓ
1926 2886 1971 2920 Er

267 2938 341 2986 quid
364 2937 400 2971 de
415 2934 617 2983 fruetuum,
645 2933 681 2967 cle
704 2933 959 2977 commodatam,
987 2931 1028 2973 ὃ)
1052 2935 1197 2969 creditore
1220 2932 1447 2979 pigneratitio?

252 3053 373 3086 equens
395 3041 527 3084 quaestio
550 3039 611 3072 erit
625 3061 635 3078 ‚
664 3038 782 3085 *quibus
800 3047 836 3071 ea
859 3038 941 3070 aetio
958 3040 1062 3072 detur,

274 3089 300 3117 ἃ
329 3093 460 3126 apparet
479 3107 489 3122 ,
520 3084 583 3114 hero
607 3081 683 3112 dari.
698 3080 755 3119 ,fic
777 3080 861 3110 enirn
889 3081 940 3111 lex
962 3081 1062 3121 loqui-

199 3135 268 3159 tur:
300 3127 379 3158 hei-o
397 3134 503 3157 autem
520 3147 530 3164 ,
559 3123 591 3155 id
614 3120 659 3153 est
673 3144 683 3156 .
712 3121 845 3153 domino
864 3132 872 3153 :
904 3129 938 3151 ut
955 3120 1060 3161 Ulpia-

198 3176 257 3198 nus
279 3170 422 3207 exponit.
448 3168 467 3198 l.
488 3176 533 3198 11.
560 3163 588 3205 §.
606 3167 636 3194 6.
661 3162 703 3194 D.
725 3162 778 3194 Ad
794 3162 880 3203 legem
897 3163 1057 3203 Aquiliam.

196 3208 322 3242 Herum
339 3217 435 3248 porro
452 3209 505 3240 lex
523 3205 717 3249 generaliter
735 3204 816 3236 dicit.
831 3215 840 3236 ι
871 3204 1062 3245 qualiscum-

1105 3049 1169 3080 que
1187 3039 1283 3081 igitur
1300 3039 1395 3070 herus
1412 3038 1469 3078 fit,
1493 3038 1544 3070 cui
1561 3038 1710 3073 damnum
1733 3037 1841 3079 injuria
1858 3037 1969 3070 datum

1104 3082 1174 3121 est,
1206 3083 1233 3112 ei
1260 3080 1384 3122 Aquilia
1410 3080 1596 3120 competit:
1626 3091 1686 3113 nec
1702 3080 1827 3117 refert,
1860 3088 1967 3111 utrum

1105 3131 1296 3164 perpetuum
1327 3123 1393 3162 eJus
1409 3122 1585 3154 dominium
1611 3122 1664 3161 fit,
1696 3131 1733 3153 an
1758 3121 1873 3153 deinde
1889 3119 1967 3151 defi-

1106 3173 1234 3196 turum:
1265 3163 1378 3195 sufficit
1402 3166 1511 3202 enim,
1544 3170 1611 3196 tum
1634 3164 1744 3195 herum
1771 3161 1860 3201 effe3
1891 3170 1967 3192 cum

1103 3204 1210 3240 servus
1240 3205 1423 3239 occiditur:
1452 3214 1558 3245 neque
1592 3205 1695 3238 minus
1724 3203 1850 3235 servum
1877 3202 1965 3275 fungi

1902 3253 1920 3275 e
1946 3251 1965 3274 e
